3966 6184
285 389 387 454 H7
1826 400 2057 459 LIBER
2097 399 2232 458 JOB

3422 391 3528 453 118

282 517 507 558 sorores
536 503 718 561 omnia
743 523 862 577 qua
896 508 1211 566 acciderant
1251 513 1327 577 ei,
1377 523 1429 567 et
1487 522 1754 568 venerunt
1793 513 1857 564 ad
1895 525 1935 578 Α
1967 529 2131 566 senex
2162 512 2356 580 plenus
2388 510 2621 564 dierum.
2659 523 2720 564 -ι-
2761 508 3034 578 Scriptum
3066 516 3149 562 est
3199 516 3378 560 autem
3439 523 3537 560 re-.

284 613 435 660 eum,
470 609 523 651 et
554 614 745 653 omnes
773 600 865 668 qui
896 616 1021 654 eum
1054 613 1317 657 noverant
1353 620 1383 658 a
1441 605 1732 673 principio.
1791 605 1857 657 Et

283 703 412 739 eum
450 688 741 757 bibissent,
775 705 831 745 et
859 695 1224 750 comedissent
1287 698 1432 766 apud
1482 714 1606 752 cum
1665 714 1857 766 panem

285 776 341 826 in
371 777 537 830 domo
566 779 702 848 ejus,
732 783 998 836 consolati
1035 796 1163 838 sunt
1190 787 1205 815 ¹
1259 803 1412 851 eum,
1445 800 1501 842 et
1524 789 1706 842 mirati
1730 800 1859 841 sunt

284 870 339 921 in
372 872 634 925 omnibus
671 874 827 927 malis
866 890 986 944 qua:
1047 879 1337 932 induxerat
1370 880 1633 934 Dominus
1691 895 1860 947 Super

283 978 435 1015 eum.
467 962 528 1016 Et
557 965 709 1019 dedit
738 967 788 1021 ei
821 974 1198 1038 unusquisque
1221 986 1415 1039 agnam
1451 986 1612 1026 unam
1643 986 1661 1037 ;
1688 981 1743 1024 et
1782 972 1861 1021 vit'

285 1052 535 1104 inaureni
586 1069 805 1108 auream
860 1072 1022 1110 unam
1056 1062 1101 1111 ’.
1168 1060 1429 1115 Dominus
1483 1068 1662 1114 autem
1698 1060 1864 1113 bene-

284 1140 421 1194 dixit
452 1144 749 1198 novissima
770 1144 892 1213 Job,
921 1149 1092 1217 magis
1125 1165 1289 1218 quam
1322 1151 1525 1219 priora.
1587 1150 1652 1204 Et
1702 1160 1863 1205 erant

284 1249 487 1299 pecora
510 1233 635 1302 ejus
663 1251 796 1291 oves
835 1241 1250 1307 quatuor-decitur
1289 1243 1480 1305 millia,
1508 1243 1700 1297 cameli
1760 1257 1856 1296 sex

284 1325 479 1387 millia,
511 1326 640 1395 iuga
680 1329 846 1383 boum
910 1331 1081 1395 mille,
1131 1334 1297 1387 asiam.
1351 1334 1632 1403 pascuales
1688 1333 1856 1388 mille.

285 1416 344 1468 Et
373 1416 488 1469 nati
519 1428 648 1473 sunt
680 1418 755 1474 illi
790 1420 884 1476 lilii
906 1433 1141 1490 septem,
1168 1433 1225 1478 et
1256 1423 1377 1478 lilia:
1402 1433 1529 1479 tres.
1559 1424 1619 1477 Et
1650 1423 1863 1478 vocavit

282 1526 515 1583 frlltlatll
546 1512 766 1579 quidem
790 1514 966 1580 Diem,
987 1517 1284 1569 secundam
1305 1531 1434 1569 vero
1457 1515 1725 1577 Cassiani,
1751 1522 1861 1569 ter-

284 1600 411 1652 tiam
440 1609 623 1653 autent
655 1602 840 1657 Cornu
896 1605 1217 1659 Amaltheae.
1260 1605 1335 1659 Et
1357 1620 1464 1658 non
1483 1616 1610 1660 sunt
1630 1605 1863 1663 inventa:

287 1691 600 1746 mulieresa
636 1695 854 1748 liliabus
883 1694 986 1749 Job
1022 1697 1124 1749 sub
1151 1696 1310 1751 rceln.
1334 1694 1402 1751 Et
1418 1696 1673 1754 dediteis
1703 1705 1860 1764 pater

283 1784 665 1839 lizeraditatem
691 1787 833 1841 inter
860 1788 1082 1842 fratres.
1135 1786 1283 1841 Vixit
1344 1798 1526 1847 autem
1585 1787 1687 1842 Job
1740 1796 1864 1855 post

281 1872 488 1942 plagam
522 1885 745 1930 centum
793 1878 1153 1946 quadraginta
1204 1877 1364 1932 annis
1388 1877 1427 1930 ³.
1468 1892 1528 1933 -ε-
1559 1877 1625 1931 Ει
1672 1892 1865 1931 omnes
1898 1869 1939 1925 Β
1969 1877 2103 1931 cidit
2132 1876 2343 1930 Madian
2398 1877 2452 1930 in
2505 1892 2700 1946 campo
2741 1876 2895 1930 Moab
2928 1895 2939 1930 :
2973 1886 3023 1929 et
3060 1889 3259 1927 nomen
3303 1873 3543 1926 civitatis
3574 1878 3579 1881 “

282 1964 410 2016 anni
443 1966 569 2018 vita:
594 1967 714 2034 ejus
744 1969 967 2022 fuerunt
1022 1969 1245 2023 ducenti
1291 1969 1650 2038 quadraginta
1682 1977 1807 2023 octo
1841 1968 1862 1997 ’⁵

288 2056 315 2125 ζ
353 2060 418 2124 ὶξ
447 2057 515 2111 Et
546 2059 679 2113 vidit
709 2060 813 2114 Job
846 2061 988 2116 lilios
1038 2077 1190 2125 suos,
1221 2064 1288 2131 Χ
1312 2074 1368 2117 et
1426 2063 1570 2116 tilias
1618 2060 1859 2117 ﬁliorum

284 2164 507 2205 suorum
541 2163 739 2220 quarta
766 2155 1117 2224 generatione
1151 2155 1171 2222 ζ
1204 2195 1218 2209 .
1244 2155 1310 2209 Ει
1336 2154 1631 2211 defunctus
1652 2165 1732 2210 est
1755 2155 1860 2223 Job

1963 612 2479 656 surrecturumeum
2513 616 2635 656 cum
2663 601 2747 656 his
2803 616 2942 670 quos
2989 599 3253 654 Dominus
3298 599 3532 654 suscita-

1961 693 2039 745 bit
2065 695 2107 744 ³.

2032 785 2131 841 Hie
2158 786 2551 854 interpretatur
2595 786 2662 839 de
2716 784 2942 855 Syriaco
2997 784 3137 838 libro
3163 786 3205 846 ⁸.
3261 784 3315 837 in
3386 794 3530 837 terra
3594 784 3609 837 i

1960 874 2180 943 quidem
2216 876 2491 929 habitasse
2542 876 2787 930 Ausitide
2814 916 2828 939 ,
2862 879 2914 929 in
2946 874 3146 929 finibus
3195 874 3443 929 ldumzea:
3477 884 3533 925 et

1962 964 2196 1027 Arabiae,
2228 973 2284 1018 et
2326 974 2446 1018 erat
2472 964 2521 1018 ei
2562 974 2719 1017 antea
2759 979 2956 1018 nomen
2988 964 3185 1018 Jobab.
3220 963 3287 1017 Et
3319 963 3531 1031 accepit

1963 1072 2190 1110 uxorem
2228 1055 2567 1109 Arabissam.
2602 1055 2910 1123 Genuitque
2947 1055 3114 1107 lilium
3140 1092 3154 1116 ,
3191 1055 3277 1107 cui
3333 1068 3538 1106 nomen
3614 1066 3615 1069 ‘

1961 1159 2081 1201 erat
2106 1147 2318 1201 Ennon.
2357 1147 2486 1202 Erat
2516 1156 2699 1201 autem
2747 1148 2863 1215 ipse
2896 1146 3037 1202 illius
3083 1146 3303 1215 quidem
3333 1145 3486 1198 Zara:
3515 1183 3531 1207 ,

1963 1239 2031 1292 de
2068 1239 2207 1292 Esau
2240 1237 2366 1291 ﬁliis
2395 1238 2562 1303 lilius,
2590 1239 2659 1293 de
2702 1248 2873 1291 matre
2900 1254 3029 1292 vero
3067 1237 3289 1290 Bosraiu
3318 1280 3332 1302 ,
3366 1236 3436 1289 ita
3477 1245 3534 1287 ut

1964 1330 2034 1384 sit
2060 1330 2284 1400 quintus
2310 1331 2376 1385 ab
2402 1331 2695 1385 Abraham.
2725 1331 2799 1387 Et
2832 1330 2886 1383 lii
2929 1341 3058 1384 sunt
3115 1345 3270 1400 reges
3305 1328 3399 1400 qui
3450 1344 3536 1381 re-
3580 1366 3583 1367 ν

1966 1421 2338 1488 gnaveruntiu
2364 1419 2557 1487 Edam,
2575 1422 2629 1474 in
2657 1437 2762 1491 qua
2789 1430 2843 1475 et
2879 1420 2996 1490 ipse
3019 1421 3267 1490 regnavit
3290 1424 3532 1487 regione.

1966 1510 2125 1565 Prius
2157 1511 2347 1565 Balaac
2397 1510 2539 1565 ﬁlius
2597 1512 2759 1576 Boor,
2792 1521 2848 1567 et
2881 1528 3079 1567 nomen
3119 1510 3358 1566 civitatis
3414 1512 3537 1580 ejus
3584 1548 3591 1556 .

1967 1600 2251 1659 Dennaba.
2299 1602 2426 1657 Post
2466 1603 2661 1656 Balaac
2692 1613 2875 1659 autem
2909 1601 3115 1665 Jobab,
3167 1600 3261 1670 qui
3312 1609 3539 1654 vocatur

1964 1696 2087 1751 Job.
2121 1696 2247 1751 Post
2275 1697 2419 1751 hunc
2448 1697 2672 1762 Casum,
2707 1698 2799 1766 qui
2834 1707 2953 1751 erat
2985 1700 3091 1749 dux
3123 1711 3188 1749 ex
3222 1695 3538 1751 Tbemauo-

1969 1802 2088 1840 rum
2122 1787 2361 1856 regione.
2397 1787 2527 1841 Post
2552 1787 2667 1840 ιιωο
2696 1785 2849 1840 Adad
2886 1786 3028 1840 lllius
3055 1784 3225 1840 Barad
3256 1823 3270 1846 ,
3313 1783 3405 1851 qui
3437 1798 3541 1837 eit-

1968 1968 2087 2036 ejus
2112 1967 2364 2022 Getliem.
2393 1968 2496 2032 Qui
2533 1979 2717 2023 autem
2755 1978 3024 2022 venerunt
3074 1968 3139 2021 ad
3196 1982 3321 2019 eum
3378 1965 3544 2017 amici

1971 2060 2194 2129 Eliphaz
2239 2077 2302 2113 ex
2332 2061 2454 2115 (iliis
2488 2059 2654 2125 Esau,
2694 2059 3099 2113 Tliemanorum
3133 2076 3221 2112 rex
3257 2059 3303 2124 ⁷,
3344 2058 3581 2129 Βίιιίιεηι⁸

1972 2152 2335 2208 Saucbiorum
2377 2161 2664 2224 tyrannus,
2707 2152 2920 2223 SOphar
2952 2154 3271 2207 Minaeorum
3300 2167 3414 2204 rex.

1241 2296 1474 2368 Explicit
1507 2298 1634 2352 lber
1662 2296 1756 2350 Job
1783 2293 2071 2349 secundum
2108 2297 2485 2369 Septuaginta.

354 2463 371 2491 ι
410 2454 685 2510 Redolent
752 2455 855 2509 ista
908 2454 1215 2510 versionem
1270 2471 1335 2511 ex
1391 2456 1583 2521 llebr.,
1631 2473 1737 2510 non
1800 2472 1868 2509 ex

281 2533 497 2587 (ἔωθεν.
538 2526 629 2578 ubi
648 2526 820 2597 aliter
847 2536 953 2589 est,
992 2528 1370 2597 manducantes
1393 2536 1442 2579 et
1471 2528 1700 2580 bibentes
1727 2528 1870 2597 apud

284 2618 428 2659 eum,
476 2594 737 2649 consolati
789 2607 934 2653 sunt.
974 2606 1115 2648 etc.:
1155 2596 1422 2663 Φαγόντες
1451 2597 1508 2649 δὲ
1538 2600 1631 2651 καὶ
1656 2594 1870 2659 meare;

286 2669 422 2737 παρ’
451 2666 624 2734 αὐτῷ,
668 2664 1054 2737 παρεκάλεσαν
1079 2666 1268 2737 ριὺτόν.

359 2731 382 2771 ί
442 2731 685 2803 Longius
707 2731 905 2787 iterum
934 2734 1140 2787 abludit
1165 2736 1252 2787 hic
1285 2736 1440 2791 locus
1467 2731 1497 2788 a
1531 2734 1721 2789 Graeco
1752 2745 1870 2789 tex-

290 2824 371 2875 ιιι,
443 2812 495 2861 in
546 2821 656 2873 quo
702 2807 938 2875 estqui
972 2805 1381 2875 τετράδραχμον
1433 2804 1673 2874 χρυσοῦν
1734 2807 1870 2873 ἀση-

291 2874 395 2951 μόν
417 2898 429 2910 ·
452 2878 522 2932 Et
546 2874 996 2951 iclfadt'tlcltm-tlm
1016 2874 1255 2951 auri-non
1281 2877 1571 2951 signatum.
1608 2876 1685 2951 Ex
1706 2876 1870 2928 Hebr.

286 2941 472 3006 autem
513 2947 595 2999 sic
625 2944 861 2999 vertitS.
894 2944 1072 3011 Pater,
1120 2941 1189 2995 Et
1236 2941 1588 3014 unusquisque
1630 2947 1871 2999 inaurem

288 3036 513 3075 auream
541 3033 725 3068 tinam.

366 3093 388 3123 ³
418 3086 799 3156 Septuaginta,
830 3095 1033 3137 centum
1063 3084 1401 3153 septuaginta
1451 3085 1625 3156 annis.
1679 3084 1867 3138 Omnes

1967 2473 2113 2511 man.
2163 2457 2225 2513 Et
2251 2467 2369 2525 post
2402 2473 2544 2522 eum,
2582 2458 2739 2510 Adad
2766 2457 2912 2524 ﬁlius
2947 2456 3161 2520 But-ac,-
3203 2458 3285 2508 hic
3337 2467 3411 2508 est
3453 2474 3542 2523 qui
3586 2488 3589 2489 ν

1966 2528 2181 2595 accidit,
2236 2542 2283 2582 et
2328 2528 2804 2597 fugavitqlllattian
2853 2531 2909 2581 in
2965 2527 3188 2593 planitie
3244 2526 3453 2597 Moab:
3496 2538 3542 2577 et

1970 2614 2155 2651 nomen
2193 2595 2337 2652 urbis
2369 2595 2485 2665 ejus
2538 2596 2770 2651 Gethem.
2810 2596 2876 2649 Et
2935 2613 2999 2649 ea;
3055 2600 3244 2665 amicis
3297 2595 3422 2659 Job,
3452 2614 3543 2664 qui

1966 2684 2085 2721 eum
2123 2656 2489 2730 convenerunt,
2514 2680 2628 2719 erat
2664 2666 2869 2733 Eipliaz
2904 2669 2967 2719 de
3002 2656 3131 2731 ﬁliis
3162 2664 3331 2725 Esau,
3355 2656 3417 2717 et
3454 2656 3546 2721 in;

1972 2737 2251 2802 Tlmman;
2276 2737 2489 2790 Baldad
2520 2752 2610 2789 rex
2641 2738 3022 2791 Sane/uvarum
3045 2776 3059 2798 ,
3093 2747 3141 2788 et
3193 2736 3400 2801 Soli/tur
3454 2751 3546 2786 l'L'JJ

1971 2808 2226 2861 Mintuoru
2238 2827 2306 2860 ιη.

2045 2879 2065 2908 ⁸
2092 2877 2401 2931 Meminerit
2440 2878 2612 2930 lector
2635 2875 3236 2943 venborum:0rigenis,
3261 2875 3462 2941 quibus
3490 2876 3544 2927 in

1980 2950 2157 3003 fronte
2178 2947 2339 3016 hujus
2360 2947 2485 3000 libri
2506 2947 2840 2999 docebantur
2861 2947 3129 3015 integram
3157 2947 3315 3016 istam
3337 2954 3544 3016 partem

1977 3020 2149 3073 obelis
2182 3014 2421 3070 notatam
2453 3018 2641 3069 abesse
2681 3019 2730 3067 in
2762 3017 3110 3069 Hebraeorum
3149 3014 3544 3074 voluminibus,

2018 3088 2227 3142 uamvis
2248 3102 2365 3139 eam
2397 3089 2665 3139 retineant
2684 3084 3033 3154 Septuaginia
3059 3086 3394 3153 lnterpretes
3417 3101 3543 3135 cum

290 3173 468 3214 autem
494 3153 665 3230 annos
690 3156 814 3208 vixit
852 3156 1099 3230 ducentos
1138 3156 1518 3230 quadraginta.
1550 3153 1648 3208 Ms.
1686 3166 1865 3230 tamen
1896 3173 1939 3230 ο
1977 3153 2371 3211 'I‘lieodotione.
2409 3155 2574 3230 Porro
2607 3153 3041 3230 additamentum
3077 3155 3179 3209 huc
3225 3155 3549 3230 antiquissi-

289 3228 697 3285 Alesandrinus
756 3225 1056 3278 concordat
1112 3240 1236 3279 eum
1285 3227 1530 3277 editione
1583 3224 1887 3277 nostrain.

290 3306 484 3354 ultimo
530 3305 802 3347 commate
829 3336 843 3358 ,
889 3296 1083 3348 Omnes
1124 3307 1296 3346 autent
1328 3310 1516 3357 annos,
1545 3304 1651 3347 etc.
1682 3332 1697 3355 ,
1736 3295 1861 3361 quia

291 3377 454 3425 habet
510 3367 757 3418 ducentos
803 3367 1161 3435 quadraginta
1195 3363 1625 3435 octo.Uieterum
1676 3363 1861 3416 notari

291 3442 485 3495 debuit
521 3437 716 3490 obelus
751 3438 815 3486 ad
882 3434 1041 3487 istam
1097 3448 1365 3486 annorum
1404 3434 1507 3488 Job
1552 3447 1859 3486 summam:

293 3527 401 3565 non
423 3510 570 3563 enim
592 3507 789 3572 legitur
822 3504 912 3556 ille
941 3504 1241 3559 versiculus
1264 3508 1317 3557 in
1349 3498 1715 3557 voluminibus
1761 3501 1865 3554 Hc-

295 3584 593 3635 brmriiui.
626 3574 805 3627 MART.

368 3654 387 3679 ⁸
416 3652 546 3702 Haec
574 3658 845 3699 annorum
867 3642 990 3696 Jobi
1031 3661 1244 3699 summa
1280 3658 1460 3713 neque
1486 3643 1541 3696 in
1573 3640 1862 3713 Hebraico,

294 3735 471 3789 neque
505 3716 647 3786 apud
684 3714 922 3789 reliquos
952 3712 1413 3789 interpr-tersui,
1454 3722 1514 3789 ut
1560 3712 1863 3789 Col_b_e_rtini

296 3781 500 3843 radicis
533 3781 702 3853 atque
738 3781 964 3836 alterius
997 3781 1148 3853 Hegii
1182 3784 1501 3852 llexaplaris
1524 3786 1665 3853 apud
1693 3781 1865 3832 Mont-

296 3851 762 3913 iaueoniuninota
785 3863 1015 3905 testatur
1035 3851 1149 3909 :03
1175 3851 1350 3906 κεῖταί
1370 3857 1429 3904 ἐν
1456 3852 1534 3921 τῷ
1563 3851 1864 3919 Ἐὕραῖκῲ,

290 3934 416 3983 me:
444 3946 600 3995 ﬂag:
654 3926 765 3985 τοῖς
797 3923 1029 3984 λοιποῖς.
1087 3924 1199 3979 Nos
1256 3930 1442 3992 itaque
1500 3924 1649 3977 illam
1705 3926 1865 3976 obelo

297 4002 667 4054 t'oiil‘oiliuius.

369 4074 390 4101 ⁸
419 4068 519 4122 llic
548 4065 757 4120 desinit
789 4062 954 4117 Hebr.
991 4064 1345 4134 archetypum
1375 4102 1391 4129 ,
1430 4072 1487 4117 et
1520 4061 1613 4130 qui
1658 4076 1723 4115 ex
1774 4061 1868 4115 illo

300 4145 701 4194 transtulerunt
726 4134 1053 4201 interpretes
1076 4135 1271 4190 Graeci.
1293 4138 1425 4199 Qua:
1448 4134 1869 4199 subsequuntur

301 4216 455 4264 theta
484 4207 722 4272 singulis
751 4206 1060 4271 quibusque
1092 4206 1343 4259 versibus
1392 4212 1691 4273 praenotata
1722 4203 1868 4271 apud

303 4282 439 4335 LX);
462 4290 519 4334 et
544 4274 979 4328 'llieodotionem
1004 4312 1019 4336 ,
1055 4290 1123 4329 ex
1156 4274 1380 4344 Syriaco
1423 4274 1720 4344 desumpta
1768 4275 1869 4325 lia-

302 4354 519 4405 bcniur.
560 4345 745 4398 Placet
777 4357 911 4395 vero
935 4383 950 4407 ,
982 4340 1424 4411 quandoquidem
1453 4354 1508 4397 et
1557 4357 1652 4411 per
1709 4340 1870 4395 inane

305 4434 513 4489 liagluﬂ
545 4419 780 4481 spatium
805 4413 950 4489 hcet,
976 4420 1175 4489 veteris
1204 4410 1441 4482 Vulgata:
1468 4414 1595 4489 edit.
1632 4427 1695 4465 ex
1724 4410 1871 4466 Gree-

1974 3243 2121 3281 mum
2164 3241 2286 3279 esse
2317 3226 2676 3279 consentiunt
2703 3226 2903 3279 eruditi
2937 3238 3131 3278 omnes
3165 3242 3179 3277 :
3215 3224 3340 3291 quia
3394 3239 3545 3275 men-

1968 3300 2172 3352 tionem
2202 3296 2323 3364 ejus
2362 3297 2590 3357 l'aciunt,
2617 3296 2883 3364 AriSIeas,
2919 3295 3101 3355 Philo,
3125 3304 3180 3364 et
3211 3293 3541 3361 Polyhistor,

1968 3379 2106 3422 teste
2138 3363 2474 3435 Spanbemio
2505 3364 2560 3417 in
2603 3363 2747 3419 (list.
2780 3365 2931 3427 Job.,
2959 3379 3010 3418 c.
3051 3365 3105 3417 4.
3130 3363 3372 3435 Quantae
3397 3378 3547 3435 vero

1967 3438 2132 3490 fuerit
2182 3433 2534 3488 auctoritatis
2587 3436 2730 3502 apud
2786 3434 3027 3495 Graacos,
3064 3433 3206 3487 scire
3236 3433 3440 3500 poteris
3474 3448 3541 3484 ex

1968 3506 2235 3575 prooemio
2267 3504 2486 3575 Catenae
2514 3501 2688 3575 Graia.
2724 3504 2825 3575 PP.
2862 3504 2915 3556 in
2954 3501 3078 3557 Job.
3112 3502 3186 3556 De
3201 3503 3425 3575 _eodeiii_
3452 3503 3549 3553 ad-

1968 3571 2417 3643 ditamentohaac
2454 3573 2617 3626 habet
2653 3574 2711 3627 S.
2782 3573 3149 3643 Hieronymus
3197 3572 3339 3625 libro
3388 3571 3547 3635 Qua»

1967 3648 2199 3700 stionum
2262 3641 2650 3695 Ilcbraicaium
2703 3659 2721 3698 :
2780 3662 2798 3693 ι
2861 3641 3024 3708 Male,
3082 3644 3282 3711 inquit,
3323 3644 3548 3710 quidam

1972 3716 2247 3768 aestimant
2276 3712 2381 3766 Job
2412 3713 2479 3766 de
2505 3728 2711 3781 genere
2753 3729 2873 3768 esse
2905 3713 3074 3777 Esau,
3109 3712 3383 3780 siquidem
3410 3712 3546 3765 illud

1969 3787 2115 3853 quod
2149 3786 2205 3837 in
2238 3783 2347 3835 line
2375 3783 2498 3836 libri
2541 3784 2714 3849 ipsius
2744 3786 2976 3853 habetur
2998 3822 3012 3844 ,
3045 3796 3114 3835 eo
3145 3784 3291 3853 quod
3319 3782 3538 3853 de_ser-

1970 3850 2130 3907 mone
2167 3854 2302 3920 Syro
2344 3852 2635 3905 translatus
2671 3863 2755 3906 est
2789 3871 2802 3906 :
2842 3851 2906 3904 Et
2936 3860 3159 3921 quartus
3178 3851 3247 3903 sit
3273 3852 3337 3902 ab
3379 3850 3547 3916 Esau,

1969 3935 2024 3978 ct
2058 3924 2291 3992 reliqua,
2326 3937 2449 3991 quae
2473 3921 2554 3992 ibi
2585 3920 2956 3985 continentur,
3019 3924 3073 3975 ili
3121 3920 3363 3992 Hebraeis
3392 3922 3552 3972 volu-

1972 3991 2215 4048 minibus
2253 4008 2364 4045 nou
2398 3991 2693 4045 habentur.
2725 4012 2743 4043 ι
2780 3992 3111 4061 Hieronymo
3168 3991 3553 4060 adjungendus

1972 4062 2369 4132 Polyctironius
2396 4061 2487 4130 qui
2520 4062 2878 4132 additamenti
2907 4064 3066 4116 tidem
3107 4062 3547 4131 quoqueeleva-

1973 4136 2050 4186 vit
2073 4130 2159 4187 his
2188 4134 2368 4188 verbis
2405 4146 2425 4189 :
2469 4150 2488 4183 ι
2530 4130 2912 4201 Genealogiam
2943 4171 2957 4195 ,
2994 4130 3139 4201 quae
3168 4134 3223 4184 in
3254 4132 3377 4185 .liue
3424 4140 3547 4194 est,

1973 4207 2193 4272 quidam
2223 4204 2499 4272 rejiciunt,
2534 4203 2662 4271 quia
2689 4206 2743 4256 in
2772 4203 2998 4272 llebraeo
3026 4218 3137 4259 non
3171 4204 3541 4269 reperitur....

1975 4270 2224 4327 hominis
2242 4270 2662 4329 similitudinem
2695 4275 2749 4326 in
2786 4270 3115 4340 chealogia
3150 4273 3306 4333 Esau,
3340 4286 3462 4339 qua:
3484 4274 3542 4325 in

1974 4345 2114 4397 libro
2142 4342 2420 4403 Geneseos
2452 4352 2632 4396 exstat
2655 4381 2669 4405 ,
2701 4344 2791 4395 ubi
2826 4340 3023 4396 Jobabi
3059 4344 3264 4395 mentio
3301 4341 3358 4392 lit
3384 4381 3398 4404 ,
3454 4357 3553 4394 au-

1974 4429 2090 4468 sam
2134 4415 2343 4467 erroris
2366 4422 2421 4466 et
2453 4412 2765 4483 hujnsmodi
2815 4414 3011 4465 scliolii
3044 4412 3370 4480 quibusdam
3408 4428 3551 4481 pra:-

304 4483 495 4542 Eo'liie
519 4483 1028 4549 mterpretatiouem
1058 4485 1221 4563 hujus
1246 4485 1545 4576 assuiiienti
1570 4497 1867 4561 apponere:
1902 4517 1953 4576 Β
1981 4485 2164 4563 buisse
2193 4500 2208 4537 :
2244 4492 2547 4576 tractuqueI
2572 4483 2833 4576 temporis
2882 4493 3064 4550 postea
3091 4522 3106 4547 ,
3140 4498 3263 4576 que
3318 4484 3550 4550 margini

300 4565 565 4627 Scriptum
617 4565 691 4608 est
747 4564 922 4605 autem
958 4553 1207 4627 quoniam
1261 4556 1344 4608 hic
1375 4564 1604 4622 resurget
1653 4568 1771 4605 cum
1808 4553 1872 4606 iis

298 4634 382 4698 qui
415 4626 447 4682 ἀ
488 4632 712 4681 Uumma
743 4626 1035 4698 suscitandi
1068 4637 1212 4676 sntit.
1246 4629 1375 4689 Quae
1408 4635 1714 4690 sequuntur
1741 4663 1754 4686 ,
1787 4639 1873 4698 _ex

298 4690 518 4769 Syriaca
537 4701 735 4752 educta
758 4704 922 4769 sunt:
953 4693 1053 4747 Job
1080 4711 1196 4747 vero
1221 4697 1496 4747 habitabat
1528 4709 1580 4745 in
1611 4702 1751 4745 terra
1781 4690 1869 4755 Us,

300 4760 434 4825 ia'ter
464 4772 719 4822 terminos
750 4760 917 4813 Edam
956 4777 1003 4818 ct
1045 4769 1277 4826 Arabiw,
1308 4775 1354 4817 et
1386 4778 1540 4817 antea
1583 4769 1868 4815 vocabatur

302 4843 487 4895 Jubab.
548 4843 650 4890 llic
706 4837 857 4887 duxit
912 4852 1126 4888 uxorem
1169 4838 1516 4902 alienigenam
1568 4837 1868 4901 (Mallem).

303 4928 500 4979 ipsique
534 4926 694 4962 natus
716 4914 804 4979 est
836 4902 1000 4969 ﬁlius,
1035 4911 1207 4979 dictus
1242 4908 1453 4979 bimari.
1479 4906 1579 4957 Job
1611 4920 1726 4957 vero
1758 4914 1869 4955 erat

304 4976 441 5047 litin}
475 4980 652 5039 latae,
695 4977 793 5044 ﬁlii
826 4978 1063 5036 [Iliorum
1100 4976 1272 5038 Esau,
1309 4988 1358 5029 et
1407 4976 1620 5038 Basia;
1660 4986 1746 5047 et“
1765 4976 1871 5040 ipse

304 5042 412 5103 erat
444 5054 657 5120 quintus
696 5042 778 5098 Dab
835 5048 1135 5120 Abrahamo
1174 5052 1393 5120 (Arabs,
1441 5042 1796 5120 scamnum“
1820 5048 1872 5095 lii

309 5115 473 5189 reges,
498 5138 588 5190 qui
618 5129 901 5187 regnarunt
922 5120 975 5169 in
1004 5115 1200 5180 Edam,
1236 5121 1322 5169 ubi
1346 5117 1445 5170 Job
1472 5116 1729 5190 regnabit.
1756 5115 1877 5190 Pri:

308 5186 421 5244 mi.
448 5186 617 5244 Butae
640 5186 787 5257 [litus
826 5190 963 5242 Beor
993 5204 1010 5239 :
1051 5198 1099 5240 et
1158 5204 1345 5240 nomen
1389 5189 1530 5239 urbis
1576 5188 1725 5238 istius
1754 5186 1879 5257 _viri

308 5260 579 5315 Drnnuba.
619 5255 684 5312 tit
713 5272 828 5327 post
857 5265 1014 5323 nunc,
1039 5258 1209 5311 Jobab
1237 5260 1336 5311 iste
1358 5260 1447 5325 qui
1487 5265 1699 5308 uratur
1733 5255 1833 5308 Job
1862 5271 1877 5306 :

304 5344 490 5401 etpost
515 5332 638 5397 Job,
676 5333 882 5397 Asomi,
915 5333 1003 5397 qui
1030 5340 1139 5384 erat
1173 5334 1413 5400 princeps
1451 5330 1503 5380 in
1560 5338 1698 5380 terra
1754 5327 1883 5380 Tlte-

1948 4553 2217 4623 ‘ascripta
2241 4562 2422 4620 erant,
2452 4556 2507 4607 in
2535 4553 2660 4623 libri
2690 4561 3003 4606 contextum
3034 4564 3103 4611 at)
3130 4554 3251 4605 aliis
3272 4567 3559 4620 assumpta

1977 4640 2099 4677 esse
2133 4622 2406 4677 asserunt.
2448 4642 2467 4673 ι
2502 4622 2683 4674 Mam.

2056 4696 2071 4722 '
2106 4694 2339 4748 Additur
2363 4702 2624 4761 praeterea
2658 4710 2711 4745 in
2733 4692 3104 4746 Alexandrino
3132 4692 3323 4745 codice
3368 4692 3556 4747 isttiaic

1982 4782 2089 4818 non
2122 4767 2430 4832 Spernenda
2462 4764 2685 4828 lacinia,
2718 4780 2879 4831 quam
2920 4765 3113 4816 Latine
3178 4766 3370 4816 saltem
3424 4779 3559 4828 pne-

1977 4848 2086 4890 Stat
2112 4836 2426 4889 describere
2459 4849 2474 4886 :
2516 4832 2768 4885 'l'ltemam
2820 4834 2959 4899 [hius
2997 4832 3254 4899 [Cliti/tas,
3285 4838 3560 4900 prwjictus

1983 4910 2256 4960 idumww.
2285 4905 2381 4957 llic
2407 4914 2785 4972 interpretatur
2813 4919 2875 4954 ex
2900 4904 3119 4971 Syriaco
3148 4906 3300 4955 libro.
3322 4903 3383 4955 In
3417 4914 3561 4955 terra

1983 4980 2195 5043 quidem
2225 4976 2460 5027 Ausitide
2498 4979 2642 5043 (Job)
2669 4974 2942 5026 habitabat
2977 4976 3045 5026 ait
3080 4973 3209 5039 lines
3246 4972 3555 5042 Euphratis.

1988 5048 2131 5101 Olim
2162 5045 2259 5114 fuit
2292 5062 2475 5097 nomen
2509 5046 2620 5107 ejus
2651 5043 2840 5096 Jobab.
2872 5043 3005 5095 Erat
3037 5058 3212 5095 autem
3253 5054 3404 5111 pater
3443 5044 3558 5102 eius

1981 5118 2196 5181 Zuretti,
2239 5131 2302 5169 ex
2336 5126 2452 5167 orla
2500 5115 2657 5168 Solis.
2710 5117 2976 5168 Caeterum
3018 5130 3141 5166 cum
3173 5116 3240 5166 de
3276 5128 3411 5174 isto,
3446 5125 3558 5165 tum

1981 5206 2047 5241 uc
2072 5202 2356 5254 superiore
2386 5188 2761 5238 addituinento
2784 5185 3097 5237 (ὶι-ιιεευηιιιι
3127 5186 3377 5238 codicum
3411 5194 3558 5235 sete-

1987 5264 2172 5325 risque
2220 5257 2458 5322 Vulgata:
2505 5257 2728 5317 Latin-ce,
2781 5258 3147 5309 eonl'erendus
3195 5259 3309 5323 ipse
3362 5263 3454 5306 est
3498 5257 3558 5306 δ.

1989 5342 2260 5396 interpres
2295 5344 2344 5379 ιιι
2367 5332 2475 5394 Qu.
2520 5325 2787 5379 Hebraicis
2827 5330 2878 5378 in
2918 5329 3195 5383 Ueiicslm.

3682 3421 3707 3454 Ι
