3966 6184
385 306 485 372 119
1286 317 1345 377 S.
1390 319 1829 379 HlEllONYMl
1878 323 2139 380 DlVlNA
2188 324 2684 382 llilllJUTlliﬂtjd
3513 327 3611 389 lit)

1304 625 1722 685 ADMONITIO
1763 627 1837 685 ΙΝ
1886 626 2079 687 OPUS
2142 627 2659 700 SUBSEQUENS.

1944 808 2005 822 Ψ

452 933 792 988 Psalmorum
830 933 1087 989 volumen
1119 935 1267 1004 juxta
1295 933 1644 1004 Septuaginta
1676 935 2030 1000 litierpretes,
2077 938 2244 990 semel
2300 946 2466 1006 atque
2493 938 2695 992 iterum
2745 938 3091 992 emendatum
3119 939 3206 993 'ab
3257 937 3608 1006 Hieronymo.

377 1028 504 1073 ante
539 1035 715 1073 annos
744 1021 969 1076 circiter
995 1020 1205 1085 decem,
1227 1021 1276 1075 J.
1303 1021 1426 1075 Cari
1458 1022 1763 1091 presbyteri
1794 1020 1979 1075 studio
2004 1037 2069 1076 ac
2100 1024 2308 1089 labore,
2330 1024 2516 1079 Roma:
2540 1024 2777 1093 primum
2806 1024 3015 1079 editum
3045 1035 3129 1080 est
3154 1041 3173 1081 :
3198 1024 3407 1077 additis
3436 1024 3617 1077 obelis

374 1119 427 1159 et
458 1106 736 1161 aSteriscis
771 1107 825 1161 in
855 1122 920 1161 eo
948 1108 1234 1173 Psalterio,
1272 1108 1415 1176 quod
1450 1107 1788 1162 Gallicanum
1832 1122 2027 1161 vocant
2071 1122 2286 1166 veteres
2337 1128 2400 1165 ac
2450 1114 2790 1168 recentiores
2844 1115 3161 1180 scriptores.
3192 1112 3366 1182 Hujus
3411 1114 3611 1166 eruditi

372 1194 496 1247 Cari
528 1194 866 1262 diligentiam
893 1195 949 1249 in
977 1194 1190 1248 edendo
1224 1194 1427 1261 duplici
1471 1193 1784 1261 Hieronymi
1820 1193 2107 1259 Psalterio,
2136 1209 2195 1251 ut
2223 1199 2603 1265 imitaremur;
2639 1200 2998 1268 nonniliilque
3031 1201 3357 1269 castigatius
3399 1210 3455 1253 et
3511 1215 3611 1253 au-

372 1279 517 1332 ctius
548 1279 691 1348 apud
730 1295 829 1332 nos
858 1279 1126 1349 prodiret,
1159 1281 1513 1350 quamplures
1542 1280 1953 1348 antiquissimos
2000 1284 2218 1339 codices
2262 1302 2393 1340 mss.
2436 1288 2867 1355 perquisivimus
2894 1288 2961 1341 ad
3009 1288 3311 1356 supplenda
3362 1302 3449 1351 ea,
3491 1302 3614 1355 qua:

377 1381 490 1419 tum
525 1367 576 1419 in
616 1377 789 1428 textu,
818 1377 930 1423 tum
975 1370 1028 1420 in
1060 1367 1229 1436 signis
1254 1368 1540 1421 obelorum
1571 1375 1628 1421 et
1656 1367 2043 1422 asteriscorum
2096 1368 2288 1433 deesse
2328 1369 2674 1424 videbantur.
2705 1370 3021 1425 Subsidium
3072 1386 3203 1437 ergo
3256 1370 3610 1422 ministrante

377 1455 520 1507 haud
554 1455 815 1508 mediocri
843 1454 998 1522 copia
1036 1464 1279 1509 veterqu
1310 1453 1587 1517 codicum,
1613 1453 1737 1509 Cari
1768 1455 1908 1509 votis
1935 1455 2169 1509 fecimus
2202 1455 2335 1509 siitis
2363 1472 2380 1524 ;
2408 1456 2501 1525 qui
2552 1457 2744 1510 eodem
2806 1473 2939 1512 mss.
2993 1458 3260 1511 librorum
3324 1456 3617 1509 destitutus

377 1540 586 1594 auxilio
619 1540 820 1594 fatetur
854 1540 1167 1595 inchoatum
1196 1557 1227 1595 a
1266 1556 1324 1596 se
1351 1556 1510 1610 Opus,
1549 1542 1671 1595 aliis
1705 1543 2099 1610 perliciendum
2125 1547 2434 1603 tradidisse.
2468 1548 2695 1612 Horum,
2726 1550 2927 1618 inquit,
2959 1548 3298 1602 Paulinorum
3346 1549 3485 1603 tituli
3541 1564 3606 1601 ea;

377 1644 501 1680 mss.
543 1629 801 1681 codicibus
840 1643 890 1681 et
926 1628 1260 1693 Cassiodoro,
1293 1638 1548 1697 quantum
1578 1630 1787 1700 quidem
1816 1628 1983 1696 licuit,
2010 1634 2102 1686 sed
2133 1650 2234 1686 non
2266 1644 2519 1704 quantum
2552 1637 2819 1703 oportebat
2851 1652 2913 1688 ac
2947 1636 3260 1705 aptabamus
3292 1637 3428 1699 (cum
3455 1636 3507 1689 iit
3542 1637 3616 1686 rei

376 1716 551 1784 plures
582 1717 997 1787 oculatioresque
1024 1719 1183 1781 uiros,
1220 1733 1282 1770 ac
1308 1719 1444 1786 ipsos
1475 1719 1861 1787 manuscriptos
1892 1721 2091 1773 codices
2128 1723 2197 1774 ad
2231 1738 2416 1776 manus
2439 1723 2618 1777 haberi
2653 1725 2905 1793 exigeret)
2928 1763 2942 1787 ,
2976 1736 3097 1777 sunt
3130 1726 3380 1789 excerpti.
3423 1724 3597 1786 Quum

376 1803 686 1874 ampliorem
720 1805 1051 1873 diligentiam
1079 1805 1370 1859 desiderari
1395 1806 1449 1859 in
1472 1805 1765 1868 obelorum,
1795 1807 2170 1861 asteriscorum
2203 1825 2265 1862 ac
2290 1808 2706 1879 diapsalmatum
2734 1810 3018 1875 additione,
3049 1827 3394 1879 uersuumque
3427 1811 3613 1862 distin-

377 1892 545 1945 ctione
573 1893 627 1945 in
660 1902 881 1961 utraque
920 1894 1165 1957 editione,
1195 1894 1420 1963 ingenue
1450 1892 1705 1963 fatemur.
1742 1891 2013 1963 Specimen
2050 1904 2191 1949 certe
2228 1895 2490 1961 dedimus,
2517 1907 2571 1950 ut
2606 1898 2744 1967 quod
2776 1899 2828 1951 in
2862 1901 2988 1951 votis
3028 1906 3183 1960 erat,
3234 1906 3418 1964 aperta
3457 1897 3616 1948 simul

379 1980 483 2041 ria,
522 1995 651 2032 cura
682 1980 957 2049 laboreque
985 1980 1301 2033 absolutiore
1330 1980 1426 2033 alii
1458 1981 1759 2034 accuratius
1791 1990 2127 2048 prwstarent.
2155 1981 2385 2038 Sincere
2406 1983 2590 2052 itaque
2620 1985 2827 2052 pectori
2858 1983 3123 2053 quidquid
3151 1982 3393 2052 peccavit
3423 1983 3475 2035 iu
3514 1982 3615 2036 hac

379 2065 622 2121 editione
650 2066 898 2121 Psalterii
935 2067 1090 2121 tT-icile
1115 2067 1487 2122 condonautes
1509 2108 1525 2134 ,
1555 2068 1609 2121 in
1644 2066 1699 2121 id
1730 2082 1897 2120 unum
1933 2068 2129 2123 intenti
2164 2061 2373 2125 erimus
2400 2110 2414 2135 ,
2452 2080 2511 2124 ut
2545 2069 3394 2139 Psalteriutu’llieronymiauum
3420 2108 3432 2130 ,
3470 2072 3615 2137 quod

384 2153 576 2219 partim
610 2153 838 2217 editum,
862 2156 1057 2222 partim
1083 2153 1350 2210 iueditum
1382 2169 1549 2222 supra
1575 2154 1921 2216 dicebamus,
1954 2157 2465 2212 emendatissimum
2492 2158 2858 2223 omnibusque
2886 2159 3127 2211 numeris
3151 2159 3265 2211 suis
3292 2158 3605 2210 absolutum

383 2240 613 2306 prodeat
639 2257 787 2295 nunc
820 2242 885 2295 ad
924 2242 1200 2312 publicam
1230 2241 1486 2298 Ecclesiae
1514 2257 1579 2297 ac
1609 2243 1979 2297 studiosorum
2016 2242 2327 2297 utilitatem.
2363 2246 2529 2299 Porro
2559 2243 2795 2313 duplicis
2844 2243 3187 2299 Psiilmorum
3244 2244 3398 2313 juxta
3464 2241 3605 2301 LXX

379 2328 785 2383 emendationis
816 2344 846 2381 a
880 2346 938 2382 se
964 2344 1234 2398 susceptae
1273 2330 1522 2384 meminit
1552 2329 1611 2385 S.
1645 2330 1843 2383 Doctor
1873 2327 2195 2397 praefatione
2238 2329 2458 2399 jamjani
2502 2330 2861 2384 subsecutum
2908 2342 2926 2387 :
2973 2329 3116 2383 libro
3167 2331 3331 2383 etiam
3367 2330 3612 2390 secundo

379 2415 658 2483 Apologia:
674 2416 936 2470 adversus
967 2417 1249 2480 Ruﬁnum,
1278 2416 1602 2471 Psalterium
1628 2417 1777 2470 curis
1806 2418 1922 2470 suis
1942 2418 2289 2483 castigatum,
2317 2417 2503 2471 Roma:
2522 2417 2649 2470 olim
2679 2427 2992 2485 susceptum
3022 2426 3252 2471 testatur
3284 2418 3367 2471 bis
3392 2418 3523 2470 verb
3550 2432 3613 2471 s:

382 2502 706 2557 Psalterium
730 2520 949 2573 quoque,
983 2506 1119 2573 quod
1152 2513 1289 2557 certe
1324 2504 1805 2558 emendatissimum
1832 2506 1985 2569 iuxta
2010 2502 2361 2571 Septuaginta
2396 2502 2721 2572 lnterpretes
2748 2515 2924 2556 nostro
2970 2503 3149 2556 labore
3193 2502 3394 2555 dudum
3444 2501 3614 2557 Roma

382 2590 629 2658 suscepit,
662 2606 876 2645 rursum
898 2592 1055 2660 juxta
1082 2590 1397 2646 Hebraicum
1431 2601 1655 2653 vertens,
1695 2599 1804 2644 etc.
1830 2589 2000 2660 Cujus
2045 2605 2173 2643 vero
2195 2590 2595 2645 emendationis
2642 2591 2733 2645 liic
2786 2592 3138 2656 recordetur;
3187 2606 3255 2644 an
3297 2591 3416 2660 ejus
3449 2607 3613 2659 qnam

379 2674 566 2731 Roma:
591 2676 800 2745 positus
826 2680 1063 2745 priorem
1098 2677 1571 2741 subministravit;
1599 2693 1665 2731 an
1703 2676 2023 2745 posterioris
2050 2677 2101 2730 iu
2128 2675 2575 2731 Betlilebeniitico
2607 2691 2823 2732 secessu
2848 2678 3008 2731 edita:
3035 2693 3159 2731 cum
3190 2678 3361 2732 obelis
3391 2687 3446 2731 et
3467 2690 3611 2732 aste-

383 2764 563 2829 riscis,
605 2772 694 2819 vix
720 2768 877 2821 nobis
907 2776 1249 2836 compertum
1273 2776 1394 2820 ease
1414 2776 1613 2835 potest.
1634 2769 1794 2819 Certe
1819 2765 1885 2817 de
1914 2765 2088 2832 prima
2128 2765 2218 2817 illa
2246 2764 2631 2817 emendatione
2662 2779 2827 2832 quam
2857 2781 3056 2817 cursim
3077 2762 3257 2815 Roma:
3277 2764 3613 2816 elaboratam

380 2850 711 2915 dicitinfra,
751 2854 862 2907 haec
886 2853 1236 2922 intelligenda
1268 2853 1490 2906 minime
1527 2852 2126 2919 veniunt;quauquaiu
2185 2851 2235 2902 id
2266 2862 2515 2904 asserunt
2564 2851 2864 2918 scriptores
2909 2867 3014 2901 non
3059 2851 3217 2917 pauci
3278 2866 3291 2904 :
3351 2864 3474 2902 nam
3521 2852 3614 2915 qui

381 2939 499 2994 ﬁeri
527 2942 701 3007 potuit
734 2952 790 2993 ut
824 2941 1063 2995 Ecclesia
1100 2943 1340 2995 Romana
1367 2940 1873 2994 emendatissimum
1903 2938 2203 3005 susciperet
2237 2936 2305 2988 ab
2334 2934 2659 3004 Hieronymo
2691 2936 3025 2992 Psalterium
3056 2974 3071 2999 ,
3097 2936 3244 3004 quod
3280 2937 3367 2990 ille
3420 2940 3614 2999 cursim

382 3033 432 3075 et
463 3039 656 3093 magna
682 3035 888 3079 tantum
909 3042 971 3078 ex
989 3036 1137 3093 parte
1167 3026 1508 3081 correxerat‘.’
1532 3011 1997 3079 Verisimillinium
2024 3025 2190 3092 igitur
2213 3034 2438 3092 apparet
2466 3035 2754 3092 utramque
2776 3023 3257 3095 llicronymianam
3277 3024 3597 3089 editionem,

384 3121 495 3167 tam
525 3112 763 3180 priorem
794 3130 955 3183 quani
986 3116 1364 3181 posteriorem,
1400 3116 1453 3166 in
1480 3114 1612 3166 urbe
1640 3112 1883 3166 Romana
1906 3112 2078 3167 fuisse
2111 3120 2426 3181 susceptam
2455 3127 2464 3160 :
2502 3127 2567 3165 ac
2592 3110 2989 3182 Hieronymum
3020 3113 3382 3166 indistinctim
3423 3113 3613 3165 ambas

384 3199 800 3254 emendationes
829 3201 1471 3270 coniprebendere,cum
1507 3201 1830 3255 Psalterium
1884 3216 2044 3253 suum
2100 3199 2252 3264 juxta
2301 3196 2443 3253 LXX
2472 3199 2983 3253 emendatissimum
3038 3201 3234 3254 liutino
3284 3200 3603 3273 objiciebat.

385 3284 642 3356 Opinioni
672 3298 875 3343 nostra:
906 3290 1151 3357 impense
1180 3290 1365 3346 favent
1397 3288 1662 3343 Valafridi
1692 3289 1852 3358 paulo
1884 3298 2005 3352 post
2037 3287 2189 3340 ettati
2227 3284 2394 3347 dicta,
2425 3284 2628 3354 quibus
2665 3286 2799 3339 certi
2840 3302 3032 3340 sumus
3082 3287 3266 3341 Gallos
3292 3304 3319 3339 a
3353 3287 3619 3340 Romanis

386 3385 664 3429 mutuatos
689 3391 810 3430 esse
843 3377 1205 3445 posteriorem
1230 3378 1397 3432 etiam
1426 3377 1865 3432 emendationem
1894 3375 2167 3432 Psalterii.
2194 3372 2462 3428 caeterum
2494 3377 2643 3443 prior
2672 3375 2845 3429 editio
2871 3374 3105 3428 Romani
3142 3374 3391 3429 Psalterii
3416 3391 3615 3428 nomen

386 3461 645 3527 obtinuit,
673 3468 814 3533 quod
840 3480 902 3518 ea
941 3474 1187 3519 uteretur
1213 3464 1517 3533 antiquitus
1548 3463 1794 3519 Ecclesia
1828 3464 2107 3523 Romana;
2139 3460 2411 3529 hodieque
2453 3476 2584 3517 usus
2628 3472 2942 3531 perseveret
2964 3462 3017 3515 in
3048 3460 3288 3516 Ecclesia
3328 3459 3608 3514 Vaticana.
3686 3468 3689 3469 '

387 3552 737 3606 Gallicanum
766 3563 944 3607 autern
981 3555 1305 3609 Psalterium
1330 3554 1597 3624 appellata
1625 3564 1708 3608 est
1741 3554 1912 3608 editio
1943 3552 2211 3621 posterior
2236 3560 2294 3604 et
2322 3551 2763 3613 accuratissima,
2792 3566 2861 3604 eo
2890 3550 3033 3619 quod
3064 3552 3224 3617 primi
3253 3550 3397 3603 inter
3421 3554 3615 3602 omnes

392 3639 461 3693 ad
492 3653 625 3694 usus
658 3641 1062 3696 ecclesiasticos
1101 3643 1347 3697 eamdem
1394 3642 1747 3697 adhibuerint
1777 3640 1915 3696 Galli
1963 3646 2257 3694 nostrates.
2289 3636 2599 3691 Meminerit
2647 3638 2877 3707 proinde
2933 3637 3107 3691 lector
3157 3637 3213 3690 in
3269 3647 3457 3691 nostra
3514 3637 3617 3689 liae

388 3726 634 3782 editione
666 3728 915 3783 Psalterii
942 3730 1196 3798 duplicis,
1225 3726 1455 3783 Romani
1483 3738 1540 3786 et
1569 3728 1858 3793 Gallicani,
1891 3730 2042 3798 prius
2078 3743 2107 3779 a
2138 3727 2296 3780 nobis
2336 3737 2585 3780 notatum
2614 3740 2735 3780 esse
2771 3728 2823 3781 in
2866 3726 3048 3793 capite
3095 3725 3475 3779 columnarum
3522 3724 3618 3778 lit-

388 3826 504 3868 tera
538 3813 602 3879 lt,
643 3815 917 3883 posterius
946 3830 1129 3873 autem
1158 3818 1339 3871 littera
1366 3816 1443 3879 G;
1475 3816 1557 3870 liis
1582 3818 1728 3875 enim
1763 3816 1965 3870 litteris
1998 3813 2321 3884 praemissis,
2354 3814 2501 3867 nulla
2526 3813 2786 3881 deinceps
2816 3814 3129 3868 versionunt
3178 3810 3430 3867 conlusio
3483 3810 3622 3866 sub-

391 3915 581 3970 repere
608 3904 812 3972 peterit
839 3904 878 3959 ί.

466 4042 481 4070 ⁸
514 4039 799 4095 Distiuctio
834 4044 1142 4096 versionuin
1173 4042 1314 4108 apud
1350 4058 1446 4095 nos
1495 4042 1826 4095 nlitiiiebitur
1853 4040 2205 4095 distinctione
2237 4038 2638 4093 characterem.
2673 4035 2905 4092 Romani
2946 4033 3323 4105 designabunt
3361 4035 3619 4088 codicem

390 4110 697 4167 Romanum
724 4127 738 4165 :
772 4111 940 4167 ltalici
976 4129 1104 4166 vero
1135 4114 1383 4165 codicem
1416 4112 1781 4165 Gallicanum.

1758 4267 1849 4277 ροσ-

1634 4395 2064 4483 ἸἘδἸἸΜ
2086 4394 2243 4483 ΟΝ
2268 4398 2378 4482 1A

810 4550 896 4605 DE
946 4548 1212 4604 DUPLICI
1262 4546 1784 4604 illEliONYMlANO
1832 4544 2214 4600 PSALTERIU
2257 4546 2475 4603 JUX'i‘A
2520 4547 2661 4603 LXX
2712 4547 3212 4651 lNTEl’iPRETES.

1962 4691 2027 4702 κα

398 4823 747 4890 Hieronymus
770 4824 920 4888 epist.
945 4822 1030 4886 Ἠ,
1048 4821 1113 4872 ad
1137 4818 1409 4872 Lacinium
1434 4818 1709 4880 Baeticam,
1734 4834 1881 4871 nunt.
1904 4820 1955 4872 ὅ.

472 4912 825 4979 Septuaginta
856 4914 1218 4980 interpretum
1245 4912 1544 4962 editionem
1579 4919 1633 4962 et
1674 4921 1725 4959 te
1758 4910 1960 4980 nabere

395 5001 502 5035 non
542 4978 754 5041 dubito,
791 4992 842 5031 et
872 4978 1016 5033 aiitc'
1044 4997 1215 5033 annos
1248 4982 1512 5047 plurimos
1541 4978 1959 5049 diligentissime

394 5065 739 5106 emendat-nni
776 5053 1033 5104 studiosis
1067 5052 1287 5104 tiadidi.

590 5164 738 5216 Idem
770 5164 864 5216 lib.
899 5181 953 5226 ll,
991 5174 1172 5216 coiitrit
1206 5162 1477 5232 Ruﬁnum,
1510 5182 1662 5218 nutu.
1697 5164 1784 5217 50.

464 5257 786 5309 Psalterium
826 5271 1062 5322 quoque,
1101 5258 1244 5321 quod
1275 5268 1421 5309 certe
1452 5255 1959 5306 einenilatissinimn

389 5328 538 5394 juxta
583 5327 933 5391 Septuaginta
992 5325 1321 5391 interpretes
1380 5336 1566 5375 nostro
1622 5324 1807 5394 latiore
1859 5326 1960 5375 duo

396 5409 518 5447 iiiiui
576 5397 743 5448 [iouia
801 5406 1079 5461 snsiepit,
1146 5412 1360 5446 rursum
1424 5396 1573 5459 jiuta
1630 5392 1954 5444 “eiii-uirtuti

393 5478 635 5528 uertens,
660 5477 765 5519 elt'.

524 5558 655 5609 Item
683 5560 836 5625 epist.
880 5558 999 5622 tuo,
1046 5558 1111 5607 iiii
1175 5555 1434 5607 Siiiiiiiiiiu
1466 5557 1509 5608 el
1545 5552 1824 5605 l’i‘etrlaiii.

470 5654 641 5718 (lujus
674 5668 747 5701 rei
806 5652 959 5701 \obis
1012 5664 1227 5701 sensum
1270 5650 1508 5718 breviter
1549 5661 1806 5712 aperiant.
1861 5644 1957 5695 1έίνί

401 5736 491 5791 qui
525 5737 704 5772 minos
742 5725 966 5774 [iubetur
990 5721 1045 5774 in
1074 5720 1281 5784 (iaceo,
1307 5720 1371 5771 ab
1418 5717 1679 5771 iiebiaica
1714 5718 1961 5769 veritate.

2058 4822 2317 4886 Origenes
2353 4824 2420 4872 de
2457 4819 2813 4871 translatione
2850 4815 3244 4869 'flieodoiioiiis
3282 4810 3529 4870 addidit,
3568 4818 3626 4863 et

2060 4885 2272 4955 signum
2313 4893 2492 4955 posuit
2522 4889 2790 4943 asterisci.
2832 4888 2881 4937 id
2929 4897 3011 4937 est
3046 4889 3277 4957 stellam.
3311 4897 3449 4957 qum.
3480 4885 3625 4946 quod

2060 4976 2211 5026 prius
2252 4958 2630 5011 absconditum
2663 4958 2971 5017 Videbatur,
3007 4956 3298 5026 illuniinet.
3326 4964 3388 5026 Δει
3423 4956 3471 5000 in
3513 4965 3627 4999 me-

2060 5021 2207 5079 itiuni
2239 5030 2476 5095 proferat
2523 5042 2537 5081 ;
2576 5028 2664 5078 ubi
2723 5037 2902 5095 autent
2954 5026 3098 5090 quod
3152 5026 3203 5074 in
3245 5021 3484 5095 liebiantr
3519 5034 3627 5070 non

2058 5107 2164 5159 est,
2208 5089 2258 5149 in
2294 5098 2495 5151 (incus
2529 5098 2811 5149 codicibus
2836 5089 3109 5145 invenitur
3133 5134 3145 5153 ,
3180 5093 3397 5150 obeloii,
3437 5089 3485 5159 id
3521 5100 3625 5147 est,

2055 5156 2326 5235 jacenteni
2382 5167 2677 5233 pneposuit
2724 5166 3029 5230 Virguluiu,
3089 5156 3630 5235 quam_nos_l.atiuc

2066 5229 2195 5289 veru
2222 5229 2510 5304 possumus
2545 5236 2763 5298 dicere;
2793 5229 2902 5300 quo
2925 5236 3239 5304 ostenditur
3266 5229 3628 5304 jugulatiituui

2064 5324 2185 5359 esse
2218 5300 2757 5359 etconl'od’iendum,
2791 5302 2935 5369 quod
2980 5304 3033 5353 in
3082 5300 3422 5370 autticnticis
3473 5300 3629 5370 libris
3676 5346 3679 5347 ,

2070 5396 2171 5427 non
2199 5377 2495 5427 imenitur.
2521 5374 2651 5436 Quae
2684 5366 2833 5438 signa
2868 5373 2998 5423 etin
3059 5370 3368 5421 Ui'wcorutn
3409 5366 3627 5417 Latino-

2070 5464 2301 5512 rumque
2337 5452 2677 5511 poematibus
2719 5443 3095 5493 inveniuntur.

2480 5536 2625 5588 Idem
2657 5534 2938 5600 eademque
2972 5531 3210 5599 cpistola.

2142 5633 2207 5684 Et
2239 5634 2361 5683 hinc
2398 5627 2538 5694 apud
2577 5641 2690 5685 vos,
2735 5635 2787 5675 et
2820 5624 2961 5691 apud
2988 5624 3278 5694 plerosque
3310 5637 3470 5694 error
3503 5635 3625 5672 exu-

2074 5708 2232 5771 ritur,
2292 5692 2443 5768 quod
2501 5706 2825 5761 scriptorum
2894 5693 3244 5759 negligentia,
3306 5692 3525 5759 tirgults
3577 5700 3628 5742 et
