3966 6184
439 392 540 456 123
1333 396 1395 455 S.
1435 395 1875 455 HIERONYMI
1920 395 2185 455 DIVINA
2233 394 2753 455 BIBLIOTHECA
3588 384 3686 445 1‘24

438 512 817 581 depravatum,
880 511 1110 579 plusque
1154 513 1442 580 antiquum
1499 530 1777 577 errorem,
1833 528 1999 582 quam
2032 520 2079 577 Α
2108 513 2218 567 duo
2255 523 2457 581 puncta
2495 514 2517 581 ζ
2555 528 2676 579 quae
2722 508 3103 576 iiupressimus
3131 547 3146 570 ,
3184 508 3320 559 sciat
3358 508 3414 559 in
3452 507 3683 574 Septua-

439 616 632 653 novam
666 600 1107 654 emendationem
1139 601 1321 655 valere
1362 602 1377 632 ‘
1406 620 1419 655 :
1452 603 1647 670 cogitis
1677 642 1691 664 ,
1740 614 1797 657 ut
1831 600 2001 656 veluti
2104 606 2252 672 ginta
2278 603 2726 657 translationibus
2750 600 2863 671 [ΑΙ.
2887 596 3305 667 luterpretibus]
3333 599 3453 665 plus
3476 596 3683 650 haberi.

439 690 670 758 quodam
706 690 881 744 novali
914 731 927 751 .
981 691 1213 745 scissum
1240 691 1351 758 jam
1380 707 1571 745 arvum
1607 708 1914 755 exerceam,
1947 701 2004 746 et
2106 695 2209 749 Ubi
2242 705 2422 748 autem
2460 695 2629 747 stella:
2662 697 2725 760 ὶξ(
2750 691 3167 746 similitudinem
3214 688 3577 757 perspexerit.
3616 687 3685 739 de

439 781 2004 853 obliquissulcisrenascentesSpinaseradicem:mquuni
2112 786 2353 841 Hebraeis
2426 784 2792 839 voluminibus
2878 781 3121 835 additum
3202 780 3460 840 noverit,
3532 794 3686 845 aeque

388 946 391 950 Ι
438 889 558 926 esse
605 874 875 935 dicentes,
912 880 1135 939 utquod
1172 874 1365 929 crebro
1400 876 1540 927 male
1586 875 1853 941 pullulat,
1884 891 2005 929 cre-
2114 892 2289 945 usque
2338 876 2358 907 ⁸
2424 876 2491 929 ad
2552 876 2661 928 duo
2738 882 2979 943 puncta,
3061 873 3218 941 juxta
3294 869 3688 924 Theodotionis

442 966 594 1019 brius
624 964 954 1018 succidatur.
987 964 1143 1021 Unde
1167 977 1429 1021 consueta
1457 967 1475 996 '
1517 965 1836 1035 praefatione
1858 981 2009 1020 com-
2115 969 2381 1023 duntaxat
2417 967 2714 1022 editionem
2739 1007 2753 1030 ,
2784 965 2876 1032 qui
2926 962 3279 1029 simplicitate
3334 960 3604 1015 sermonis
3658 974 3686 1011 a

443 1071 637 1110 moneo
671 1068 778 1109 tam
823 1072 939 1120 vos,
964 1055 1164 1125 quibus
1192 1057 1332 1111 forte
1386 1057 1540 1110 labor
1588 1058 1690 1114 iste
1749 1058 2003 1123 desudat,
2116 1058 2469 1127 Septuaginta
2506 1056 2899 1123 lnterpretibus
2933 1070 3039 1108 non
3071 1052 3366 1107 discordat.
3412 1050 3535 1104 llrec
3558 1066 3689 1117 ergo

442 1165 603 1217 quam
639 1164 735 1203 eos
758 1149 849 1217 qui
883 1149 1213 1217 exemplaria
1252 1148 1562 1203 istiusmodi
1593 1150 1795 1204 habere
1821 1150 2009 1203 volue-
2106 1160 2162 1205 et
2198 1149 2350 1203 vobis
2383 1160 2439 1202 et
2470 1149 2719 1201 studioso
2742 1142 2943 1214 cuique
2972 1145 3171 1197 iecisse
3203 1158 3288 1197 me
3320 1143 3503 1196 sciens
3524 1184 3538 1207 ,
3578 1157 3686 1193 non

443 1239 572 1296 rint,
616 1247 673 1289 ut
703 1253 822 1305 qua:
878 1237 1170 1304 diligenter
1223 1237 1532 1300 emendavi.
1586 1254 1711 1291 cum
1775 1254 1907 1291 cura
1957 1248 2012 1291 ct
2108 1243 2323 1313 ambigo
2349 1242 2551 1295 multos
2586 1240 2728 1302 fore,
2767 1240 2861 1307 qui
2899 1240 2980 1292 vel
3012 1238 3238 1300 invidia,
3275 1237 3356 1290 vel
3390 1235 3690 1304 supercilio

442 1327 723 1395 diligentia
762 1328 1198 1381 transeribantur
1229 1328 1271 1379 ³.
1305 1327 1465 1381 Notct
1503 1328 1605 1381 sibi
1632 1330 2013 1398 unusquisque
2108 1334 2298 1387 malint
2320 1343 2674 1387 contemnere
2699 1332 2869 1385 videri
2900 1331 3157 1397 praeclara
3182 1330 3225 1392 ‘,
3266 1345 3428 1397 quam
3453 1329 3688 1391 discere,

443 1418 529 1471 vel
551 1419 820 1485 iacentem
858 1418 1079 1484 lineam,
1117 1417 1200 1471 vel
1236 1418 1389 1486 signa
1425 1420 1695 1472 radiantia
1745 1436 1760 1472 :
1811 1420 1860 1473 id
1907 1431 2010 1486 est,
2108 1434 2165 1478 et
2196 1423 2265 1478 de
2295 1423 2613 1477 turbulento
2642 1422 2810 1490 magis
2840 1422 3017 1475 rivulo
3056 1421 3172 1492 [Αἰ.
3206 1418 3369 1490 rivo],
3407 1436 3567 1488 quam
3619 1419 3689 1471 de

444 1510 570 1561 vel‘
608 1510 795 1564 obelos
836 1524 897 1564 -ι-
951 1512 1032 1563 vel
1085 1511 1376 1564 asteriscos
1431 1515 1516 1579 Ἆξ.
1580 1512 1644 1564 Et
1697 1512 2015 1580 ubicunque
2108 1516 2410 1591 purissimo
2433 1515 2583 1568 fonte
2615 1524 2825 1584 potare.

446 1600 641 1654 viderit
678 1601 939 1669 virgulam
971 1600 1361 1669 praecedentem
1389 1615 1477 1664 -ιι,
1518 1602 1586 1656 ab
1619 1618 1683 1656 ea
1729 1618 1898 1672 usque
1952 1606 2017 1657 ad

541 1714 638 1762 Sed
668 1714 870 1774 Vulgata
899 1719 1067 1763 tenet:
1096 1713 1254 1763 minus
1280 1722 1332 1762 ct
1351 1722 1569 1763 correcta
1592 1716 1804 1763 secunda

538 1777 675 1837 Haec.
707 1790 851 1835 quam
877 1777 1075 1837 Romani
1111 1777 1345 1836 psallunt,
1374 1776 1580 1836 Italique
1612 1777 1955 1836 frequentant.
2226 1778 2404 1825 Ultima
2427 1791 2532 1824 nam
2553 1777 2721 1826 Graeco
2744 1780 2940 1837 proprie
2964 1790 3194 1823 sermone
3237 1784 3419 1832 notata,

539 1836 703 1885 Tertia
731 1837 819 1885 sed
846 1849 961 1884 vere
989 1836 1233 1885 Hebraico
1254 1841 1486 1887 translata
1510 1841 1744 1899 magistro
2221 1841 2342 1898 Qua
2364 1843 2543 1895 minus,
2570 1845 2627 1887 ut
2644 1836 2765 1891 dixi.
2791 1852 2899 1887 cum
2921 1840 3020 1885 sint
3041 1838 3253 1899 vulgata,
3278 1837 3553 1897 probamus.

1549 1938 1826 1977 EXEIPIAR
1871 1939 2270 1985 QUADRIPARTITI
2312 1938 2601 1979 PSALTERII.

1360 2013 1641 2082 Beatusvir
1664 2018 1747 2082 qui
1772 2030 1867 2063 non
1896 2019 2019 2066 abiit
2050 2028 2093 2082 Β
2127 2076 2137 2082 _
2246 2016 2636 2082 Beatiigvirqui
2659 2027 2753 2061 non
2770 2010 2891 2061 abiit

1314 2075 1375 2137 in
1391 2075 1597 2124 consilio
1620 2077 1910 2137 impiorum:
2052 2075 2088 2082 ⁷
2126 2076 2174 2126 in
2203 2076 2411 2125 consilio
2440 2076 2731 2136 impiorum:

1343 2136 1401 2184 Et
1436 2136 1703 2186 ncathedra
1718 2141 2021 2199 pestilentia)
2225 2139 2276 2185 In
2310 2138 2541 2187 cathedra
2560 2138 2835 2186 derisorum
2861 2147 2955 2183 non

1298 2210 1396 2245 non
1437 2199 1589 2258 sedit,
2126 2200 2272 2248 sedit.

2224 1718 2474 1775 (Iontiuet,
2503 1722 2554 1763 et
2580 1716 2722 1763 nobis
2744 1714 2923 1763 melius
2949 1716 3053 1763 haec
3072 1717 3229 1763 omnia
3254 1715 3449 1775 pandet.

545 2014 725 2061 Beatus
743 2014 907 2074 virqui
933 2028 1027 2061 non
1051 2014 1174 2068 abiit

450 2076 500 2121 in
530 2076 736 2121 consilio
764 2077 1049 2135 impiorum:

546 2135 602 2183 Et
619 2138 665 2183 in
680 2137 907 2185 cathedra
922 2135 1219 2198 pestilentia

449 2208 545 2244 non
596 2198 739 2257 sedit,

3015 2013 3282 2062 Maeliarios
3302 2013 3476 2060 aniros
3492 2023 3549 2055 ue
3572 2022 3695 2068 epo-

3003 2076 3170 2121 reuthi
3195 2086 3257 2121 eu
3283 2074 3387 2121 buli
3412 2073 3623 2117 asehon:

3080 2137 3146 2183 (Ie
3168 2135 3246 2193 epi
3275 2134 3504 2182 cathedra
3539 2131 3693 2178 liinou

3010 2210 3071 2245 uc
3094 2196 3368 2245 ecathisen.

524 2303 874 2379 Estetapud
907 2317 1017 2379 nos
1040 2303 1116 2379 in.
1140 2303 1709 2379 Ve_ron._bihlio_theca
1738 2304 2027 2379 digltitton1

452 2374 831 2427 remotissima:
908 2372 1251 2439 antiquitatis
1330 2373 1688 2435 Psalterium,
1764 2372 2015 2428 Latinum

451 2443 660 2495 scilicet
690 2454 743 2495 et
787 2442 1033 2495 Graecum
1066 2461 1079 2494 :
1112 2443 1206 2495 sed
1247 2441 1492 2496 Gnaeum
1558 2442 1765 2496 Latinis
1820 2446 2019 2497 litteris

449 2520 757 2577 exaratum,
788 2510 1040 2564 Latinum
1062 2526 1192 2564 vero
1221 2527 1287 2565 ex
1310 2520 1490 2565 vetere
1511 2553 1527 2571 ,
1558 2515 1648 2565 sed
1684 2529 1788 2565 non
1824 2514 2016 2565 Hiero-

452 2581 706 2661 nymiana
746 2581 998 2661 versione
1024 2596 1038 2635 :
1067 2596 1225 2646 quam
1244 2596 1357 2661 ego
1393 2581 1610 2661 quidem
1644 2582 1832 2661 Italam
1872 2583 2015 2661 haud

450 2649 683 2704 dixerim
710 2666 725 2713 ;
756 2650 847 2703 alii
875 2650 1065 2707 etiam.
1092 2666 1214 2718 qua:
1243 2649 1373 2703 Itala
1400 2652 1466 2704 ab
1490 2652 1795 2715 Augustino
1826 2653 2015 2719 appel-

450 2720 617 2783 latur,
650 2720 820 2773 velint
849 2720 985 2773 Novi
1028 2719 1388 2783 Testamenti,
1432 2736 1539 2773 non
1573 2720 1779 2774 Veteris
1815 2722 2016 2774 versio-

449 2805 576 2843 nem
621 2804 761 2843 esse.
822 2789 996 2858 Hujus
1050 2798 1228 2841 autem
1274 2790 1481 2843 codicis
1534 2806 1655 2857 qua:
1720 2790 1932 2843 variant
1981 2806 2011 2843 a

449 2859 699 2939 Romano
753 2858 1046 2939 exemplari
1095 2858 1817 2939 nostro,”lectiones_haud
1873 2876 2013 2939 sane

450 2930 653 2982 multas
689 2930 740 2981 in
773 2930 875 2983 liae
915 2928 1027 2996 ipsa
1066 2938 1249 2982 nostra
1275 2928 1518 2982 editione
1570 2930 1833 2982 exhibere
1871 2928 2015 2982 baud

448 2998 675 3066 pigebit,
708 3010 819 3051 tum
868 2999 919 3050 in
944 2998 1448 3068 studiosilectoris
1482 3008 1733 3068 gratiam,
1766 3014 1893 3051 cum
1951 2998 2020 3052 ad

452 3070 691 3135 ingentis
722 3068 908 3135 Operis
938 3067 1363 3135 compendium;
1402 3067 1522 3119 nam
1557 3068 1649 3136 qui
1687 3082 1864 3133 nuper
1900 3069 2019 3119 uni-

450 3152 673 3189 versum
714 3137 863 3189 illum
920 3137 1189 3198 codicem,
1224 3136 1366 3189 Itala:
1423 3137 1691 3191 versionis
1744 3136 1973 3190 obtentu
2004 3177 2018 3199 ,

451 3206 762 3272 descripsit,
787 3208 1067 3273 ediditque
1095 3215 1217 3271 apte
1245 3205 1299 3257 in
1328 3206 1726 3273 prolegomenis
1752 3206 1817 3258 ad
1877 3208 2021 3259 Aua-

454 3275 613 3327 stasii
647 3276 797 3329 Vitas
837 3276 980 3329 serie
1007 3276 1421 3342 integra,atque
1457 3274 1652 3329 iterum
1687 3291 1809 3329 cum
1834 3276 2020 3330 Graeco

450 3343 667 3397 Latinis
716 3346 913 3398 litteris
981 3359 1241 3411 expresso
1309 3344 1560 3407 recudit,
1615 3361 1699 3399 na:
1754 3344 1845 3398 ille
1904 3347 2018 3398 otio

453 3414 714 3478 abundat,
743 3431 804 3468 ac
832 3399 1473 3482 librariain‘prtepostero
1498 3399 1680 3467 studio
1702 3428 1814 3467 rem
1840 3425 2014 3467 curat.
2044 3399 2087 3457 (ἶ

452 3483 719 3536 Caeterum
774 3487 1043 3553 praelixaui
1104 3484 1233 3538 huic
1289 3497 1435 3536 tome
1473 3482 1844 3552 praefationem
1881 3498 2014 3538 con-

453 3555 639 3608 subto.

2194 2306 2208 2335 ¹
2252 2305 2419 2359 Tacet
2452 2304 2504 2356 in
2559 2304 2804 2357 Palatino
2865 2318 2970 2358 ins.
3032 2302 3261 2356 verbum
3321 2303 3517 2367 valere,
3574 2312 3689 2354 tum

2115 2372 2318 2441 tegitur
2344 2374 2501 2427 veluti
2525 2374 2788 2443 quoddam
2813 2373 3035 2443 novalis.

2188 2448 2207 2476 ¹
2242 2444 2333 2498 Ηειξ
2362 2441 2577 2511 quoque
2608 2458 2769 2498 voces
2796 2484 2812 2508 ,
2848 2441 2995 2497 Unde
3024 2452 3298 2506 consueta,
3330 2442 3383 2496 in
3439 2443 3691 2514 Palatino

2100 2529 2227 2584 eius.
2263 2514 2666 2584 desiderantur.

2188 2584 2207 2614 ³
2232 2583 2398 2637 Vetus
2431 2584 2600 2635 editio
2625 2582 2753 2636 anni
2786 2582 2948 2649 H96,
2993 2584 3170 2637 active
3212 2584 3377 2638 liabet
3426 2586 3685 2637 transcri-

2112 2654 2259 2717 bant,
2290 2653 2458 2705 ferme
2494 2652 2721 2706 rectius.

2186 2722 2207 2752 ’⁵
2234 2721 2561 2774 Addidimus
2593 2722 2672 2773 vel
2704 2722 2969 2782 voculam.
3007 2738 3128 2787 qua:
3179 2724 3366 2777 deerat
3387 2764 3403 2786 ,
3432 2738 3497 2775 ex
3532 2723 3690 2776 Pala-

2124 2792 2247 2853 tini,
2296 2790 2899 2859 Reginamaliorumque
2933 2792 3194 2845 librorum
3232 2794 3577 2847 auctoritate.

2194 2863 2216 2892 ⁸
2249 2861 2476 2915 Palatia.
2510 2876 2615 2914 IIIS.
2648 2861 2706 2911 τό
2737 2877 2896 2929 usque
2930 2863 3317 2929 praetermittit.

2194 2930 2390 3001 fidem
2427 2930 2768 3001 ms.,videre.
2814 2930 3067 3001 Diximus
3105 2946 3232 2984 vero
3289 2932 3356 2983 ad
3411 2933 3685 3001 geminam

2119 3000 2209 3055 isti
2253 3000 2577 3053 sententiam
2614 3000 2667 3052 iu
2702 2999 3013 3066 praefatione
3044 2998 3293 3053 Psalterii
3327 3017 3392 3054 ex
3416 2998 3690 3054 lleliraicn

2119 3072 2185 3124 ad
2215 3069 2809 3139 SOphronium,’videri
2838 3070 2999 3123 nobis
3025 3069 3313 3139 legendum
3350 3080 3397 3121 et
3425 3072 3693 3123 invidere:

2119 3155 2292 3207 eaque
2318 3153 2457 3207 esse
2491 3138 2650 3191 Plinii
2681 3140 2872 3200 verba,
2919 3155 3038 3206 qua:
3090 3138 3144 3192 in
3202 3155 3300 3192 sua
3330 3142 3693 3192 'traustulerit

2120 3210 2178 3263 S.
2210 3210 2387 3261 Pater.
2420 3206 2486 3258 Et
2530 3222 2660 3260 vero
2725 3208 2777 3259 in
2839 3208 2943 3259 alia
2994 3209 3307 3275 pra-ratione
3344 3209 3570 3275 inferius
3608 3226 3696 3261 re-

2117 3276 2366 3346 cudeuda
2404 3278 2458 3329 in
2490 3276 2659 3346 libros
2698 3272 3150 3346 Paralipomenon
3197 3279 3348 3343 juxta
3385 3272 3543 3339 LXX,
3588 3281 3694 3330 sub

2124 3348 2285 3399 linem
2318 3345 2386 3401 de
2422 3346 2524 3398 bac
2574 3345 2689 3413 ipsa
2730 3345 2965 3399 lectione
3022 3347 3309 3412 iidejussor
3342 3348 3399 3401 S.
3460 3348 3696 3415 ipsemet

2123 3418 2312 3469 doctor
2373 3416 2602 3473 accedit,
2656 3415 2749 3468 ubi
2793 3416 2863 3468 de
2885 3417 3103 3469 nomine
3166 3417 3400 3469 Plinium
3451 3416 3633 3468 laudat
3675 3432 3694 3473 ;

2124 3486 2336 3555 Optima
2366 3486 2502 3537 enim
2533 3495 2856 3555 quicque,“
2902 3488 2976 3538 ait
3032 3486 3257 3545 Plinius,
3318 3487 3522 3538 malunt
3560 3502 3698 3537 con—

2125 3554 2378 3620 temnere,
2401 3564 2449 3607 et
2477 3555 2707 3607 invidere
2728 3554 2985 3624 plerique,
3012 3571 3173 3624 quam
3203 3555 3420 3609 discere.

1937 3800 2221 3862 INCIPIT

852 3965 1599 4138 LIBER
1749 3957 3292 4134 PSALMOBUM

1972 4206 2176 4250 JUXTA

1308 4266 2045 4387 SEPTUAGINTA
2120 4309 2829 4387 INTERPBETES

1130 4459 1225 4515 ΑΒ
1264 4456 1727 4516 IIIEItONYMO
1768 4453 2026 4514 SEMEL
2066 4452 2165 4513 ET
2207 4453 2511 4513 ITERUM
2551 4453 3019 4514 EMENDATUS

978 4593 1177 4669 Atque
1222 4594 1293 4665 in,
1323 4590 1436 4649 hac
1473 4590 1743 4650 editione
1776 4586 1984 4650 Obelis
2016 4596 2074 4648 et
2100 4588 2430 4649 Asteriscis
2456 4587 2533 4648 ab
2565 4588 2770 4648 eadem
2800 4586 3174 4648 illustratus.

1857 4864 2209 4925 PSALMUS
2252 4865 2302 4925 Ι.

754 4955 1194 5011 CALLICANUM
1232 4956 1671 5013 PSALTERIUM
1700 4958 1737 5009 ί.
2058 4963 2101 5017 D
2466 4955 2807 5011 ROMANUM
2867 4950 3307 5009 PSALTERIUM
3330 4952 3367 5003 ³.

526 5048 718 5100 Beatus
751 5050 826 5100 vir
871 5049 958 5117 qui
988 5065 1088 5099 non
1119 5049 1244 5101 abiit
1276 5049 1331 5100 in
1386 5049 1663 5102 consilium
1714 5050 2019 5117 impiorum,

456 5141 587 5192 etin
631 5141 711 5193 via
751 5150 1083 5209 peccatorum
1139 5158 1242 5193 non
1294 5142 1434 5195 stetit
1467 5159 1486 5195 .'
1534 5152 1583 5193 et
1616 5141 1636 5170 ¹
1664 5142 1716 5193 in
1774 5142 2024 5195 cathedra

456 5233 769 5301 pestilentia:
796 5251 898 5287 non
927 5236 1081 5287 sedit.

528 5380 544 5408 ¹
572 5378 628 5431 In
657 5395 758 5432 ms.
793 5378 957 5445 Regio
1000 5377 1131 5432 556i
1173 5392 1235 5432 ac
1282 5378 1336 5431 in
1365 5376 1684 5432 Colbertino
1710 5376 1861 5445 2⁵20οί
1887 5376 2029 5429 hanc

456 5444 1028 5517 lcgiinusepigra’plien
1052 5450 1102 5501 iu
1126 5449 1305 5500 fronte
1336 5450 1498 5512 hujus
1521 5447 1773 5517 editionis
1798 5463 1810 5501 :
1836 5444 2029 5513 Incipit

462 5513 778 5570 Psalterium
795 5513 865 5569 tle
888 5513 1252 5571 translatione
1275 5517 1619 5583 Septuaginta
1642 5513 2028 5584 lntcrpretum,

456 5596 795 5639 emendatum
845 5607 875 5639 ιι
908 5588 963 5641 S.
1018 5589 1342 5652 Hieronymo
1392 5588 1727 5653 presbytero,
1758 5587 1809 5636 in
1879 5603 2027 5638 novo.

458 5655 823 5711 Posteriorein
858 5658 1156 5710 editionem
1188 5660 1454 5709 vocabant
1485 5655 1805 5708 Psalterium
1838 5672 2026 5709 emen-

458 5728 644 5777 datum
676 5745 708 5779 a
749 5745 902 5791 novo,
947 5728 995 5780 id
1028 5737 1111 5781 est
1136 5727 1198 5778 de
1237 5743 1385 5777 novo.
1416 5726 1597 5777 Mam.

532 5797 549 5823 ²
585 5794 684 5850 Ms.
711 5798 1059 5852 Colbcrtinus
1086 5814 1141 5853 n.
1170 5798 1309 5851 2:200
1341 5800 1481 5850 male
1510 5804 1661 5851 notat
1686 5796 1903 5851 obelum
1934 5813 2031 5866 pro

2199 5050 2397 5107 Beatus
2458 5051 2542 5105 vir
2578 5042 2687 5119 qui.
2710 5065 2816 5102 non
2848 5048 2981 5100 abiit
3017 5047 3066 5099 in
3100 5046 3331 5100 consilio
3376 5043 3703 5113 impiorum.

2125 5146 2265 5200 etin
2318 5145 2401 5198 via
2444 5154 2793 5213 peccatorum
2846 5157 2953 5194 non
3002 5139 3194 5192 stetit:
3241 5140 3382 5191 etin
3437 5137 3705 5191 cathedra

2127 5237 2453 5307 pestilentia:
2488 5252 2595 5288 non
2629 5220 2794 5291 sedit.
2870 5271 2875 5276 -

2128 5376 2529 5446 conjunctione_
2545 5384 2593 5427 et
2623 5416 2637 5438 ,
2669 5373 3029 5446 qumlcgitur
3070 5370 3409 5446 in_llebrafo.
3453 5368 3709 5446 Similem

2131 5440 2247 5498 ius:
2273 5446 2465 5498 habuit
2495 5440 2700 5507 Carus,
2728 5444 2819 5512 qui
2855 5440 3181 5510 przvnotavit
3227 5452 3283 5494 et
3336 5442 3449 5506 ipse
3478 5440 3708 5491 obelum

2131 5516 2195 5567 ad
2251 5517 2497 5568 eamdem
2539 5516 2883 5582 particulam.
2946 5513 3051 5564 Alii
3125 5525 3253 5564 mss.
3326 5525 3461 5579 pure
3518 5513 3720 5573 legunt

2133 5587 2340 5648 absque
2370 5585 2549 5637 obelo.
2592 5583 2766 5637 Manr.

2202 5654 2222 5683 ³
2257 5647 2563 5707 Romanum
2601 5655 2956 5725 hoc-Adicitur,
2979 5652 3136 5725 quod
3173 5650 3287 5703 sive
3318 5648 3553 5709 Damasi,
3586 5647 3719 5725 sive

2130 5724 2362 5775 aliorum
2394 5732 2557 5775 Clldlll
2592 5725 2659 5776 de
2697 5722 2841 5778 Urbe
2883 5723 3184 5775 amicorum
3246 5728 3434 5786 rogatu
3479 5735 3530 5771 in
3582 5722 3721 5784 ejus

2130 5805 2277 5849 certe
2318 5794 2814 5862 Ecclesia-gratiam
2848 5806 3009 5862 atque
3042 5806 3199 5845 usum
3225 5789 3389 5845 fuerit
3415 5790 3483 5842 ab
3515 5787 3727 5841 Hiero-
