3966 6184
294 336 400 401 125

291 545 633 603 meditabitur
664 544 750 597 die
773 561 834 596 ac
873 553 1043 598 nocte.

353 639 425 688 Et
449 636 545 688 erit
576 643 836 705 tanquam
863 633 1065 702 lignum
1091 645 1153 687 οιν-
1170 634 1308 703 quod
1339 633 1359 700 ζ
1388 632 1687 701 plantatum
1712 646 1771 685 σξ-
1796 642 1868 682 est

288 747 439 783 secus
470 732 718 782 decursus
751 743 1017 796 aquarum
1048 742 1068 783 :
1101 729 1243 797 quod
1282 727 1515 797 fructum
1544 742 1696 777 suum
1726 725 1869 776 dabit

293 824 348 874 in
385 832 623 888 tempore
657 835 775 872 suo.

359 911 429 964 Et
458 911 642 980 folium
679 912 793 979 ejus
839 926 942 963 non
964 911 1157 979 deﬂuet
1194 925 1213 964 :
1236 917 1286 962 et
1320 910 1497 961 omnia
1550 922 1872 975 quwcunque

289 1001 463 1069 faciet,
495 1000 971 1067 prosperabuntur.

377 1091 489 1143 Yon
522 1094 599 1144 sic
641 1092 789 1159 impii
815 1104 878 1144 -τ-
915 1106 1021 1142 non
1066 1090 1142 1142 sic
1182 1090 1205 1157 ζ
1238 1088 1329 1142 sed
1385 1100 1638 1159 tanquam
1676 1087 1869 1155 pulvis,

288 1200 437 1251 quem
466 1185 682 1257 projicit
716 1194 896 1236 ventus
932 1196 995 1237 -Ξ-
1038 1200 1068 1233 a
1094 1182 1238 1250 facie
1288 1193 1445 1233 terra:
1486 1180 1509 1249 ζ

364 1274 491 1327 Ideo
519 1291 625 1327 non
657 1283 928 1345 resurgent
953 1274 1104 1343 impii
1144 1274 1158 1304 ί
1188 1275 1241 1325 in
1274 1272 1501 1339 judicio,
1546 1287 1722 1342 neque
1750 1287 1869 1339 pec-

287 1379 489 1417 catores
532 1366 587 1417 in
636 1366 857 1418 concilio
889 1365 1155 1435 justorum
1187 1379 1208 1417 :

361 1458 633 1521 Quoniam
666 1459 810 1510 novit
854 1456 1108 1509 Dominus
1160 1457 1297 1509 vium
1325 1457 1595 1526 justorum
1634 1471 1726 1511 :et
1771 1459 1871 1511 iter

290 1551 575 1618 impiorum
614 1549 829 1619 peribit.

1534 340 1774 399 LIBER
1817 341 2320 402 l’SALMOllUM.

364 454 472 510 Sed
501 456 558 507 in
588 452 713 525 lege
748 454 963 508 Domini
989 453 1231 508 voluntas
1264 455 1375 520 ejus
1410 468 1425 503 :
1458 464 1505 505 et
1533 454 1586 505 in
1618 453 1728 522 lege
1760 454 1873 522 ejus
1906 464 1943 518 Α

2051 456 2156 509 Sed
2188 458 2241 509 in
2280 458 2394 525 lege
2452 456 2663 509 Domini
2730 454 2834 509 fuit
2881 453 3135 507 voluntas
3184 452 3344 522 ejus:
3374 465 3429 510 et
3490 458 3547 511 in

1977 547 2093 612 lege
2127 545 2247 613 ejus
2275 546 2627 599 meditabitur
2665 546 2752 598 die
2782 559 2846 598 ac
2873 555 3056 598 nocte.

2053 637 2114 689 Et
2146 639 2249 691 erit
2284 648 2536 706 tanquam
2569 638 2771 705 lignum
2831 637 2975 705 quod
3007 636 3307 704 plantatum
3345 644 3432 691 est
3461 651 3549 691 se-

1980 743 2077 780 cus
2113 728 2380 781 decursus
2406 744 2692 797 aquarum.
2756 792 2757 795 η

2050 817 2204 882 Quod
2237 820 2472 871 fructum
2496 834 2653 871 suum
2702 819 2848 873 dabit
2898 820 2952 872 in
3012 829 3257 888 tempore
3314 836 3458 874 suo:
3493 829 3549 873 et

1981 907 2170 960 folium
2202 910 2322 977 ejus
2354 925 2459 961 non
2505 908 2761 974 decidet,
2794 919 2848 964 et
2880 910 3062 963 omnia
3094 926 3436 978 quaecunque
3470 911 3544 964 fc-

1981 1000 2140 1060 ccrit.
2174 1002 2659 1069 prosperabuntur.
3351 1061 3353 1064 ,

2053 1088 2173 1141 Non
2222 1090 2301 1142 sic
2334 1089 2507 1158 impii,
2546 1107 2652 1144 non
2695 1105 2774 1144 SlC
2809 1107 2822 1147 :
2860 1092 2975 1156 sed,
3026 1101 3287 1159 tanquam
3339 1091 3546 1160 pulvis,

1986 1195 2155 1249 quem
2199 1181 2421 1251 projicit
2457 1194 2653 1235 ventus
2682 1198 2711 1234 a
2742 1182 2879 1236 facie
2915 1192 3094 1236 terras.

2056 1273 2183 1325 Ideo
2213 1289 2321 1326 non
2361 1283 2654 1341 resurgunt
2684 1274 2839 1343 impii
2867 1273 2920 1327 in
2942 1273 3150 1344 judicio
3175 1286 3189 1327 :
3225 1288 3399 1342 neque
3423 1286 3550 1341 pec-

1980 1376 2194 1420 catores
2228 1366 2280 1417 in
2315 1366 2549 1419 concilio
2573 1365 2593 1395 ἰ
2620 1367 2918 1435 justorum.

2047 1457 2319 1521 Quoniam
2356 1458 2510 1511 novit
2549 1457 2814 1512 Dominus
2830 1458 2971 1512 viam
2997 1458 3272 1526 justorum
3311 1471 3326 1507 :
3361 1464 3416 1510 et
3445 1454 3549 1509 iter

1985 1548 2280 1618 impiorum
2318 1549 2541 1618 peribit.

1698 1732 2059 1792 PSALMUS
2099 1734 2181 1796 ll.

851 1878 1080 1918 PSALIUS
1120 1878 1301 1918 DAVID.

352 1956 535 2021 Quare
570 1955 900 2022 [ramuerunt
932 1964 1125 2024 gentes,
1179 1965 1229 2009 et
1261 1954 1444 2025 populi
1480 1955 1721 2009 meditati
1751 1964 1869 2007 sunt

289 2050 469 2101 inania
489 2048 518 2098 2

346 2140 644 2192 Astiterunt
676 2153 819 2206 reges
860 2146 1037 2202 terrte,
1067 2146 1116 2190 et
1145 2138 1407 2207 principes
1438 2149 1787 2192 convenerunt
1817 2138 1872 2191 in

291 2246 450 2284 unum
494 2245 514 2281 :
560 2229 807 2282 adversus
858 2228 1145 2282 Dominum
1198 2239 1247 2282 et
1290 2230 1544 2285 adversus
1602 2230 1872 2286 Christum

294 2325 408 2391 ejus
432 2336 489 2375 ~t-
523 2321 825 2374 Dtarsauu
853 2321 874 2387 ζ

376 2414 759 2480 Dirumpamus
804 2412 1019 2466 uincula
1064 2428 1267 2477 eorum,
1310 2423 1357 2466 et
1409 2413 1754 2483 projiciamus
1794 2415 1867 2466 ἀ

293 2505 439 2558 nobis
468 2509 675 2575 jugum.
691 2505 949 2571 ipsorum.

365 2612 433 2651 -t-
460 2597 560 2660 Qui
593 2597 616 2666 ζ
648 2597 848 2649 habitat
884 2598 939 2649 in
974 2596 1141 2664 cmlis,
1181 2611 1243 2652 -ἅ-
1276 2598 1326 2649 ir
1359 2596 1383 2667 ζ
1417 2597 1609 2650 ridebit
1639 2610 1700 2652 οι·-
1733 2614 1820 2653 eos
1849 2616 1862 2629 '

290 2700 335 2740 et
376 2691 401 2757 ζ
437 2689 695 2742 Dominus
725 2690 1069 2743 subsannabit
1097 2706 1209 2743 eos.
1527 2696 1531 2700 ”

357 2781 502 2834 Tunc
556 2782 806 2848 loquetur
846 2786 915 2835 ad
958 2798 1044 2836 eos
1092 2784 1145 2835 in
1175 2783 1258 2836 ira
1311 2798 1432 2847 sua,
1502 2794 1551 2836 et
1609 2784 1663 2837 in
1693 2784 1873 2853 furore

286 2890 381 2926 suo
412 2874 739 2927 conturbabit
769 2892 878 2929 eos.

369 2964 481 3031 Ego
528 2975 709 3019 autem
763 2969 1077 3023 constitutus
1107 2984 1224 3022 sum
1260 2982 1349 3020 rea:
1377 2979 1439 3022 σι-
1472 2966 1537 3020 ab
1566 2982 1625 3019 eo
1663 2968 1685 3035 ζ
1716 2983 1875 3036 super

292 3055 419 3109 Sion
468 3068 698 3112 montem
737 3071 979 3114 sanctum
1008 3062 1145 3129 ejus,
1200 3062 1500 3130 praedicans
1532 3070 1855 3129 prwceptum

293 3167 425 3216 qua.

2541 1879 2773 1919 essurus
2808 1878 2983 1937 num.

2048 1956 2229 2022 Quare
2281 1956 2629 2012 fremuerunt
2670 1965 2863 2026 gentes
2894 1958 2937 2017 ⁸,
2978 1963 3033 2009 et
3080 1954 3264 2024 populi
3300 1954 3547 2010 meditati

1974 2059 2104 2103 sunt
2130 2050 2362 2103 inania?

2044 2140 2354 2194 Astiterunt
2383 2154 2539 2207 reges
2572 2149 2752 2198 terrm.
2777 2147 2835 2193 et
2863 2139 3144 2208 principes
3172 2149 3550 2193 convenerunt

1975 2231 2033 2284 in
2064 2248 2231 2285 unum
2265 2248 2282 2288 :
2314 2232 2578 2287 adversus
2628 2232 2941 2295 Dominum,
2987 2243 3039 2286 et
3079 2231 3348 2286 adversus
3386 2231 3549 2286 Chri-

1976 2333 2121 2378 stum
2151 2327 2289 2395 ejus.
2321 2326 2617 2381 DIAPSALMA
2654 2325 2695 2376 °.

2048 2416 2442 2486 Dirumpamus
2478 2416 2696 2471 vincula
2750 2432 2943 2470 eorum
2978 2432 2991 2475 :
3022 2425 3078 2471 et
3130 2416 3483 2487 proﬁciamus
3516 2434 3547 2470 a

1977 2510 2139 2565 nobis
2166 2511 2353 2579 jugum
2393 2510 2664 2578 ipsorum.

2047 2600 2150 2665 Qui
2192 2600 2404 2653 habitat
2435 2601 2488 2653 in
2523 2600 2701 2665 cmlis,
2740 2599 2995 2654 irridebit
3022 2612 3119 2654 eos
3155 2614 3170 2651 :
3203 2607 3259 2651 et
3286 2597 3551 2652 Dominus

1974 2693 2334 2745 sulisannabit
2363 2706 2478 2745 eos.

2046 2783 2203 2837 Tunc
2248 2784 2505 2849 loquetur
2531 2783 2596 2835 ad
2632 2797 2747 2849 eos,
2792 2783 2846 2835 in
2890 2781 2968 2834 ira
3016 2794 3112 2834 sua
3149 2795 3163 2832 ;
3200 2788 3255 2833 et
3283 2779 3339 2831 in
3365 2777 3550 2833 lurore

1977 2891 2079 2929 suo
2104 2875 2122 2904 "
2174 2873 2528 2927 conturbabit
2566 2887 2683 2926 eos.

2048 2967 2164 3034 Ego
2198 2976 2380 3019 autem
2429 2967 2764 3019 constitutus
2828 2976 2948 3016 sum
3003 2976 3096 3015 rex
3143 2966 3211 3015 ab
3261 2975 3351 3023 eo,
3386 2975 3555 3029 super

1978 3059 2106 3113 Sion
2139 3065 2377 3110 montem
2405 3067 2656 3110 sanctum
2698 3056 2818 3125 ejus
2846 3071 2859 3108 :
2888 3054 3193 3123 praedicans
3222 3063 3552 3121 praeceptum

1980 3147 2215 3203 Domini.

376 3243 630 3296 Dominus
680 3242 816 3296 dixit
866 3242 937 3296 ad
994 3257 1094 3307 me,
1147 3241 1315 3296 Filius
1363 3258 1507 3295 meus
1561 3258 1613 3295 es
1653 3251 1745 3306 tu,
1783 3260 1876 3314 ego
1904 3212 1951 3273 ο
2028 3226 2314 3295 Dominus
2343 3242 2481 3294 dixit
2514 3240 2579 3293 ad
2614 3254 2721 3305 me,
2770 3237 2942 3292 Filius
2983 3252 3138 3293 meus
3190 3252 3254 3292 es
3313 3243 3371 3288 tu
3405 3251 3420 3286 :
3453 3246 3556 3301 ego

298 3334 445 3385 hodie
477 3335 637 3401 genui
668 3343 719 3386 te
756 3332 797 3388 ³.

368 3425 591 3479 Postulo
657 3444 690 3478 α
731 3443 829 3492 me,
864 3437 913 3480 et
956 3428 1091 3481 dabo
1147 3428 1243 3480 tibi
1285 3436 1466 3497 gentes
1518 3427 1885 3481 hwreditatem

298 3526 465 3581 tuam,
520 3528 571 3571 et
598 3520 983 3588 possessionem
1024 3528 1173 3574 tuam
1206 3521 1455 3573 terminos
1492 3528 1676 3575 terrte.

301 3746 461 3798 nymo
491 3728 857 3788 elaboratum,
891 3737 950 3781 ut
980 3745 1044 3784 ex
1072 3727 1263 3798 primis
1296 3730 1476 3785 statim
1514 3728 1726 3798 prologi
1751 3746 1873 3783 ver-

301 3797 381 3854 tis
416 3799 757 3854 didicimus:
822 3797 1149 3867 Psalterium
1195 3797 1373 3853 Roma:
1423 3800 1624 3852 dudum
1676 3797 1874 3867 positus

300 3868 636 3922 emendatam
678 3879 727 3921 et
745 3872 907 3936 juxta
949 3866 1098 3921 LXX
1128 3866 1467 3937 Interpretes,
1506 3868 1625 3921 licet
1663 3866 1878 3931 cursim,

303 3955 493 4007 magna
530 3937 666 3989 illud
694 3954 761 3990 ea:
805 3947 955 4005 parte
1007 3951 1371 3991 correxerunt.
1403 3940 1649 3991 Alterum
1702 3939 1881 3992 obclis

303 4024 467 4076 atque
496 4007 776 4061 asteriscis
801 4007 1159 4076 distinctum,
1193 4017 1247 4060 et
1306 4008 1622 4076 posteriori_
1654 4021 1879 4062 accura-

304 4074 540 4145 tiofrique
572 4076 757 4128 studio
785 4092 811 4128 τι
841 4079 897 4130 S.
928 4075 1161 4129 Doctore
1200 4078 1266 4130 ad
1299 4074 1549 4130 Gmecutn
1582 4074 1884 4143 chaplare

304 4148 677 4209 entendatum,
706 4146 1042 4199 Gallicanum
1071 4160 1133 4198 ea
1167 4146 1235 4199 de
1287 4162 1449 4200 causa
1479 4146 1701 4211 dicitur,
1733 4147 1881 4211 quod

304 4234 372 4270 eo
403 4215 742 4286 jampridem
764 4214 1041 4271 Gallicana
1071 4213 1309 4270 Ecclesia
1357 4218 1411 4271 in
1438 4215 1643 4269 divinis
1692 4213 1889 4269 ollieiis

307 4285 529 4339 nsa’est.
563 4286 703 4338 Cum
735 4285 900 4352 igitur
932 4286 1000 4338 de
1030 4285 1129 4338 hac
1157 4285 1272 4352 ipsa
1330 4286 1703 4353 recognitione
1734 4288 1888 4338 Psal-

307 4357 427 4408 terii
463 4358 541 4407 ait
572 4355 631 4407 S.
660 4351 933 4409 Paterltb.
954 4370 1004 4407 tu
1037 4351 1225 4407 contra
1250 4351 1533 4411 Ilntinut'n.
1560 4351 1882 4407 Psalterium

303 4425 788 4478 emendatissimum
801 4425 959 4491 juxta
986 4422 1134 4476 LXX
1162 4423 1482 4493 lnterpretes
1501 4434 1679 4476 nostro
1705 4424 1883 4477 labore

1982 3335 2144 3389 hodie
2181 3335 2342 3404 genui
2385 3344 2460 3388 te.

2058 3426 2286 3481 Postula
2320 3442 2351 3479 a
2384 3442 2491 3489 me,
2520 3436 2576 3480 et
2609 3424 2754 3481 dabo
2797 3424 2893 3478 tibi
2928 3432 3120 3493 gentes
3141 3460 3156 3484 ,
3186 3420 3561 3477 [nereditatem

1989 3528 2137 3573 tuam
2170 3532 2187 3572 :
2219 3528 2270 3571 et
2308 3518 2712 3586 possessionem
2765 3525 2914 3570 tuam
2950 3514 2971 3544 ⁸
3000 3554 3016 3577 ,
3050 3512 3314 3568 terminos
3378 3521 3561 3569 terrae.

2057 3730 2073 3757 ¹
2102 3727 2171 3779 Ει
2202 3740 2333 3778 vero
2384 3725 2784 3791 ἀναστήσονται
2834 3720 3335 3792 Graecus_quoque
3371 3722 3565 3792 liabet

1990 3806 2192 3858 textus,
2224 3810 2387 3861 quem
2421 3789 2671 3863 plcriduc
2703 3793 2794 3845 alii
2822 3789 3257 3863 codices_Latini
3296 3791 3566 3849 referunt.

1989 3865 2271 3920 Palatinus
2328 3861 2511 3919 tamen
2567 3861 2667 3918 ms.
2722 3863 2777 3915 in
2842 3861 3071 3917 instanti
3127 3863 3339 3916 mavult
3384 3877 3565 3917 resur-

2024 3946 2114 3986 unt

1987 3952 2249 4055 gazu'l‘ota
2277 4016 2401 4071 pars
2432 4003 2622 4057 istlnec
2644 4001 2901 4056 versiculi
2927 4015 3187 4072 corrupte
3214 4010 3559 4072 praenotatur

1983 4075 2142 4127 obelo
2178 4074 2229 4126 in
2261 4072 2416 4127 edito
2447 4089 2511 4126 ac
2541 4090 2675 4127 mss.
2704 4072 2815 4140 jam
2846 4072 3030 4126 dietis.
3075 4073 3194 4127 Duo
3237 4086 3368 4124 vero
3413 4072 3568 4139 signa

1984 4145 2273 4198 obolorum
2318 4143 2652 4213 immediate
2704 4142 2992 4213 aequantia
3056 4142 3304 4213 suppleta
3342 4152 3469 4195 sunt
3499 4156 3568 4195 ex

1986 4229 2118 4266 mss.
2152 4212 2437 4265 codicibus
2465 4213 2692 4267 nostris.
2728 4212 2900 4263 Mser.

2074 4312 2142 4322 ——
2172 4282 2351 4337 Verba
2384 4282 2647 4335 duntaxat
2693 4298 2725 4332 a
2759 4280 2905 4333 nobis
2946 4281 3228 4335 Palatinus
3268 4295 3374 4333 ms.
3409 4278 3549 4332 obelt

1985 4353 2199 4423 jugulat
2229 4368 2244 4405 :
2273 4351 2445 4423 editio
2477 4363 2660 4403 autem
2707 4350 2832 4423 Cari
2867 4352 3032 4423 etiam
3073 4367 3194 4417 quae
3218 4350 3540 4423 subsequun

1989 4417 2079 4474 iur
2106 4425 2238 4483 duo,
2265 4420 2450 4487 iugum
2490 4424 2745 4487 ipsorum.
2780 4419 2986 4472 Neuter
3014 4420 3173 4473 bene.
3212 4419 3319 4470 Sed
3350 4429 3408 4471 et
3436 4417 3539 4471 sub

304 4496 504 4546 dudum
546 4494 717 4545 Roma
768 4488 1040 4562 suscepit:
1080 4510 1185 4545 non
1240 4488 1323 4546 ita'
1374 4493 1727 4560 accipiendos
1778 4503 1883 4553 est.
1920 4494 1961 4547 D
1993 4492 2246 4560 sequenti
2295 4505 2455 4542 versu
2483 4493 2535 4541 in
2576 4488 2753 4562 obelis
2793 4489 3186 4562 prae-notandis“
3214 4488 3443 4562 fallitur,
3474 4504 3544 4562 qu

304 4566 464 4632 quasi
502 4567 557 4615 in
589 4564 712 4629 ejus
742 4563 1003 4617 Eaclesia:
1031 4577 1186 4615 usum
1222 4562 1323 4615 hoc
1349 4578 1570 4631 quoque
1596 4573 1884 4631 acceptum

306 4638 478 4687 luisse
500 4634 649 4685 dicat
684 4648 699 4688 :
736 4648 859 4701 qua:
889 4635 1069 4753 priore
1101 4632 1442 4686 correctione
1467 4642 1750 4695 eontenta,
1772 4647 1890 4685 eam

307 4715 451 4753 iuuet
472 4708 775 4753 etiamnum
806 4704 856 4753 in
914 4701 1140 4753 ’atirana
1170 4702 1425 4753 basilica:
1448 4703 1543 4753 sed
1572 4704 1704 4753 illud
1731 4706 1890 4753 modo

307 4715 451 4755 trnet
472 4708 775 4756 etiamnum
806 4704 856 4755 in
889 4701 1140 4754 Vaticana
1170 4702 1390 4755 basilica
1411 4719 1425 4758 :
1448 4703 1543 4756 sed
1572 4704 1704 4755 illud
1731 4706 1893 4755 modo

306 4772 579 4841 signiﬁcat
607 4813 622 4837 ,
656 4773 801 4842 quod
865 4782 919 4825 et
974 4769 1200 4824 Romam
1255 4771 1500 4825 laborem
1544 4771 1691 4825 hunc
1729 4787 1891 4825 suum

309 4850 729 4896 transmiserit:
771 4842 1234 4911 quemadmodum
1264 4852 1321 4894 et
1372 4842 1627 4909 superius
1682 4842 1884 4897 laudati

308 4913 541 4963 Palatini
579 4914 789 4965 codicis
825 4923 949 4964 nota
974 4911 1200 4964 indicat.
1224 4913 1337 4964 lloc
1369 4927 1532 4979 porro
1555 4912 1889 4965 Gallicanum

311 4982 647 5035 Psalterium
689 4999 810 5035 cum
845 4982 1020 5035 obelis
1059 4991 1221 5050 atque
1281 4983 1563 5034 asterisms
1612 4995 1894 5035 commcn~

315 5055 456 5104 tario
488 5052 762 5105 llrunonis
795 5052 1035 5120 episcopi
1081 5052 1498 5117 llerbipolensis
1549 5050 1885 5103 illustratum

314 5137 519 5191 primo
564 5125 706 5190 typis
736 5125 1009 5191 volgatum
1061 5131 1145 5174 est
1172 5137 1317 5174 anno
1355 5122 1491 5174 1694
1515 5136 1635 5191 [ac
1688 5122 1889 5191 deinde

316 5208 462 5243 anno
506 5189 667 5254 tota,
721 5196 773 5244 in
839 5189 1175 5245 Bibliotheca
1232 5191 1453 5243 Patrum
1515 5189 1881 5253 Coloniensi,

315 5270 467 5313 tonio
500 5261 563 5312 Kl
593 5276 844 5314 recusum
880 5277 945 5314 ex
966 5260 1194 5314 Joannis
1222 5260 1457 5314 Cocltlzei
1490 5259 1885 5328 recognitione.

314 5334 493 5382 Altam
521 5332 682 5400 hujus
726 5332 1024 5384 editionem
1068 5333 1196 5382 anni
1256 5329 1390 5383 1559
1417 5330 1601 5382 laudat
1642 5329 1891 5384 Usset'ius

315 5408 387 5451 de
416 5400 553 5453 ιΧλ
585 5399 851 5460 rersione,
884 5412 1063 5467 capite
1121 5404 1173 5452 9.
1244 5401 1487 5465 Denique
1545 5399 1708 5451 aliam
1762 5413 1889 5452 ven.

315 5487 533 5523 carum.
556 5471 904 5529 'l‘liomasius.
929 5472 1032 5523 sub
1061 5472 1279 5522 nomine
1300 5469 1523 5535 Josepbi
1560 5468 1739 5521 Mariae
1765 5469 1888 5521 Cari

317 5540 713 5608 presbyteri,e
778 5539 1052 5594 Vaticanis
1123 5556 1256 5593 mss.
1311 5556 1528 5592 sununo
1588 5551 1769 5591 stndto
1832 5554 1894 5591 ac

318 5611 601 5678 ozligentia
636 5613 1009 5676 ιοιιυὶιιιωνιι,
1042 5627 1206 5678 quam
1255 5623 1310 5663 et
1342 5609 1688 5662 Marttatwus
1736 5625 1896 5661 usur-

316 5691 488 5749 posit.
519 5689 578 5733 et
629 5696 727 5735 nos
782 5687 847 5738 de
918 5681 1085 5737 verbo
1146 5681 1212 5733 ad
1268 5682 1497 5735 verbum
1544 5680 1894 5733 continenter

316 5751 705 5819 expendimus.

1998 4556 2305 4615 Palatinum
2337 4561 2576 4612 codicem
2613 4561 2686 4610 ita
2718 4560 3013 4627 descripsit
3056 4572 3119 4612 αε-
3149 4556 3248 4621 Qui
3284 4557 3487 4627 habitat
3516 4558 3553 4608 it

1996 4631 2135 4684 stetis
2164 4642 2225 4684 +
2253 4630 2306 4681 in
2344 4628 2366 4695 ζ
2400 4629 2585 4683 ridebit
2613 4644 2699 4682 eos
2738 4642 2799 4684 +
2834 4639 2881 4681 et
2904 4626 3179 4682 Dominus
3216 4629 3237 4695 ζ
3276 4626 3542 4680 subsanno

1998 4702 2066 4753 bit
2093 4715 2201 4751 eos.

2071 4772 2091 4800 ³
2123 4767 2285 4822 Addit
2320 4766 2551 4821 Palatin.
2604 4784 2709 4824 ms.
2746 4762 3092 4838 Diapsatma,
3124 4766 3272 4835 quod
3308 4764 3438 4820 libri
3474 4765 3545 4818 ali

1999 4854 2191 4893 Omnes
2222 4839 2475 4891 reticent.

2075 4909 2095 4938 ‘
2126 4910 2233 4962 Alii
2266 4909 2391 4961 libri
2422 4908 2476 4959 in
2504 4907 2724 4960 concilio
2757 4922 2773 4958 :
2808 4907 2954 4975 quod
2982 4907 3127 4960 idem
3161 4914 3247 4961 est
3272 4916 3453 4959 tamen
3488 4903 3543 4957 bi

2001 4980 2128 5033 loci.

2072 5050 2093 5078 ⁸
2127 5047 2427 5101 Veronens.
2469 5045 2668 5110 codex,
2699 5044 2764 5099 Ut
2791 5046 2938 5115 quid.

2080 5119 2101 5147 °
2134 5119 2424 5184 Perperam
2485 5116 2630 5170 idem
2694 5110 2832 5168 liber
2858 5154 2872 5177 ,
2923 5116 3071 5185 quod
3105 5127 3225 5171 erat
3254 5121 3443 5169 notatu
3480 5110 3578 5185 tli-

2000 5204 2189 5256 gnum.
2230 5190 2318 5238 hic
2351 5187 2576 5254 apponit
2610 5183 3124 5255 Diapsat:rra,quod
3164 5188 3343 5241 fuerat
3375 5185 3429 5235 in
3469 5183 3577 5233 lino

2002 5257 2256 5311 versiculi
2302 5259 2771 5325 subjungendum.

2071 5330 2089 5359 ⁷
2148 5328 2295 5380 Idem
2326 5343 2427 5377 ms.
2460 5327 2510 5378 in
2537 5327 2898 5395 indignatione
2919 5344 3041 5380 sua.

2080 5400 2101 5429 ⁸
2163 5395 2455 5450 Manil'csw
2507 5392 2802 5465 antiquarii
2863 5402 3061 5451 mendo
3118 5404 3236 5447 erat
3276 5394 3328 5445 itt
3365 5392 3564 5469 eodem

1999 5484 2104 5521 tus.
2159 5479 2279 5520 tuas
2343 5482 2441 5534 pro
2485 5476 2679 5529 tuam,
2716 5469 2862 5534 quod
2919 5483 3028 5519 non
3083 5481 3250 5518 ausus
3306 5474 3580 5530 castigare

1998 5542 2117 5606 ejus
2158 5540 2361 5598 editor,
2396 5537 2709 5604 praecedens
2732 5554 2929 5591 nomen
2962 5536 3340 5606 quoduunori
3381 5549 3577 5606 nume-

2000 5604 2062 5675 ro
2105 5620 2250 5662 recte
2283 5610 2538 5670 habebat,
2565 5608 2868 5674 depravare
2901 5606 3091 5657 maluit
3118 5604 3171 5655 in
3202 5604 3578 5669 possessiones,

2002 5681 2262 5747 deditque
2292 5693 2393 5745 pro
2425 5695 2481 5731 so
2511 5682 2700 5729 \adcm
2738 5676 3024 5743 Syriacum
3055 5676 3441 5742 interpretetur
