3966 6184
378 353 483 424 127

376 560 525 631 ﬁguli
552 560 847 628 confringes
874 576 961 613 cos
975 597 989 612 .

446 652 514 705 Et
561 668 698 705 nunc
724 692 739 717 ,
788 667 935 722 reges
984 649 1266 721 intelligite
1305 669 1316 703 :
1354 652 1638 705 erudimini
1695 667 1754 706 -ε-
1794 653 1881 719 qui
1921 653 1936 717 ζ

371 745 631 810 judicatis
664 754 882 797 terram.

449 836 643 890 Servite
697 837 918 889 Domino
974 838 1028 891 in
1084 838 1290 903 timore,
1344 845 1395 891 et
1423 825 1722 890 efcsultate’
1754 853 1816 893 σξ-
1848 840 1944 905 ei:

376 945 492 980 cum
519 938 762 981 tremore.

459 1024 847 1090 Apprelzcndite
871 1022 1227 1091 disciplinam,
1258 1040 1319 1076 ne
1345 1022 1557 1093 quando
1588 1023 1853 1077 irascatur
1883 1038 1944 1078 οξ-

376 1112 636 1166 Dominus
680 1116 700 1182 ζ
743 1123 791 1167 ct
823 1118 1051 1184 pereatis
1079 1119 1142 1169 de
1169 1120 1251 1170 via
1291 1132 1348 1172 σε-
1379 1120 1532 1187 justo
1570 1119 1591 1187 ζ

447 1203 578 1256 Cum
628 1207 887 1257 exarserit
925 1208 978 1259 in
1032 1208 1170 1261 brevi
1223 1209 1308 1262 ira
1360 1207 1515 1276 ejus;
1558 1206 1702 1260 beati
1768 1224 1949 1261 omnes

375 1295 465 1363 qui
494 1296 765 1365 confidunt
798 1297 853 1349 in
885 1314 965 1352 eo.

1287 354 1344 414 S.
1389 355 1824 417 IllEllONYMl
1868 362 2138 420 DIVINA
2190 359 2719 421 BIBLIOTHECA‘.

447 467 605 539 Reges
637 480 723 520 eos
771 469 823 520 in
876 468 1022 535 virga
1058 468 1228 535 ferrea
1262 462 1372 521 νυξ-
1408 475 1454 519 et
1493 468 1513 535 ζ
1556 479 1812 538 tanquam
1857 486 1947 523 vas
1982 485 2021 535 Α

3527 354 3631 418 123

2129 473 2302 543 [luges
2356 488 2452 528 eos
2496 473 2551 527 in
2618 473 2765 542 virga
2820 470 2996 525 ferrea
3035 487 3047 523 :
3089 477 3145 522 ct
3217 476 3471 536 tanquam
3535 482 3635 522 vas

2056 566 2204 634 ﬁguli
2239 565 2553 634 conlringes
2585 579 2703 618 eos.

2125 658 2194 711 Et
2251 673 2417 720 nunc,
2459 671 2639 726 reges,
2687 653 2975 722 intelligite
3006 666 3023 707 :
3058 652 3378 718 erudimini,
3442 667 3509 705 0n
3537 666 3636 704 nes

2057 752 2149 819 qui
2170 749 2433 819 judicatis
2459 758 2680 801 terram.

2136 840 2354 894 Servite
2400 838 2633 892 Domino
2666 836 2720 890 in
2755 837 2953 891 timore
2984 855 2998 891 :
3026 846 3083 892 et
3109 838 3378 892 cxsnltate
3421 837 3468 889 ei
3503 850 3632 888 cum

2062 940 2315 985 ll‘BlllOl‘C.

2125 1021 2537 1089 Appreliendite
2570 1020 2955 1089 disciplinam,
3014 1019 3305 1084 nequando
3357 1018 3637 1072 irascatur

2060 1114 2321 1168 Dominus
2358 1131 2373 1169 :
2408 1130 2478 1168 ne
2508 1115 2530 1145 ⁸
2572 1113 2808 1185 peccatis
2873 1112 2940 1165 de
2982 1110 3063 1163 via
3087 1114 3252 1178 justa.

2129 1205 2262 1259 Cum
2293 1206 2563 1258 exarserit
2621 1205 2676 1257 in
2720 1204 2865 1258 brevi
2919 1203 2998 1256 ira
3048 1201 3166 1272 ejus
3203 1218 3215 1252 :
3250 1200 3393 1254 beati
3440 1217 3634 1254 omm-s

2059 1299 2153 1367 qui
2183 1298 2468 1353 conﬁdunt
2497 1296 2552 1350 in
2581 1312 2668 1350 eo.
2844 1300 2847 1301 ⁷

1749 1455 2106 1517 PSALMUS
2148 1456 2276 1516 III.

468 1588 701 1627 ιιδλωιυε
747 1589 924 1635 DAVID,
951 1588 1054 1628 Cll)!
1090 1591 1328 1632 FUGEBET
1355 1593 1387 1631 Δ
1428 1591 1580 1631 FACIE
1616 1590 1853 1631 ABSALOII

1029 1661 1151 1697 FlLll
1183 1661 1289 1701 SUI.

451 1760 686 1821 Domine,
722 1762 846 1829 quid
876 1762 1215 1831 multiplicati
1242 1772 1365 1816 sunt
1394 1764 1484 1832 qui
1517 1762 1774 1815 tribulant
1823 1779 1901 1815 me

377 1849 536 1901 Multi
576 1851 862 1918 insurgunt
896 1852 1174 1905 adversum
1211 1868 1311 1907 me.

451 1941 610 1993 Multi
658 1944 839 1995 dicunt
890 1944 1084 1998 animo:
1136 1960 1307 2001 mete:
1338 1944 1453 1999 Non
1490 1955 1562 1999 cst
1596 1945 1740 1999 salus
1772 1945 1871 2013 ipsi
1901 1947 1953 1996 in

383 2034 492 2086 Deo
530 2048 592 2087 -:——
627 2035 740 2101 ejus
764 2038 783 2103 ζ
809 2036 1107 2089 DIAPSALMA
1141 2037 1181 2089 ³.

453 2129 531 2181 Tu
561 2140 757 2193 autem,
794 2128 1033 2193 Domine,
1060 2138 1331 2196 susceptor
1354 2145 1498 2183 meus
1528 2143 1585 2184 -:—
1624 2146 1678 2182 es
1715 2130 1737 2197 ζ
1780 2129 1954 2199 gloria

380 2238 517 2283 mea,
548 2231 595 2273 et
625 2222 871 2276 exultans
899 2232 1060 2291 caput
1089 2238 1283 2274 meum.

455 2312 581 2366 Voce
612 2330 727 2366 mea
771 2313 840 2365 ad
874 2313 1155 2368 Dominum
1184 2314 1416 2368 clamavi
1444 2353 1458 2379 ,
1489 2321 1539 2366 et
1566 2313 1839 2367 exaudivit
1875 2330 1956 2366 me

380 2410 445 2459 de
476 2413 651 2458 monte
678 2414 864 2459 sancto
897 2422 1014 2460 suo.
1043 2406 1364 2461 DIAPSALMA.

460 2496 571 2567 Ego
604 2498 848 2564 dormivi,
885 2507 934 2550 et
966 2508 1246 2567 saporatus
1279 2514 1420 2561 sum,
1470 2506 1518 2549 et
1542 2496 1562 2527 ⁸
1585 2509 1647 2552 +
1677 2512 1739 2550 ex
1775 2496 1796 2562 ζ
1832 2513 1953 2548 sur-

382 2593 518 2655 rexi,
560 2592 684 2660 quia
715 2591 976 2645 Dominus
998 2595 1224 2663 suscepit
1254 2609 1354 2646 me.

446 2680 564 2735 Non
616 2683 807 2736 timebo
867 2682 1036 2737 millia
1083 2684 1264 2753 populi
1307 2684 1684 2737 circumdantis
1713 2698 1793 2736 me
1831 2701 1846 2739 :
1892 2695 1953 2737 σξ-

379 2772 465 2827 Ea:
497 2776 517 2842 ζ
554 2789 731 2844 surge,
766 2773 993 2829 Domine
1016 2814 1033 2839 ,
1073 2776 1279 2829 salvum
1313 2792 1392 2828 me
1434 2776 1521 2844 {ac
1546 2813 1560 2836 ,
1614 2774 1755 2828 Deus
1791 2790 1951 2826 meus.

451 2864 716 2929 Quoniam
761 2880 824 2921 -ε-
858 2877 914 2919 tu
957 2865 979 2929 ζ

379 2955 507 3008 mihi
526 2957 640 3008 sine
666 2972 828 3009 causa
855 2973 874 3015 :
897 2958 1077 3011 dentes
1104 2966 1436 3027 peccatorum
1465 2959 1775 3011 contrivisti.

1243 3047 1266 3071 ο

456 3045 671 3099 Domini
720 3057 793 3100 est
840 3047 1008 3115 salus,
1046 3061 1111 3103 -ι-
1149 3059 1197 3101 et
1243 3047 1268 3116 ζ

380 3134 667 3187 benedictio
697 3144 789 3188 tua
821 3139 887 3204 ῖς(
919 3137 1247 3193 υιΑΡεΔιοιιΑ.

958 2865 979 2935 ζ
1032 2869 1335 2935 percussisti
1382 2883 1560 2921 omnes
1617 2867 1956 2920 adversantes
1981 2856 1993 2875 ’λ

1322 3064 1481 3119 super
1511 3047 1763 3118 populant
1814 3056 1959 3099 tuum
2016 3096 2019 3097 ν

2131 1588 2363 1627 ΡΞΑωιυε
2391 1588 2567 1637 mvm,
2600 1588 2703 1627 cun
2751 1572 2987 1626 fucener
3026 1586 3053 1625 Α
3088 1585 3238 1624 FACIE
3269 1584 3560 1623 saessscou

2705 1657 2827 1697 HL"
2878 1658 2980 1696 δυι.

2127 1757 2555 1827 Domine,quid
2607 1756 2951 1825 multiplicati
3003 1763 3133 1809 sunt
3198 1754 3291 1823 qui
3365 1755 3639 1809 tribulant

2059 1852 2235 1906 me’?
2278 1850 2431 1904 Multi
2490 1850 2783 1916 insurgunt
2837 1849 3130 1902 adversum
3193 1863 3299 1911 me,
3349 1849 3499 1900 multi
3550 1850 3641 1900 di—

2059 1959 2189 2002 cunt
2227 1948 2423 2002 anima:
2458 1962 2592 2001 mea:
2633 1962 2645 1997 :
2685 1944 2800 2000 Non
2852 1953 2938 1998 est
2971 1944 3119 1997 salus
3146 1945 3222 1997 illi
3259 1943 3313 1996 in
3347 1944 3457 1997 Deo
3486 1945 3635 2012 ejus.

2060 2041 2390 2095 DIAPSALllA.

2132 2132 2213 2185 'l‘u
2246 2143 2454 2193 autem,
2505 2129 2756 2190 Domine.
2813 2137 3102 2195 susceptor
3134 2141 3290 2181 meus
3319 2140 3378 2180 cs
3416 2142 3431 2182 ;
3460 2125 3638 2192 gloria

2063 2239 2205 2285 mea.
2234 2234 2291 2278 ct
2321 2222 2565 2276 exaltans
2591 2231 2755 2290 caput
2786 2238 2992 2276 meum.

2134 2316 2281 2371 Voce
2331 2331 2450 2369 mea
2488 2315 2555 2368 ad
2605 2314 2896 2368 Dominum
2942 2313 3172 2366 clamavi
3213 2325 3231 2365 :
3264 2322 3319 2366 et
3347 2309 3641 2366 exaudivit

2062 2424 2146 2463 me
2175 2411 2241 2463 de
2276 2419 2459 2461 monte
2488 2418 2680 2462 sancto
2710 2424 2833 2462 suo.
2868 2408 3186 2461 Drusum.

2130 2501 2242 2570 Ego
2272 2500 2521 2564 dormivi,
2551 2508 2603 2553 et
2647 2515 2902 2552 somnum
2940 2498 3059 2566 cepi
3093 2497 3158 2561 ‘°,
3209 2506 3265 2550 ct
3294 2494 3568 2549 resurrexi
3620 2508 3635 2545 :

2060 2592 2319 2660 quoniam
2353 2591 2619 2645 Dominus
2644 2590 2910 2659 suscipiet
2933 2606 3042 2645 me.

2126 2683 2246 2738 Non
2299 2684 2504 2738 timebo
2570 2683 2738 2736 millia
2790 2684 2974 2752 populi
3030 2679 3424 2736 circumdantis
3479 2694 3564 2733 me
3619 2696 3633 2731 :

2060 2774 2325 2843 Exsurge,
2350 2775 2599 2837 Domine,
2640 2774 2852 2827 salvum
2885 2790 2972 2827 me
3016 2773 3122 2834 lac,
3163 2773 3303 2825 Deus
3344 2785 3517 2825 meus.

2126 2866 2395 2930 Quoniam
2423 2876 2480 2919 tu
2512 2865 2833 2933 percussisti
2873 2880 3068 2919 omnes
3102 2864 3461 2918 adversantes
3499 2860 3641 2913 mibi

2061 2957 2182 3011 sine
2216 2974 2381 3013 causa
2426 2976 2439 3011 :
2477 2961 2673 3012 dentes
2701 2967 3054 3027 peccatorum
3082 2956 3390 3012 contrivisti
3423 2956 3491 3008 “.

2134 3049 2354 3102 Domini
2387 3056 2474 3102 est
2504 3049 2654 3104 salus
2684 3064 2701 3104 :
2731 3059 2786 3103 et
2821 3063 2986 3118 super
3024 3048 3283 3119 populum
3333 3057 3482 3101 tuum
3538 3046 3644 3099 bc;-

2062 3140 2306 3196 nedictio
2337 3150 2449 3194 tua.

1771 3298 2123 3360 PSALMUS
2174 3301 2276 3361 IV.

527 3419 578 3458 ΙΝ
629 3420 788 3458 ΗΝΕΜ
819 3444 833 3468 ,
884 3420 934 3459 IN
980 3421 1313 3473 CARMINIBUS,
1361 3423 1595 3464 Ρδιωως
1642 3424 1817 3463 DAVID.

459 3518 593 3571 Cum
655 3521 997 3587 invocarem,
1054 3522 1318 3576 exaudivit
1378 3539 1460 3576 me
1521 3522 1663 3577 Deus
1732 3523 1960 3593 justitia:

393 3627 526 3664 mew
560 3627 578 3669 ;
608 3613 657 3663 in
705 3610 1043 3666 tribulatione
1076 3613 1317 3667 dilatasti
1348 3616 1496 3669 mihi.

465 3704 716 3757 Miserere
747 3706 847 3757 mei
879 3719 897 3761 ;
927 3714 975 3758 et
1012 3706 1205 3759 exaudi
1233 3708 1253 3738 ³
1285 3709 1574 3761 orationem
1607 3725 1799 3763 meam.

459 3882 581 3936 Filii
608 3884 900 3947 hominum,
923 3899 1191 3955 usquequo
1220 3892 1369 3956 gravi
1397 3889 1549 3940 corde
1571 3890 1727 3943 ?—:—ut
1758 3890 1882 3958 quid
1904 3889 1962 3955 1"

399 3976 615 4045 diligitis
662 3978 942 4031 vanitatem
967 4015 984 4039 ,
1015 3990 1075 4033 -ι-
1109 3988 1157 4031 et
1194 3980 1214 4009 ’⁷
1252 3979 1275 4047 ζ
1309 3982 1547 4049 qua’ritis
1580 3982 1909 4035 mendacium
1940 3984 1964 4033 2’

387 4069 711 4123 Drusum.

467 4317 691 4374 'Palat.
765 4334 866 4392 ius.
938 4330 1251 4392 utrumque
1306 4322 1674 4388 praetermittit
1719 4322 1960 4392 obelum,

384 4399 555 4455 atque
591 4403 634 4441 et
674 4390 951 4456 copulam.
985 4390 1160 4445 Carus
1202 4390 1421 4443 obelum
1448 4392 1733 4445 duntaxat.

462 4459 481 4488 ³
512 4459 697 4527 Neque
734 4460 822 4510 hic
856 4461 990 4515 satis
1038 4464 1177 4514 bene
1224 4462 1364 4514 idem
1434 4478 1538 4517 ms.
1597 4462 1859 4516 exsultate
1919 4468 1965 4518 ei

392 4542 457 4583 ρξ-
493 4530 545 4581 in
581 4529 602 4595 ζ
642 4539 888 4581 tremore.

473 4621 643 4675 ’Nou
709 4622 862 4692 addit
915 4621 1226 4692 idemims.
1260 4622 1592 4691 Diapsalfna,
1650 4626 1795 4692 quod
1868 4643 1957 4678 ne.

387 4708 501 4758 quo
534 4692 586 4744 in
639 4691 925 4745 vetusﬂori
975 4691 1221 4744 versione
1285 4694 1585 4756 exstitisse,
1641 4691 1965 4749 Veronensis

390 4762 600 4829 aliique
658 4776 759 4815 ius.
814 4762 1033 4815 codices
1068 4762 1270 4815 Iudicio
1302 4774 1450 4816 sunt.
1489 4767 1667 4829 Atque
1700 4765 1790 4818 hic
1825 4782 1958 4818 sane

390 4832 658 4901 asterisco
713 4832 1128 4899 pnunotaudum
1185 4844 1324 4901 erat,
1367 4835 1834 4901 quemadmodum
1901 4835 1955 4887 in

393 4900 581 4953 lira-ca
618 4900 826 4954 codicis
855 4900 1209 4954 Alexandrini
1256 4900 1502 4956 editione
1562 4906 1620 4956 lit
1647 4946 1661 4966 ,
1703 4914 1762 4958 ut
1792 4907 1962 4957 scires

397 4972 687 5044 sull'ectum
729 4972 897 5044 fuisse
925 4975 1010 5044 ab
1028 4972 1261 5039 Origene
1304 4975 1354 5025 iu
1410 4974 1761 5044 llgxuplisex
1800 4975 1960 5044 Sym-

396 5041 592 5111 macho
627 5050 720 5094 aut
751 5039 1125 5094 Tlicodotioue
1150 5082 1163 5103 ,
1198 5057 1321 5093 cum
1379 5044 1431 5095 in
1480 5043 1717 5111 Vulgatis
1775 5039 1961 5097 excut-

396 5110 666 5181 pluribus,
703 5111 1011 5176 cujusmodi
1057 5122 1176 5163 erat
1212 5112 1493 5174 Aldiuum,
1522 5110 1958 5166 desideraretur.

401 5180 558 5243 Vide,
590 5183 636 5236 si
667 5181 827 5243 libet,
858 5183 1021 5249 epist.
1057 5182 1112 5233 iu
1154 5193 1339 5234 nostra
1390 5200 1707 5237 recensuone
1745 5182 1816 5236 ‘28
1842 5226 1855 5245 ,
1894 5187 1961 5238 ad

397 5251 728 5305 Marcellam.

428 5255 478 5303 la
488 5253 705 5306 mellam
715 5292 728 5306 .

470 5342 492 5374 ’⁵
515 5346 596 5398 Ad
630 5344 778 5397 hunc
812 5344 1032 5397 modum
1063 5344 1479 5412 praepositiones
1503 5386 1517 5409 ,
1551 5346 1753 5408 quibus
1786 5345 1957 5398 verba

398 5427 837 5482 componuntur,
876 5416 1036 5469 obelo
1066 5416 1319 5482 jugulant
1360 5430 1515 5477 mss,
1554 5418 1698 5480 quod
1749 5426 1801 5466 ct
1848 5418 1961 5483 ple-

401 5500 630 5552 rumquc
675 5486 955 5539 Palatinus
1000 5489 1151 5547 lactt,
1186 5502 1290 5536 non
1346 5494 1523 5537 tamen
1561 5487 1649 5537 hic
1688 5487 1829 5550 loci;
1872 5491 1965 5538 sui

404 5554 519 5606 haec
546 5568 799 5610 ιιιυιιιριιιι
834 5572 1095 5625 poi-quam
1131 5556 1310 5621 exigui
1343 5558 1453 5611 visu
1491 5572 1576 5605 res
1614 5567 1718 5625 est.

473 5625 493 5653 ⁸
523 5624 789 5677 Nimirum
836 5624 935 5680 hoc
969 5630 1089 5680 loco
1114 5627 1552 5693 pra-positionem
1589 5624 1748 5680 cbclo
1786 5633 1934 5679 trans

407 5696 657 5748 verberat
702 5696 998 5761 Palatinus,
1038 5705 1085 5748 et
1116 5708 1175 5748 σιν
1215 5710 1277 5747 ex
1311 5695 1331 5763 ζ
1369 5697 1516 5755 nudi,
1558 5708 1663 5748 ctu.

476 5764 495 5792 ⁶
528 5766 638 5818 Nec
692 5774 863 5820 tamen
926 5769 1042 5836 jure
1085 5768 1333 5822 V'lthtllUl’
1396 5767 1553 5819 'tliclu
1600 5767 1965 5833 praenotandm

2234 3426 2239 3427 ί
2311 3428 2361 3465 us
2389 3429 2567 3480 “seu,
2622 3430 2852 3469 PSALSIL'S
2892 3431 3066 3481 omn,
3108 3428 3386 3468 casrxeuu.

2136 3524 2271 3578 Cum
2305 3527 2615 3580 invocarem
2661 3536 2735 3589 te,
2774 3527 3041 3580 exaudisti
3103 3542 3211 3585 me.
3247 3524 3385 3579 Deus
3410 3525 3649 3594 ⁸ῖιιδιίιὶιω

2069 3627 2203 3666 mea:
2239 3630 2253 3667 :
2300 3613 2353 3666 in
2382 3614 2734 3668 tribulatione
2779 3615 3016 3668 dilataSIi
3048 3631 3135 3668 mc
3180 3616 3245 3670 ".

2138 3702 2398 3759 Miscrere
2456 3705 2611 3770 mihi,
2664 3706 2932 3772 Domine,
2992 3718 3048 3761 et
3099 3708 3298 3761 exaudi
3330 3708 3646 3763 orationem

2067 3810 2117 3847 Ill
2126 3810 2183 3849 Eii
2193 3811 2241 3847 m
2250 3834 2265 3850 ο

2138 3887 2258 3941 Filii
2295 3885 2599 3954 liOininum,
2632 3904 2915 3958 usquequo
2962 3892 3110 3959 gravi
3142 3891 3350 3944 corde?
3402 3900 3457 3942 ut
3498 3890 3636 3958 quid

2066 3981 2289 4051 diligitis
2345 3983 2656 4046 vanitatem,
2692 3993 2744 4037 et
2797 3985 3043 4051 qiueritis
3080 3984 3464 4037 iiieiidacium?
3502 3986 3635 4038 Dia-

2070 4091 2267 4128 PSMAIA
2276 4118 2289 4131 .

2070 4321 2308 4384 voculaz,
2342 4331 2395 4374 ut
2427 4322 2553 4391 quid
2578 4362 2593 4384 ,
2644 4339 2820 4393 neque
2877 4323 3021 4377 enim
3080 4323 3301 4393 proprie
3336 4322 3652 4384 abundant,

2068 4412 2165 4465 86d
2228 4414 2397 4466 Verbo
2450 4394 2571 4471 .1225
2611 4414 2959 4480 reSpoudeut,
3005 4422 3062 4466 ut
3102 4410 3245 4465 LXX
3294 4412 3515 4481 quidem
3557 4412 3660 4464 ac-

2066 4512 2379 4571 ceperunt,
2436 4506 2527 4572 qui
2600 4504 2815 4557 duobus
2851 4504 3039 4559 verbis
3101 4512 3220 4563 nm
3247 4486 3317 4561 35
3395 4504 3654 4570 legerunt

2068 4610 2166 4666 pro
2211 4594 2398 4666 _unic0

2150 4665 2169 4696 ⁷
2204 4664 2420 4729 Deerat,
2462 4682 2625 4731 quem
2682 4667 2747 4717 ad
2794 4664 2998 4721 codicis
3036 4666 3265 4721 Palatini
3301 4667 3457 4721 [idem
3511 4680 3655 4733 pra--

1996 4736 2377 4804 Dposuimus,
2422 4735 2640 4787 obcluiu
2684 4745 2733 4786 et
2776 4736 2982 4804 copula:
3019 4753 3033 4788 :
3071 4754 3267 4805 nempe
3310 4747 3365 4790 et
3422 4737 3476 4788 in
3544 4738 3661 4788 lle—

2073 4807 2219 4885 brmo
2282 4814 2487 4857 tantum
2524 4816 2608 4857 est
2644 4813 2837 4882 napum
2880 4845 2893 4869 .
2929 4822 3030 4862 ucc
3081 4817 3125 4872 Ἰ,
3157 4812 3274 4861 sive
3309 4817 3378 4873 et,
3424 4821 3647 4875 praepu-

2071 4888 2241 4929 lllllll'.

2145 4967 2166 4997 ⁸
2230 4964 2561 5038 Veronensis
2590 5006 2605 5030 ,
2637 4967 2841 5035 aliique
2892 4969 3097 5038 passim
3134 4969 3385 5024 Psalterii
3416 4970 3650 5024 codices

2070 5046 2118 5090 et
2162 5051 2259 5101 pro
2296 5053 2378 5098 ne,
2415 5037 2561 5103 quod
2602 5049 2720 5090 erat
2755 5037 3330 5094 animadvertendum.

2151 5110 2169 5137 ⁸
2227 5106 2376 5159 Idem
2433 5123 2564 5168 ms.,
2599 5110 2689 5174 qui
2737 5122 2838 5175 pro
2871 5112 2996 5176 quid
3029 5110 3162 5178 legit
3186 5150 3200 5171 .
3233 5120 3346 5164 tum
3382 5125 3541 5174 super
3574 5126 3665 5161 me

2078 5194 2180 5246 pro
2213 5178 2489 5228 adversum
2512 5193 2623 5247 me,
2650 5178 2887 5245 denique
2922 5180 3266 5247 Diapsalma,
3295 5182 3348 5232 iu
3384 5182 3489 5232 line
3526 5196 3663 5231 vcr-

2076 5247 2233 5299 siculi
2290 5246 2675 5312 pi'tetcriiiittit,
2726 5250 2871 5315 quod
2905 5246 3196 5318 prwStabat
3234 5266 3537 5304 monuisse.

2152 5340 2195 5369 ¹⁰
2227 5337 2548 5410 lnSorbou.
2572 5354 2700 5410 ωε..
2731 5338 3005 5393 Somnium
3032 5343 3165 5410 cepi,
3190 5342 3482 5403 exsurrexi,
3513 5350 3666 5409 etin;

2078 5419 2189 5461 tum
2223 5408 2583 5481 subsequenti
2624 5424 2783 5462 versu
2818 5428 2847 5462 a
2882 5408 3114 5463 millibus
3142 5429 3237 5481 pro
3274 5412 3462 5463 millia.

2149 5480 2191 5508 ¹¹
2230 5479 2419 5529 lin-nuo
2467 5478 2752 5551 ldClll‘lDS.
2778 5521 2791 5543 ,
2823 5478 3157 5545 conte‘ruisti,
3187 5484 3328 5551 quod
3362 5497 3516 5549 aeque
3549 5479 3669 5535 La-

2075 5551 2248 5602 tinum
2301 5556 2404 5610 est,
2449 5562 2555 5599 non
2620 5548 2829 5602 librarii
2878 5553 3139 5605 mendum
3168 5594 3181 5617 ,
3205 5548 3287 5606 rut
3318 5548 3498 5606 editior
3526 5556 3666 5620 ejus

2099 5627 2254 5672 ωιτη.

2099 5640 2254 5672 ηιιειι.

2078 5640 2092 5690 ⁸
2147 5695 2190 5721 ³³
2225 5689 2372 5741 idem
2408 5706 2534 5751 ms.,
2572 5686 2825 5741 [tilulasti
2870 5693 3019 5745 milii.
3058 5691 3310 5745 Miserere
3352 5696 3449 5745 mei
3482 5711 3499 5755 ;
3535 5705 3672 5748 tua:

2079 5763 2219 5816 inira
2250 5776 2431 5826 graces
2464 5761 2634 5822 corde,
2674 5777 2767 5828 pro
2800 5766 2967 5827 grani,
2998 5775 3102 5817 etc.
