3966 6184
299 205 402 271 ιὶςι

365 329 434 387 Χ
469 319 532 373 Et
567 319 578 348 ¹
621 318 639 385 ζ
673 324 858 370 scitote
891 357 901 370 .

292 422 529 465 sanctum
590 427 743 460 snum
797 427 813 466 ;
865 408 1115 460 Dominus
1167 411 1407 460 uri-audiet
1470 425 1528 464 αθ
1589 431 1667 465 me
1701 417 1720 482 ζ
1757 431 1871 466 cum

292 507 592 556 clamarem
635 504 705 553 ad
735 517 872 552 eum.

361 595 692 651 Irascintim'.
723 604 768 644 et
819 593 978 645 nolite
1011 609 1246 659 peccare.
1284 611 1401 664 qua!
1449 597 1623 649 dicitis
1672 600 1726 650 in
1758 614 1874 650 cor-

292 691 446 740 dibus
495 687 682 739 uestris
718 687 736 715 '
789 701 806 740 :
837 685 891 738 in
925 685 1178 738 cubilibus
1227 688 1408 740 vestris
1439 689 1874 756 compungimini.

294 783 608 834 “ursum.

364 872 678 936 Sacriﬁcate
719 870 1037 936 sacrificium
1073 870 1322 938 justitiw.
1355 880 1404 923 et
1435 883 1645 939 sperate
1677 876 1730 927 in
1766 875 1874 927 Do-

293 965 456 1015 mino.
513 961 668 1012 Multi
703 962 884 1013 dicunt
915 977 933 1014 .'
970 960 1098 1024 Quis
1129 965 1356 1015 ostendit
1404 967 1549 1017 nobis
1579 965 1714 1020 bona
1744 968 1769 1020 Ρ

361 1054 646 1124 Signatum
681 1062 758 1106 est
792 1070 952 1119 super
979 1069 1070 1105 uos
1125 1053 1302 1106 lumen
1355 1058 1529 1110 vultus
1565 1061 1660 1118 tui.
1699 1060 1872 1113 Domi-

293 1165 352 1199 ne
387 1163 407 1199 :
433 1147 630 1201 dedisti
657 1146 900 1200 (mitium
931 1148 980 1199 in
1021 1147 1176 1200 corde
1213 1163 1345 1200 meo.

359 1244 402 1293 Α
437 1241 612 1307 {ructu
639 1239 892 1306 frumenti
915 1247 961 1290 et
1001 1238 1111 1293 uini
1142 1238 1161 1268 ³
1200 1253 1260 1292 -ξ-
1294 1249 1343 1292 et
1371 1241 1470 1294 olei
1505 1241 1529 1310 ζ
1564 1245 1648 1298 sui
1679 1263 1697 1297 :
1735 1245 1874 1298 mul-

293 1333 520 1402 tiplicati
543 1341 693 1384 sunt.

365 1426 430 1478 In
478 1440 630 1493 pace.
667 1427 722 1476 in
753 1423 1003 1492 idipsum,
1040 1423 1306 1478 dormiam
1339 1437 1385 1478 et
1423 1429 1768 1496 requiescam.

362 1517 627 1581 Quoniam
663 1529 743 1576 tu,
787 1516 1024 1576 Domine.
1053 1516 1394 1586 singulariter
1443 1520 1496 1572 in
1542 1536 1632 1589 spe
1679 1520 1870 1573 cousti-

299 1611 442 1663 luisti
473 1625 572 1663 me.

1547 210 1779 270 LIBER
1825 211 1964 270 PSA
1979 210 2327 272 LMORUM.

955 317 1206 384 quoniam
1261 319 1559 387 miriﬁcm-it
1622 323 1877 375 Doniinns
1912 335 1950 384 Α
2056 321 2261 374 Scitote
2313 319 2572 388 quoniam
2623 319 2990 389 magniﬁeavit
3030 321 3050 351 '
3107 321 3373 378 Domir.t:
3429 341 3561 380 sati-

3449 211 3560 280 29-3

1982 427 2130 470 clum
2173 429 2331 466 suum
2365 429 2376 464 :
2419 412 2678 464 Dominus
2709 413 2968 466 exaudiet
2999 428 3104 473 me.
3133 417 3262 466 dum
3290 415 3557 469 clamave-

1982 523 2041 560 ro
2072 509 2136 559 ad
2169 519 2317 557 cum.

2047 594 2388 656 lrascimini,
2439 602 2490 646 ct
2531 592 2698 646 nolite
2753 606 2982 659 peccare
3027 608 3040 646 :
3083 609 3204 661 quae
3258 592 3445 647 dicitis
3504 595 3556 647 in

1978 688 2241 743 cordibus
2286 685 2506 744 vestris,
2540 694 2594 739 ct
2617 685 2670 736 in
2701 683 2976 738 cttbilibus
3012 687 3209 738 vestris
3243 700 3561 753 compungu-

1978 780 2137 834 mini.
2202 778 2518 831 Dispssuu.

2051 869 2368 922 Saeriﬁcate
2417 866 2743 923 sacriﬁcium
2787 865 3016 935 iustitia:
3045 907 3060 929 ,
3110 875 3166 919 et
3221 873 3440 934 sperate
3504 867 3554 916 in

1979 960 2230 1014 Domino.

2049 1053 2200 1106 Multi
2229 1053 2418 1106 dicunt
2451 1062 2466 1104 ξ
2501 1050 2634 1115 Quis
2657 1050 2900 1104 ostendit
2936 1051 3091 1104 nobis
3134 1051 3321 1106 bona?
3348 1049 3548 1118 Signa-

1988 1156 2100 1200 tqu
2131 1155 2215 1199 est
2239 1160 2406 1214 super
2446 1159 2548 1197 nos
2582 1145 2764 1196 lumen
2792 1142 2971 1194 vultus
3010 1146 3110 1206 lui,
3149 1144 3394 1196 Domine.

2047 1237 2254 1292 Dedisti
2299 1237 2543 1290 laetitiam
2601 1235 2661 1288 in
2699 1236 2865 1288 corde
2902 1251 3043 1287 meo.
3103 1236 3150 1287 Λ
3179 1245 3420 1303 tempore
3445 1235 3554 1287 tru-

1979 1330 2168 1391 tuenti,
2204 1329 2314 1382 vini
2342 1341 2397 1382 et
2439 1327 2542 1380 olei
2607 1329 2687 1381 sui
2723 1328 2764 1390 ",
2799 1327 3143 1396 multiplicati
3180 1336 3330 1379 sunt.

2051 1425 2106 1477 ln
2142 1439 2293 1492 pace,
2327 1422 2378 1475 in
2415 1397 2674 1489 idipsum,
2705 1421 3050 1474 obdormiam
3080 1428 3135 1472 et
3165 1421 3501 1488 requiescam
3534 1437 3547 1474 :

1978 1517 2234 1582 quoniam
2276 1525 2352 1574 tu,
2393 1513 2642 1577 Domine,
2696 1511 3050 1581 singulariter
3090 1512 3142 1564 in
3199 1526 3295 1582 spe
3348 1514 3555 1567 consti-

1979 1609 2128 1660 tuisti
2165 1621 2274 1662 nte.

1685 1771 2032 1832 PSALMUS
2085 1773 2149 1830 V.

298 1903 346 1941 l.\’
385 1900 544 1940 nam
582 1899 682 1939 rno
732 1900 797 1938 EA
827 1923 840 1942 .
871 1899 989 1945 om
1032 1899 1423 1941 ﬂa'EREDlTATIM
1470 1899 1865 1947 CONSEQUITUR,
1901 1888 1944 1944 Β

865 1971 1097 2009 PSALIUS
1126 1972 1301 2010 DAVID.

373 2050 542 2102 Verba
596 2065 711 2102 mea
769 2048 981 2100 auribus
1028 2050 1234 2118 percipe
1266 2051 1318 2111 ‘,
1355 2047 1594 2110 Domine,
1636 2044 1872 2113 intelligo

298 2144 579 2196 clamorem
609 2159 801 2195 meum.

375 2236 602 2290 Intende
641 2237 748 2288 voci
780 2235 1034 2290 orationis
1083 2250 1212 2289 mete
1246 2251 1265 2290 :
1301 2250 1390 2288 rex
1424 2250 1591 2300 meus,
1645 2242 1694 2287 et
1740 2232 1874 2286 Deus

300 2348 465 2384 aiens.

377 2423 643 2488 Quoniam
700 2423 770 2472 ad
819 2429 868 2475 te
917 2421 1102 2486 orabo,
1156 2419 1416 2486 Domine;
1447 2437 1600 2473 mane
1632 2433 1696 2475 +
1739 2433 1802 2471 ea:
1849 2417 1870 2485 ζ

299 2516 477 2564 audies
512 2528 684 2565 vocem
711 2526 901 2564 meam.
1835 2498 1840 2504 I

377 2603 539 2656 Mane
574 2603 760 2655 astabo
788 2603 900 2663 tibi,
937 2610 986 2654 et
1016 2601 1195 2655 videbo
1227 2602 1519 2672 :quoniam
1555 2619 1680 2664 non.
1717 2599 1874 2672 DeusJ

299 2696 901 2764 eolensiniquitatemtu
942 2708 996 2747 οξ
1044 2711 1097 2746 es
1142 2695 1165 2764 ζ

371 2785 559 2853 Neque
602 2785 859 2839 habitabit
882 2788 1040 2851 juxta
1084 2796 1130 2836 te
1156 2785 1444 2855 malignus,
1478 2802 1638 2856 neque
1668 2801 1879 2854 perma-

299 2882 493 2930 nsbunt
527 2879 717 2947 iujttsti
750 2887 871 2930 ante
898 2878 1074 2929 oculos
1099 2888 1234 2930 lttos.

392 2971 565 3022 Odisti
635 2986 838 3032 omnes,
893 2983 952 3023 οξ-
1008 2971 1028 2999 ³
1075 2986 1162 3034 qui
1221 2970 1571 3046 :operantur
1623 2970 1880 3036 iniquita-

299 3073 396 3113 tmi
435 3080 453 3115 :
485 3064 669 3129 perdes
705 3076 765 3114 σξ-
803 3078 980 3114 omnes
1014 3063 1102 3130 qui
1139 3061 1160 3127 ζ
1195 3061 1484 3132 loquuntur
1527 3062 1876 3114 mendacium.

376 3159 558 3211 Virum
590 3158 935 3228 sanguinum,
966 3164 1015 3208 et
1045 3154 1282 3209 dolosum
1334 3155 1722 3208 abominabitur
1776 3153 1879 3204 Do-

2084 1899 2134 1936 IN
2175 1898 2348 1938 ΡιΝΕΜ,
2383 1897 2480 1936 1⁵1³0
2519 1896 2870 1936 ΠΕΒΕῺΠἋἹΕ
2908 1882 2948 1946 ³,
2982 1894 3215 1935 νειιιιυε
3263 1895 3444 1936 ΒΔἨΒ.

2052 2045 2224 2098 Verba
2272 2059 2388 2096 mea
2422 2042 2650 2096 auribus
2699 2043 2920 2110 percipe
2945 2080 2959 2102 ,
3009 2041 3236 2095 Domine
3266 2057 3279 2092 :
3311 2041 3553 2115 intellige

1978 2137 2270 2192 clamorem
2303 2149 2503 2188 mcum.

2051 2225 2280 2281 Intende
2318 2224 2439 2280 voci
2485 2223 2750 2280 orationis
2783 2239 2939 2291 mete,
2976 2238 3070 2278 rex
3119 2239 3294 2289 meus,
3322 2237 3378 2280 et
3409 2225 3554 2280 Deus

1981 2335 2157 2375 IllCllS.

2047 2409 2316 2478 Quoniam
2353 2409 2422 2464 ad
2456 2418 2531 2475 te,
2565 2400 2754 2474 orabo,
2781 2408 3014 2465 Domine
3044 2427 3056 2461 :
3097 2424 3258 2464 mane
3285 2409 3551 2464 exaudies

1979 2521 2168 2561 vocem
2201 2519 2400 2560 meam.

2055 2600 2211 2655 Mane
2256 2602 2447 2656 astabo
2481 2601 2602 2665 tibi,
2643 2610 2698 2655 et
2725 2600 2924 2656 videbo
2961 2619 2973 2654 :
3007 2601 3268 2669 quoniam
3319 2617 3424 2653 non
3461 2615 3552 2652 vo-

1980 2694 2121 2760 lens,
2151 2693 2313 2756 Deus,
2351 2695 2688 2764 iniquitatem
2721 2702 2778 2748 tu
2815 2709 2874 2748 es
2917 2697 2980 2747 ".

2052 2785 2170 2841 Non
2210 2785 2479 2839 habitabit
2506 2787 2662 2854 juxta
2691 2795 2744 2840 te
2784 2787 3097 2854 malignus;
3132 2799 3309 2853 neque
3346 2798 3556 2852 perma-

1982 2878 2194 2931 nebunt
2233 2878 2422 2946 injusti
2455 2887 2583 2931 ante
2609 2877 2802 2932 oculos
2837 2887 2985 2932 tuos.

2048 2969 2247 3033 Odisti,
2284 2969 2533 3032 Domine,
2589 2983 2782 3024 omnes
2828 2971 2922 3040 qui
2959 2982 3256 3039 Operautur
3298 2971 3558 3040 iniquita-

1986 3073 2092 3116 tem
2127 3082 2140 3120 :
2179 3063 2378 3133 perdes
2419 3078 2515 3118 eos
2547 3063 2638 3131 qui
2675 3063 2979 3133 loquuntur
3008 3065 3374 3117 mendacium.

2049 3159 2238 3214 Virum
2310 3159 2639 3227 sanguinum
2693 3167 2749 3211 et
2821 3158 3070 3212 dolosttm
3149 3158 3557 3212 abominabitur

308 3269 500 3303 mmus.
577 3250 688 3319 Ego
747 3261 921 3302 autem
972 3251 1026 3303 in
1098 3249 1435 3302 multitudine
1502 3228 1950 3301 mist'ricortlitzc
1986 3249 2294 3304 Dominus:
2349 3264 2452 3313 ego
2487 3257 2669 3303 autem
2701 3249 2755 3303 in
2785 3249 3138 3304 multitudine
3165 3250 3557 3306 misericordias

299 3359 351 3397 131
359 3363 421 3398 εἷ’.

389 3441 625 3493 Ιιιινοὶιιο
666 3440 722 3490 in
761 3438 976 3489 domum
1024 3445 1172 3488 tuam
1201 3449 1220 3488 :
1258 3435 1494 3490 adorabo
1526 3437 1595 3490 ad
1627 3435 1876 3508 templum

300 3545 536 3584 snttctum
581 3542 751 3590 tuum,
778 3532 834 3580 in
863 3537 1052 3582 timore
1081 3538 1188 3582 tuo.

378 3627 624 3686 Domine,
657 3624 823 3674 deduc
869 3637 947 3674 me
983 3622 1037 3673 in
1077 3620 1336 3690 justititia
1382 3629 1497 3684 tua,
1534 3620 1879 3691 prapterini—

302 3722 461 3772 micas
501 3733 672 3777 meos,
709 3716 876 3784 dirige
929 3715 980 3766 in
1011 3724 1289 3783 conspectu
1335 3729 1446 3766 meo
1491 3713 1628 3766 ciam
1657 3724 1801 3766 tuam
1835 3712 1876 3767 ⁸.

383 3924 398 3950 ‘
453 3919 601 3972 Idem
658 3931 768 3971 ms.
819 3915 1154 3970 Sorbonicus
1217 3914 1541 3984 prtenotavit
1601 3929 1733 3968 veru
1764 3913 1882 3968 sive

306 3993 464 4042 utzetu
497 3996 637 4040 hanc
671 3986 995 4056 particulam
1031 3997 1102 4047 ct,
1138 3990 1230 4039 sed
1263 4002 1364 4038 IIIS.
1403 3987 1572 4038 codex
1601 3996 1882 4038 montism-

308 4063 371 4112 rii
409 4071 581 4112 uestri
619 4059 878 4126 Sagcusis
915 4068 1066 4110 notat
1099 4057 1424 4110 aswriscum
1454 4058 1541 4121 με,
1568 4056 1735 4122 idque
1766 4069 1880 4126 tne-

308 4147 436 4192 rito,
465 4147 589 4182 cum
627 4124 894 4195 particula
933 4127 1278 4196 conjunctiva
1336 4136 1384 4178 et
1429 4128 1640 4194 legatur
1683 4127 1735 4177 in
1777 4124 1882 4178 lle-

309 4203 498 4254 braieu
535 4201 708 4252 futue.
743 4197 912 4248 ΜΑιιτ.

375 4301 449 4314 -
507 4270 754 4328 Rectius,
837 4277 1009 4336 puto,
1067 4265 1440 4334 prmtermittit
1497 4263 1722 4319 l‘alatin.
1777 4282 1880 4318 ms.

310 4344 457 4393 hunc
514 4340 857 4399 asteriscum,
895 4351 1072 4405 neque
1121 4339 1270 4388 enim
1323 4337 1369 4389 si
1417 4350 1539 4404 qua:
1572 4339 1884 4390 exatiterint

307 4413 608 4480 aliquando
637 4408 732 4460 Gr.
762 4407 1116 4480 exetttplaria,
1147 4421 1270 4480 quae
1295 4408 1387 4458 καὶ
1411 4406 1662 4480 copulam
1715 4407 1880 4480 omit:

311 4476 512 4539 terént.
545 4489 883 4545 compertum
935 4485 1042 4528 est.
1082 4477 1136 4527 In
1173 4477 1532 4544 subsequenti
1572 4477 1778 4529 isocolo
1812 4476 1880 4528 ad

1984 3353 2112 3397 tute.

2053 3433 2331 3495 lntroilio.
2368 3434 2598 3489 Domine
2629 3435 2696 3498 ¹¹,
2732 3436 2785 3490 in
2828 3438 3048 3490 domum
3089 3446 3284 3490 tuam:
3318 3438 3559 3492 adorato

1980 3525 2048 3582 ad
2087 3527 2350 3596 templum
2390 3538 2642 3582 sanctum
2689 3537 2841 3581 tuum
2878 3530 2931 3582 in
2969 3540 3168 3582 tenore
3199 3541 3313 3583 tuo.

2053 3620 2238 3674 Deduc
2284 3633 2405 3682 me,
2459 3620 2686 3674 Domine
2715 3659 2730 3680 .
2784 3621 2837 3673 in
2890 3629 2980 3673 tua
3037 3622 3250 3692 justitia
3287 3638 3300 3676 :
3337 3629 3560 3689 propter

1981 3712 2236 3768 inimicos
2290 3727 2443 3767 meos
2513 3713 2689 3782 dirige
2749 3715 2802 3767 in
2870 3724 3167 3783 conspectu
3254 3704 3558 3767 tuo'viam

1983 3821 2160 3860 meam
2194 3807 2261 3858 ι’.

1981 3932 2204 3979 sumur.
2252 3923 2427 3978 Μιῐιτ.

2054 3997 2076 4026 ⁸
2109 3994 2264 4048 Hune
2301 3996 2520 4050 obelum
2575 3995 2722 4049 haud
2785 3996 2920 4049 satis
2975 4003 3122 4048 recte
3157 3994 3390 4049 Palatia.
3427 4001 3552 4049 cod.

1981 4068 2374 4134 praetermittit.
3506 4107 3510 4112 .

2059 4137 2080 4167 ⁸
2116 4137 2338 4206 Aliquot
2373 4152 2504 4191 mss.
2559 4137 2750 4204 legunt
2796 4157 2808 4192 :
2850 4138 2910 4192 In
2951 4148 3227 4208 conspectu
3283 4149 3371 4189 tuo
3416 4139 3556 4190 viam

1985 4223 2182 4261 meum.
2214 4211 2434 4276 llocque
2467 4220 2651 4263 monet
2689 4208 2938 4262 scltolion
2988 4209 3286 4277 tnargmale
3327 4225 3430 4261 ins.
3464 4225 3558 4260 eo-

1983 4278 2126 4330 dicis
2171 4277 2479 4338 Sorbonici,
2516 4279 2608 4346 qlti
2634 4305 2642 4316 κ
2667 4278 2722 4331 in
2763 4289 2909 4332 testu
2962 4276 3164 4332 retinet
3203 4294 3394 4343 puram
3429 4276 3559 4328 lite-

1988 4351 2204 4417 rouytni
2259 4348 2576 4406 lectionem.
2627 4364 2790 4416 quam
2851 4349 3148 4401 edidimus.
3192 4350 3387 4401 Puram
3444 4348 3556 4401 dixi

1984 4419 2365 4489 dilectionem,
2400 4418 2616 4489 quiaf»
2653 4417 3022 4489 Hieronymus
3053 4419 3216 4471 docet
3264 4435 3362 4470 nos
3390 4418 3556 4485 epist.

1987 4493 2054 4540 ad
2104 4488 2359 4541 Sunuiam
2419 4497 2468 4538 et
2536 4485 2804 4540 Fretelam
2850 4485 2880 4540 ξ’
2927 4489 3104 4557 Dirige
3170 4492 3223 4540 in
3282 4499 3560 4553 conspectu

306 4553 540 4603 verbum
592 4550 856 4608 exaudiet,
914 4547 1351 4615 przvposttiuuem
1411 4551 1478 4598 dc
1527 4561 1678 4598 more
1734 4548 1875 4598 ιιΙυιιι

2028 4577 2076 4610 ιο
2108 4563 2248 4611 viam
2279 4573 2448 4610 meam
2469 4595 2486 4622 ,
2519 4574 2626 4610 non
2667 4559 2878 4617 haberi.
2915 4576 3016 4612 nec
3042 4547 3184 4626 apud
3225 4547 3560 4627 Septuagin-

311 4625 544 4674 l'nlalln.
577 4619 840 4672 Confudit.

384 4692 406 4719 ²
455 4689 676 4742 Videtur
706 4704 834 4740 veru
875 4686 1262 4753 transtigeuda,
1295 4700 1426 4754 quin.
1467 4686 1677 4745 vocula.
1732 4689 1877 4754 quod

308 4771 365 4813 et
409 4761 616 4812 codicis
671 4761 1027 4811 Λιιτιξιιιιίιιιιι
1083 4759 1280 4809 cdtturt
1330 4757 1615 4824 probatur.
1657 4759 1881 4812 Settlcvt

313 4848 367 4883 ιιι
412 4829 573 4882 Ilebr.
598 4840 808 4882 tantum
845 4843 928 4880 est
963 4835 1138 4884 1.27:3.
1191 4826 1362 4879 l’orro
1394 4827 1537 4893 quod
1576 4837 1658 4879 est
1690 4829 1742 4880 in
1780 4833 1884 4882 une

310 4902 568 4953 versiculi
616 4899 952 4961 Diapsalma.
995 4898 1227 4948 l'alatin.
1268 4913 1370 4968 tus.
1427 4909 1672 4964 ignorat,
1706 4914 1884 4968 neque

309 4976 444 5023 olim
478 4973 730 5024 Aldinum
765 4969 1017 5021 Grai-cum
1045 4969 1326 5034 exetuplar
1363 4967 1574 5018 habuit.

383 5041 406 5072 ³
459 5042 521 5094 Et
569 5042 820 5108 copulam
864 5036 1097 5090 Palatin.
1138 5053 1237 5094 ius.
1289 5040 1378 5090 hic
1421 5037 1658 5104 supplet.
1696 5037 1884 5093 Melius

309 5124 498 5164 autem
529 5129 559 5163 a
586 5119 821 5179 tempOre
871 5111 922 5160 in
981 5109 1246 5179 Romano
1272 5108 1487 5176 legitur,
1518 5123 1684 5179 quam
1711 5127 1740 5158 a
1768 5112 1853 5173 [ru
1872 5140 1884 5150 -

309 5192 420 5242 ctu,
493 5175 818 5248 videturque
848 5180 962 5246 ipse
992 5186 1174 5230 textus
1210 5177 1304 5230 Gr.
1331 5175 1483 5246 juxta
1517 5175 1679 5228 llebr.
1713 5189 1813 5241 ny.

312 5254 642 5318 religendus,
675 5265 738 5303 ac
770 5252 1182 5303 rescribendum
1212 5252 1404 5315 καιροὺ
1437 5262 1534 5313 pro
1570 5253 1813 5314 κλρπυύ.

387 5325 409 5350 δ
445 5323 539 5373 Ms.
587 5322 966 5382 Serm-uicus,
1004 5324 1315 5384 anteposito
1376 5331 1508 5368 veru
1559 5329 1647 5381 οὲ,
1678 5323 1891 5388 jugulat

307 5397 541 5444 verbum
577 5393 828 5454 auribus,
881 5390 1024 5458 quod
1065 5397 1247 5442 tamen
1285 5389 1348 5439 ad
1385 5402 1604 5458 sensum
1645 5391 1890 5457 SCl'lplu-

309 5480 386 5514 ne
435 5465 858 5528 e\pl'illtetldtlll|
901 5457 1236 5513 necessario
1319 5457 1573 5524 usurpari
1649 5462 1886 5516 videtur.

311 5532 466 5584 Idem
515 5537 815 5598 exetnplar,
846 5532 949 5585 etsi
983 5531 1252 5598 optimum
1297 5546 1360 5580 ac
1402 5529 1739 5596 pnucipuum
1791 5549 1888 5584 no-

310 5613 517 5661 tus-stt,
555 5607 754 5654 trustra
789 5616 967 5656 tamen
1025 5619 1076 5653 ιιι
1126 5602 1597 5668 consequentibus
1629 5616 1887 5669 apposuit

310 5687 489 5724 multa
522 5690 670 5742 διεμιι
714 5675 994 5727 obcloruiu
1023 5715 1034 5736 ,
1090 5687 1210 5741 qua:
1261 5688 1314 5724 ιιι
1347 5670 1469 5722 aliis
1513 5685 1638 5724 .nss.
1671 5687 1775 5723 ιιυιι
1809 5689 1885 5726 vi-

1989 4640 2062 4685 ta.
2099 4646 2196 4681 nec
2222 4629 2362 4698 apud
2391 4632 2528 4681 alios
2561 4629 2930 4695 interpretes;
2959 4635 3051 4682 sed
3093 4646 3144 4682 ιιι
3173 4632 3285 4683 sola
3315 4632 3560 4682 editione

1992 4699 2237 4766 Vulgata,
2267 4715 2388 4759 qua:
2427 4701 2584 4765 κοινή
2619 4701 2920 4752 dicebatur.
2962 4701 3132 4753 ΜΑιιΤ.

2065 4770 2080 4797 ⁷
2151 4769 2479 4822 Veronensis
2517 4786 2655 4835 ms.,
2691 4770 3059 4823 admirabilem
3099 4773 3241 4837 fecit,
3284 4787 3406 4824 cum
3451 4769 3560 4820 An-

1984 4842 2200 4907 gustino
2237 4859 2248 4893 :
2286 4851 2340 4893 et
2374 4842 2734 4908 subscqueuti
2782 4858 2937 4894 Versu
2965 4880 2980 4904 ,
3027 4843 3280 4893 cubiculis
3334 4857 3435 4909 pro
3467 4857 3560 4891 cu-

1985 4912 2200 4964 bilibus.

2052 4985 2072 5008 “
2107 4981 2275 5034 'l'acet
2327 4980 2468 5034 idem
2506 4996 2608 5033 ins.
2634 4980 2756 5031 sui:
2789 4980 2843 5033 in
2881 4980 2986 5034 line
3012 4979 3263 5035 Habitare
3297 4982 3462 5050 fecisti
3486 4996 3558 5032 mc

1981 5049 2131 5118 leéit,
2160 5066 2258 5118 pro
2287 5051 2622 5110 constituisti.
2651 5061 2757 5103 etc.

2065 5123 2084 5150 ⁹
2142 5122 2199 5173 lu
2234 5125 2427 5176 eodem
2460 5137 2588 5185 nis.,
2624 5121 2755 5184 Qua:
2786 5121 3093 5174 Itwreditatc
3125 5123 3348 5189 accepit.

2069 5193 2109 5222 ¹⁶
2144 5194 2314 5245 l'ulat.
2355 5207 2482 5256 ins.,
2516 5189 2584 5244 Et
2617 5192 3012 5262 contemplubor
3047 5203 3115 5255 te,
3166 5198 3416 5261 quoniam
3453 5206 3556 5262 non

1989 5261 2128 5315 Deus
2161 5262 2334 5316 volens
2367 5263 2674 5331 iniquitates
2707 5273 2764 5314 tu
2815 5260 2887 5316 es.
2920 5262 3039 5315 Non
3089 5260 3187 5315 erit
3240 5262 3416 5315 ini-ala
3472 5260 3563 5311 tibi

1988 5335 2269 5402 malignus.
2305 5330 2506 5388 Conler
2551 5334 2718 5402 epist.
2756 5333 2876 5397 106,
2910 5334 2978 5386 ad
3005 5332 3269 5386 Sunniam
3299 5342 3344 5381 tt
3381 5330 3552 5378 ("rete-

1989 5408 2118 5463 lunt,
2159 5421 2212 5454 II.
2243 5405 2298 5456 ’5.

2065 5476 2105 5502 ¹¹
2134 5473 2248 5526 Non
2282 5482 2366 5527 est
2417 5475 2470 5527 in
2506 5474 2806 5528 Veronensi
2837 5490 2938 5527 ms.
2972 5473 3032 5525 τὸ
3068 5472 3306 5531 Domine,
3337 5467 3544 5520 l‘Ct'llllS

2061 5545 2101 5572 ”
2129 5547 2184 5596 lu
2217 5553 2410 5598 eodem
2437 5562 2564 5609 tns.,
2598 5558 2808 5614 propter
2838 5546 3076 5596 inimicos
3124 5553 3236 5592 tuos
3262 5579 3276 5602 ,
3313 5539 3484 5605 dirige
3515 5540 3554 5592 ir.

1986 5625 2261 5682 conspectu
2296 5626 2384 5668 tuo
2425 5619 2523 5668 iter
2556 5633 2748 5670 meum.
