3966 6184
444 225 542 296 131

1363 233 1420 294 S.
1465 227 1902 291 HIERONYMI
1943 227 2213 291 DIVINA
2253 223 2788 287 BIDLIOTHECA.

3572 216 3683 286 132

515 344 777 409 Quoniam
815 361 915 398 non
950 353 1023 399 est
1062 347 1120 400 in
1162 361 1251 399 ore
1295 359 1476 397 eorum
1514 343 1706 396 veritas
1758 359 1775 398 :
1808 359 1896 394 συν
1933 357 2018 393 eo-
2047 349 2089 402 Λ
2193 338 2460 401 Quoniam
2492 353 2598 391 non
2635 334 2800 389 estin
2833 332 2928 387 ore
2959 346 3151 388 eorum
3187 330 3392 387 veritas
3431 345 3572 386 :cor
3601 346 3694 386 eo-

440 451 556 488 rum
599 451 793 489 vanum
837 447 935 490 εει.

526 523 836 592 Sepulcrum
863 537 1044 593 patens
1072 539 1132 580 σξ-
1166 532 1241 578 est
1270 525 1291 593 ζ
1326 531 1507 593 guttur
1533 539 1736 590 eorum,
1763 524 1960 593 linguis
1997 525 2013 553 ¹

441 615 547 667 suis
580 614 755 668 dolose
809 620 1034 684 agebant
1063 632 1082 672 :
1107 615 1293 684 judico
1325 615 1468 680 illos,
1502 615 1662 669 Deus.

534 706 790 759 Decidant
828 724 858 757 a
903 707 1304 778 cogitationibus
1335 707 1465 770 suis,
1500 708 1784 765 secundum
1823 707 2006 760 multi-

444 798 676 850 tudinem
713 799 1046 869 impietatum
1100 815 1285 852 eorum
1337 799 1537 869 expelle
1591 815 1678 854 eos
1714 815 1734 864 ;
1764 801 2015 869 quoniam

443 890 786 942 irritaverant
819 898 887 951 te,
917 902 981 943 σι-
1024 888 1244 943 Domine
1273 892 1297 960 ζ

517 979 581 1032 Et
619 981 864 1034 lmtentur
920 997 1096 1034 omnes
1151 983 1241 1050 qui
1300 991 1516 1048 sperant
1553 983 1610 1036 in
1633 991 1683 1036 te
1715 995 1735 1036 :
1767 982 1823 1036 in
1863 988 2015 1035 teter-

444 1089 569 1125 num
615 1073 971 1139 exsultabant,
1000 1082 1048 1126 et
1078 1071 1342 1127 habitabis
1376 1074 1432 1127 in
1461 1075 1559 1127 eis.

527 1249 596 1302 Et
647 1249 1020 1318 gloriabuntur
1065 1251 1120 1304 in
1181 1261 1228 1306 te
1262 1264 1326 1307 ot-
1354 1266 1532 1304 omnes
1581 1251 1604 1317 ζ
1664 1252 1753 1322 qui
1785 1251 2014 1322 diligunt

448 1357 632 1392 nomen
667 1350 838 1402 tuum,
901 1342 1151 1410 quoniam
1178 1349 1233 1394 tu
1254 1341 1521 1395 benedices
1545 1343 1714 1407 justo.

523 1430 758 1492 Domine,
787 1439 843 1482 ut
871 1442 1016 1486 scuto
1051 1434 1195 1485 bonte
1218 1433 1543 1485 voluntatis‘
1572 1435 1875 1486 :coronasti
1907 1448 2020 1486 nos.

2117 445 2240 482 rum
2277 445 2471 483 vanum
2500 440 2609 484 est.

2189 522 2516 588 Sepulcrum
2580 531 2770 590 patens
2821 532 2908 577 est
2966 529 3159 590 guttur
3214 533 3451 574 eorum:
3488 517 3697 588 linguis

2119 613 2234 668 suis
2261 613 2449 668 dolose
2473 614 2728 684 agebant.
2766 613 2955 684 judica
2986 612 3133 675 illos,
3162 609 3331 668 Deus.

2192 703 2462 758 Decidant
2496 719 2524 757 a
2553 703 2984 774 cogitationibus
3013 704 3130 758 suis
3165 720 3181 758 :
3223 702 3528 758 secundum
3553 705 3696 759 mul-

2120 794 2411 849 titudinem
2457 795 2797 865 impietatum
2851 811 3066 860 eorum,
3122 795 3335 863 expelle
3381 809 3526 850 eos:
3561 811 3702 866 quo-

2122 888 2269 942 niam
2300 890 2759 945 exacerbaverant
2790 899 2842 944 te
2871 889 2920 954 ⁷,
2956 888 3205 944 Domine.

2193 980 2261 1033 Et
2301 980 2556 1035 laetentur
2586 995 2779 1036 omnes
2803 979 2899 1050 qui
2948 987 3176 1048 sperant
3215 979 3268 1033 in
3305 988 3355 1033 te
3396 993 3412 1033 :
3447 979 3500 1033 in
3540 991 3699 1033 aeter-

2116 1083 2246 1123 num
2278 1072 2654 1136 exsultabant,
2675 1082 2730 1128 et
2784 1071 3119 1128 inhabitabis
3179 1071 3235 1126 in
3268 1073 3369 1138 eis,
3404 1081 3459 1127 et
3495 1073 3700 1142 gloria-

2120 1159 2331 1216 buntur
2364 1164 2417 1218 in
2453 1173 2508 1218 te
2537 1179 2732 1219 omnes
2753 1164 2848 1234 qui
2871 1163 3112 1234 diligunt
3142 1179 3343 1218 nomen
3379 1171 3553 1218 tuum.

2193 1255 2464 1322 Quoniam
2503 1264 2584 1321 tu,
2613 1255 2842 1311 Domine
2881 1252 3006 1328 luis.
3045 1264 3176 1310 tacet
3203 1254 3484 1326 Domine],
3527 1257 3699 1311 bene-

2123 1348 2278 1402 diees
2318 1348 2530 1418 justum
2561 1365 2576 1402 :
2629 1346 2862 1402 Domine
2933 1356 2998 1402 ut
3031 1357 3190 1403 scuto
3217 1346 3375 1402 bona:
3405 1348 3702 1403 voluntatis

2120 1447 2231 1494 tute
2261 1439 2541 1495 coronasti
2587 1454 2711 1494 nos.

1829 1593 2076 1652 PSALM
2091 1595 2183 1656 US
2224 1598 2320 1658 Vl.

451 1715 502 1754 IN
534 1713 690 1753 ΙιΊῖιΕΙιί
722 1713 770 1751 IN
797 1712 1130 1763 CARllNlBUS,
1157 1711 1258 1752 PRO
1285 1711 1491 1753 OCTAVA
1513 1714 1746 1756 ρεΑιιιυε
1784 1715 1942 1755 DAVID
1971 1701 2014 1756 ³.
2049 1717 2091 1770 Β
2123 1722 2175 1760 IN
2202 1722 2384 1772 FINEI,
2416 1724 2466 1764 IN
2508 1724 2726 1775 HWNIS,
2775 1725 2875 1765 PRO
2907 1725 3130 1777 OCTAVA,
3165 1727 3398 1770 PSALMUS
3459 1729 3622 1770 DAVID
3655 1715 3700 1770 ³.

548 1811 789 1875 Domine,
823 1826 887 1864 ne
938 1811 992 1862 in
1043 1810 1222 1878 furore
1244 1821 1335 1865 tuo
1369 1827 1568 1881 arguas
1603 1828 1709 1875 me,
1776 1827 1943 1884 neque
1973 1815 2027 1868 in

454 1907 534 1957 ira
569 1911 660 1955 tua
689 1903 948 1970 corripias
980 1915 1085 1956 me.

531 1994 778 2048 Miserere
834 1997 934 2048 mei
957 2033 973 2056 .
1015 1993 1262 2058 Domine,
1315 1995 1560 2065 quoniam
1588 1997 1834 2066 inﬁrmus
1855 2013 1975 2052 sum
2007 2014 2030 2055 :

451 2104 583 2139 stma
638 2102 739 2149 nte,
790 2085 1030 2150 Domine,
1059 2085 1311 2154 quoniam
1363 2092 1675 2143 conturbata
1706 2099 1829 2144 sunt
1861 2091 1884 2119 ⁸
1909 2106 2028 2144 ossa

455 2193 591 2227 mea.

529 2267 592 2318 Et
624 2269 803 2320 anima
835 2282 950 2320 mea
990 2267 1206 2320 turbata
1235 2276 1309 2321 est
1337 2267 1488 2322 valde
1519 2283 1541 2323 :
1565 2270 1658 2325 sed
1675 2277 1754 2337 tu,
1783 2269 2027 2338 Domine,

454 2375 720 2428 usquequo
742 2359 766 2412 ?

522 2451 872 2513 Convertere,
924 2449 1185 2513 Domine,
1229 2461 1292 2505 σι-
1345 2449 1367 2482 ⁸
1404 2459 1451 2504 et
1501 2452 1523 2518 ζ
1585 2453 1732 2522 eripe
1788 2455 2062 2508 animam‘

456 2560 622 2597 meum
646 2559 663 2595 :
686 2542 891 2596 salvum
925 2557 1007 2595 me
1037 2542 1143 2611 fac,
1161 2552 1371 2611 propter
1402 2544 1820 2599 misericordiam
1846 2553 2020 2599 tuam.

525 2723 782 2788 Quoniam
834 2740 938 2778 non
983 2735 1057 2778 est
1109 2725 1164 2778 in
1216 2737 1402 2791 morte,
1441 2738 1503 2781 -ι-
1531 2727 1673 2795 qui:
1713 2743 1912 2782 memor
1957 2732 2027 2784 sit

454 2817 530 2866 tui
563 2830 581 2878 ;
610 2815 664 2866 in
725 2814 931 2882 inferno
987 2827 1049 2869 -ι-
1111 2825 1286 2868 autem
1318 2816 1340 2884 ζ
1371 2818 1485 2886 quis
1529 2817 1861 2886 conﬁtebitur
1891 2820 2030 2874 tibi?

531 2905 784 2959 Laboravi
844 2907 899 2957 in
962 2905 1161 2973 gemitu
1214 2921 1367 2967 meo,
1435 2906 1618 2960 lavabo
1648 2923 1740 2976 per
1786 2908 2027 2979 singulas

454 3007 626 3051 noctes
671 2998 860 3050 lectum
892 3013 1088 3061 meum,
1129 2996 1378 3065 lacrymis
1437 3000 1565 3050 meis
1596 3007 1825 3052 stratum
1858 3017 2028 3055 meum

459 3089 637 3157 rigabo
671 3085 712 3140 ⁸.

529 3179 788 3232 Turbatus
833 3191 909 3231 est
961 3195 994 3231 a
1033 3178 1209 3246 furore
1261 3178 1442 3232 oculus
1502 3195 1668 3241 meus,
1727 3181 2023 3238 inveteravi

457 3273 598 3324 inter
628 3287 807 3322 omnes
838 3271 1078 3323 inimicos
1121 3285 1282 3323 meos.

548 3362 804 3415 Discedite
856 3380 887 3413 a
931 3378 1048 3423 me,
1079 3377 1252 3414 omnes
1292 3362 1381 3429 qui
1439 3363 1732 3429 operamini
1779 3363 2033 3430 iniquita-

459 3464 599 3515 tem,
640 3457 890 3523 quoniam
929 3467 986 3509 -t—
1024 3469 1088 3506 ea:
1123 3455 1146 3522 ζ
1181 3453 1380 3506 audivit
1437 3453 1688 3507 Dominus
1729 3469 1900 3508 vocem
1939 3459 2034 3526 ﬂe-

460 3555 543 3598 tus
576 3549 696 3598 mei.

533 3654 596 3696 -t-
633 3639 714 3694 Ex
746 3643 768 3710 ζ
800 3641 999 3694 audivit
1056 3640 1310 3694 Dominus
1339 3641 1761 3711 deprecationem
1802 3660 1974 3698 nteant
2007 3657 2026 3696 :

462 3732 718 3787 Dominus
753 3735 1045 3787 orationem
1072 3750 1240 3787 meam
1262 3738 1508 3800 suscepit.

526 3826 856 3879 Erubescant
887 3837 934 3880 et
959 3826 1336 3880 conturbentur
1360 3830 1424 3892 χ(
1449 3828 1773 3882 vehementer
1806 3830 1828 3898 ζ
1856 3845 2032 3885 omnes

458 3919 661 3970 inimici
689 3921 810 3984 mei,
845 3929 1221 3975 convertantur
1254 3931 1301 3972 et
1345 3919 1659 3974 erubescant
1713 3936 1772 3976 -ἕ-
1821 3925 1974 3979 valde
2005 3928 2026 3994 ζ

459 4007 729 4064 velociter.

527 4173 543 4204 ⁸
574 4171 670 4226 Ms.
700 4172 956 4236 Palatiu.,
982 4173 1036 4224 in
1077 4170 1286 4235 linguis.

537 4245 557 4273 ⁸
591 4243 742 4310 llaud
778 4249 1116 4310 beneqmnes
1151 4239 1396 4295 Martian.
1435 4243 1628 4297 obelus
1652 4246 1819 4300 verba
1869 4248 2017 4299 bona:

465 4309 901 4392 praeﬁgebant“.
953 4326 1266 4392 qtietuouos
1317 4313 1383 4364 ad
1450 4313 1572 4392 cod.
1633 4314 1800 4368 Palat.
1854 4317 2013 4392 (idem
2053 4339 2094 4392 ο

467 4381 747 4454 ipsiusque
782 4381 903 4433 Cari
952 4380 1084 4433 edit.
1119 4381 1265 4454 inde
1317 4383 1659 4450 amovimus;
1705 4400 1826 4436 nam
1870 4389 2016 4454 qitod

516 4451 635 4503 ebr.
661 4461 842 4530 tentus
885 4458 1092 4529 tantum
1119 4450 1279 4528 liabet
1299 4461 1449 4536 την-π,
1488 4467 1661 4519 neque
1693 4455 1868 4536 addit.
1889 4450 2028 4510 'sive

467 4521 736 4590 praeponit
766 4529 906 4590 3:13.
925 4533 986 4590 ea
1026 4519 1280 4570 niiuiruu.
1306 4519 1494 4572 't'ausa
1525 4532 1630 4582 est,
1654 4525 1799 4590 quod
1831 4540 2028 4580 nomen

467 4589 600 4641 Illud
657 4605 762 4641 non
817 4589 1002 4648 ἁπλῶς
1040 4590 1375 4646 voluntatem.
1410 4592 1501 4641 sed
1537 4589 1726 4644 bonum
1777 4595 2027 4647 volunta-

466 4668 591 4718 tem,
623 4657 1024 4728 beneplacitum,
1060 4660 1490 4717 benevolentiam.
1525 4659 1621 4714 Gr.
1653 4663 1904 4712 εὐδοκίαν
1934 4680 2031 4716 so-

469 4736 559 4778 nat
597 4742 611 4780 :
644 4743 821 4795 neque
876 4729 1013 4780 adeo
1062 4729 1192 4778 illud
1231 4729 1378 4780 bona:
1439 4730 1490 4780 in
1530 4728 1722 4781 Lat'mo
1758 4733 2025 4793 abundat.

466 4805 561 4848 aut
601 4797 657 4852 in
699 4797 866 4850 Hebr.
901 4805 1012 4855 :m:
1071 4796 1195 4848 addi
1252 4806 1484 4858 t-olet'at.
1524 4795 1655 4849 Tum
1688 4800 1831 4850 aliud
1882 4807 2031 4868 κνιδ-

464 4868 588 4919 dem
627 4881 730 4919 ms.
771 4883 874 4934 ope
921 4877 1084 4935 atque
1133 4875 1458 4919 auctoritate
1507 4870 1762 4920 mendum
1805 4874 2028 4923 sustuli-

467 4950 633 5000 mus;
663 4938 970 4992 addebatur
995 4937 1140 4990 enim
1177 4937 1230 4988 in
1278 4935 1522 4988 Martiali.
1559 4938 1692 4990 edit.
1730 4943 1898 4991 verbo
1932 4958 2022 4994 uo-

467 5006 686 5076 luntatis
725 5022 1026 5076 pronomen
1054 5014 1177 5070 tuae,
1211 5007 1355 5074 quod
1386 5009 1582 5058 nedum
1615 5008 1780 5060 llelzr.
1821 5019 2024 5070 textus,

467 5089 535 5126 ne
602 5075 987 5148 ipsi'quidetn
1026 5076 1378 5144 Septuaginta
1442 5088 1786 5145 agnoscunt,
1852 5096 2027 5148 eaque

465 5157 687 5211 propter
717 5161 747 5198 a
785 5149 943 5201 nobis
976 5146 1257 5200 inductum
1289 5157 1392 5200 est.

463 5281 511 5336 Β
541 5214 559 5243 ³
585 5217 882 5336 ⁸ἓῖειιειιὶιιιιίς
922 5234 935 5269 :
967 5215 1035 5268 In
1065 5218 1222 5285 finem
1257 5233 1349 5284 pro
1380 5224 1566 5269 octava
1597 5217 1652 5268 in
1701 5221 2027 5272 carminibus

516 5298 594 5336 aut
636 5325 650 5336 .

516 5283 650 5339 avid.

537 5353 559 5384 ⁴
594 5356 668 5410 De
710 5374 862 5414 more
897 5359 1040 5413 idem
1075 5375 1177 5413 ms.
1223 5358 1663 5428 praepositionem
1699 5356 1769 5409 ita
1791 5358 2026 5427 jugulat,

462 5428 708 5490 quoniam
751 5444 811 5484 'z-
842 5446 938 5483 con
971 5431 994 5497 ζ
1026 5430 1261 5490 turbata,
1294 5441 1404 5482 etc.
1437 5429 1579 5488 Mox,
1613 5437 1660 5479 et
1709 5438 1761 5477 tu
1791 5469 1804 5491 ,
1847 5431 2029 5480 Donn-

466 5509 557 5614 ne.1
585 5511 682 5582 pro
712 5501 802 5555 sed
833 5513 909 5567 tu,
945 5513 1080 5567 etc.,
1129 5501 1260 5568 legit
1303 5500 1474 5552 ferme
1509 5501 1712 5552 rectius
1743 5499 1896 5567 juxta
1928 5501 2024 5553 Gr.

466 5579 533 5614 κα
590 5583 676 5614 συ,

463 5567 557 5615 καὶ
590 5567 676 5621 σύ.

542 5633 561 5664 ⁵
605 5637 766 5696 Juxta
817 5641 1121 5710 Palatinum
1158 5639 1282 5696 Cari
1324 5654 1543 5708 quoque
1592 5641 1761 5695 editio
1809 5641 2024 5695 obeluut

2212 1823 2465 1891 Domine,
2524 1841 2593 1879 ne
2649 1825 2705 1878 in
2750 1826 2836 1880 ira
2887 1835 2979 1881 tua
3019 1841 3216 1898 arguas
3247 1843 3352 1892 me,
3431 1843 3609 1898 neque
3647 1829 3701 1884 in

2135 1915 2322 1972 furore
2354 1927 2452 1972 tuo
2488 1919 2756 1990 corripias
2790 1934 2896 1974 me.

2205 2009 2464 2065 Miserere
2494 2012 2654 2076 mihi,
2686 2012 2934 2075 Domine,
2963 2012 3226 2082 quoniam
3255 2012 3507 2069 inﬁrmus
3535 2030 3651 2069 sum
3688 2032 3705 2074 ;

2136 2113 2266 2153 sana
2299 2115 2409 2167 tne,
2443 2102 2670 2158 Domine
2701 2143 2716 2167 ,
2757 2105 3018 2173 quoniam
3056 2107 3384 2161 conturbata
3423 2117 3553 2162 sunt
3589 2123 3710 2161 om-

2136 2191 2226 2246 nia
2261 2206 2385 2249 ossa
2431 2209 2551 2250 mea
2577 2195 2624 2261 ’,
2684 2206 2741 2251 et
2783 2201 2964 2252 anima
3002 2212 3123 2252 mea
3159 2199 3374 2253 turbata
3414 2209 3497 2254 est
3527 2199 3708 2255 valde.

2209 2455 2275 2510 Et
2299 2465 2382 2522 tu,
2424 2455 2677 2524 Domine,
2703 2473 2986 2530 usquequo
3008 2461 3031 2515 2
3052 2470 3376 2518 convertere
3411 2463 3481 2529 ¹⁰,
3509 2472 3564 2519 et
3592 2465 3707 2519 eri-

2136 2564 2202 2619 pe
2233 2549 2472 2604 animam
2517 2567 2692 2606 meam
2722 2568 2736 2582 ο
2775 2553 2981 2608 salvum
3032 2569 3118 2610 me
3154 2554 3260 2621 fac,
3286 2563 3509 2626 propter
3541 2557 3706 2612 mise-

2137 2638 2431 2693 ricordiam
2470 2650 2640 2695 tuam.

2205 2730 2472 2796 Quoniam
2508 2747 2614 2786 non
2649 2744 2734 2788 est
2765 2735 2820 2788 in
2851 2745 3031 2790 morte
3067 2737 3161 2804 qui
3211 2753 3424 2794 memor
3450 2739 3523 2793 sit
3569 2737 3644 2791 ttti
3684 2753 3702 2804 ;

2138 2820 2191 2873 in
2234 2821 2450 2875 inferno
2490 2833 2670 2877 autem
2695 2829 2818 2894 quis
2853 2827 3205 2882 confitebitur
3235 2829 3370 2883 tibi?

2211 2911 2481 2967 Laboravi
2537 2916 2589 2969 in
2635 2919 3041 2986 getuituqueo,
3103 2919 3299 2976 lavabo
3335 2937 3430 2989 per
3453 2923 3698 2994 singulas

2137 3012 2330 3057 noctes
2376 3003 2578 3059 lectum
2616 3021 2822 3073 meum,
2877 3007 3132 3081 lacrymis
3169 3012 3213 3043 “
3251 3021 3483 3066 stratum
3516 3029 3702 3068 meum

2057 3111 2101 3168 ο
2136 3093 2345 3163 rigabo.

2202 3187 2476 3243 Turbatus
2526 3201 2610 3245 est
2666 3205 2780 3262 prie
2815 3193 2894 3248 ira
2927 3196 3121 3251 oculus
3156 3211 3314 3252 meus
3355 3215 3370 3254 :
3404 3199 3709 3255 inveteravi

2132 3279 2277 3333 inter
2307 3296 2498 3336 omnes
2533 3282 2788 3340 inimicos
2827 3299 3001 3342 meos.

2212 3371 2490 3426 Discedite
2538 3391 2568 3428 a
2603 3391 2714 3441 me,
2743 3393 2936 3432 omnes
2963 3379 3059 3449 qui
3091 3384 3398 3452 operamini
3437 3385 3709 3453 iniquita-

2137 3473 2270 3530 tem,
2331 3467 2589 3534 quoniam
2639 3471 2924 3526 exaudivit
2980 3473 3247 3531 Dominus
3297 3493 3489 3532 vocem
3546 3477 3748 3534 lletus'

2135 3572 2263 3610 met.

2204 3649 2495 3704 Exaudivit
2550 3653 2812 3712 Dominus
2852 3656 3292 3731 deprecationem
3331 3674 3530 3727 meam,
3593 3661 3711 3718 Do-

2135 3744 2324 3798 minus
2353 3747 2656 3802 oratiouem
2693 3765 2866 3804 meam
2893 3756 3209 3823 assumpsit.

2205 3835 2548 3892 Erubescant
2571 3849 2626 3891 et
2650 3843 3055 3899 conturbentur
3084 3861 3275 3902 omnes
3299 3847 3503 3902 inimici
3539 3850 3646 3904 mei
3687 3865 3701 3903 :

2133 3939 2451 3983 avertantur
2497 3947 2804 3988 retrorsum
2839 3935 2905 3998 “.
2936 3947 2991 3992 et
3020 3939 3350 3998 erubescant
3376 3941 3533 3997 valde
3565 3943 3709 3996 velo-

2128 4022 2292 4076 citer.

2109 4173 2272 4232 'tutuc
2303 4194 2358 4235 et
2398 4183 2488 4252 qui
2521 4183 2762 4251 provimc
2789 4186 3064 4254 sequitur,
3101 4193 3472 4252 prretermittit
3505 4210 3521 4248 :
3555 4195 3706 4251 haud

2127 4259 2307 4301 tamen
2338 4256 2494 4304 bene.

2196 4318 2216 4346 °
2252 4318 2292 4371 Ε
2320 4323 2538 4389 regione
2577 4323 2739 4394 hujus
2769 4327 3046 4391 versiculi,
3083 4340 3142 4385 ut
3187 4341 3244 4385 et
3292 4334 3362 4386 ab
3417 4335 3519 4389 hoc
3557 4339 3705 4391 tertii

2129 4403 2192 4441 ac
2225 4405 2438 4472 rursum
2479 4397 2736 4472 postremi
2783 4399 3012 4472 apponit
3073 4399 3243 4454 Palat.
3286 4420 3384 4455 nis.
3436 4404 3557 4472 Dp.,
3601 4409 3709 4461 hoe.

2131 4467 2238 4532 est.
2285 4459 2640 4532 Diapsalma;
2676 4459 2867 4532 neque
2888 4467 2991 4521 hoc
3020 4478 3200 4524 tamen
3234 4487 3381 4526 vere.

2207 4529 2224 4559 ⁷
2287 4529 2618 4586 Veronensis
2643 4551 2723 4586 tus
2752 4529 2779 4594 .“
2802 4537 3064 4597 Quoniam
3092 4541 3578 4596 inamnricavcrunt
3607 4555 3659 4597 te
3683 4564 3702 4599 :

2133 4614 2257 4650 mox
2284 4609 2332 4650 et
2361 4602 2722 4666 jucundentnr
2758 4622 2854 4673 pro
2887 4605 3152 4679 ltetentur,
3183 4625 3250 4663 ex
3285 4613 3612 4679 Augustino,
3647 4628 3709 4671 ut

2132 4679 2330 4754 ett-tera
2377 4687 2496 4738 qua:
2528 4688 2830 4742 sequuntur
2852 4717 2867 4740 ,
2902 4691 2970 4730 ne
3012 4678 3207 4732 eadem
3244 4678 3508 4736 continuo
3543 4700 3706 4754 repe~

2135 4747 2266 4790 ιιιιιι,

2205 4805 2242 4887 ⁸.
2281 4807 2337 4888 lu
2372 4810 2579 4888 eodem
2607 4827 2731 4871 tus..
2768 4813 2831 4866 In
2861 4813 3020 4880 ﬁnem
3057 4817 3162 4884 ipsi
3211 4817 3402 4872 David.
3455 4821 3700 4888 Domine,

2134 4891 2197 4926 ne
2229 4880 2281 4928 in
2303 4881 2704 4958 indignatione
2725 4893 2816 4936 tua
2855 4903 3053 4954 arguas
3077 4880 3187 4953 'me,
3228 4905 3392 4958 nequc
3417 4891 3473 4943 in
3501 4896 3579 4946 ira
3608 4880 3700 4948 tua

2131 4948 2484 5001 emendaveris
2514 4967 2612 5003 me.
2651 4951 2900 5007 Miserere
2920 4948 3056 5018 Vmei,
3084 4948 3194 5012 etc.

2201 5019 2222 5088 ἦ
2272 5019 2416 5070 Idem
2471 5035 2597 5082 uisu,
2637 5025 2884 5087 quoniam
2927 5027 3139 5081 turbata
3189 5037 3314 5083 sunt
3367 5045 3483 5082 ossa
3537 5049 3653 5088 mea
3684 5053 3702 5088 :

2131 5086 2222 5138 sed
2257 5103 2430 5155 neque
2463 5089 2558 5141 Gr.
2592 5086 2742 5145 addit
2763 5097 2962 5148 omnia.

2214 5156 2262 5237 ¹έ³⁴
2287 5161 2560 5237 Αιιυιιιιιιη
2592 5162 2830 5221 Domine,
2866 5167 3072 5222 rectius
3103 5167 3196 5222 hic
3229 5169 3378 5224 addit
3402 5173 3545 5226 idem
3570 5189 3700 5237 ms,

2134 5226 2443 5306 rectiusque
2480 5229 2902 5306 subsequentem
2951 5245 3000 5286 et
3043 5241 3296 5306 copulam
3351 5251 3514 5295 tacet.

2277 5304 2366 5349 δυι
2386 5304 2510 5371 tuon.
2537 5315 2661 5371 ms.,
2682 5306 2734 5351 in
2758 5304 3042 5371 lacrymt's:
3070 5299 3208 5370 tum,
3238 5309 3495 5362 Turbatus
3530 5323 3606 5364 est
3637 5320 3706 5366 ab

2130 5366 2493 5432 indignatione
2542 5370 2718 5421 oculus
2777 5366 2957 5435 meus,
3005 5366 3289 5431 inveteravi
3342 5383 3396 5432 in
3457 5382 3706 5436 omnibus

2131 5437 2356 5488 inimicis
2389 5439 2535 5490 meis.
2570 5441 2858 5505 Abscedite,
2885 5455 2991 5498 etc.

2278 5505 2606 5560 Veronensis
2635 5526 2739 5590 ius.
2781 5512 3165 5590 Convertuntur
3205 5528 3254 5572 et
3298 5522 3704 5590 confundantur

2131 5575 2304 5637 valde,
2338 5590 2469 5641 etc.,
2498 5594 2618 5646 quae
2643 5582 2933 5648 Augustini
2969 5589 3278 5644 emendatio
3313 5575 3414 5645 υδιί
