4050 6184
316 234 422 301 133
1566 235 1795 293 LIBER
1835 232 2329 324 PSALMORUM.
3462 238 3564 303 13.;

1684 391 2036 450 I’SAIMUS
2074 393 2211 451 VII.

308 520 536 559 PSHMIN
577 519 765 563 ωηο,
799 520 939 567 ρεεὶι
976 521 1243 561 ΕΑΝτΛνΙτ
1289 524 1492 561 υοδιικο
1516 548 1530 571 ,
1562 524 1662 561 PRO
1694 522 1881 559 VERIHS

1995 521 2220 559 essurus
2253 522 2411 560 nuto
2454 507 2495 570 ⁵,
2523 521 2663 569 quasi
2691 521 2956 560 CANTAVIT
2984 512 3215 571 'nosuuo,
3248 522 3348 561 ιδηο
3379 524 3562 566 ventus

809 592 984 640 cuusr,
1021 594 1145 630 FlLll
1189 594 1382 631 Μελίην.

385 670 459 719 ho
484 670 621 730 hinc,
656 668 789 718 Deus
821 685 984 731 meus,
1010 669 1063 721 in
1099 679 1148 721 te
1172 671 1401 737 speravi,
1450 671 1657 725 salvum
1687 686 1767 722 me
1798 670 1886 739 [ac

303 778 370 815 ex
398 763 639 815 omnibus
668 764 1093 831 persequentibus
1138 779 1237 829 me,
1282 776 1328 817 et
1359 765 1527 818 libera
1559 781 1664 819 me.

376 856 451 908 Ne
476 856 689 921 quando
718 858 913 921 rapiat,
965 866 1024 909 ut
1068 857 1169 917 leo,
1203 857 1443 909 animam
1503 874 1674 910 meam
1700 873 1718 910 :
1752 857 1879 909 dum

308 965 412 999 non
440 958 537 1005 est,
563 948 655 1015 qui
691 948 939 1005 redimat.
974 963 1139 1015 neque
1164 950 1254 1017 qui
1287 948 1495 1000 salvum
1528 950 1712 1017 faciat.

387 1039 609 1092 Domine
643 1038 779 1091 Deus
840 1055 1003 1099 meus.
1039 1041 1085 1091 si
1124 1039 1402 1108 {eciistnd,
1460 1041 1506 1092 si
1534 1050 1608 1093 est
1632 1041 1884 1109 iniquitas

308 1133 363 1181 in
396 1131 643 1183 inanibus
687 1132 836 1183 meis.

383 1224 444 1277 Si
478 1224 691 1276 reddidi
725 1224 1125 1277 retribuentibus
1153 1223 1280 1276 mihi
1316 1223 1481 1286 mala,
1516 1223 1753 1277 decidam
1782 1240 1887 1277 me-

304 1318 409 1366 rito
440 1317 507 1367 ab
534 1317 763 1367 inimicis
798 1318 923 1368 meis
951 1319 1152 1369 inanis.

385 1406 746 1472 Persequatur
768 1408 1012 1459 inimicus
1045 1409 1284 1460 animam
1320 1425 1528 1469 meam,
1567 1416 1617 1459 et
1652 1423 1888 1477 compre-

306 1500 523 1559 hendat,
552 1507 602 1550 et
648 1498 912 1550 conculcet
950 1500 1004 1550 in
1052 1508 1197 1552 terra
1240 1500 1405 1553 vitam
1439 1516 1629 1562 meam,
1694 1508 1742 1550 et
1777 1498 1890 1568 glo-

311 1591 449 1642 riam
470 1606 637 1642 meam
655 1591 709 1642 in
740 1590 1004 1656 pulverem
1037 1590 1281 1643 deducat.
1310 1593 1378 1658 X
1414 1589 1710 1643 Dispssun
1739 1594 1780 1643 ’.

405 1786 464 1823 οε-
510 1770 591 1823 Ex
622 1770 644 1836 ζ
676 1785 850 1838 surge,
890 1768 1128 1831 Domine,
1166 1772 1223 1824 in
1267 1772 1350 1824 ira
1385 1780 1511 1841 .tua.
1574 1778 1622 1824 et
1653 1770 1892 1823 exaltare

2474 593 2666 642 CIIUSI,
2709 594 2834 630 FILII
2878 592 3074 629 IERINI.

2066 665 2294 720 Domine
2328 667 2473 721 Deus
2502 684 2678 725 meus.
2713 669 2765 720 in
2798 677 2848 719 te.
2882 670 3095 735 speravi
3132 687 3144 723 :
3182 668 3349 723 libera
3386 687 3469 723 me
3496 673 3567 727 ab

1996 756 2257 811 omnibus
2295 759 2757 825 persequentibus
2788 775 2896 823 me,
2928 769 2983 813 et
3004 759 3155 826 eripe
3186 777 3294 816 me.

2065 848 2145 902 Nc
2180 848 2401 917 quando
2435 849 2713 917 rapiat,ut
2747 850 2854 914 leo,
2893 850 3131 903 animam
3169 867 3342 905 meam
3385 872 3398 906 :
3427 854 3556 908 dum

1996 953 2105 990 non
2139 949 2223 991 est
2248 938 2341 1007 qui
2380 938 2637 1000 redimat.
2674 954 2851 1007 neque
2880 940 2973 1007 qui
3008 939 3216 993 salvum
3252 942 3430 997 faciat.

2068 1028 2297 1081 Domine
2330 1030 2475 1082 Deus
2506 1045 2679 1090 meus,
2717 1032 2761 1083 si
2800 1031 2903 1084 feci
2938 1031 3079 1084 istud
3117 1034 3202 1087 :si
3237 1045 3323 1088 est
3360 1036 3566 1104 iniqui"

1996 1128 2078 1171 tas
2109 1120 2161 1172 in
2196 1122 2452 1173 manibus
2489 1121 2647 1174 meis.

2078 1211 2133 1264 Si
2172 1211 2385 1264 reddidi
2414 1212 2853 1268 retribuentibus
2898 1214 3034 1269 mihi
3068 1216 3230 1282 mala,
3264 1217 3509 1272 decidant
3545 1223 3566 1253 ε

1997 1302 2193 1355 merito
2226 1302 2295 1354 ab
2332 1303 2578 1357 inimicis
2626 1306 2762 1357 meis
2801 1304 2999 1359 inanis.

2080 1396 2451 1462 Persequalur
2495 1395 2755 1450 inimicus
2786 1400 3024 1450 animam
3070 1413 3244 1451 meam
3273 1438 3288 1462 ,
3318 1410 3374 1453 et
3416 1416 3567 1454 com-

1998 1484 2304 1551 prehendat
2333 1500 2477 1547 eam,
2503 1495 2556 1540 et
2577 1487 2867 1541 conculcet
2891 1488 2945 1541 in
2982 1499 3125 1543 terra
3155 1490 3319 1545 vitam
3354 1506 3563 1545 meam:

1996 1584 2049 1627 et
2083 1576 2312 1644 gloriam
2351 1590 2527 1629 meam
2581 1577 2634 1629 in
2674 1578 2957 1646 pulverem
3001 1580 3258 1635 deducat.
3308 1582 3571 1636 Duas“.-

1997 1683 2087 1721 ut.
3490 1658 3493 1659 ν

2070 1757 2314 1828 Exsurge
2350 1759 2393 1823 ⁷,
2430 1755 2682 1820 Domine,
2730 1760 2783 1812 in
2835 1760 2915 1815 ira
2964 1770 3054 1816 tua
3091 1781 3104 1818 :
3141 1774 3199 1817 et
3231 1768 3480 1823 exaltare
3514 1770 3566 1823 in

319 1865 373 1914 in
428 1862 622 1927 ﬁnibus
671 1860 1005 1913 inimicorum
1050 1878 1303 1917 meorum.
1344 1866 1409 1929 )K
1451 1863 1472 1930 ζ
1507 1862 1783 1929 Exsurge,
1830 1876 1890 1917 οἱ·

2011 1849 2209 1903 tinibus
2238 1852 2582 1904 inimicorum
2624 1861 2865 1906 tuorum.

320 1953 607 2019 Domina:
646 1954 783 2005 Deus
821 1970 964 2006 incus
990 1957 1009 1985 ²
1037 1956 1088 2005 iu
1120 1963 1377 2021 prrecepto
1410 1954 1549 2022 quod
1582 1956 1848 2006 mandasti
1880 1970 1898 2007 :

316 2052 367 2092 et
398 2057 674 2109 synagoga
709 2045 1026 2110 populorum
1063 2043 1414 2095 circumdabit
1443 2053 1511 2095 te.

390 2129 462 2183 Et
495 2141 710 2199 propter
743 2135 911 2191 hanc.
947 2134 1003 2187 in
1054 2133 1223 2186 altum
1278 2135 1552 2202 regredere
1587 2148 1606 2185 :
1649 2131 1900 2184 Dominus

312 2222 523 2291 judico:
552 2223 795 2293 populos.

388 2317 581 2369 ludica
634 2334 735 2380 me,
782 2318 1031 2381 Domine,
1080 2320 1370 2372 secundum
1397 2318 1666 2387 justitiam
1696 2333 1893 2379 meam,

316 2420 368 2460 et
389 2412 672 2461 secundum
702 2411 1059 2463 innocentiam
1101 2426 1296 2474 meam,
1326 2425 1484 2479 super
1512 2425 1614 2463 me.

393 2586 742 2641 Consumetur
787 2590 1022 2659 nequitia
1080 2597 1415 2657 peccatorum
1444 2627 1460 2650 ,
1508 2598 1557 2640 et
1590 2587 1783 2657 diriges
1804 2586 1900 2651 ju-

316 2693 483 2741 stum,
514 2684 579 2745 X
610 2689 659 2733 et
686 2680 709 2747 ζ
740 2690 984 2734 scrutans
1015 2682 1173 2735 corda
1210 2682 1230 2712 ³
1274 2692 1322 2734 et
1354 2696 1522 2743 renes,
1563 2679 1719 2735 Deus.

390 2769 603 2821 Iustum
647 2771 969 2833 adjatorium
1011 2788 1180 2825 meum
1214 2788 1247 2825 a
1292 2770 1513 2825 Domino
1541 2806 1557 2833 .
1588 2770 1677 2837 qui
1702 2766 1897 2835 ,salvos

320 2862 454 2928 facit
488 2869 652 2912 rectos
693 2861 872 2914 corde.

320 2948 337 2963 ‘
400 2950 563 3012 Deus,
589 2950 972 3019 judexjustus,
995 2951 1150 3020 fortis
1185 2966 1248 3007 σι-
1282 2960 1332 3004 et
1371 2951 1577 3020 patiens
1609 2950 1895 3020 :nunquid

322 3048 574 3099 irascitur
602 3060 692 3114 per
729 3044 965 3116 singulos
998 3045 1109 3100 dies
1137 3047 1163 3100 Σ)

416 3138 537 3191 Nisi
590 3140 823 3191 conversi
868 3138 1075 3207 fueritis
1105 3176 1121 3201 ,
1166 3137 1405 3207 gladium
1432 3152 1588 3190 suum
1630 3134 1893 3195 vibrabit:

324 3248 510 3283 arcum
541 3247 696 3282 suum
732 3230 967 3291 tetendit,
991 3238 1041 3282 et
1062 3231 1269 3296 paravit
1299 3228 1474 3281 illum.

400 3318 466 3370 Et
496 3320 548 3369 in
584 3333 644 3370 eo
668 3318 880 3385 paravit
917 3334 1048 3370 vasa
1101 3319 1284 3372 mortis
1319 3333 1338 3371 :
1366 3318 1592 3389 sagittas
1627 3332 1753 3371 suas
1808 3332 1899 3369 ar-

323 3410 563 3461 dentibus
605 3410 789 3478 eﬂecit.

408 3500 535 3552 Ecce
580 3501 835 3568 parturiit
866 3500 1186 3569 injustitiam
1220 3503 1287 3569 Ἃ(
1320 3509 1370 3554 et
1404 3500 1426 3532 δ
1459 3502 1482 3569 ζ
1522 3499 1757 3569 concepit
1806 3496 1903 3552 do-

320 3592 513 3651 lorem.
545 3602 593 3643 et
626 3596 823 3659 peperit
859 3594 1218 3658 iniquitatem.

400 3680 598 3732 Locum
630 3682 859 3748 aperuit,
915 3690 966 3735 et
1013 3684 1188 3753 e/j'odit
1246 3698 1365 3736 eum
1387 3697 1407 3736 :
1438 3692 1487 3735 et
1513 3681 1694 3735 incidit
1723 3681 1779 3733 in
1815 3681 1898 3749 fo-

320 3790 471 3826 ueam
504 3790 661 3840 quam
685 3773 830 3841 fecit.

398 3864 736 3918 Convertetur
788 3865 940 3919 dolor
986 3867 1102 3935 ejus
1162 3868 1214 3920 in
1281 3874 1440 3937 caput
1496 3867 1659 3937 ejus.
1731 3874 1779 3918 et
1836 3866 1894 3919 in

324 3959 567 4008 verticem
610 3957 771 4024 ipsius
799 3957 1057 4025 iniquitas
1108 3958 1224 4026 ejus
1254 3957 1557 4014 descendet.

406 4114 420 4142 '
457 4112 589 4165 Male
629 4111 752 4165 cod.
828 4114 1103 4167 Palatinus
1152 4109 1474 4165 asteriscum
1526 4123 1679 4179 atque
1733 4118 1896 4179 atque

328 4185 637 4248 Diapsatata
675 4185 761 4235 hic
792 4186 1013 4239 omittit.

402 4255 420 4281 ¹
460 4256 554 4307 ηερ
606 4268 734 4304 vero
780 4254 1023 4306 omnium
1079 4249 1282 4319 Optime
1337 4249 1446 4305 duo
1480 4249 1657 4304 ﬁnalia
1693 4259 1895 4318 puncta

328 4336 551 4391 apponit
583 4322 725 4374 idem
760 4337 860 4375 ms.
893 4338 1014 4390 qua:
1038 4321 1379 4391 hlat'tianmus
1404 4320 1889 4391 subsequentibus.

2076 1940 2345 2009 Exsurge,
2388 1940 2635 2003 Domine,
2668 1940 2810 1996 Deus
2843 1957 3018 2007 meus,
3047 1943 3099 1997 in
3126 1954 3401 2016 prasccpto
3424 1951 3570 2018 quod

2001 2031 2266 2081 mandasti
2299 2046 2313 2079 :
2356 2040 2412 2082 et
2449 2045 2724 2099 synagoga
2755 2034 3082 2101 p0pulorum
3108 2036 3470 2091 circumdabit
3494 2049 3566 2092 te.

2073 2122 2137 2174 Et
2170 2132 2393 2190 propter
2423 2122 2588 2187 hanc,
2628 2124 2681 2176 in
2713 2126 2880 2178 altum
2931 2126 3222 2195 regredere
3258 2145 3272 2184 :
3314 2130 3570 2195 Domine,

1997 2204 2173 2284 judico
2212 2213 2461 2281 populos.

2068 2304 2259 2357 Judiea
2299 2319 2411 2364 me.
2450 2304 2705 2371 Domine,
2734 2307 3041 2361 secundum
3069 2308 3337 2379 justitiam
3368 2325 3569 2374 meam,

1998 2404 2054 2449 et
2089 2398 2392 2451 secundum
2425 2399 2795 2452 innocentiam
2821 2415 3081 2455 manuum
3110 2416 3379 2465 mearum,
3399 2419 3566 2466 snper

2000 2502 2107 2541 me.

2068 2579 2496 2636 Consunnnetur
2533 2586 2777 2655 nequitia
2842 2595 3192 2655 peccatorum
3220 2627 3237 2650 ,
3292 2596 3346 2641 ct
3393 2588 3568 2656 dirige

1994 2673 2202 2742 justum
2230 2714 2245 2736 .
2281 2686 2531 2730 scrutans
2565 2681 2729 2732 corda
2773 2688 2828 2732 et
2867 2694 3051 2743 renes,
3085 2678 3250 2733 Deus.

2068 2763 2284 2820 Justum
2318 2767 2649 2834 adjutorium
2682 2768 2703 2798 ⁸
2765 2783 2947 2821 meum
2979 2786 3009 2822 a
3043 2768 3308 2822 Domino:
3335 2769 3428 2837 qui
3461 2768 3571 2822 Stl-

1999 2870 2095 2910 vos
2133 2856 2263 2909 facit
2296 2866 2477 2911 rectos
2498 2859 2686 2912 corde.

2070 2946 2232 3007 Deus,
2271 2948 2437 3015 judex
2484 2949 2684 3017 justus.
2721 2948 2878 3004 tortis
2911 2958 2966 3002 et
3009 2947 3333 3017 longanimis
3365 2965 3379 3002 :
3423 2963 3568 3002 nun-

1997 3037 2127 3106 quid
2165 3039 2417 3092 irascitur
2449 3056 2543 3106 per
2572 3041 2813 3109 singulos
2838 3042 2955 3095 dies
2986 3042 3012 3097 ἲ

2066 3128 2179 3182 Nisi
2210 3132 2630 3193 convertamini,
2655 3132 2894 3199 gladium
2920 3148 3079 3187 suum
3102 3135 3356 3200 vibravit,
3380 3150 3568 3190 arcum

1919 3217 1966 3281 C
1998 3233 2158 3274 suum
2196 3221 2446 3282 tetendit.
2480 3231 2534 3274 et
2567 3224 2779 3290 paravit
2810 3224 2981 3278 illum.

2066 3312 2131 3367 Et
2165 3311 2219 3367 in
2253 3312 2371 3382 ipso
2406 3315 2614 3382 paravit
2642 3331 2765 3369 vasa
2799 3315 2991 3371 mortis
3026 3317 3294 3388 :sagittas
3323 3332 3453 3373 suas
3484 3334 3571 3371 ar-

1995 3404 2247 3459 dentibus
2279 3406 2463 3461 eﬂ‘ecit
2497 3406 2539 3459 '.

2068 3493 2212 3548 Ecce
2246 3495 2500 3563 parturiit
2530 3495 2850 3565 iniustitiam
2885 3513 2901 3556 :
2932 3501 3180 3569 concepit
3209 3500 3474 3563 dolorem,
3515 3510 3571 3554 et

1991 3588 2205 3656 peperit
2239 3586 2597 3657 iniquitatem.
2766 3650 2767 3653 η

2061 3678 2268 3733 Lacutn
2305 3680 2539 3749 aperuit,
2574 3691 2626 3735 et
2656 3679 2844 3737 effodit
2868 3698 2993 3738 eum
3022 3701 3038 3737 :
3068 3694 3125 3740 et
3163 3684 3369 3739 incidet
3403 3686 3457 3738 in
3491 3686 3570 3739 io-

1991 3787 2143 3826 veam
2173 3788 2337 3841 quam
2368 3773 2518 3828 fecit.

2061 3862 2427 3919 Convertetur
2466 3866 2621 3920 dolor
2650 3865 2698 3899 ¹⁰
2742 3867 2863 3933 ejus
2912 3869 2965 3921 in
3009 3881 3173 3938 caput
3218 3872 3374 3940 ejus;
3426 3881 3480 3927 et
3514 3873 3568 3926 in

1992 3959 2257 4011 verticem
2292 3954 2413 4025 ejus
2443 3954 2707 4026 iniquitas
2736 3957 2853 4025 ejus
2883 3957 3193 4014 descendet.

2002 4112 2322 4166 asteriscum
2346 4112 2571 4166 omittit.

2076 4183 2096 4211 ⁵
2128 4183 2413 4257 Inter-serit
2442 4183 2645 4257 Veron.
2675 4200 2779 4239 ms.
2807 4185 2929 4255 ipsi,
2960 4189 3107 4257 quod
3144 4198 3202 4242 et
3235 4186 3348 4241 fere
3386 4191 3563 4241 conti-

2004 4266 2198 4325 nenter
2248 4254 2302 4305 in
2352 4256 2700 4325 sequentium
2746 4254 3081 4325 psalmorum
3139 4260 3313 4312 titulis
3358 4261 3564 4312 nonnni

2004 4321 2177 4394 David
2210 4328 2499 4390 praeponit.
2551 4321 2792 4394 satisque
2843 4329 2981 4381 adeo
3037 4329 3144 4382 erit
3205 4329 3370 4381 semel
3401 4338 3567 4394 atque.

334 4383 471 4446 lic'ns
509 4407 673 4453 meus,
708 4383 1050 4445 subdiderat.
1102 4387 1314 4462 Nempe
1336 4405 1443 4444 una
1486 4383 1614 4453 vox',
1647 4389 1889 4455 Domine,
1925 4383 1966 4437 υ
1997 4383 2227 4462 iterum'
2257 4383 2570 4462 adnotasse.
2603 4393 2680 4445 Ita
2706 4383 2892 4462 'porro
2942 4400 3227 4452 exorditur
3261 4412 3275 4449 :
3315 4383 3565 4449 Dominus

327 4479 493 4529 supra
524 4462 847 4514 ﬂebraieum
885 4469 1087 4513 textum
1136 4460 1427 4512 abundat.

399 4528 419 4562 ³
451 4532 683 4587 Curiose
712 4547 815 4584 ms.
850 4530 1186 4585 Sorbonicus
1216 4533 1468 4582 observat
1497 4528 1563 4581 ad
1588 4528 1887 4598 marginem

330 4602 495 4670 hujus
528 4604 651 4661 locu,
677 4609 726 4651 et
757 4600 1079 4670 particulam
1116 4600 1298 4651 haberi
1328 4600 1385 4651 in
1413 4600 1728 4670 quibusdam
1762 4599 1889 4651 locis

329 4668 445 4724 cuin
475 4675 642 4730 obeto,
678 4672 727 4721 id
759 4668 866 4731 est,
896 4682 957 4723 οξ-
986 4677 1035 4722 et
1076 4678 1319 4721 scrutaris
1349 4670 1505 4720 corda
1530 4683 1549 4720 :
1585 4668 1678 4721 sed
1708 4672 1891 4721 curio-

330 4746 447 4794 sius
477 4741 880 4794 observandum
925 4739 1173 4792 eamdem
1211 4738 1537 4806 particulam
1574 4738 1806 4790 inveniri
1833 4740 1889 4791 in

333 4828 433 4863 ms.
468 4811 637 4877 Hegio
662 4824 825 4876 supra
855 4820 1174 4867 memorato,
1197 4822 1322 4860 cum
1346 4808 1622 4877 asterisco
1653 4809 1708 4858 in
1740 4814 1890 4859 nune.

331 4874 677 4944 ntodunt'x,
707 4874 755 4930 et
796 4878 819 4945 ζ
859 4888 1098 4931 scrutans
1127 4877 1310 4930 corda.
1340 4874 1432 4929 Sic
1477 4891 1575 4943 pro
1608 4879 1891 4929 voluntate

332 4954 662 5016 scriptorum
709 4957 993 5016 ponuntur
1040 4947 1239 5014 saepius
1286 4946 1534 4998 asterisci
1586 4946 1672 4999 vel
1722 4948 1887 4999 ooeti.

328 5020 506 5073 blant.

396 5119 466 5127 —
500 5087 834 5142 Asteriscum
859 5095 1022 5155 atque
1044 5086 1215 5155 ipsam
1244 5094 1291 5139 et
1315 5084 1566 5152 copulam
1599 5098 1663 5138 ex
1694 5083 1889 5137 eodem

329 5158 570 5212 Palatino
610 5175 712 5211 IIIS.
748 5156 1084 5219 suﬂecimus,
1115 5170 1235 5224 qua:
1273 5170 1396 5207 cum
1455 5158 1511 5209 in
1565 5170 1672 5208 uno
1722 5156 1889 5223 ltegio

331 5231 675 5282 hartianecus
726 5229 1055 5289 invenisset,
1096 5225 1401 5292 repudiavnt
1451 5237 1631 5277 tamen
1658 5264 1672 5283 .
1715 5239 1891 5290 neque

335 5313 465 5353 sane
498 5298 902 5359 animadvertit,
927 5306 1115 5365 aperte
1148 5312 1201 5348 lu
1237 5296 1464 5348 Hebrum
1516 5310 1638 5349 esse
1684 5302 1809 5379 p121
1841 5304 1890 5346 et

328 5380 591 5420 scrutaris.

399 5440 421 5467 δ
458 5442 651 5490 lterum
680 5443 729 5488 et
759 5435 1035 5504 cOpuIam,
1068 5436 1288 5502 praeﬁxo
1315 5434 1476 5488 etiam
1508 5433 1786 5504 asterisco,
1823 5448 1892 5486 cx

328 5506 516 5575 Regio,
547 5524 707 5574 quam
740 5503 1088 5575 Martiameus
1115 5506 1340 5573 respuit,
1390 5520 1491 5555 ms.
1551 5503 1888 5575 suﬂecimus,

326 5573 551 5645 cogente
570 5573 673 5629 nos
702 5578 924 5641 insuper
954 5573 1178 5627 Hebraeo
1206 5584 1354 5626 textu
1381 5584 1516 5630 m1.
1574 5573 1678 5627 Sed
1706 5584 1760 5625 et
1795 5574 1890 5645 l'af

332 5643 532 5717 |anim;
560 5658 700 5712 apud
752 5662 848 5696 nos
880 5654 929 5696 et
962 5647 1209 5696 voculant
1253 5647 1543 5712 prchonit,
1601 5643 1886 5697 tamenetsi

1997 4459 2157 4535 Deus,
2190 4470 2321 4523 etc.,
2361 4461 2566 4512 salvum
2623 4478 2703 4515 me
2724 4459 2831 4535 ifuc
2863 4482 2926 4518 ex
2960 4469 3201 4519 omnibus
3252 4482 3568 4535 persequen—

1993 4532 2137 4603 tibus
2169 4546 2265 4589 me.
2314 4540 2363 4603 et
2410 4545 2530 4581 erue
2566 4547 2664 4595 me,
2702 4533 2769 4586 de
2801 4551 2954 4589 more
2976 4538 3130 4603 juxta
3162 4532 3453 4603 Augustin.

2065 4597 2084 4626 ⁸
2124 4600 2266 4650 Idem
2303 4597 2369 4651 ei
2414 4603 2722 4675 Augustino
2756 4619 2883 4666 ms.,
2915 4597 3155 4659 decidam
3182 4597 3326 4675 ergo.
3352 4616 3408 4659 et
3439 4622 3566 4660 mox

1992 4667 2352 4745 _Perse_quatur
2385 4684 2508 4736 ergo
2549 4672 2809 4734 inimicas.
2838 4684 2946 4728 etc.
2979 4675 3163 4730 Griece
3226 4667 3457 4745 iitroque
3511 4679 3565 4729 iu

1994 4739 2111 4790 loco
2139 4742 2267 4805 ἄρα.

2070 4807 2087 4836 ⁷
2120 4807 2290 4884 Idem,
2314 4807 2378 4860 Et
2403 4823 2643 4884 marge,
2674 4820 2786 4884 tum
2828 4815 3165 4884 congregatio
3206 4829 3306 4882 pro
3336 4832 3566 4884 synago-

1990 4892 2057 4953 ga
2105 4891 2123 4928 :
2170 4877 2688 4953 denii‘jueminl'crtus,
2747 4877 3281 4953 Domitius'judicat.
3336 4877 3565 4953 propius

1992 4946 2220 5021 (incolit
2245 4963 2342 5013 pro
2392 4948 2845 5017 Domme,judica
2888 4967 2906 5003 :
2950 4946 3072 5021 quae
3119 4946 3349 5021 pridem'
3380 4946 3566 5008 orirnia

1992 5016 2286 5083 Augustin.
2328 5030 2666 5084 reposuerat.

2067 5085 2088 5114 ⁸
2150 5086 2208 5137 In
2272 5090 2465 5160 eodeni
2519 5090 2960 5160 ms.,_aua:ilium
2998 5109 3016 5146 :
3050 5103 3164 5146 tum
3209 5095 3563 5160 subsequenti

1993 5169 2175 5216 versu,
2226 5171 2327 5206 nou
2357 5158 2574 5231 in_iram
2610 5156 2877 5231 adducens
2902 5204 2917 5227 ,
2954 5179 3053 5230 pro
3091 5163 3328 5231 nunquid
3376 5156 3563 5214 irasci-

1993 5235 2098 5300 tur.
2137 5239 2381 5300 pressius
2424 5227 2622 5300 iterum
2663 5227 2891 5300 Grzcco,
2944 5227 3009 5283 ad
3060 5227 3341 5300 exemplar
3385 5243 3564 5282 autem

1992 5294 2302 5368 Augustini,
2347 5294 2541 5368 qui
2576 5296 2721 5350 hunc
2774 5299 2950 5351 locum
2982 5342 2995 5362 ,
3026 5294 3444 5368 Signi/iciunum,
3478 5302 3565 5351 in-

1992 5365 2134 5429 quit,
2167 5363 2415 5438 fortasse
2444 5365 2636 5417 dicitur
2669 5368 2828 5438 iram
2879 5363 3200 5433 adduce-ns,
3234 5385 3392 5438 quant
3455 5372 3566 5418 ira-

1993 5443 2266 5503 scensiet
2295 5435 2371 5484 ita
2400 5435 2453 5486 in
2476 5436 2861 5503 exemplaribus
2891 5444 3088 5492 Graecis
3114 5435 3423 5497 invenimus,
3451 5450 3563 5489 etc.

2073 5500 2294 5576 "Palat.
2332 5518 2457 5576 ms.,
2484 5500 2731 5572 operatus
2761 5517 2860 5570 est,
2896 5525 3004 5576 quo
3038 5513 3165 5562 item
3196 5512 3363 5558 verbo
3400 5517 3568 5560 utitor

1994 5571 2222 5642 inferius
2251 5588 2345 5638 pro
2378 5571 2524 5640 fecit,
2553 5590 2676 5627 cum
2710 5571 3036 5642 Augustino,
3073 5588 3176 5630 etc.
3578 5636 3581 5641 ,

2067 5642 2107 5670 ¹⁰
2132 5640 2207 5692 Ex
2240 5644 2563 5708 Augustino,
2593 5658 2644 5697 et
2695 5640 3131 5712 pt'eSsiuisUiit-ei)
3180 5649 3365 5706 πὸνος,
3418 5648 3567 5700 [αὔων
