  <div class='ocr_page' id='page_1' title='image "/cluster/home/n/w/nwhite01/storage/ocr_20150623/29/hvd.32044096580519/083.png"; bbox 0 0 3966 6184; ppageno 0'>
   <div class='ocr_carea' id='block_1_1' title="bbox 367 204 558 270">
    <p class='ocr_par' dir='ltr' id='par_1_1' title="bbox 367 204 558 270">
     <span class='ocr_line' id='line_1_1' title="bbox 367 204 558 270; baseline -0.031 0"><span class='ocrx_word' id='word_1_1' title='bbox 367 241 378 246; x_wconf 87' lang='grc'><strong>-</strong></span> <span class='ocrx_word' id='word_1_2' title='bbox 461 204 558 270; x_wconf 66' lang='grc'><strong><em>1⁸35</em></strong></span> 
     </span>
    </p>
   </div>
   <div class='ocr_carea' id='block_1_2' title="bbox 1376 187 2808 252">
    <p class='ocr_par' dir='ltr' id='par_1_2' title="bbox 1376 187 2808 252">
     <span class='ocr_line' id='line_1_2' title="bbox 1376 187 2808 252; baseline 0 -4"><span class='ocrx_word' id='word_1_3' title='bbox 1376 193 1432 252; x_wconf 91' lang='lat' dir='ltr'><strong><em>S.</em></strong></span> <span class='ocrx_word' id='word_1_4' title='bbox 1479 187 1918 250; x_wconf 70' lang='lat' dir='ltr'>HIERONYMI</span> <span class='ocrx_word' id='word_1_5' title='bbox 1963 187 2232 248; x_wconf 69' lang='lat' dir='ltr'><strong><em>Dll&#39;lNA</em></strong></span> <span class='ocrx_word' id='word_1_6' title='bbox 2272 188 2808 249; x_wconf 80' lang='lat' dir='ltr'><strong><em>BlBLlOTHECA.</em></strong></span> 
     </span>
    </p>
   </div>
   <div class='ocr_carea' id='block_1_3' title="bbox 3593 179 3690 243">
    <p class='ocr_par' dir='ltr' id='par_1_3' title="bbox 3593 179 3690 243">
     <span class='ocr_line' id='line_1_3' title="bbox 3593 179 3690 243; baseline -0.01 0"><span class='ocrx_word' id='word_1_7' title='bbox 3593 179 3690 243; x_wconf 75' lang='lat'><strong><em>136</em></strong></span> 
     </span>
    </p>
   </div>
   <div class='ocr_carea' id='block_1_4' title="bbox 524 292 3698 378">
    <p class='ocr_par' dir='ltr' id='par_1_4' title="bbox 524 292 3698 378">
     <span class='ocr_line' id='line_1_4' title="bbox 524 292 3698 378; baseline -0.007 -14"><span class='ocrx_word' id='word_1_8' title='bbox 524 310 818 378; x_wconf 73' lang='lat' dir='ltr'><strong><em>(.‘onﬁtebnr</em></strong></span> <span class='ocrx_word' id='word_1_9' title='bbox 863 308 1082 360; x_wconf 82' lang='lat' dir='ltr'><strong><em>Domino</em></strong></span> <span class='ocrx_word' id='word_1_10' title='bbox 1125 307 1405 360; x_wconf 79' lang='lat' dir='ltr'><strong><em>secundum</em></strong></span> <span class='ocrx_word' id='word_1_11' title='bbox 1452 300 1726 370; x_wconf 74' lang='lat' dir='ltr'><strong><em>justitiam</em></strong></span> <span class='ocrx_word' id='word_1_12' title='bbox 1764 301 1878 367; x_wconf 87' lang='lat' dir='ltr'><strong><em>ejus</em></strong></span> <span class='ocrx_word' id='word_1_13' title='bbox 1909 339 1922 359; x_wconf 85' lang='lat'><strong><em>,</em></strong></span> <span class='ocrx_word' id='word_1_14' title='bbox 1970 309 2017 349; x_wconf 88' lang='lat' dir='ltr'><strong><em>et</em></strong></span> <span class='ocrx_word' id='word_1_15' title='bbox 2049 309 2095 365; x_wconf 73' lang='grc' dir='ltr'><strong>Α</strong></span> <span class='ocrx_word' id='word_1_16' title='bbox 2193 299 2504 354; x_wconf 82' lang='lat' dir='ltr'><strong><em>Conﬂtebor</em></strong></span> <span class='ocrx_word' id='word_1_17' title='bbox 2537 301 2770 352; x_wconf 84' lang='lat' dir='ltr'><strong><em>Domino</em></strong></span> <span class='ocrx_word' id='word_1_18' title='bbox 2809 297 3107 351; x_wconf 61' lang='lat' dir='ltr'><strong><em>secundum</em></strong></span> <span class='ocrx_word' id='word_1_19' title='bbox 3140 292 3403 361; x_wconf 72' lang='lat' dir='ltr'><strong><em>justitiam</em></strong></span> <span class='ocrx_word' id='word_1_20' title='bbox 3450 292 3572 362; x_wconf 79' lang='lat' dir='ltr'><strong><em>ejus</em></strong></span> <span class='ocrx_word' id='word_1_21' title='bbox 3601 308 3617 346; x_wconf 91' lang='lat'><strong>:</strong></span> <span class='ocrx_word' id='word_1_22' title='bbox 3643 300 3698 345; x_wconf 89' lang='lat' dir='ltr'><strong><em>et</em></strong></span> 
     </span>
    </p>
   </div>
   <div class='ocr_carea' id='block_1_5' title="bbox 453 396 1455 474">
    <p class='ocr_par' dir='ltr' id='par_1_5' title="bbox 453 396 1455 474">
     <span class='ocr_line' id='line_1_5' title="bbox 453 396 1455 474; baseline -0.01 -18"><span class='ocrx_word' id='word_1_23' title='bbox 453 406 679 474; x_wconf 80' lang='lat' dir='ltr'><strong><em>psallam</em></strong></span> <span class='ocrx_word' id='word_1_24' title='bbox 706 403 903 456; x_wconf 87' lang='lat' dir='ltr'><strong><em>nomini</em></strong></span> <span class='ocrx_word' id='word_1_25' title='bbox 935 402 1144 453; x_wconf 78' lang='lat' dir='ltr'><strong><em>Domini</em></strong></span> <span class='ocrx_word' id='word_1_26' title='bbox 1182 396 1455 450; x_wconf 84' lang='lat' dir='ltr'><strong><em>altissimi.</em></strong></span> 
     </span>
    </p>
   </div>
   <div class='ocr_carea' id='block_1_6' title="bbox 2128 387 3140 461">
    <p class='ocr_par' dir='ltr' id='par_1_6' title="bbox 2128 387 3140 461">
     <span class='ocr_line' id='line_1_6' title="bbox 2128 387 3140 461; baseline -0.007 -16"><span class='ocrx_word' id='word_1_27' title='bbox 2128 392 2350 461; x_wconf 84' lang='lat' dir='ltr'><strong><em>psallam</em></strong></span> <span class='ocrx_word' id='word_1_28' title='bbox 2385 391 2589 443; x_wconf 87' lang='lat' dir='ltr'><strong><em>nomini</em></strong></span> <span class='ocrx_word' id='word_1_29' title='bbox 2621 391 2832 443; x_wconf 84' lang='lat' dir='ltr'><strong><em>Domini</em></strong></span> <span class='ocrx_word' id='word_1_30' title='bbox 2873 387 3140 441; x_wconf 76' lang='lat' dir='ltr'><strong><em>altissimi.</em></strong></span> 
     </span>
    </p>
   </div>
   <div class='ocr_carea' id='block_1_7' title="bbox 1798 553 2360 614">
    <p class='ocr_par' dir='ltr' id='par_1_7' title="bbox 1798 553 2360 614">
     <span class='ocr_line' id='line_1_7' title="bbox 1798 553 2360 614; baseline -0.004 0"><span class='ocrx_word' id='word_1_31' title='bbox 1798 555 1932 614; x_wconf 85' lang='lat' dir='ltr'><strong><em>PSA</em></strong></span> <span class='ocrx_word' id='word_1_32' title='bbox 1948 553 2155 614; x_wconf 80' lang='lat' dir='ltr'><strong>LMUS</strong></span> <span class='ocrx_word' id='word_1_33' title='bbox 2193 554 2360 613; x_wconf 77' lang='lat' dir='ltr'><strong><em>VIIi.</em></strong></span> 
     </span>
    </p>
   </div>
   <div class='ocr_carea' id='block_1_8' title="bbox 503 673 1908 734">
    <p class='ocr_par' dir='ltr' id='par_1_8' title="bbox 503 673 1908 734">
     <span class='ocr_line' id='line_1_8' title="bbox 503 673 1908 734; baseline -0.011 -3"><span class='ocrx_word' id='word_1_34' title='bbox 503 709 505 712; x_wconf 94' lang='grc'><strong>·</strong></span> <span class='ocrx_word' id='word_1_35' title='bbox 553 694 604 731; x_wconf 78' lang='lat' dir='ltr'><strong><em>IN</em></strong></span> <span class='ocrx_word' id='word_1_36' title='bbox 633 689 790 728; x_wconf 67' lang='lat' dir='ltr'><strong><em>FINEM</em></strong></span> <span class='ocrx_word' id='word_1_37' title='bbox 832 673 868 734; x_wconf 59' lang='lat'><strong><em>1,</em></strong></span> <span class='ocrx_word' id='word_1_38' title='bbox 897 687 998 724; x_wconf 67' lang='lat' dir='ltr'><strong><em>PRO</em></strong></span> <span class='ocrx_word' id='word_1_39' title='bbox 1026 681 1445 728; x_wconf 70' lang='lat' dir='ltr'><strong><em>TOHCULARIBCS.</em></strong></span> <span class='ocrx_word' id='word_1_40' title='bbox 1477 679 1704 718; x_wconf 64' lang='lat' dir='ltr'><strong><em>PSALMUS</em></strong></span> <span class='ocrx_word' id='word_1_41' title='bbox 1723 680 1908 718; x_wconf 72' lang='lat' dir='ltr'><strong><em>DAVID.</em></strong></span> 
     </span>
    </p>
   </div>
   <div class='ocr_carea' id='block_1_9' title="bbox 527 774 2020 848">
    <p class='ocr_par' dir='ltr' id='par_1_9' title="bbox 527 774 2020 848">
     <span class='ocr_line' id='line_1_9' title="bbox 527 774 2020 848; baseline -0.009 -8"><span class='ocrx_word' id='word_1_42' title='bbox 527 789 770 845; x_wconf 84' lang='lat' dir='ltr'><strong><em>Domine.</em></strong></span> <span class='ocrx_word' id='word_1_43' title='bbox 817 783 1070 836; x_wconf 77' lang='lat' dir='ltr'><strong><em>Dominus</em></strong></span> <span class='ocrx_word' id='word_1_44' title='bbox 1117 790 1314 846; x_wconf 87' lang='lat' dir='ltr'><strong><em>uoster,</em></strong></span> <span class='ocrx_word' id='word_1_45' title='bbox 1366 795 1527 848; x_wconf 86' lang='lat' dir='ltr'><strong><em>quam</em></strong></span> <span class='ocrx_word' id='word_1_46' title='bbox 1574 774 1891 830; x_wconf 78' lang='lat' dir='ltr'><strong><em>admirabile</em></strong></span> <span class='ocrx_word' id='word_1_47' title='bbox 1941 788 2020 828; x_wconf 82' lang='lat' dir='ltr'><strong><em>est</em></strong></span> 
     </span>
    </p>
   </div>
   <div class='ocr_carea' id='block_1_10' title="bbox 455 871 1427 936">
    <p class='ocr_par' dir='ltr' id='par_1_10' title="bbox 455 871 1427 936">
     <span class='ocr_line' id='line_1_10' title="bbox 455 871 1427 936; baseline -0.012 0"><span class='ocrx_word' id='word_1_48' title='bbox 455 895 639 936; x_wconf 81' lang='lat' dir='ltr'><strong><em>nomen</em></strong></span> <span class='ocrx_word' id='word_1_49' title='bbox 674 889 823 929; x_wconf 89' lang='lat' dir='ltr'><strong><em>tuum</em></strong></span> <span class='ocrx_word' id='word_1_50' title='bbox 869 875 924 926; x_wconf 86' lang='lat' dir='ltr'><strong><em>in</em></strong></span> <span class='ocrx_word' id='word_1_51' title='bbox 964 877 1204 926; x_wconf 88' lang='lat' dir='ltr'><strong><em>universa</em></strong></span> <span class='ocrx_word' id='word_1_52' title='bbox 1243 871 1427 924; x_wconf 88' lang='lat' dir='ltr'><strong><em>terra!</em></strong></span> 
     </span>
    </p>
   </div>
   <div class='ocr_carea' id='block_1_11' title="bbox 524 960 2021 1037">
    <p class='ocr_par' dir='ltr' id='par_1_11' title="bbox 524 960 2021 1037">
     <span class='ocr_line' id='line_1_11' title="bbox 524 960 2021 1037; baseline -0.007 -14"><span class='ocrx_word' id='word_1_53' title='bbox 524 970 787 1037; x_wconf 79' lang='lat' dir='ltr'><strong><em>Quoniam</em></strong></span> <span class='ocrx_word' id='word_1_54' title='bbox 815 965 1020 1020; x_wconf 83' lang='lat' dir='ltr'><strong><em>elevata</em></strong></span> <span class='ocrx_word' id='word_1_55' title='bbox 1063 973 1138 1017; x_wconf 84' lang='lat' dir='ltr'><strong><em>est</em></strong></span> <span class='ocrx_word' id='word_1_56' title='bbox 1191 960 1581 1031; x_wconf 88' lang='lat' dir='ltr'><strong><em>magniﬁcentia</em></strong></span> <span class='ocrx_word' id='word_1_57' title='bbox 1617 969 1708 1011; x_wconf 89' lang='lat' dir='ltr'><strong><em>tua</em></strong></span> <span class='ocrx_word' id='word_1_58' title='bbox 1737 973 1896 1025; x_wconf 90' lang='lat' dir='ltr'><strong><em>super</em></strong></span> <span class='ocrx_word' id='word_1_59' title='bbox 1925 975 2021 1013; x_wconf 81' lang='lat' dir='ltr'><strong><em>ca:-</em></strong></span> 
     </span>
    </p>
   </div>
   <div class='ocr_carea' id='block_1_12' title="bbox 457 1064 550 1116">
    <p class='ocr_par' dir='ltr' id='par_1_12' title="bbox 457 1064 550 1116">
     <span class='ocr_line' id='line_1_12' title="bbox 457 1064 550 1116; baseline 0.011 -2"><span class='ocrx_word' id='word_1_60' title='bbox 457 1064 550 1116; x_wconf 90' lang='lat' dir='ltr'><strong><em>los.</em></strong></span> 
     </span>
    </p>
   </div>
   <div class='ocr_carea' id='block_1_13' title="bbox 526 1142 2027 1220">
    <p class='ocr_par' dir='ltr' id='par_1_13' title="bbox 526 1142 2027 1220">
     <span class='ocr_line' id='line_1_13' title="bbox 526 1142 2027 1220; baseline -0.009 -13"><span class='ocrx_word' id='word_1_61' title='bbox 526 1154 609 1207; x_wconf 73' lang='lat' dir='ltr'><strong><em>Ex</em></strong></span> <span class='ocrx_word' id='word_1_62' title='bbox 655 1169 743 1208; x_wconf 88' lang='lat' dir='ltr'><strong><em>ore</em></strong></span> <span class='ocrx_word' id='word_1_63' title='bbox 773 1151 1064 1220; x_wconf 79' lang='lat' dir='ltr'><strong><em>infantium</em></strong></span> <span class='ocrx_word' id='word_1_64' title='bbox 1105 1157 1154 1200; x_wconf 85' lang='lat' dir='ltr'><strong><em>et</em></strong></span> <span class='ocrx_word' id='word_1_65' title='bbox 1191 1143 1497 1199; x_wconf 87' lang='lat' dir='ltr'><strong><em>lactentium</em></strong></span> <span class='ocrx_word' id='word_1_66' title='bbox 1533 1146 1552 1174; x_wconf 84' lang='grc'>²</span> <span class='ocrx_word' id='word_1_67' title='bbox 1591 1142 1854 1211; x_wconf 78' lang='lat' dir='ltr'><strong><em>perfecisti</em></strong></span> <span class='ocrx_word' id='word_1_68' title='bbox 1906 1143 2027 1195; x_wconf 88' lang='lat' dir='ltr'><strong><em>lau-</em></strong></span> 
     </span>
    </p>
   </div>
   <div class='ocr_carea' id='block_1_14' title="bbox 454 1234 2027 1314">
    <p class='ocr_par' dir='ltr' id='par_1_14' title="bbox 454 1234 2027 1314">
     <span class='ocr_line' id='line_1_14' title="bbox 454 1234 2027 1314; baseline -0.007 -17"><span class='ocrx_word' id='word_1_69' title='bbox 454 1248 590 1307; x_wconf 75' lang='lat' dir='ltr'><strong><em>dem,</em></strong></span> <span class='ocrx_word' id='word_1_70' title='bbox 619 1253 832 1314; x_wconf 82' lang='lat' dir='ltr'><strong><em>prapter</em></strong></span> <span class='ocrx_word' id='word_1_71' title='bbox 883 1243 1126 1301; x_wconf 85' lang='lat' dir='ltr'><strong><em>inimicos</em></strong></span> <span class='ocrx_word' id='word_1_72' title='bbox 1167 1247 1305 1300; x_wconf 85' lang='lat' dir='ltr'><strong><em>tuos,</em></strong></span> <span class='ocrx_word' id='word_1_73' title='bbox 1372 1243 1430 1287; x_wconf 86' lang='lat' dir='ltr'><strong><em>ut</em></strong></span> <span class='ocrx_word' id='word_1_74' title='bbox 1469 1234 1711 1287; x_wconf 69' lang='lat' dir='ltr'><strong><em>destruat</em></strong></span> <span class='ocrx_word' id='word_1_75' title='bbox 1757 1234 2027 1286; x_wconf 85' lang='lat' dir='ltr'><strong><em>inimicum</em></strong></span> 
     </span>
    </p>
   </div>
   <div class='ocr_carea' id='block_1_15' title="bbox 456 1336 795 1388">
    <p class='ocr_par' dir='ltr' id='par_1_15' title="bbox 456 1336 795 1388">
     <span class='ocr_line' id='line_1_15' title="bbox 456 1336 795 1388; baseline -0.009 0"><span class='ocrx_word' id='word_1_76' title='bbox 456 1348 500 1388; x_wconf 81' lang='lat' dir='ltr'><strong><em>t-t</em></strong></span> <span class='ocrx_word' id='word_1_77' title='bbox 537 1336 795 1388; x_wconf 60' lang='lat' dir='ltr'><strong><em>ultorem:</em></strong></span> 
     </span>
    </p>
   </div>
   <div class='ocr_carea' id='block_1_16' title="bbox 526 1415 2028 1491">
    <p class='ocr_par' dir='ltr' id='par_1_16' title="bbox 526 1415 2028 1491">
     <span class='ocr_line' id='line_1_16' title="bbox 526 1415 2028 1491; baseline -0.008 -13"><span class='ocrx_word' id='word_1_78' title='bbox 526 1429 786 1491; x_wconf 82' lang='lat' dir='ltr'><strong><em>Quoniam</em></strong></span> <span class='ocrx_word' id='word_1_79' title='bbox 814 1422 994 1478; x_wconf 77' lang='lat' dir='ltr'><strong><em>videbo</em></strong></span> <span class='ocrx_word' id='word_1_80' title='bbox 1020 1421 1172 1476; x_wconf 75' lang='lat' dir='ltr'><strong><em>cwlos</em></strong></span> <span class='ocrx_word' id='word_1_81' title='bbox 1200 1421 1266 1486; x_wconf 76' lang='lat' dir='ltr'><strong><em>)t&lt;</em></strong></span> <span class='ocrx_word' id='word_1_82' title='bbox 1301 1427 1415 1471; x_wconf 89' lang='lat' dir='ltr'><strong><em>tuos</em></strong></span> <span class='ocrx_word' id='word_1_83' title='bbox 1446 1416 1466 1446; x_wconf 83' lang='grc'>³</span> <span class='ocrx_word' id='word_1_84' title='bbox 1507 1416 1528 1484; x_wconf 73' lang='grc' dir='ltr'>ζ</span> <span class='ocrx_word' id='word_1_85' title='bbox 1555 1431 1711 1480; x_wconf 76' lang='lat' dir='ltr'><strong><em>onera</em></strong></span> <span class='ocrx_word' id='word_1_86' title='bbox 1741 1415 2028 1483; x_wconf 70' lang='lat' dir='ltr'><strong><em>digitorum</em></strong></span> 
     </span>
    </p>
   </div>
   <div class='ocr_carea' id='block_1_17' title="bbox 455 1506 1921 1582">
    <p class='ocr_par' dir='ltr' id='par_1_17' title="bbox 455 1506 1921 1582">
     <span class='ocr_line' id='line_1_17' title="bbox 455 1506 1921 1582; baseline -0.009 -11"><span class='ocrx_word' id='word_1_87' title='bbox 455 1535 688 1582; x_wconf 85' lang='lat' dir='ltr'><strong><em>tuorum,</em></strong></span> <span class='ocrx_word' id='word_1_88' title='bbox 745 1518 929 1570; x_wconf 89' lang='lat' dir='ltr'><strong><em>lunam</em></strong></span> <span class='ocrx_word' id='word_1_89' title='bbox 977 1523 1025 1566; x_wconf 88' lang='lat' dir='ltr'><strong><em>et</em></strong></span> <span class='ocrx_word' id='word_1_90' title='bbox 1062 1512 1243 1566; x_wconf 83' lang='lat' dir='ltr'><strong><em>stellas</em></strong></span> <span class='ocrx_word' id='word_1_91' title='bbox 1273 1525 1392 1580; x_wconf 68' lang='lat' dir='ltr'><strong><em>qua:</em></strong></span> <span class='ocrx_word' id='word_1_92' title='bbox 1421 1521 1483 1562; x_wconf 61' lang='grc' dir='ltr'><strong><em>σε»</em></strong></span> <span class='ocrx_word' id='word_1_93' title='bbox 1529 1519 1584 1560; x_wconf 87' lang='lat' dir='ltr'><strong><em>tu</em></strong></span> <span class='ocrx_word' id='word_1_94' title='bbox 1614 1507 1636 1575; x_wconf 75' lang='grc' dir='ltr'>ζ</span> <span class='ocrx_word' id='word_1_95' title='bbox 1663 1506 1921 1573; x_wconf 72' lang='lat' dir='ltr'><strong><em>fundasti.</em></strong></span> 
     </span>
    </p>
   </div>
   <div class='ocr_carea' id='block_1_18' title="bbox 2347 658 3501 721">
    <p class='ocr_par' dir='ltr' id='par_1_18' title="bbox 2347 658 3501 721">
     <span class='ocr_line' id='line_1_18' title="bbox 2347 658 3501 721; baseline -0.006 -5"><span class='ocrx_word' id='word_1_96' title='bbox 2347 679 2399 716; x_wconf 76' lang='lat' dir='ltr'><strong><em>IN</em></strong></span> <span class='ocrx_word' id='word_1_97' title='bbox 2430 678 2607 721; x_wconf 72' lang='lat' dir='ltr'><strong><em>nat-zu.</em></strong></span> <span class='ocrx_word' id='word_1_98' title='bbox 2645 675 2746 715; x_wconf 74' lang='lat' dir='ltr'><strong><em>eno</em></strong></span> <span class='ocrx_word' id='word_1_99' title='bbox 2776 674 2947 713; x_wconf 68' lang='lat' dir='ltr'><strong><em>LASSI;</em></strong></span> <span class='ocrx_word' id='word_1_100' title='bbox 2985 658 3029 718; x_wconf 84' lang='lat'><strong><em>&#39;.</em></strong></span> <span class='ocrx_word' id='word_1_101' title='bbox 3065 670 3293 711; x_wconf 67' lang='lat' dir='ltr'><strong><em>rsswos</em></strong></span> <span class='ocrx_word' id='word_1_102' title='bbox 3323 671 3501 710; x_wconf 70' lang='lat' dir='ltr'><strong><em>osvm.</em></strong></span> 
     </span>
    </p>
   </div>
   <div class='ocr_carea' id='block_1_19' title="bbox 2195 771 3709 843">
    <p class='ocr_par' dir='ltr' id='par_1_19' title="bbox 2195 771 3709 843">
     <span class='ocr_line' id='line_1_19' title="bbox 2195 771 3709 843; baseline -0.003 -10"><span class='ocrx_word' id='word_1_103' title='bbox 2195 779 2446 843; x_wconf 88' lang='lat' dir='ltr'><strong><em>Domine,</em></strong></span> <span class='ocrx_word' id='word_1_104' title='bbox 2498 777 2758 831; x_wconf 80' lang='lat' dir='ltr'><strong><em>Dominus</em></strong></span> <span class='ocrx_word' id='word_1_105' title='bbox 2811 785 3015 836; x_wconf 85' lang='lat' dir='ltr'><strong><em>noster,</em></strong></span> <span class='ocrx_word' id='word_1_106' title='bbox 3064 788 3226 841; x_wconf 85' lang='lat' dir='ltr'><strong><em>quam</em></strong></span> <span class='ocrx_word' id='word_1_107' title='bbox 3274 771 3594 828; x_wconf 79' lang='lat' dir='ltr'><strong><em>admirabile</em></strong></span> <span class='ocrx_word' id='word_1_108' title='bbox 3620 782 3709 828; x_wconf 83' lang='lat' dir='ltr'><strong><em>est</em></strong></span> 
     </span>
    </p>
   </div>
   <div class='ocr_carea' id='block_1_20' title="bbox 2130 868 3101 925">
    <p class='ocr_par' dir='ltr' id='par_1_20' title="bbox 2130 868 3101 925">
     <span class='ocr_line' id='line_1_20' title="bbox 2130 868 3101 925; baseline -0.003 -1"><span class='ocrx_word' id='word_1_109' title='bbox 2130 886 2328 925; x_wconf 85' lang='lat' dir='ltr'><strong><em>nomen</em></strong></span> <span class='ocrx_word' id='word_1_110' title='bbox 2358 880 2514 924; x_wconf 83' lang='lat' dir='ltr'><strong><em>tuum</em></strong></span> <span class='ocrx_word' id='word_1_111' title='bbox 2548 869 2600 923; x_wconf 91' lang='lat' dir='ltr'><strong><em>in</em></strong></span> <span class='ocrx_word' id='word_1_112' title='bbox 2635 871 2889 922; x_wconf 80' lang='lat' dir='ltr'><strong><em>universa</em></strong></span> <span class='ocrx_word' id='word_1_113' title='bbox 2921 868 3101 921; x_wconf 84' lang='lat' dir='ltr'><strong><em>terral</em></strong></span> 
     </span>
    </p>
   </div>
   <div class='ocr_carea' id='block_1_21' title="bbox 2201 958 3707 1030">
    <p class='ocr_par' dir='ltr' id='par_1_21' title="bbox 2201 958 3707 1030">
     <span class='ocr_line' id='line_1_21' title="bbox 2201 958 3707 1030; baseline -0.003 -13"><span class='ocrx_word' id='word_1_114' title='bbox 2201 963 2468 1030; x_wconf 77' lang='lat' dir='ltr'><strong><em>Quoniam</em></strong></span> <span class='ocrx_word' id='word_1_115' title='bbox 2513 961 2722 1016; x_wconf 84' lang='lat' dir='ltr'><strong><em>elevata</em></strong></span> <span class='ocrx_word' id='word_1_116' title='bbox 2771 969 2854 1015; x_wconf 85' lang='lat' dir='ltr'><strong><em>est</em></strong></span> <span class='ocrx_word' id='word_1_117' title='bbox 2908 958 3306 1029; x_wconf 79' lang='lat' dir='ltr'><strong><em>magniﬁcentia</em></strong></span> <span class='ocrx_word' id='word_1_118' title='bbox 3355 965 3488 1024; x_wconf 87' lang='lat' dir='ltr'><strong><em>tua,</em></strong></span> <span class='ocrx_word' id='word_1_119' title='bbox 3537 974 3707 1028; x_wconf 80' lang='lat' dir='ltr'><strong><em>super</em></strong></span> 
     </span>
    </p>
   </div>
   <div class='ocr_carea' id='block_1_22' title="bbox 2132 1055 2319 1110">
    <p class='ocr_par' dir='ltr' id='par_1_22' title="bbox 2132 1055 2319 1110">
     <span class='ocr_line' id='line_1_22' title="bbox 2132 1055 2319 1110; baseline 0 -1"><span class='ocrx_word' id='word_1_120' title='bbox 2132 1055 2319 1110; x_wconf 76' lang='lat' dir='ltr'><strong><em>caelos.</em></strong></span> 
     </span>
    </p>
   </div>
   <div class='ocr_carea' id='block_1_23' title="bbox 2197 1141 3699 1211">
    <p class='ocr_par' dir='ltr' id='par_1_23' title="bbox 2197 1141 3699 1211">
     <span class='ocr_line' id='line_1_23' title="bbox 2197 1141 3699 1211; baseline -0.003 -11"><span class='ocrx_word' id='word_1_121' title='bbox 2197 1145 2276 1200; x_wconf 77' lang='lat' dir='ltr'><strong><em>Ex</em></strong></span> <span class='ocrx_word' id='word_1_122' title='bbox 2301 1159 2398 1200; x_wconf 87' lang='lat' dir='ltr'><strong><em>ore</em></strong></span> <span class='ocrx_word' id='word_1_123' title='bbox 2420 1145 2710 1201; x_wconf 80' lang='lat' dir='ltr'><strong><em>infantium</em></strong></span> <span class='ocrx_word' id='word_1_124' title='bbox 2731 1152 2789 1198; x_wconf 89' lang='lat' dir='ltr'><strong><em>et</em></strong></span> <span class='ocrx_word' id='word_1_125' title='bbox 2809 1142 3126 1198; x_wconf 87' lang='lat' dir='ltr'><strong><em>lactentium</em></strong></span> <span class='ocrx_word' id='word_1_126' title='bbox 3159 1141 3429 1211; x_wconf 75' lang='lat' dir='ltr'><strong><em>perlecisxi</em></strong></span> <span class='ocrx_word' id='word_1_127' title='bbox 3451 1143 3699 1209; x_wconf 87' lang='lat' dir='ltr'><strong><em>laudem,</em></strong></span> 
     </span>
    </p>
   </div>
   <div class='ocr_carea' id='block_1_24' title="bbox 2124 1233 3711 1308">
    <p class='ocr_par' dir='ltr' id='par_1_24' title="bbox 2124 1233 3711 1308">
     <span class='ocr_line' id='line_1_24' title="bbox 2124 1233 3711 1308; baseline -0.003 -16"><span class='ocrx_word' id='word_1_128' title='bbox 2124 1245 2344 1308; x_wconf 87' lang='lat' dir='ltr'><strong><em>propter</em></strong></span> <span class='ocrx_word' id='word_1_129' title='bbox 2394 1238 2646 1293; x_wconf 89' lang='lat' dir='ltr'><strong><em>inimicos</em></strong></span> <span class='ocrx_word' id='word_1_130' title='bbox 2699 1246 2871 1291; x_wconf 87' lang='lat' dir='ltr'><strong><em>tuos:</em></strong></span> <span class='ocrx_word' id='word_1_131' title='bbox 2917 1242 2978 1288; x_wconf 95' lang='lat' dir='ltr'><strong><em>ut</em></strong></span> <span class='ocrx_word' id='word_1_132' title='bbox 3020 1233 3272 1288; x_wconf 86' lang='lat' dir='ltr'><strong><em>destruas</em></strong></span> <span class='ocrx_word' id='word_1_133' title='bbox 3323 1235 3597 1290; x_wconf 87' lang='lat' dir='ltr'><strong><em>inimicum</em></strong></span> <span class='ocrx_word' id='word_1_134' title='bbox 3651 1245 3711 1289; x_wconf 81' lang='lat' dir='ltr'><strong><em>et</em></strong></span> 
     </span>
    </p>
   </div>
   <div class='ocr_carea' id='block_1_25' title="bbox 2126 1331 2490 1386">
    <p class='ocr_par' dir='ltr' id='par_1_25' title="bbox 2126 1331 2490 1386">
     <span class='ocr_line' id='line_1_25' title="bbox 2126 1331 2490 1386; baseline -0.003 0"><span class='ocrx_word' id='word_1_135' title='bbox 2126 1331 2490 1386; x_wconf 79' lang='lat' dir='ltr'><strong><em>defensorem.</em></strong></span> 
     </span>
    </p>
   </div>
   <div class='ocr_carea' id='block_1_26' title="bbox 2196 1417 3704 1490">
    <p class='ocr_par' dir='ltr' id='par_1_26' title="bbox 2196 1417 3704 1490">
     <span class='ocr_line' id='line_1_26' title="bbox 2196 1417 3704 1490; baseline -0.001 -14"><span class='ocrx_word' id='word_1_136' title='bbox 2196 1423 2458 1488; x_wconf 82' lang='lat' dir='ltr'><strong><em>Quoniam</em></strong></span> <span class='ocrx_word' id='word_1_137' title='bbox 2490 1421 2684 1475; x_wconf 83' lang='lat' dir='ltr'><strong><em>videbo</em></strong></span> <span class='ocrx_word' id='word_1_138' title='bbox 2712 1419 2904 1486; x_wconf 66' lang='lat' dir='ltr'><strong><em>caelos,</em></strong></span> <span class='ocrx_word' id='word_1_139' title='bbox 2938 1433 3106 1490; x_wconf 85' lang='lat' dir='ltr'><strong><em>opera</em></strong></span> <span class='ocrx_word' id='word_1_140' title='bbox 3135 1417 3427 1488; x_wconf 76' lang='lat' dir='ltr'><strong><em>digitorum</em></strong></span> <span class='ocrx_word' id='word_1_141' title='bbox 3461 1427 3704 1476; x_wconf 84' lang='lat' dir='ltr'><strong><em>tuorum:</em></strong></span> 
     </span>
    </p>
   </div>
   <div class='ocr_carea' id='block_1_27' title="bbox 2127 1511 3178 1582">
    <p class='ocr_par' dir='ltr' id='par_1_27' title="bbox 2127 1511 3178 1582">
     <span class='ocr_line' id='line_1_27' title="bbox 2127 1511 3178 1582; baseline -0.006 -13"><span class='ocrx_word' id='word_1_142' title='bbox 2127 1515 2309 1570; x_wconf 90' lang='lat' dir='ltr'><strong><em>lunam</em></strong></span> <span class='ocrx_word' id='word_1_143' title='bbox 2339 1527 2392 1568; x_wconf 88' lang='lat' dir='ltr'><strong><em>et</em></strong></span> <span class='ocrx_word' id='word_1_144' title='bbox 2429 1514 2638 1577; x_wconf 82' lang='lat' dir='ltr'><strong><em>stellas,</em></strong></span> <span class='ocrx_word' id='word_1_145' title='bbox 2668 1526 2806 1582; x_wconf 85' lang='lat' dir='ltr'><strong><em>quas</em></strong></span> <span class='ocrx_word' id='word_1_146' title='bbox 2831 1521 2887 1568; x_wconf 84' lang='lat' dir='ltr'><strong><em>tu</em></strong></span> <span class='ocrx_word' id='word_1_147' title='bbox 2917 1511 3178 1567; x_wconf 76' lang='lat' dir='ltr'><strong><em>fundasti.</em></strong></span> 
     </span>
    </p>
   </div>
   <div class='ocr_carea' id='block_1_28' title="bbox 525 1597 3704 1686">
    <p class='ocr_par' dir='ltr' id='par_1_28' title="bbox 525 1597 3704 1686">
     <span class='ocr_line' id='line_1_28' title="bbox 525 1597 3704 1686; baseline -0.002 -26"><span class='ocrx_word' id='word_1_148' title='bbox 525 1610 662 1674; x_wconf 76' lang='lat' dir='ltr'><strong><em>Quid</em></strong></span> <span class='ocrx_word' id='word_1_149' title='bbox 705 1621 775 1661; x_wconf 83' lang='lat' dir='ltr'><strong><em>est</em></strong></span> <span class='ocrx_word' id='word_1_150' title='bbox 832 1609 1005 1670; x_wconf 85' lang='lat' dir='ltr'><strong><em>homo,</em></strong></span> <span class='ocrx_word' id='word_1_151' title='bbox 1051 1605 1191 1671; x_wconf 89' lang='lat' dir='ltr'><strong><em>quod</em></strong></span> <span class='ocrx_word' id='word_1_152' title='bbox 1236 1616 1433 1654; x_wconf 88' lang='lat' dir='ltr'><strong><em>memor</em></strong></span> <span class='ocrx_word' id='word_1_153' title='bbox 1465 1615 1516 1652; x_wconf 90' lang='lat' dir='ltr'><strong><em>es</em></strong></span> <span class='ocrx_word' id='word_1_154' title='bbox 1547 1598 1701 1665; x_wconf 81' lang='lat' dir='ltr'><strong><em>eius?</em></strong></span> <span class='ocrx_word' id='word_1_155' title='bbox 1753 1608 1843 1649; x_wconf 87' lang='lat' dir='ltr'><strong><em>aut</em></strong></span> <span class='ocrx_word' id='word_1_156' title='bbox 1879 1597 2023 1662; x_wconf 87' lang='lat' dir='ltr'><strong><em>ﬁlius</em></strong></span> <span class='ocrx_word' id='word_1_157' title='bbox 2057 1633 2098 1686; x_wconf 69' lang='grc' dir='ltr'><strong>Β</strong></span> <span class='ocrx_word' id='word_1_158' title='bbox 2195 1609 2337 1673; x_wconf 87' lang='lat' dir='ltr'><strong><em>Quid</em></strong></span> <span class='ocrx_word' id='word_1_159' title='bbox 2389 1617 2472 1660; x_wconf 82' lang='lat' dir='ltr'><strong><em>est</em></strong></span> <span class='ocrx_word' id='word_1_160' title='bbox 2528 1607 2711 1673; x_wconf 83' lang='lat' dir='ltr'><strong><em>homo,</em></strong></span> <span class='ocrx_word' id='word_1_161' title='bbox 2743 1605 2889 1676; x_wconf 88' lang='lat' dir='ltr'><strong><em>quod</em></strong></span> <span class='ocrx_word' id='word_1_162' title='bbox 2933 1602 3080 1679; x_wconf 63' lang='grc' dir='ltr'><strong><em>[ηις.</em></strong></span> <span class='ocrx_word' id='word_1_163' title='bbox 3129 1600 3428 1673; x_wconf 89' lang='lat' dir='ltr'><strong><em>quoniam]</em></strong></span> <span class='ocrx_word' id='word_1_164' title='bbox 3491 1617 3704 1656; x_wconf 84' lang='lat' dir='ltr'><strong><em>memor</em></strong></span> 
     </span>
    </p>
   </div>
   <div class='ocr_carea' id='block_1_29' title="bbox 455 1692 1395 1767">
    <p class='ocr_par' dir='ltr' id='par_1_29' title="bbox 455 1692 1395 1767">
     <span class='ocr_line' id='line_1_29' title="bbox 455 1692 1395 1767; baseline -0.009 -16"><span class='ocrx_word' id='word_1_165' title='bbox 455 1700 701 1760; x_wconf 80' lang='lat' dir='ltr'><strong><em>hominis,</em></strong></span> <span class='ocrx_word' id='word_1_166' title='bbox 736 1698 987 1767; x_wconf 86' lang='lat' dir='ltr'><strong><em>quoniam</em></strong></span> <span class='ocrx_word' id='word_1_167' title='bbox 1013 1695 1196 1746; x_wconf 82' lang='lat' dir='ltr'><strong><em>visitas</em></strong></span> <span class='ocrx_word' id='word_1_168' title='bbox 1227 1692 1395 1746; x_wconf 83' lang='lat' dir='ltr'><strong><em>eum?</em></strong></span> 
     </span>
    </p>
   </div>
   <div class='ocr_carea' id='block_1_30' title="bbox 531 1781 2025 1856">
    <p class='ocr_par' dir='ltr' id='par_1_30' title="bbox 531 1781 2025 1856">
     <span class='ocr_line' id='line_1_30' title="bbox 531 1781 2025 1856; baseline -0.004 -14"><span class='ocrx_word' id='word_1_169' title='bbox 531 1789 909 1842; x_wconf 86' lang='lat' dir='ltr'><strong><em>Minuistieum</em></strong></span> <span class='ocrx_word' id='word_1_170' title='bbox 938 1785 1096 1856; x_wconf 82' lang='lat' dir='ltr'><strong><em>paulo</em></strong></span> <span class='ocrx_word' id='word_1_171' title='bbox 1151 1786 1323 1837; x_wconf 85' lang='lat' dir='ltr'><strong><em>minus</em></strong></span> <span class='ocrx_word' id='word_1_172' title='bbox 1365 1783 1428 1835; x_wconf 89' lang='lat' dir='ltr'><strong><em>ab</em></strong></span> <span class='ocrx_word' id='word_1_173' title='bbox 1460 1781 1662 1851; x_wconf 83' lang='lat' dir='ltr'><strong><em>angelis</em></strong></span> <span class='ocrx_word' id='word_1_174' title='bbox 1701 1798 1718 1834; x_wconf 91' lang='lat'><strong><em>:</em></strong></span> <span class='ocrx_word' id='word_1_175' title='bbox 1761 1783 1932 1852; x_wconf 87' lang='lat' dir='ltr'><strong><em>gloria</em></strong></span> <span class='ocrx_word' id='word_1_176' title='bbox 1979 1795 2025 1836; x_wconf 85' lang='lat' dir='ltr'><strong><em>et</em></strong></span> 
     </span>
    </p>
   </div>
   <div class='ocr_carea' id='block_1_31' title="bbox 457 1875 2028 1946">
    <p class='ocr_par' dir='ltr' id='par_1_31' title="bbox 457 1875 2028 1946">
     <span class='ocr_line' id='line_1_31' title="bbox 457 1875 2028 1946; baseline -0.004 -13"><span class='ocrx_word' id='word_1_177' title='bbox 457 1886 652 1936; x_wconf 82' lang='lat' dir='ltr'><strong><em>honore</em></strong></span> <span class='ocrx_word' id='word_1_178' title='bbox 680 1882 945 1935; x_wconf 72' lang='lat' dir='ltr'><strong><em>cat-onain</em></strong></span> <span class='ocrx_word' id='word_1_179' title='bbox 973 1895 1087 1931; x_wconf 90' lang='lat' dir='ltr'><strong><em>eum</em></strong></span> <span class='ocrx_word' id='word_1_180' title='bbox 1125 1895 1143 1932; x_wconf 89' lang='lat'><strong><em>:</em></strong></span> <span class='ocrx_word' id='word_1_181' title='bbox 1180 1893 1240 1933; x_wconf 72' lang='grc' dir='ltr'><strong><em>σε·</em></strong></span> <span class='ocrx_word' id='word_1_182' title='bbox 1266 1891 1310 1931; x_wconf 85' lang='lat' dir='ltr'><strong><em>et</em></strong></span> <span class='ocrx_word' id='word_1_183' title='bbox 1338 1875 1360 1906; x_wconf 69' lang='grc'><strong>⁸</strong></span> <span class='ocrx_word' id='word_1_184' title='bbox 1397 1877 1418 1946; x_wconf 71' lang='grc' dir='ltr'>ζ</span> <span class='ocrx_word' id='word_1_185' title='bbox 1454 1876 1767 1928; x_wconf 87' lang='lat' dir='ltr'><strong><em>constituisti</em></strong></span> <span class='ocrx_word' id='word_1_186' title='bbox 1794 1892 1908 1928; x_wconf 86' lang='lat' dir='ltr'><strong><em>eum</em></strong></span> <span class='ocrx_word' id='word_1_187' title='bbox 1938 1893 2028 1928; x_wconf 84' lang='lat' dir='ltr'><strong><em>sn-</em></strong></span> 
     </span>
    </p>
   </div>
   <div class='ocr_carea' id='block_1_32' title="bbox 456 1981 1287 2044">
    <p class='ocr_par' dir='ltr' id='par_1_32' title="bbox 456 1981 1287 2044">
     <span class='ocr_line' id='line_1_32' title="bbox 456 1981 1287 2044; baseline -0.008 -16"><span class='ocrx_word' id='word_1_188' title='bbox 456 1994 548 2044; x_wconf 80' lang='lat' dir='ltr'><strong><em>per</em></strong></span> <span class='ocrx_word' id='word_1_189' title='bbox 577 1991 733 2037; x_wconf 78' lang='lat' dir='ltr'><strong><em>Opera</em></strong></span> <span class='ocrx_word' id='word_1_190' title='bbox 762 1989 1015 2026; x_wconf 81' lang='lat' dir='ltr'><strong><em>manuum</em></strong></span> <span class='ocrx_word' id='word_1_191' title='bbox 1053 1981 1287 2023; x_wconf 88' lang='lat' dir='ltr'><strong><em>tuarum.</em></strong></span> 
     </span>
    </p>
   </div>
   <div class='ocr_carea' id='block_1_33' title="bbox 528 2062 2024 2132">
    <p class='ocr_par' dir='ltr' id='par_1_33' title="bbox 528 2062 2024 2132">
     <span class='ocr_line' id='line_1_33' title="bbox 528 2062 2024 2132; baseline -0.002 -12"><span class='ocrx_word' id='word_1_192' title='bbox 528 2067 719 2121; x_wconf 87' lang='lat' dir='ltr'><strong><em>Omnia</em></strong></span> <span class='ocrx_word' id='word_1_193' title='bbox 746 2064 1016 2132; x_wconf 87' lang='lat' dir='ltr'><strong><em>subjecisti</em></strong></span> <span class='ocrx_word' id='word_1_194' title='bbox 1045 2066 1140 2117; x_wconf 83' lang='lat' dir='ltr'><strong><em>sub</em></strong></span> <span class='ocrx_word' id='word_1_195' title='bbox 1171 2062 1383 2130; x_wconf 84' lang='lat' dir='ltr'><strong><em>pedibus</em></strong></span> <span class='ocrx_word' id='word_1_196' title='bbox 1419 2064 1557 2131; x_wconf 89' lang='lat' dir='ltr'><strong><em>ejus,</em></strong></span> <span class='ocrx_word' id='word_1_197' title='bbox 1616 2077 1734 2114; x_wconf 79' lang='lat' dir='ltr'><strong><em>oves</em></strong></span> <span class='ocrx_word' id='word_1_198' title='bbox 1782 2070 1829 2115; x_wconf 90' lang='lat' dir='ltr'><strong><em>et</em></strong></span> <span class='ocrx_word' id='word_1_199' title='bbox 1875 2064 2024 2117; x_wconf 84' lang='lat' dir='ltr'><strong><em>boves</em></strong></span> 
     </span>
    </p>
   </div>
   <div class='ocr_carea' id='block_1_34' title="bbox 458 2155 1545 2221">
    <p class='ocr_par' dir='ltr' id='par_1_34' title="bbox 458 2155 1545 2221">
     <span class='ocr_line' id='line_1_34' title="bbox 458 2155 1545 2221; baseline -0.007 -10"><span class='ocrx_word' id='word_1_200' title='bbox 458 2159 750 2218; x_wconf 86' lang='lat' dir='ltr'><strong><em>universas,</em></strong></span> <span class='ocrx_word' id='word_1_201' title='bbox 782 2157 994 2220; x_wconf 84' lang='lat' dir='ltr'><strong><em>insuper</em></strong></span> <span class='ocrx_word' id='word_1_202' title='bbox 1026 2163 1075 2207; x_wconf 92' lang='lat' dir='ltr'><strong><em>et</em></strong></span> <span class='ocrx_word' id='word_1_203' title='bbox 1115 2169 1307 2221; x_wconf 69' lang='lat' dir='ltr'><strong><em>perora</em></strong></span> <span class='ocrx_word' id='word_1_204' title='bbox 1355 2155 1545 2221; x_wconf 81' lang='lat' dir='ltr'><strong><em>campi.</em></strong></span> 
     </span>
    </p>
   </div>
   <div class='ocr_carea' id='block_1_35' title="bbox 538 2247 2025 2314">
    <p class='ocr_par' dir='ltr' id='par_1_35' title="bbox 538 2247 2025 2314">
     <span class='ocr_line' id='line_1_35' title="bbox 538 2247 2025 2314; baseline -0.001 -14"><span class='ocrx_word' id='word_1_205' title='bbox 538 2249 776 2300; x_wconf 81' lang='lat' dir='ltr'><strong><em>l’olucres</em></strong></span> <span class='ocrx_word' id='word_1_206' title='bbox 803 2247 918 2299; x_wconf 79' lang='lat' dir='ltr'><strong><em>caeli</em></strong></span> <span class='ocrx_word' id='word_1_207' title='bbox 962 2257 1011 2297; x_wconf 89' lang='lat' dir='ltr'><strong><em>et</em></strong></span> <span class='ocrx_word' id='word_1_208' title='bbox 1065 2247 1227 2312; x_wconf 82' lang='lat' dir='ltr'><strong><em>pisces</em></strong></span> <span class='ocrx_word' id='word_1_209' title='bbox 1271 2247 1462 2309; x_wconf 81' lang='lat' dir='ltr'><strong><em>maris,</em></strong></span> <span class='ocrx_word' id='word_1_210' title='bbox 1523 2247 1612 2314; x_wconf 87' lang='lat' dir='ltr'><strong><em>qui</em></strong></span> <span class='ocrx_word' id='word_1_211' title='bbox 1655 2249 2025 2314; x_wconf 85' lang='lat' dir='ltr'><strong><em>perambulant</em></strong></span> 
     </span>
    </p>
   </div>
   <div class='ocr_carea' id='block_1_36' title="bbox 459 2340 910 2392">
    <p class='ocr_par' dir='ltr' id='par_1_36' title="bbox 459 2340 910 2392">
     <span class='ocr_line' id='line_1_36' title="bbox 459 2340 910 2392; baseline -0.002 -1"><span class='ocrx_word' id='word_1_212' title='bbox 459 2343 674 2392; x_wconf 73' lang='lat' dir='ltr'><strong><em>semitas</em></strong></span> <span class='ocrx_word' id='word_1_213' title='bbox 722 2340 910 2392; x_wconf 83' lang='lat' dir='ltr'><strong><em>muris.</em></strong></span> 
     </span>
    </p>
   </div>
   <div class='ocr_carea' id='block_1_37' title="bbox 538 2427 2026 2494">
    <p class='ocr_par' dir='ltr' id='par_1_37' title="bbox 538 2427 2026 2494">
     <span class='ocr_line' id='line_1_37' title="bbox 538 2427 2026 2494; baseline -0.001 -11"><span class='ocrx_word' id='word_1_214' title='bbox 538 2432 789 2492; x_wconf 82' lang='lat' dir='ltr'><strong><em>Domine,</em></strong></span> <span class='ocrx_word' id='word_1_215' title='bbox 833 2428 1084 2481; x_wconf 79' lang='lat' dir='ltr'><strong><em>Dominus</em></strong></span> <span class='ocrx_word' id='word_1_216' title='bbox 1123 2436 1335 2488; x_wconf 86' lang='lat' dir='ltr'><strong><em>noster,</em></strong></span> <span class='ocrx_word' id='word_1_217' title='bbox 1380 2444 1538 2494; x_wconf 88' lang='lat' dir='ltr'><strong><em>quam</em></strong></span> <span class='ocrx_word' id='word_1_218' title='bbox 1587 2427 1905 2482; x_wconf 65' lang='lat' dir='ltr'><strong><em>admirabile</em></strong></span> <span class='ocrx_word' id='word_1_219' title='bbox 1947 2440 2026 2482; x_wconf 84' lang='lat' dir='ltr'><strong><em>est</em></strong></span> 
     </span>
    </p>
   </div>
   <div class='ocr_carea' id='block_1_38' title="bbox 461 2522 1430 2580">
    <p class='ocr_par' dir='ltr' id='par_1_38' title="bbox 461 2522 1430 2580">
     <span class='ocr_line' id='line_1_38' title="bbox 461 2522 1430 2580; baseline -0.006 -2"><span class='ocrx_word' id='word_1_220' title='bbox 461 2543 647 2580; x_wconf 68' lang='lat' dir='ltr'><strong><em>nomen</em></strong></span> <span class='ocrx_word' id='word_1_221' title='bbox 681 2538 828 2576; x_wconf 88' lang='lat' dir='ltr'><strong><em>tuum</em></strong></span> <span class='ocrx_word' id='word_1_222' title='bbox 872 2539 923 2574; x_wconf 79' lang='lat' dir='ltr'><strong><em>in</em></strong></span> <span class='ocrx_word' id='word_1_223' title='bbox 959 2524 1203 2574; x_wconf 80' lang='lat' dir='ltr'><strong><em>universa</em></strong></span> <span class='ocrx_word' id='word_1_224' title='bbox 1243 2531 1382 2574; x_wconf 85' lang='lat' dir='ltr'><strong><em>terra</em></strong></span> <span class='ocrx_word' id='word_1_225' title='bbox 1409 2522 1430 2572; x_wconf 64' lang='grc' dir='ltr'><strong><em>,ε</em></strong></span> 
     </span>
    </p>
   </div>
   <div class='ocr_carea' id='block_1_39' title="bbox 2125 1694 3675 1768">
    <p class='ocr_par' dir='ltr' id='par_1_39' title="bbox 2125 1694 3675 1768">
     <span class='ocr_line' id='line_1_39' title="bbox 2125 1694 3675 1768; baseline -0.003 -15"><span class='ocrx_word' id='word_1_226' title='bbox 2125 1715 2186 1755; x_wconf 83' lang='lat' dir='ltr'><strong><em>es</em></strong></span> <span class='ocrx_word' id='word_1_227' title='bbox 2215 1699 2376 1768; x_wconf 85' lang='lat' dir='ltr'><strong><em>ejus?</em></strong></span> <span class='ocrx_word' id='word_1_228' title='bbox 2407 1708 2502 1753; x_wconf 88' lang='lat' dir='ltr'><strong><em>aut</em></strong></span> <span class='ocrx_word' id='word_1_229' title='bbox 2527 1699 2668 1753; x_wconf 79' lang='lat' dir='ltr'><strong><em>ﬁlius</em></strong></span> <span class='ocrx_word' id='word_1_230' title='bbox 2697 1697 2958 1760; x_wconf 86' lang='lat' dir='ltr'><strong><em>hominis,</em></strong></span> <span class='ocrx_word' id='word_1_231' title='bbox 2995 1698 3252 1766; x_wconf 83' lang='lat' dir='ltr'><strong><em>quoniam</em></strong></span> <span class='ocrx_word' id='word_1_232' title='bbox 3284 1694 3471 1748; x_wconf 86' lang='lat' dir='ltr'><strong><em>visitas</em></strong></span> <span class='ocrx_word' id='word_1_233' title='bbox 3498 1709 3622 1747; x_wconf 89' lang='lat' dir='ltr'><strong><em>eum</em></strong></span> <span class='ocrx_word' id='word_1_234' title='bbox 3649 1695 3675 1748; x_wconf 69' lang='lat'><strong>2</strong></span> 
     </span>
    </p>
   </div>
   <div class='ocr_carea' id='block_1_40' title="bbox 2195 1787 3708 1859">
    <p class='ocr_par' dir='ltr' id='par_1_40' title="bbox 2195 1787 3708 1859">
     <span class='ocr_line' id='line_1_40' title="bbox 2195 1787 3708 1859; baseline 0 -17"><span class='ocrx_word' id='word_1_235' title='bbox 2195 1790 2436 1845; x_wconf 82' lang='lat' dir='ltr'><strong><em>Minuisti</em></strong></span> <span class='ocrx_word' id='word_1_236' title='bbox 2475 1806 2598 1844; x_wconf 89' lang='lat' dir='ltr'><strong><em>eum</em></strong></span> <span class='ocrx_word' id='word_1_237' title='bbox 2650 1790 2809 1859; x_wconf 86' lang='lat' dir='ltr'><strong><em>paulo</em></strong></span> <span class='ocrx_word' id='word_1_238' title='bbox 2858 1789 3041 1857; x_wconf 82' lang='lat' dir='ltr'><strong><em>minus</em></strong></span> <span class='ocrx_word' id='word_1_239' title='bbox 3069 1789 3138 1843; x_wconf 84' lang='lat' dir='ltr'><strong><em>ab</em></strong></span> <span class='ocrx_word' id='word_1_240' title='bbox 3169 1789 3376 1857; x_wconf 74' lang='lat' dir='ltr'><strong><em>angelis</em></strong></span> <span class='ocrx_word' id='word_1_241' title='bbox 3402 1803 3417 1844; x_wconf 87' lang='lat'><strong>:</strong></span> <span class='ocrx_word' id='word_1_242' title='bbox 3445 1787 3614 1857; x_wconf 77' lang='lat' dir='ltr'><strong><em>gloria</em></strong></span> <span class='ocrx_word' id='word_1_243' title='bbox 3647 1797 3708 1843; x_wconf 86' lang='lat' dir='ltr'><strong><em>et</em></strong></span> 
     </span>
    </p>
   </div>
   <div class='ocr_carea' id='block_1_41' title="bbox 2127 1879 3704 1948">
    <p class='ocr_par' dir='ltr' id='par_1_41' title="bbox 2127 1879 3704 1948">
     <span class='ocr_line' id='line_1_41' title="bbox 2127 1879 3704 1948; baseline -0.002 -13"><span class='ocrx_word' id='word_1_244' title='bbox 2127 1883 2331 1936; x_wconf 90' lang='lat' dir='ltr'><strong><em>honore</em></strong></span> <span class='ocrx_word' id='word_1_245' title='bbox 2380 1883 2657 1936; x_wconf 87' lang='lat' dir='ltr'><strong><em>coronasti</em></strong></span> <span class='ocrx_word' id='word_1_246' title='bbox 2703 1896 2829 1934; x_wconf 85' lang='lat' dir='ltr'><strong><em>eum</em></strong></span> <span class='ocrx_word' id='word_1_247' title='bbox 2859 1896 2879 1936; x_wconf 91' lang='lat'><strong><em>:</em></strong></span> <span class='ocrx_word' id='word_1_248' title='bbox 2917 1890 2972 1934; x_wconf 87' lang='lat' dir='ltr'><strong><em>et</em></strong></span> <span class='ocrx_word' id='word_1_249' title='bbox 3004 1879 3339 1936; x_wconf 85' lang='lat' dir='ltr'><strong><em>constituisti</em></strong></span> <span class='ocrx_word' id='word_1_250' title='bbox 3364 1894 3488 1933; x_wconf 90' lang='lat' dir='ltr'><strong><em>eum</em></strong></span> <span class='ocrx_word' id='word_1_251' title='bbox 3535 1894 3704 1948; x_wconf 69' lang='lat' dir='ltr'><strong><em>super</em></strong></span> 
     </span>
    </p>
   </div>
   <div class='ocr_carea' id='block_1_42' title="bbox 2127 1985 2852 2039">
    <p class='ocr_par' dir='ltr' id='par_1_42' title="bbox 2127 1985 2852 2039">
     <span class='ocr_line' id='line_1_42' title="bbox 2127 1985 2852 2039; baseline 0.01 -16"><span class='ocrx_word' id='word_1_252' title='bbox 2127 1987 2288 2039; x_wconf 85' lang='lat' dir='ltr'><strong><em>opera</em></strong></span> <span class='ocrx_word' id='word_1_253' title='bbox 2323 1989 2579 2027; x_wconf 86' lang='lat' dir='ltr'><strong><em>manuum</em></strong></span> <span class='ocrx_word' id='word_1_254' title='bbox 2610 1985 2852 2031; x_wconf 86' lang='lat' dir='ltr'><strong><em>tuarum.</em></strong></span> 
     </span>
    </p>
   </div>
   <div class='ocr_carea' id='block_1_43' title="bbox 2195 2065 3708 2138">
    <p class='ocr_par' dir='ltr' id='par_1_43' title="bbox 2195 2065 3708 2138">
     <span class='ocr_line' id='line_1_43' title="bbox 2195 2065 3708 2138; baseline -0.001 -19"><span class='ocrx_word' id='word_1_255' title='bbox 2195 2065 2386 2121; x_wconf 80' lang='lat' dir='ltr'><strong><em>Omnia</em></strong></span> <span class='ocrx_word' id='word_1_256' title='bbox 2419 2068 2700 2134; x_wconf 85' lang='lat' dir='ltr'><strong><em>subjecisti</em></strong></span> <span class='ocrx_word' id='word_1_257' title='bbox 2729 2069 2831 2122; x_wconf 85' lang='lat' dir='ltr'><strong><em>sub</em></strong></span> <span class='ocrx_word' id='word_1_258' title='bbox 2862 2067 3091 2138; x_wconf 84' lang='lat' dir='ltr'><strong><em>pedibus</em></strong></span> <span class='ocrx_word' id='word_1_259' title='bbox 3110 2068 3228 2138; x_wconf 75' lang='lat' dir='ltr'><strong><em>ejus</em></strong></span> <span class='ocrx_word' id='word_1_260' title='bbox 3256 2082 3272 2121; x_wconf 88' lang='lat'><strong>;</strong></span> <span class='ocrx_word' id='word_1_261' title='bbox 3296 2079 3425 2119; x_wconf 82' lang='lat' dir='ltr'><strong><em>oves</em></strong></span> <span class='ocrx_word' id='word_1_262' title='bbox 3454 2073 3507 2119; x_wconf 89' lang='lat' dir='ltr'><strong><em>et</em></strong></span> <span class='ocrx_word' id='word_1_263' title='bbox 3536 2065 3708 2119; x_wconf 81' lang='lat' dir='ltr'><strong><em>boves</em></strong></span> 
     </span>
    </p>
   </div>
   <div class='ocr_carea' id='block_1_44' title="bbox 2128 2158 3228 2230">
    <p class='ocr_par' dir='ltr' id='par_1_44' title="bbox 2128 2158 3228 2230">
     <span class='ocr_line' id='line_1_44' title="bbox 2128 2158 3228 2230; baseline 0.002 -20"><span class='ocrx_word' id='word_1_264' title='bbox 2128 2158 2430 2223; x_wconf 84' lang='lat' dir='ltr'><strong><em>universas,</em></strong></span> <span class='ocrx_word' id='word_1_265' title='bbox 2467 2160 2689 2228; x_wconf 78' lang='lat' dir='ltr'><strong><em>insuper</em></strong></span> <span class='ocrx_word' id='word_1_266' title='bbox 2719 2171 2772 2214; x_wconf 90' lang='lat' dir='ltr'><strong><em>et</em></strong></span> <span class='ocrx_word' id='word_1_267' title='bbox 2800 2176 2997 2230; x_wconf 78' lang='lat' dir='ltr'><strong><em>pecora</em></strong></span> <span class='ocrx_word' id='word_1_268' title='bbox 3026 2161 3228 2227; x_wconf 88' lang='lat' dir='ltr'><strong><em>campi.</em></strong></span> 
     </span>
    </p>
   </div>
   <div class='ocr_carea' id='block_1_45' title="bbox 2201 2249 3706 2322">
    <p class='ocr_par' dir='ltr' id='par_1_45' title="bbox 2201 2249 3706 2322">
     <span class='ocr_line' id='line_1_45' title="bbox 2201 2249 3706 2322; baseline -0.001 -16"><span class='ocrx_word' id='word_1_269' title='bbox 2201 2252 2457 2307; x_wconf 86' lang='lat' dir='ltr'><strong><em>Volucres</em></strong></span> <span class='ocrx_word' id='word_1_270' title='bbox 2489 2254 2633 2314; x_wconf 75' lang='lat' dir='ltr'><strong><em>cuni,</em></strong></span> <span class='ocrx_word' id='word_1_271' title='bbox 2667 2264 2722 2307; x_wconf 89' lang='lat' dir='ltr'><strong><em>et</em></strong></span> <span class='ocrx_word' id='word_1_272' title='bbox 2755 2257 2932 2322; x_wconf 80' lang='lat' dir='ltr'><strong><em>pisces</em></strong></span> <span class='ocrx_word' id='word_1_273' title='bbox 2961 2257 3162 2318; x_wconf 85' lang='lat' dir='ltr'><strong><em>maris;</em></strong></span> <span class='ocrx_word' id='word_1_274' title='bbox 3192 2253 3286 2321; x_wconf 86' lang='lat' dir='ltr'><strong><em>qui</em></strong></span> <span class='ocrx_word' id='word_1_275' title='bbox 3317 2249 3706 2321; x_wconf 80' lang='lat' dir='ltr'><strong><em>perambulant</em></strong></span> 
     </span>
    </p>
   </div>
   <div class='ocr_carea' id='block_1_46' title="bbox 2125 2344 2572 2400">
    <p class='ocr_par' dir='ltr' id='par_1_46' title="bbox 2125 2344 2572 2400">
     <span class='ocr_line' id='line_1_46' title="bbox 2125 2344 2572 2400; baseline -0.004 0"><span class='ocrx_word' id='word_1_276' title='bbox 2125 2344 2351 2400; x_wconf 79' lang='lat' dir='ltr'><strong><em>semitas</em></strong></span> <span class='ocrx_word' id='word_1_277' title='bbox 2384 2345 2572 2399; x_wconf 80' lang='lat' dir='ltr'><strong><em>maris.</em></strong></span> 
     </span>
    </p>
   </div>
   <div class='ocr_carea' id='block_1_47' title="bbox 2198 2435 3706 2508">
    <p class='ocr_par' dir='ltr' id='par_1_47' title="bbox 2198 2435 3706 2508">
     <span class='ocr_line' id='line_1_47' title="bbox 2198 2435 3706 2508; baseline 0.001 -21"><span class='ocrx_word' id='word_1_278' title='bbox 2198 2435 2439 2501; x_wconf 83' lang='lat' dir='ltr'><strong><em>Domine,</em></strong></span> <span class='ocrx_word' id='word_1_279' title='bbox 2470 2436 2728 2490; x_wconf 82' lang='lat' dir='ltr'><strong><em>Dominus</em></strong></span> <span class='ocrx_word' id='word_1_280' title='bbox 2769 2435 2912 2507; x_wconf 89' lang='lat' dir='ltr'><strong><em>[ms.</em></strong></span> <span class='ocrx_word' id='word_1_281' title='bbox 2941 2435 3120 2508; x_wconf 83' lang='lat' dir='ltr'><strong><em>Deus]</em></strong></span> <span class='ocrx_word' id='word_1_282' title='bbox 3158 2444 3364 2501; x_wconf 80' lang='lat' dir='ltr'><strong><em>noster,</em></strong></span> <span class='ocrx_word' id='word_1_283' title='bbox 3400 2450 3561 2503; x_wconf 83' lang='lat' dir='ltr'><strong><em>quam</em></strong></span> <span class='ocrx_word' id='word_1_284' title='bbox 3599 2437 3706 2488; x_wconf 85' lang='lat' dir='ltr'><strong><em>ad-</em></strong></span> 
     </span>
    </p>
   </div>
   <div class='ocr_carea' id='block_1_48' title="bbox 2125 2526 3462 2584">
    <p class='ocr_par' dir='ltr' id='par_1_48' title="bbox 2125 2526 3462 2584">
     <span class='ocr_line' id='line_1_48' title="bbox 2125 2526 3462 2584; baseline -0.001 -5"><span class='ocrx_word' id='word_1_285' title='bbox 2125 2526 2376 2580; x_wconf 83' lang='lat' dir='ltr'><strong><em>mirabile</em></strong></span> <span class='ocrx_word' id='word_1_286' title='bbox 2403 2536 2487 2580; x_wconf 89' lang='lat' dir='ltr'><strong><em>est</em></strong></span> <span class='ocrx_word' id='word_1_287' title='bbox 2515 2543 2711 2581; x_wconf 77' lang='lat' dir='ltr'><strong><em>nomen</em></strong></span> <span class='ocrx_word' id='word_1_288' title='bbox 2736 2537 2890 2582; x_wconf 90' lang='lat' dir='ltr'><strong><em>tuum</em></strong></span> <span class='ocrx_word' id='word_1_289' title='bbox 2915 2529 2968 2582; x_wconf 87' lang='lat' dir='ltr'><strong><em>in</em></strong></span> <span class='ocrx_word' id='word_1_290' title='bbox 3001 2528 3253 2584; x_wconf 89' lang='lat' dir='ltr'><strong><em>universa</em></strong></span> <span class='ocrx_word' id='word_1_291' title='bbox 3288 2527 3462 2581; x_wconf 76' lang='lat' dir='ltr'><strong><em>terra!</em></strong></span> 
     </span>
    </p>
   </div>
   <div class='ocr_carea' id='block_1_49' title="bbox 1821 2683 2339 2746">
    <p class='ocr_par' dir='ltr' id='par_1_49' title="bbox 1821 2683 2339 2746">
     <span class='ocr_line' id='line_1_49' title="bbox 1821 2683 2339 2746; baseline 0.006 -3"><span class='ocrx_word' id='word_1_292' title='bbox 1821 2683 2176 2746; x_wconf 85' lang='lat' dir='ltr'><strong><em>PSALMUS</em></strong></span> <span class='ocrx_word' id='word_1_293' title='bbox 2232 2685 2339 2746; x_wconf 86' lang='lat' dir='ltr'><strong><em>IX.</em></strong></span> 
     </span>
    </p>
   </div>
   <div class='ocr_carea' id='block_1_50' title="bbox 539 2806 1941 2871">
    <p class='ocr_par' dir='ltr' id='par_1_50' title="bbox 539 2806 1941 2871">
     <span class='ocr_line' id='line_1_50' title="bbox 539 2806 1941 2871; baseline -0.002 -12"><span class='ocrx_word' id='word_1_294' title='bbox 539 2823 590 2860; x_wconf 70' lang='lat' dir='ltr'><strong><em>IN</em></strong></span> <span class='ocrx_word' id='word_1_295' title='bbox 621 2823 801 2871; x_wconf 75' lang='lat' dir='ltr'><strong><em>FINEM,</em></strong></span> <span class='ocrx_word' id='word_1_296' title='bbox 843 2821 940 2861; x_wconf 76' lang='lat' dir='ltr'><strong><em>rso</em></strong></span> <span class='ocrx_word' id='word_1_297' title='bbox 968 2821 1223 2862; x_wconf 83' lang='lat' dir='ltr'><strong><em>OCCULTIS</em></strong></span> <span class='ocrx_word' id='word_1_298' title='bbox 1261 2820 1385 2860; x_wconf 74' lang='lat' dir='ltr'><strong><em>ru.&quot;</em></strong></span> <span class='ocrx_word' id='word_1_299' title='bbox 1420 2806 1465 2870; x_wconf 76' lang='grc'><strong><em>⁸,</em></strong></span> <span class='ocrx_word' id='word_1_300' title='bbox 1488 2816 1722 2859; x_wconf 67' lang='grc' dir='ltr'><strong><em>νειικυθ</em></strong></span> <span class='ocrx_word' id='word_1_301' title='bbox 1760 2815 1941 2856; x_wconf 67' lang='grc' dir='ltr'><strong><em>υλνιυ.</em></strong></span> 
     </span>
    </p>
   </div>
   <div class='ocr_carea' id='block_1_51' title="bbox 533 2915 2024 2988">
    <p class='ocr_par' dir='ltr' id='par_1_51' title="bbox 533 2915 2024 2988">
     <span class='ocr_line' id='line_1_51' title="bbox 533 2915 2024 2988; baseline -0.006 -12"><span class='ocrx_word' id='word_1_302' title='bbox 533 2921 831 2988; x_wconf 86' lang='lat' dir='ltr'><strong><em>Con/itebor</em></strong></span> <span class='ocrx_word' id='word_1_303' title='bbox 861 2949 924 2959; x_wconf 88' lang='lat'><strong><em>——</em></strong></span> <span class='ocrx_word' id='word_1_304' title='bbox 951 2921 1047 2972; x_wconf 86' lang='lat' dir='ltr'><strong><em>tibi</em></strong></span> <span class='ocrx_word' id='word_1_305' title='bbox 1080 2921 1103 2988; x_wconf 73' lang='grc' dir='ltr'>ζ</span> <span class='ocrx_word' id='word_1_306' title='bbox 1138 2919 1377 2981; x_wconf 88' lang='lat' dir='ltr'><strong><em>Domine,</em></strong></span> <span class='ocrx_word' id='word_1_307' title='bbox 1420 2917 1476 2970; x_wconf 87' lang='lat' dir='ltr'><strong><em>in</em></strong></span> <span class='ocrx_word' id='word_1_308' title='bbox 1530 2926 1654 2970; x_wconf 90' lang='lat' dir='ltr'><strong><em>toto.</em></strong></span> <span class='ocrx_word' id='word_1_309' title='bbox 1679 2915 1833 2968; x_wconf 88' lang='lat' dir='ltr'><strong><em>corde</em></strong></span> <span class='ocrx_word' id='word_1_310' title='bbox 1869 2930 1983 2969; x_wconf 90' lang='lat' dir='ltr'><strong><em>meo</em></strong></span> <span class='ocrx_word' id='word_1_311' title='bbox 2011 2955 2024 2980; x_wconf 95' lang='lat'><strong><em>,</em></strong></span> 
     </span>
    </p>
   </div>
   <div class='ocr_carea' id='block_1_52' title="bbox 462 3011 1895 3082">
    <p class='ocr_par' dir='ltr' id='par_1_52' title="bbox 462 3011 1895 3082">
     <span class='ocr_line' id='line_1_52' title="bbox 462 3011 1895 3082; baseline -0.001 -17"><span class='ocrx_word' id='word_1_312' title='bbox 462 3015 690 3067; x_wconf 85' lang='lat' dir='ltr'><strong><em>narrabo</em></strong></span> <span class='ocrx_word' id='word_1_313' title='bbox 725 3013 902 3066; x_wconf 87' lang='lat' dir='ltr'><strong><em>omnia</em></strong></span> <span class='ocrx_word' id='word_1_314' title='bbox 937 3011 1203 3065; x_wconf 85' lang='lat' dir='ltr'><strong><em>mirabilia</em></strong></span> <span class='ocrx_word' id='word_1_315' title='bbox 1236 3021 1350 3064; x_wconf 88' lang='lat' dir='ltr'><strong><em>tua.</em></strong></span> <span class='ocrx_word' id='word_1_316' title='bbox 1885 3074 1895 3082; x_wconf 87' lang='lat'>_</span> 
     </span>
    </p>
   </div>
   <div class='ocr_carea' id='block_1_53' title="bbox 542 3098 2026 3171">
    <p class='ocr_par' dir='ltr' id='par_1_53' title="bbox 542 3098 2026 3171">
     <span class='ocr_line' id='line_1_53' title="bbox 542 3098 2026 3171; baseline -0.007 -13"><span class='ocrx_word' id='word_1_317' title='bbox 542 3104 786 3158; x_wconf 68' lang='lat' dir='ltr'><strong><em>La&#39;tabor</em></strong></span> <span class='ocrx_word' id='word_1_318' title='bbox 828 3111 877 3154; x_wconf 87' lang='lat' dir='ltr'><strong><em>et</em></strong></span> <span class='ocrx_word' id='word_1_319' title='bbox 914 3100 1189 3155; x_wconf 70' lang='lat' dir='ltr'><strong><em>euultabo</em></strong></span> <span class='ocrx_word' id='word_1_320' title='bbox 1223 3103 1277 3155; x_wconf 88' lang='lat' dir='ltr'><strong><em>in</em></strong></span> <span class='ocrx_word' id='word_1_321' title='bbox 1306 3111 1355 3154; x_wconf 88' lang='lat' dir='ltr'><strong><em>te</em></strong></span> <span class='ocrx_word' id='word_1_322' title='bbox 1387 3099 1656 3171; x_wconf 84' lang='lat' dir='ltr'><strong><em>:psallam</em></strong></span> <span class='ocrx_word' id='word_1_323' title='bbox 1686 3098 1886 3151; x_wconf 83' lang='lat' dir='ltr'><strong><em>nomini</em></strong></span> <span class='ocrx_word' id='word_1_324' title='bbox 1917 3109 2026 3160; x_wconf 88' lang='lat' dir='ltr'><strong><em>tuo,</em></strong></span> 
     </span>
    </p>
   </div>
   <div class='ocr_carea' id='block_1_54' title="bbox 461 3197 752 3252">
    <p class='ocr_par' dir='ltr' id='par_1_54' title="bbox 461 3197 752 3252">
     <span class='ocr_line' id='line_1_54' title="bbox 461 3197 752 3252; baseline 0 -2"><span class='ocrx_word' id='word_1_325' title='bbox 461 3197 752 3252; x_wconf 79' lang='lat' dir='ltr'><strong><em>Attissime.</em></strong></span> 
     </span>
    </p>
   </div>
   <div class='ocr_carea' id='block_1_55' title="bbox 541 3281 2030 3347">
    <p class='ocr_par' dir='ltr' id='par_1_55' title="bbox 541 3281 2030 3347">
     <span class='ocr_line' id='line_1_55' title="bbox 541 3281 2030 3347; baseline -0.007 -5"><span class='ocrx_word' id='word_1_326' title='bbox 541 3289 607 3342; x_wconf 85' lang='lat' dir='ltr'><strong><em>In</em></strong></span> <span class='ocrx_word' id='word_1_327' title='bbox 647 3290 994 3343; x_wconf 82' lang='lat' dir='ltr'><strong><em>convertenda</em></strong></span> <span class='ocrx_word' id='word_1_328' title='bbox 1023 3289 1292 3343; x_wconf 86' lang='lat' dir='ltr'><strong><em>inimicum</em></strong></span> <span class='ocrx_word' id='word_1_329' title='bbox 1334 3300 1502 3339; x_wconf 88' lang='lat' dir='ltr'><strong><em>meum</em></strong></span> <span class='ocrx_word' id='word_1_330' title='bbox 1541 3294 1851 3347; x_wconf 85' lang='lat' dir='ltr'><strong><em>retrorsum,</em></strong></span> <span class='ocrx_word' id='word_1_331' title='bbox 1878 3281 2030 3347; x_wconf 84' lang='lat' dir='ltr'><strong><em>inﬁr-</em></strong></span> 
     </span>
    </p>
   </div>
   <div class='ocr_carea' id='block_1_56' title="bbox 464 3378 1466 3451">
    <p class='ocr_par' dir='ltr' id='par_1_56' title="bbox 464 3378 1466 3451">
     <span class='ocr_line' id='line_1_56' title="bbox 464 3378 1466 3451; baseline -0.003 -19"><span class='ocrx_word' id='word_1_332' title='bbox 464 3381 746 3434; x_wconf 87' lang='lat' dir='ltr'><strong><em>mabuntur</em></strong></span> <span class='ocrx_word' id='word_1_333' title='bbox 775 3389 821 3434; x_wconf 91' lang='lat' dir='ltr'><strong><em>et</em></strong></span> <span class='ocrx_word' id='word_1_334' title='bbox 849 3381 1094 3451; x_wconf 88' lang='lat' dir='ltr'><strong><em>peribunt</em></strong></span> <span class='ocrx_word' id='word_1_335' title='bbox 1127 3396 1158 3432; x_wconf 92' lang='lat' dir='ltr'><strong><em>a</em></strong></span> <span class='ocrx_word' id='word_1_336' title='bbox 1194 3378 1327 3447; x_wconf 77' lang='lat' dir='ltr'><strong><em>{acie</em></strong></span> <span class='ocrx_word' id='word_1_337' title='bbox 1351 3386 1466 3429; x_wconf 90' lang='lat' dir='ltr'><strong><em>tua.</em></strong></span> 
     </span>
    </p>
   </div>
   <div class='ocr_carea' id='block_1_57' title="bbox 543 3473 2029 3542">
    <p class='ocr_par' dir='ltr' id='par_1_57' title="bbox 543 3473 2029 3542">
     <span class='ocr_line' id='line_1_57' title="bbox 543 3473 2029 3542; baseline -0.006 -15"><span class='ocrx_word' id='word_1_338' title='bbox 543 3473 808 3540; x_wconf 86' lang='lat' dir='ltr'><strong><em>Quoniam</em></strong></span> <span class='ocrx_word' id='word_1_339' title='bbox 832 3474 1003 3542; x_wconf 76' lang='lat' dir='ltr'><strong><em>fecisti</em></strong></span> <span class='ocrx_word' id='word_1_340' title='bbox 1015 3473 1278 3542; x_wconf 86' lang='lat' dir='ltr'><strong><em>judicium</em></strong></span> <span class='ocrx_word' id='word_1_341' title='bbox 1303 3485 1474 3522; x_wconf 86' lang='lat' dir='ltr'><strong><em>meum</em></strong></span> <span class='ocrx_word' id='word_1_342' title='bbox 1509 3477 1555 3520; x_wconf 88' lang='lat' dir='ltr'><strong><em>et</em></strong></span> <span class='ocrx_word' id='word_1_343' title='bbox 1578 3483 1792 3520; x_wconf 85' lang='lat' dir='ltr'><strong><em>causam</em></strong></span> <span class='ocrx_word' id='word_1_344' title='bbox 1819 3483 1986 3520; x_wconf 86' lang='lat' dir='ltr'><strong><em>meam</em></strong></span> <span class='ocrx_word' id='word_1_345' title='bbox 2012 3483 2029 3518; x_wconf 84' lang='lat'><strong><em>:</em></strong></span> 
     </span>
    </p>
   </div>
   <div class='ocr_carea' id='block_1_58' title="bbox 462 3559 2028 3635">
    <p class='ocr_par' dir='ltr' id='par_1_58' title="bbox 462 3559 2028 3635">
     <span class='ocr_line' id='line_1_58' title="bbox 462 3559 2028 3635; baseline -0.005 -16"><span class='ocrx_word' id='word_1_346' title='bbox 462 3567 642 3620; x_wconf 82' lang='lat' dir='ltr'><strong><em>sedisti</em></strong></span> <span class='ocrx_word' id='word_1_347' title='bbox 697 3582 858 3635; x_wconf 88' lang='lat' dir='ltr'><strong><em>super</em></strong></span> <span class='ocrx_word' id='word_1_348' title='bbox 908 3566 1151 3618; x_wconf 79' lang='lat' dir='ltr'><strong><em>thronum</em></strong></span> <span class='ocrx_word' id='word_1_349' title='bbox 1180 3601 1194 3628; x_wconf 90' lang='lat'><strong><em>,</em></strong></span> <span class='ocrx_word' id='word_1_350' title='bbox 1228 3575 1288 3616; x_wconf 72' lang='grc' dir='ltr'><strong><em>αξ-</em></strong></span> <span class='ocrx_word' id='word_1_351' title='bbox 1330 3562 1419 3628; x_wconf 87' lang='lat' dir='ltr'><strong><em>qui</em></strong></span> <span class='ocrx_word' id='word_1_352' title='bbox 1449 3559 1711 3629; x_wconf 67' lang='lat' dir='ltr'><strong><em>:judicas</em></strong></span> <span class='ocrx_word' id='word_1_353' title='bbox 1735 3561 2028 3628; x_wconf 79' lang='lat' dir='ltr'><strong><em>justitiam.</em></strong></span> 
     </span>
    </p>
   </div>
   <div class='ocr_carea' id='block_1_59' title="bbox 524 3741 2033 3817">
    <p class='ocr_par' dir='ltr' id='par_1_59' title="bbox 524 3741 2033 3817">
     <span class='ocr_line' id='line_1_59' title="bbox 524 3741 2033 3817; baseline -0.005 -16"><span class='ocrx_word' id='word_1_354' title='bbox 524 3747 818 3817; x_wconf 72' lang='lat' dir='ltr'><strong><em>Inc-reposti</em></strong></span> <span class='ocrx_word' id='word_1_355' title='bbox 848 3755 1044 3816; x_wconf 85' lang='lat' dir='ltr'><strong><em>gentes,</em></strong></span> <span class='ocrx_word' id='word_1_356' title='bbox 1097 3759 1154 3800; x_wconf 80' lang='lat'><strong><em>—:—</em></strong></span> <span class='ocrx_word' id='word_1_357' title='bbox 1207 3752 1255 3797; x_wconf 83' lang='lat' dir='ltr'><strong><em>et</em></strong></span> <span class='ocrx_word' id='word_1_358' title='bbox 1309 3743 1328 3810; x_wconf 74' lang='grc' dir='ltr'>ζ</span> <span class='ocrx_word' id='word_1_359' title='bbox 1367 3741 1523 3811; x_wconf 78' lang='lat' dir='ltr'><strong><em>periit</em></strong></span> <span class='ocrx_word' id='word_1_360' title='bbox 1562 3741 1754 3811; x_wconf 87' lang='lat' dir='ltr'><strong><em>impius</em></strong></span> <span class='ocrx_word' id='word_1_361' title='bbox 1797 3755 2033 3798; x_wconf 85' lang='lat' dir='ltr'><strong><em>:nmnen</em></strong></span> 
     </span>
    </p>
   </div>
   <div class='ocr_carea' id='block_1_60' title="bbox 459 3831 2030 3900">
    <p class='ocr_par' dir='ltr' id='par_1_60' title="bbox 459 3831 2030 3900">
     <span class='ocr_line' id='line_1_60' title="bbox 459 3831 2030 3900; baseline -0.003 -8"><span class='ocrx_word' id='word_1_362' title='bbox 459 3855 641 3894; x_wconf 82' lang='lat' dir='ltr'><strong><em>eorum</em></strong></span> <span class='ocrx_word' id='word_1_363' title='bbox 691 3839 891 3900; x_wconf 85' lang='lat' dir='ltr'><strong><em>delesti,</em></strong></span> <span class='ocrx_word' id='word_1_364' title='bbox 921 3839 976 3890; x_wconf 89' lang='lat' dir='ltr'><strong><em>in</em></strong></span> <span class='ocrx_word' id='word_1_365' title='bbox 1015 3848 1291 3900; x_wconf 72' lang='lat' dir='ltr'><strong><em>wternum,</em></strong></span> <span class='ocrx_word' id='word_1_366' title='bbox 1324 3844 1372 3886; x_wconf 88' lang='lat' dir='ltr'><strong><em>et</em></strong></span> <span class='ocrx_word' id='word_1_367' title='bbox 1403 3831 1502 3889; x_wconf 78' lang='lat'><strong><em>‘+</em></strong></span> <span class='ocrx_word' id='word_1_368' title='bbox 1547 3831 1630 3900; x_wconf 68' lang='lat' dir='ltr'><strong><em>in:</em></strong></span> <span class='ocrx_word' id='word_1_369' title='bbox 1675 3831 1924 3886; x_wconf 77' lang='lat' dir='ltr'><strong><em>steculum</em></strong></span> <span class='ocrx_word' id='word_1_370' title='bbox 1970 3846 2030 3887; x_wconf 75' lang='grc' dir='ltr'><strong><em>-ε-</em></strong></span> 
     </span>
    </p>
   </div>
   <div class='ocr_carea' id='block_1_61' title="bbox 460 3932 687 3999">
    <p class='ocr_par' dir='ltr' id='par_1_61' title="bbox 460 3932 687 3999">
     <span class='ocr_line' id='line_1_61' title="bbox 460 3932 687 3999; baseline -0.013 -14"><span class='ocrx_word' id='word_1_371' title='bbox 460 3932 638 3985; x_wconf 77' lang='lat' dir='ltr'><strong><em>steculi</em></strong></span> <span class='ocrx_word' id='word_1_372' title='bbox 665 3932 687 3999; x_wconf 74' lang='grc' dir='ltr'>ε</span> 
     </span>
    </p>
   </div>
   <div class='ocr_carea' id='block_1_62' title="bbox 531 4017 2033 4089">
    <p class='ocr_par' dir='ltr' id='par_1_62' title="bbox 531 4017 2033 4089">
     <span class='ocr_line' id='line_1_62' title="bbox 531 4017 2033 4089; baseline -0.006 -13"><span class='ocrx_word' id='word_1_373' title='bbox 531 4023 739 4076; x_wconf 79' lang='lat' dir='ltr'><strong><em>Inimici</em></strong></span> <span class='ocrx_word' id='word_1_374' title='bbox 787 4023 1080 4089; x_wconf 77' lang='lat' dir='ltr'><strong><em>defecerunt</em></strong></span> <span class='ocrx_word' id='word_1_375' title='bbox 1133 4021 1348 4088; x_wconf 71' lang='lat' dir='ltr'><strong><em>fremere</em></strong></span> <span class='ocrx_word' id='word_1_376' title='bbox 1387 4022 1439 4073; x_wconf 86' lang='lat' dir='ltr'><strong><em>in</em></strong></span> <span class='ocrx_word' id='word_1_377' title='bbox 1471 4019 1626 4087; x_wconf 87' lang='lat' dir='ltr'><strong><em>ﬁnem</em></strong></span> <span class='ocrx_word' id='word_1_378' title='bbox 1659 4033 1676 4071; x_wconf 91' lang='lat'><strong><em>:</em></strong></span> <span class='ocrx_word' id='word_1_379' title='bbox 1715 4025 1763 4069; x_wconf 87' lang='lat' dir='ltr'><strong><em>et</em></strong></span> <span class='ocrx_word' id='word_1_380' title='bbox 1803 4017 2033 4069; x_wconf 81' lang='lat' dir='ltr'><strong><em>civitates</em></strong></span> 
     </span>
    </p>
   </div>
   <div class='ocr_carea' id='block_1_63' title="bbox 405 4115 787 4185">
    <p class='ocr_par' dir='ltr' id='par_1_63' title="bbox 405 4115 787 4185">
     <span class='ocr_line' id='line_1_63' title="bbox 405 4115 787 4185; baseline 0 -18"><span class='ocrx_word' id='word_1_381' title='bbox 405 4175 414 4185; x_wconf 40' lang='grc' dir='ltr'><strong>ο</strong></span> <span class='ocrx_word' id='word_1_382' title='bbox 461 4115 787 4168; x_wconf 73' lang='lat' dir='ltr'><strong><em>destruxisti.</em></strong></span> 
     </span>
    </p>
   </div>
   <div class='ocr_carea' id='block_1_64' title="bbox 535 4203 2035 4266">
    <p class='ocr_par' dir='ltr' id='par_1_64' title="bbox 535 4203 2035 4266">
     <span class='ocr_line' id='line_1_64' title="bbox 535 4203 2035 4266; baseline -0.005 -8"><span class='ocrx_word' id='word_1_383' title='bbox 535 4207 698 4260; x_wconf 86' lang='lat' dir='ltr'><strong><em>Periit</em></strong></span> <span class='ocrx_word' id='word_1_384' title='bbox 729 4206 983 4258; x_wconf 88' lang='lat' dir='ltr'><strong><em>memoria</em></strong></span> <span class='ocrx_word' id='word_1_385' title='bbox 1011 4221 1189 4258; x_wconf 87' lang='lat' dir='ltr'><strong><em>eorum</em></strong></span> <span class='ocrx_word' id='word_1_386' title='bbox 1219 4221 1336 4258; x_wconf 87' lang='lat' dir='ltr'><strong><em>cum</em></strong></span> <span class='ocrx_word' id='word_1_387' title='bbox 1363 4206 1562 4266; x_wconf 83' lang='lat' dir='ltr'><strong><em>sonitu,</em></strong></span> <span class='ocrx_word' id='word_1_388' title='bbox 1619 4215 1664 4256; x_wconf 89' lang='lat' dir='ltr'><strong><em>et</em></strong></span> <span class='ocrx_word' id='word_1_389' title='bbox 1699 4203 1950 4255; x_wconf 86' lang='lat' dir='ltr'><strong><em>Dominus</em></strong></span> <span class='ocrx_word' id='word_1_390' title='bbox 1982 4203 2035 4250; x_wconf 86' lang='lat' dir='ltr'><strong><em>in</em></strong></span> 
     </span>
    </p>
   </div>
   <div class='ocr_carea' id='block_1_65' title="bbox 462 4305 1030 4362">
    <p class='ocr_par' dir='ltr' id='par_1_65' title="bbox 462 4305 1030 4362">
     <span class='ocr_line' id='line_1_65' title="bbox 462 4305 1030 4362; baseline -0.007 -13"><span class='ocrx_word' id='word_1_391' title='bbox 462 4305 715 4349; x_wconf 54' lang='lat' dir='ltr'><strong><em>atternum</em></strong></span> <span class='ocrx_word' id='word_1_392' title='bbox 743 4305 1030 4362; x_wconf 78' lang='lat' dir='ltr'><strong><em>permanet.</em></strong></span> 
     </span>
    </p>
   </div>
   <div class='ocr_carea' id='block_1_66' title="bbox 2134 2804 3678 2866">
    <p class='ocr_par' dir='ltr' id='par_1_66' title="bbox 2134 2804 3678 2866">
     <span class='ocr_line' id='line_1_66' title="bbox 2134 2804 3678 2866; baseline 0.001 -11"><span class='ocrx_word' id='word_1_393' title='bbox 2134 2817 2183 2855; x_wconf 78' lang='lat' dir='ltr'><strong><em>IN</em></strong></span> <span class='ocrx_word' id='word_1_394' title='bbox 2223 2818 2402 2865; x_wconf 71' lang='lat' dir='ltr'><strong><em>nam.</em></strong></span> <span class='ocrx_word' id='word_1_395' title='bbox 2436 2819 2673 2857; x_wconf 74' lang='lat' dir='ltr'><strong><em>rnorrea</em></strong></span> <span class='ocrx_word' id='word_1_396' title='bbox 2707 2819 2935 2858; x_wconf 74' lang='lat' dir='ltr'><strong><em>OCCUL‘I&#39;A</em></strong></span> <span class='ocrx_word' id='word_1_397' title='bbox 2970 2818 3098 2857; x_wconf 74' lang='lat' dir='ltr'><strong>FILII</strong></span> <span class='ocrx_word' id='word_1_398' title='bbox 3125 2842 3140 2866; x_wconf 89' lang='lat'><strong><em>,</em></strong></span> <span class='ocrx_word' id='word_1_399' title='bbox 3180 2816 3410 2856; x_wconf 66' lang='lat' dir='ltr'><strong><em>essurus</em></strong></span> <span class='ocrx_word' id='word_1_400' title='bbox 3444 2817 3596 2858; x_wconf 75' lang='lat' dir='ltr'><strong><em>eum</em></strong></span> <span class='ocrx_word' id='word_1_401' title='bbox 3630 2804 3678 2856; x_wconf 78' lang='grc'><strong>⁸.</strong></span> 
     </span>
    </p>
   </div>
   <div class='ocr_carea' id='block_1_67' title="bbox 2203 2916 3704 2983">
    <p class='ocr_par' dir='ltr' id='par_1_67' title="bbox 2203 2916 3704 2983">
     <span class='ocr_line' id='line_1_67' title="bbox 2203 2916 3704 2983; baseline 0.003 -11"><span class='ocrx_word' id='word_1_402' title='bbox 2203 2917 2517 2972; x_wconf 87' lang='lat' dir='ltr'><strong><em>Contitebor</em></strong></span> <span class='ocrx_word' id='word_1_403' title='bbox 2565 2918 2658 2971; x_wconf 88' lang='lat' dir='ltr'><strong><em>tibi</em></strong></span> <span class='ocrx_word' id='word_1_404' title='bbox 2686 2959 2700 2978; x_wconf 91' lang='lat'><strong><em>,</em></strong></span> <span class='ocrx_word' id='word_1_405' title='bbox 2753 2916 3009 2983; x_wconf 85' lang='lat' dir='ltr'><strong><em>Domine,</em></strong></span> <span class='ocrx_word' id='word_1_406' title='bbox 3064 2919 3115 2972; x_wconf 90' lang='lat' dir='ltr'><strong><em>in</em></strong></span> <span class='ocrx_word' id='word_1_407' title='bbox 3163 2928 3272 2973; x_wconf 89' lang='lat' dir='ltr'><strong><em>toto</em></strong></span> <span class='ocrx_word' id='word_1_408' title='bbox 3317 2920 3480 2973; x_wconf 89' lang='lat' dir='ltr'><strong><em>corde</em></strong></span> <span class='ocrx_word' id='word_1_409' title='bbox 3525 2935 3646 2973; x_wconf 88' lang='lat' dir='ltr'><strong><em>meo</em></strong></span> <span class='ocrx_word' id='word_1_410' title='bbox 3691 2937 3704 2976; x_wconf 90' lang='lat'><strong>:</strong></span> 
     </span>
    </p>
   </div>
   <div class='ocr_carea' id='block_1_68' title="bbox 2060 3011 3044 3072">
    <p class='ocr_par' dir='ltr' id='par_1_68' title="bbox 2060 3011 3044 3072">
     <span class='ocr_line' id='line_1_68' title="bbox 2060 3011 3044 3072; baseline 0.004 -12"><span class='ocrx_word' id='word_1_411' title='bbox 2060 3016 2103 3072; x_wconf 86' lang='lat' dir='ltr'>c</span> <span class='ocrx_word' id='word_1_412' title='bbox 2139 3011 2374 3064; x_wconf 85' lang='lat' dir='ltr'><strong><em>narrabo</em></strong></span> <span class='ocrx_word' id='word_1_413' title='bbox 2408 3011 2588 3063; x_wconf 80' lang='lat' dir='ltr'><strong><em>omnia</em></strong></span> <span class='ocrx_word' id='word_1_414' title='bbox 2629 3011 2896 3064; x_wconf 85' lang='lat' dir='ltr'><strong><em>mirabilia</em></strong></span> <span class='ocrx_word' id='word_1_415' title='bbox 2933 3019 3044 3064; x_wconf 87' lang='lat' dir='ltr'><strong><em>tua.</em></strong></span> 
     </span>
    </p>
   </div>
   <div class='ocr_carea' id='block_1_69' title="bbox 2204 3099 3709 3169">
    <p class='ocr_par' dir='ltr' id='par_1_69' title="bbox 2204 3099 3709 3169">
     <span class='ocr_line' id='line_1_69' title="bbox 2204 3099 3709 3169; baseline -0.001 -17"><span class='ocrx_word' id='word_1_416' title='bbox 2204 3099 2454 3154; x_wconf 55' lang='lat' dir='ltr'><strong><em>laetabor</em></strong></span> <span class='ocrx_word' id='word_1_417' title='bbox 2488 3113 2540 3154; x_wconf 83' lang='lat' dir='ltr'><strong><em>et</em></strong></span> <span class='ocrx_word' id='word_1_418' title='bbox 2569 3100 2852 3154; x_wconf 67' lang='lat' dir='ltr'><strong><em>exsultatio</em></strong></span> <span class='ocrx_word' id='word_1_419' title='bbox 2875 3102 2928 3154; x_wconf 92' lang='lat' dir='ltr'><strong><em>in</em></strong></span> <span class='ocrx_word' id='word_1_420' title='bbox 2952 3111 3001 3156; x_wconf 89' lang='lat' dir='ltr'><strong><em>te</em></strong></span> <span class='ocrx_word' id='word_1_421' title='bbox 3039 3117 3052 3154; x_wconf 91' lang='lat'><strong>:</strong></span> <span class='ocrx_word' id='word_1_422' title='bbox 3087 3099 3309 3169; x_wconf 84' lang='lat' dir='ltr'><strong><em>psallam</em></strong></span> <span class='ocrx_word' id='word_1_423' title='bbox 3344 3100 3548 3154; x_wconf 90' lang='lat' dir='ltr'><strong><em>nomini</em></strong></span> <span class='ocrx_word' id='word_1_424' title='bbox 3587 3109 3709 3165; x_wconf 89' lang='lat' dir='ltr'><strong><em>tuo,</em></strong></span> 
     </span>
    </p>
   </div>
   <div class='ocr_carea' id='block_1_70' title="bbox 2134 3191 2450 3246">
    <p class='ocr_par' dir='ltr' id='par_1_70' title="bbox 2134 3191 2450 3246">
     <span class='ocr_line' id='line_1_70' title="bbox 2134 3191 2450 3246; baseline 0 -2"><span class='ocrx_word' id='word_1_425' title='bbox 2134 3191 2407 3246; x_wconf 76' lang='lat' dir='ltr'><strong><em>Altissime</em></strong></span> <span class='ocrx_word' id='word_1_426' title='bbox 2436 3210 2450 3244; x_wconf 88' lang='lat'><strong>:</strong></span> 
     </span>
    </p>
   </div>
   <div class='ocr_carea' id='block_1_71' title="bbox 2208 3283 3709 3349">
    <p class='ocr_par' dir='ltr' id='par_1_71' title="bbox 2208 3283 3709 3349">
     <span class='ocr_line' id='line_1_71' title="bbox 2208 3283 3709 3349; baseline 0.002 -13"><span class='ocrx_word' id='word_1_427' title='bbox 2208 3284 2262 3336; x_wconf 90' lang='lat' dir='ltr'><strong><em>In</em></strong></span> <span class='ocrx_word' id='word_1_428' title='bbox 2290 3284 2658 3339; x_wconf 80' lang='lat' dir='ltr'><strong><em>convertenda</em></strong></span> <span class='ocrx_word' id='word_1_429' title='bbox 2686 3284 2968 3338; x_wconf 80' lang='lat' dir='ltr'><strong><em>inimicum</em></strong></span> <span class='ocrx_word' id='word_1_430' title='bbox 2997 3299 3179 3340; x_wconf 87' lang='lat' dir='ltr'><strong><em>meum</em></strong></span> <span class='ocrx_word' id='word_1_431' title='bbox 3203 3293 3524 3349; x_wconf 87' lang='lat' dir='ltr'><strong><em>retrorsum,</em></strong></span> <span class='ocrx_word' id='word_1_432' title='bbox 3551 3283 3709 3339; x_wconf 81' lang='lat' dir='ltr'><strong><em>inﬁr-</em></strong></span> 
     </span>
    </p>
   </div>
   <div class='ocr_carea' id='block_1_72' title="bbox 2137 3375 3137 3444">
    <p class='ocr_par' dir='ltr' id='par_1_72' title="bbox 2137 3375 3137 3444">
     <span class='ocr_line' id='line_1_72' title="bbox 2137 3375 3137 3444; baseline 0.008 -18"><span class='ocrx_word' id='word_1_433' title='bbox 2137 3375 2432 3427; x_wconf 87' lang='lat' dir='ltr'><strong><em>mabuntur</em></strong></span> <span class='ocrx_word' id='word_1_434' title='bbox 2457 3387 2509 3430; x_wconf 89' lang='lat' dir='ltr'><strong><em>et</em></strong></span> <span class='ocrx_word' id='word_1_435' title='bbox 2549 3376 2757 3444; x_wconf 81' lang='lat' dir='ltr'><strong><em>perient</em></strong></span> <span class='ocrx_word' id='word_1_436' title='bbox 2790 3393 2818 3429; x_wconf 87' lang='lat' dir='ltr'><strong><em>a</em></strong></span> <span class='ocrx_word' id='word_1_437' title='bbox 2857 3375 2994 3430; x_wconf 73' lang='lat' dir='ltr'><strong><em>faeie</em></strong></span> <span class='ocrx_word' id='word_1_438' title='bbox 3025 3386 3137 3434; x_wconf 85' lang='lat' dir='ltr'><strong><em>tua.</em></strong></span> 
     </span>
    </p>
   </div>
   <div class='ocr_carea' id='block_1_73' title="bbox 2205 3466 3706 3536">
    <p class='ocr_par' dir='ltr' id='par_1_73' title="bbox 2205 3466 3706 3536">
     <span class='ocr_line' id='line_1_73' title="bbox 2205 3466 3706 3536; baseline 0.009 -19"><span class='ocrx_word' id='word_1_439' title='bbox 2205 3466 2470 3530; x_wconf 81' lang='lat' dir='ltr'><strong><em>Quoniam</em></strong></span> <span class='ocrx_word' id='word_1_440' title='bbox 2547 3468 2721 3521; x_wconf 73' lang='lat' dir='ltr'><strong><em>t&#39;t-cisti</em></strong></span> <span class='ocrx_word' id='word_1_441' title='bbox 2787 3470 3054 3536; x_wconf 84' lang='lat' dir='ltr'><strong><em>judicium</em></strong></span> <span class='ocrx_word' id='word_1_442' title='bbox 3137 3488 3318 3529; x_wconf 86' lang='lat' dir='ltr'><strong><em>meum</em></strong></span> <span class='ocrx_word' id='word_1_443' title='bbox 3380 3486 3434 3531; x_wconf 90' lang='lat' dir='ltr'><strong><em>ct</em></strong></span> <span class='ocrx_word' id='word_1_444' title='bbox 3481 3491 3706 3531; x_wconf 83' lang='lat' dir='ltr'><strong><em>causam</em></strong></span> 
     </span>
    </p>
   </div>
   <div class='ocr_carea' id='block_1_74' title="bbox 2137 3560 3701 3639">
    <p class='ocr_par' dir='ltr' id='par_1_74' title="bbox 2137 3560 3701 3639">
     <span class='ocr_line' id='line_1_74' title="bbox 2137 3560 3701 3639; baseline 0.01 -31"><span class='ocrx_word' id='word_1_445' title='bbox 2137 3572 2309 3609; x_wconf 70' lang='lat' dir='ltr'><strong><em>int-am</em></strong></span> <span class='ocrx_word' id='word_1_446' title='bbox 2345 3573 2359 3612; x_wconf 87' lang='lat'><strong>:</strong></span> <span class='ocrx_word' id='word_1_447' title='bbox 2391 3560 2546 3613; x_wconf 78' lang='lat' dir='ltr'><strong><em>sedes</em></strong></span> <span class='ocrx_word' id='word_1_448' title='bbox 2611 3561 2628 3632; x_wconf 70' lang='grc' dir='ltr'><strong>Ι</strong></span> <span class='ocrx_word' id='word_1_449' title='bbox 2657 3577 2753 3617; x_wconf 87' lang='lat' dir='ltr'><strong><em>ms.</em></strong></span> <span class='ocrx_word' id='word_1_450' title='bbox 2786 3563 3016 3638; x_wconf 78' lang='lat' dir='ltr'><strong><em>sedisti]</em></strong></span> <span class='ocrx_word' id='word_1_451' title='bbox 3081 3581 3248 3636; x_wconf 86' lang='lat' dir='ltr'><strong><em>super</em></strong></span> <span class='ocrx_word' id='word_1_452' title='bbox 3279 3567 3557 3634; x_wconf 85' lang='lat' dir='ltr'><strong><em>thronum,</em></strong></span> <span class='ocrx_word' id='word_1_453' title='bbox 3598 3570 3701 3639; x_wconf 89' lang='lat' dir='ltr'><strong><em>qui</em></strong></span> 
     </span>
    </p>
   </div>
   <div class='ocr_carea' id='block_1_75' title="bbox 2132 3647 2705 3720">
    <p class='ocr_par' dir='ltr' id='par_1_75' title="bbox 2132 3647 2705 3720">
     <span class='ocr_line' id='line_1_75' title="bbox 2132 3647 2705 3720; baseline 0.017 -21"><span class='ocrx_word' id='word_1_454' title='bbox 2132 3647 2343 3718; x_wconf 84' lang='lat' dir='ltr'><strong><em>judicas</em></strong></span> <span class='ocrx_word' id='word_1_455' title='bbox 2373 3653 2705 3720; x_wconf 80' lang='lat' dir='ltr'><strong><em>:equitatem.</em></strong></span> 
     </span>
    </p>
   </div>
   <div class='ocr_carea' id='block_1_76' title="bbox 2205 3743 3713 3821">
    <p class='ocr_par' dir='ltr' id='par_1_76' title="bbox 2205 3743 3713 3821">
     <span class='ocr_line' id='line_1_76' title="bbox 2205 3743 3713 3821; baseline 0.007 -25"><span class='ocrx_word' id='word_1_456' title='bbox 2205 3743 2498 3812; x_wconf 85' lang='lat' dir='ltr'><strong><em>lncrepasti</em></strong></span> <span class='ocrx_word' id='word_1_457' title='bbox 2548 3757 2755 3815; x_wconf 79' lang='lat' dir='ltr'><strong><em>gentes,</em></strong></span> <span class='ocrx_word' id='word_1_458' title='bbox 2801 3756 2855 3801; x_wconf 89' lang='lat' dir='ltr'><strong><em>et</em></strong></span> <span class='ocrx_word' id='word_1_459' title='bbox 2903 3749 3064 3818; x_wconf 88' lang='lat' dir='ltr'><strong><em>periit</em></strong></span> <span class='ocrx_word' id='word_1_460' title='bbox 3101 3750 3302 3821; x_wconf 83' lang='lat' dir='ltr'><strong><em>impius</em></strong></span> <span class='ocrx_word' id='word_1_461' title='bbox 3334 3769 3348 3805; x_wconf 89' lang='lat'><strong>:</strong></span> <span class='ocrx_word' id='word_1_462' title='bbox 3385 3767 3577 3806; x_wconf 85' lang='lat' dir='ltr'><strong><em>nomen</em></strong></span> <span class='ocrx_word' id='word_1_463' title='bbox 3614 3767 3713 3806; x_wconf 87' lang='lat' dir='ltr'><strong><em>eo-</em></strong></span> 
     </span>
    </p>
   </div>
   <div class='ocr_carea' id='block_1_77' title="bbox 2138 3835 3590 3902">
    <p class='ocr_par' dir='ltr' id='par_1_77' title="bbox 2138 3835 3590 3902">
     <span class='ocr_line' id='line_1_77' title="bbox 2138 3835 3590 3902; baseline 0.006 -15"><span class='ocrx_word' id='word_1_464' title='bbox 2138 3849 2256 3887; x_wconf 91' lang='lat' dir='ltr'><strong><em>rum</em></strong></span> <span class='ocrx_word' id='word_1_465' title='bbox 2289 3835 2498 3902; x_wconf 82' lang='lat' dir='ltr'><strong><em>delesti,</em></strong></span> <span class='ocrx_word' id='word_1_466' title='bbox 2535 3839 2584 3889; x_wconf 87' lang='lat' dir='ltr'><strong><em>in</em></strong></span> <span class='ocrx_word' id='word_1_467' title='bbox 2619 3849 2881 3892; x_wconf 77' lang='lat' dir='ltr'><strong><em>:eternum</em></strong></span> <span class='ocrx_word' id='word_1_468' title='bbox 2910 3851 2964 3893; x_wconf 85' lang='lat' dir='ltr'><strong><em>et</em></strong></span> <span class='ocrx_word' id='word_1_469' title='bbox 2995 3839 3049 3894; x_wconf 89' lang='lat' dir='ltr'><strong><em>in</em></strong></span> <span class='ocrx_word' id='word_1_470' title='bbox 3090 3843 3347 3896; x_wconf 65' lang='lat' dir='ltr'><strong><em>saeculum</em></strong></span> <span class='ocrx_word' id='word_1_471' title='bbox 3380 3843 3590 3897; x_wconf 62' lang='lat' dir='ltr'><strong><em>saeculi.</em></strong></span> 
     </span>
    </p>
   </div>
   <div class='ocr_carea' id='block_1_78' title="bbox 2207 4017 3714 4079">
    <p class='ocr_par' dir='ltr' id='par_1_78' title="bbox 2207 4017 3714 4079">
     <span class='ocr_line' id='line_1_78' title="bbox 2207 4017 3714 4079; baseline 0.006 -9"><span class='ocrx_word' id='word_1_472' title='bbox 2207 4017 2414 4073; x_wconf 84' lang='lat' dir='ltr'><strong><em>Inimici</em></strong></span> <span class='ocrx_word' id='word_1_473' title='bbox 2445 4017 2762 4073; x_wconf 78' lang='lat' dir='ltr'><strong><em>defccerunt</em></strong></span> <span class='ocrx_word' id='word_1_474' title='bbox 2788 4020 3004 4075; x_wconf 77' lang='lat' dir='ltr'><strong><em>framea:</em></strong></span> <span class='ocrx_word' id='word_1_475' title='bbox 3024 4023 3046 4054; x_wconf 83' lang='lat'><strong><em>‘</em></strong></span> <span class='ocrx_word' id='word_1_476' title='bbox 3066 4021 3120 4076; x_wconf 91' lang='lat' dir='ltr'><strong><em>in</em></strong></span> <span class='ocrx_word' id='word_1_477' title='bbox 3146 4021 3308 4075; x_wconf 88' lang='lat' dir='ltr'><strong><em>llnem</em></strong></span> <span class='ocrx_word' id='word_1_478' title='bbox 3333 4040 3346 4077; x_wconf 94' lang='lat'>:</span> <span class='ocrx_word' id='word_1_479' title='bbox 3375 4032 3428 4077; x_wconf 83' lang='lat' dir='ltr'><strong><em>et</em></strong></span> <span class='ocrx_word' id='word_1_480' title='bbox 3454 4024 3714 4079; x_wconf 83' lang='lat' dir='ltr'><strong><em>civitates</em></strong></span> 
     </span>
    </p>
   </div>
   <div class='ocr_carea' id='block_1_79' title="bbox 2137 4110 2666 4175">
    <p class='ocr_par' dir='ltr' id='par_1_79' title="bbox 2137 4110 2666 4175">
     <span class='ocr_line' id='line_1_79' title="bbox 2137 4110 2666 4175; baseline -0.002 -11"><span class='ocrx_word' id='word_1_481' title='bbox 2137 4126 2323 4164; x_wconf 87' lang='lat' dir='ltr'><strong><em>cormn</em></strong></span> <span class='ocrx_word' id='word_1_482' title='bbox 2357 4110 2666 4175; x_wconf 60' lang='lat' dir='ltr'><strong><em>detraxisti.</em></strong></span> 
     </span>
    </p>
   </div>
   <div class='ocr_carea' id='block_1_80' title="bbox 2207 4205 3715 4285">
    <p class='ocr_par' dir='ltr' id='par_1_80' title="bbox 2207 4205 3715 4285">
     <span class='ocr_line' id='line_1_80' title="bbox 2207 4205 3715 4285; baseline 0.008 -26"><span class='ocrx_word' id='word_1_483' title='bbox 2207 4205 2375 4259; x_wconf 80' lang='lat' dir='ltr'><strong><em>Periit</em></strong></span> <span class='ocrx_word' id='word_1_484' title='bbox 2411 4209 2668 4260; x_wconf 78' lang='lat' dir='ltr'><strong><em>memoria</em></strong></span> <span class='ocrx_word' id='word_1_485' title='bbox 2697 4222 2885 4260; x_wconf 85' lang='lat' dir='ltr'><strong><em>eorum</em></strong></span> <span class='ocrx_word' id='word_1_486' title='bbox 2920 4224 3042 4263; x_wconf 91' lang='lat' dir='ltr'><strong><em>cum</em></strong></span> <span class='ocrx_word' id='word_1_487' title='bbox 3069 4211 3249 4264; x_wconf 86' lang='lat' dir='ltr'><strong><em>sonitu</em></strong></span> <span class='ocrx_word' id='word_1_488' title='bbox 3273 4209 3398 4284; x_wconf 88' lang='lat' dir='ltr'><strong><em>[ms.</em></strong></span> <span class='ocrx_word' id='word_1_489' title='bbox 3429 4215 3715 4285; x_wconf 66' lang='lat' dir='ltr'><strong><em>strepitu]:</em></strong></span> 
     </span>
    </p>
   </div>
   <div class='ocr_carea' id='block_1_81' title="bbox 2143 4299 3210 4369">
    <p class='ocr_par' dir='ltr' id='par_1_81' title="bbox 2143 4299 3210 4369">
     <span class='ocr_line' id='line_1_81' title="bbox 2143 4299 3210 4369; baseline 0.007 -19"><span class='ocrx_word' id='word_1_490' title='bbox 2143 4308 2194 4350; x_wconf 77' lang='lat' dir='ltr'><strong><em>et</em></strong></span> <span class='ocrx_word' id='word_1_491' title='bbox 2232 4299 2488 4352; x_wconf 77' lang='lat' dir='ltr'><strong><em>Dominus</em></strong></span> <span class='ocrx_word' id='word_1_492' title='bbox 2529 4302 2578 4351; x_wconf 88' lang='lat' dir='ltr'><strong><em>in</em></strong></span> <span class='ocrx_word' id='word_1_493' title='bbox 2607 4310 2868 4352; x_wconf 72' lang='lat' dir='ltr'><strong><em>.cternum</em></strong></span> <span class='ocrx_word' id='word_1_494' title='bbox 2907 4313 3210 4369; x_wconf 84' lang='lat' dir='ltr'><strong><em>permanet.</em></strong></span> 
     </span>
    </p>
   </div>
   <div class='ocr_carea' id='block_1_82' title="bbox 531 4357 3717 4464">
    <p class='ocr_par' dir='ltr' id='par_1_82' title="bbox 531 4357 3717 4464">
     <span class='ocr_line' id='line_1_82' title="bbox 531 4357 3717 4464; baseline 0.002 -23"><span class='ocrx_word' id='word_1_495' title='bbox 531 4387 747 4441; x_wconf 80' lang='lat' dir='ltr'><strong><em>Paravit</em></strong></span> <span class='ocrx_word' id='word_1_496' title='bbox 786 4389 837 4438; x_wconf 92' lang='lat' dir='ltr'><strong><em>in</em></strong></span> <span class='ocrx_word' id='word_1_497' title='bbox 859 4387 1059 4454; x_wconf 86' lang='lat' dir='ltr'><strong><em>judicio</em></strong></span> <span class='ocrx_word' id='word_1_498' title='bbox 1097 4388 1338 4438; x_wconf 76' lang='lat' dir='ltr'><strong><em>thronum</em></strong></span> <span class='ocrx_word' id='word_1_499' title='bbox 1374 4400 1547 4444; x_wconf 83' lang='lat' dir='ltr'><strong><em>suum,</em></strong></span> <span class='ocrx_word' id='word_1_500' title='bbox 1613 4394 1660 4436; x_wconf 85' lang='lat' dir='ltr'><strong><em>et</em></strong></span> <span class='ocrx_word' id='word_1_501' title='bbox 1694 4388 1800 4451; x_wconf 80' lang='lat' dir='ltr'><strong><em>ipse</em></strong></span> <span class='ocrx_word' id='word_1_502' title='bbox 1823 4389 2036 4454; x_wconf 82' lang='lat' dir='ltr'><strong><em>judica—</em></strong></span> <span class='ocrx_word' id='word_1_503' title='bbox 2069 4357 2114 4412; x_wconf 67' lang='grc' dir='ltr'>υ</span> <span class='ocrx_word' id='word_1_504' title='bbox 2211 4391 2429 4445; x_wconf 79' lang='lat' dir='ltr'><strong><em>Paravit</em></strong></span> <span class='ocrx_word' id='word_1_505' title='bbox 2459 4393 2509 4443; x_wconf 91' lang='lat' dir='ltr'><strong><em>in</em></strong></span> <span class='ocrx_word' id='word_1_506' title='bbox 2534 4393 2743 4460; x_wconf 78' lang='lat' dir='ltr'><strong><em>judicio</em></strong></span> <span class='ocrx_word' id='word_1_507' title='bbox 2773 4394 2954 4446; x_wconf 67' lang='lat' dir='ltr'><strong><em>sudent</em></strong></span> <span class='ocrx_word' id='word_1_508' title='bbox 2986 4411 3138 4449; x_wconf 83' lang='lat' dir='ltr'><strong><em>suam</em></strong></span> <span class='ocrx_word' id='word_1_509' title='bbox 3169 4412 3184 4452; x_wconf 86' lang='lat'><strong>:</strong></span> <span class='ocrx_word' id='word_1_510' title='bbox 3221 4406 3274 4450; x_wconf 89' lang='lat' dir='ltr'><strong><em>et</em></strong></span> <span class='ocrx_word' id='word_1_511' title='bbox 3308 4396 3717 4464; x_wconf 75' lang='lat' dir='ltr'><strong><em>ipsejudicabit</em></strong></span> 
     </span>
    </p>
   </div>
   <div class='ocr_carea' id='block_1_83' title="bbox 370 4550 2031 4624">
    <p class='ocr_par' dir='ltr' id='par_1_83' title="bbox 370 4550 2031 4624">
     <span class='ocr_line' id='line_1_83' title="bbox 370 4550 2031 4624; baseline 0.002 -22"><span class='ocrx_word' id='word_1_512' title='bbox 370 4613 377 4624; x_wconf 69' lang='grc' dir='ltr'><strong><em> </em></strong></span> <span class='ocrx_word' id='word_1_513' title='bbox 463 4561 550 4605; x_wconf 78' lang='lat' dir='ltr'><strong><em>est</em></strong></span> <span class='ocrx_word' id='word_1_514' title='bbox 597 4552 648 4603; x_wconf 92' lang='lat' dir='ltr'><strong><em>in</em></strong></span> <span class='ocrx_word' id='word_1_515' title='bbox 698 4550 991 4624; x_wconf 75' lang='lat' dir='ltr'><strong><em>Veronensi</em></strong></span> <span class='ocrx_word' id='word_1_516' title='bbox 1036 4565 1139 4602; x_wconf 79' lang='lat' dir='ltr'><strong><em>ms.</em></strong></span> <span class='ocrx_word' id='word_1_517' title='bbox 1177 4565 1274 4618; x_wconf 89' lang='lat' dir='ltr'><strong><em>pro</em></strong></span> <span class='ocrx_word' id='word_1_518' title='bbox 1303 4551 1474 4609; x_wconf 87' lang='lat' dir='ltr'><strong><em>dolor,</em></strong></span> <span class='ocrx_word' id='word_1_519' title='bbox 1503 4561 1562 4620; x_wconf 23' lang='lat' dir='ltr'><strong><em>et.</em></strong></span> <span class='ocrx_word' id='word_1_520' title='bbox 1601 4566 1722 4604; x_wconf 81' lang='lat' dir='ltr'><strong><em>mox</em></strong></span> <span class='ocrx_word' id='word_1_521' title='bbox 1755 4553 2031 4606; x_wconf 86' lang='lat' dir='ltr'><strong><em>descendat</em></strong></span> 
     </span>
    </p>
   </div>
   <div class='ocr_carea' id='block_1_84' title="bbox 464 4621 882 4690">
    <p class='ocr_par' dir='ltr' id='par_1_84' title="bbox 464 4621 882 4690">
     <span class='ocr_line' id='line_1_84' title="bbox 464 4621 882 4690; baseline -0.005 -18"><span class='ocrx_word' id='word_1_522' title='bbox 464 4637 561 4690; x_wconf 85' lang='lat' dir='ltr'><strong><em>pro</em></strong></span> <span class='ocrx_word' id='word_1_523' title='bbox 594 4621 882 4690; x_wconf 83' lang='lat' dir='ltr'><strong><em>descendet.</em></strong></span> 
     </span>
    </p>
   </div>
   <div class='ocr_carea' id='block_1_85' title="bbox 538 4689 1448 4754">
    <p class='ocr_par' dir='ltr' id='par_1_85' title="bbox 538 4689 1448 4754">
     <span class='ocr_line' id='line_1_85' title="bbox 538 4689 1448 4754; baseline 0 -14"><span class='ocrx_word' id='word_1_524' title='bbox 538 4691 550 4719; x_wconf 88' lang='grc'>¹</span> <span class='ocrx_word' id='word_1_525' title='bbox 582 4691 742 4743; x_wconf 66' lang='lat' dir='ltr'><strong><em>&#39;l‘acL-t</em></strong></span> <span class='ocrx_word' id='word_1_526' title='bbox 774 4689 1001 4740; x_wconf 65' lang='lat' dir='ltr'><strong><em>Pal-uin.</em></strong></span> <span class='ocrx_word' id='word_1_527' title='bbox 1041 4704 1142 4740; x_wconf 89' lang='lat' dir='ltr'><strong><em>ms.</em></strong></span> <span class='ocrx_word' id='word_1_528' title='bbox 1181 4689 1233 4740; x_wconf 89' lang='lat' dir='ltr'><strong><em>in</em></strong></span> <span class='ocrx_word' id='word_1_529' title='bbox 1267 4690 1448 4754; x_wconf 85' lang='lat' dir='ltr'><strong><em>ﬁnem.</em></strong></span> 
     </span>
    </p>
   </div>
   <div class='ocr_carea' id='block_1_86' title="bbox 537 4759 2032 4826">
    <p class='ocr_par' dir='ltr' id='par_1_86' title="bbox 537 4759 2032 4826">
     <span class='ocr_line' id='line_1_86' title="bbox 537 4759 2032 4826; baseline 0.003 -15"><span class='ocrx_word' id='word_1_530' title='bbox 537 4765 553 4790; x_wconf 81' lang='grc'>⁸</span> <span class='ocrx_word' id='word_1_531' title='bbox 580 4761 725 4812; x_wconf 78' lang='lat' dir='ltr'><strong><em>Idem</em></strong></span> <span class='ocrx_word' id='word_1_532' title='bbox 765 4773 865 4810; x_wconf 86' lang='lat' dir='ltr'><strong><em>ms.</em></strong></span> <span class='ocrx_word' id='word_1_533' title='bbox 889 4759 1222 4820; x_wconf 85' lang='lat' dir='ltr'><strong><em>laetantium,</em></strong></span> <span class='ocrx_word' id='word_1_534' title='bbox 1245 4770 1352 4810; x_wconf 90' lang='lat' dir='ltr'><strong><em>tum</em></strong></span> <span class='ocrx_word' id='word_1_535' title='bbox 1375 4759 1810 4826; x_wconf 59' lang='lat' dir='ltr'><strong><em>prmpnsitionem</em></strong></span> <span class='ocrx_word' id='word_1_536' title='bbox 1845 4762 2032 4816; x_wconf 83' lang='lat' dir='ltr'><strong><em>subse-</em></strong></span> 
     </span>
    </p>
   </div>
   <div class='ocr_carea' id='block_1_87' title="bbox 464 4829 2037 4900">
    <p class='ocr_par' dir='ltr' id='par_1_87' title="bbox 464 4829 2037 4900">
     <span class='ocr_line' id='line_1_87' title="bbox 464 4829 2037 4900; baseline -0.006 -19"><span class='ocrx_word' id='word_1_537' title='bbox 464 4832 675 4898; x_wconf 86' lang='lat' dir='ltr'><strong><em>quentis</em></strong></span> <span class='ocrx_word' id='word_1_538' title='bbox 732 4829 879 4882; x_wconf 84' lang='lat' dir='ltr'><strong><em>verbi</em></strong></span> <span class='ocrx_word' id='word_1_539' title='bbox 938 4832 1006 4882; x_wconf 84' lang='lat' dir='ltr'><strong><em>de</em></strong></span> <span class='ocrx_word' id='word_1_540' title='bbox 1070 4844 1216 4881; x_wconf 82' lang='lat' dir='ltr'><strong><em>more</em></strong></span> <span class='ocrx_word' id='word_1_541' title='bbox 1275 4829 1482 4898; x_wconf 70' lang='lat' dir='ltr'><strong><em>jugulat</em></strong></span> <span class='ocrx_word' id='word_1_542' title='bbox 1539 4844 1592 4882; x_wconf 83' lang='lat'><strong><em>-:—</em></strong></span> <span class='ocrx_word' id='word_1_543' title='bbox 1673 4845 1766 4898; x_wconf 73' lang='lat' dir='ltr'><strong><em>per</em></strong></span> <span class='ocrx_word' id='word_1_544' title='bbox 1830 4831 1848 4896; x_wconf 73' lang='grc' dir='ltr'>ζ</span> <span class='ocrx_word' id='word_1_545' title='bbox 1915 4835 2037 4900; x_wconf 66' lang='grc' dir='ltr'><strong><em>[θεέ-</em></strong></span> 
     </span>
    </p>
   </div>
   <div class='ocr_carea' id='block_1_88' title="bbox 534 4967 2036 5035">
    <p class='ocr_par' dir='ltr' id='par_1_88' title="bbox 534 4967 2036 5035">
     <span class='ocr_line' id='line_1_88' title="bbox 534 4967 2036 5035; baseline 0 -13"><span class='ocrx_word' id='word_1_546' title='bbox 534 4968 553 4999; x_wconf 83' lang='grc'><strong>³</strong></span> <span class='ocrx_word' id='word_1_547' title='bbox 583 4970 900 5023; x_wconf 61' lang='lat' dir='ltr'><strong><em>Adnotantla</em></strong></span> <span class='ocrx_word' id='word_1_548' title='bbox 933 4983 1052 5035; x_wconf 71' lang='lat' dir='ltr'><strong><em>quae</em></strong></span> <span class='ocrx_word' id='word_1_549' title='bbox 1079 4979 1132 5020; x_wconf 89' lang='lat' dir='ltr'><strong><em>et</em></strong></span> <span class='ocrx_word' id='word_1_550' title='bbox 1167 4967 1505 5019; x_wconf 56' lang='lat' dir='ltr'><strong><em>Martianrus</em></strong></span> <span class='ocrx_word' id='word_1_551' title='bbox 1535 4971 1738 5033; x_wconf 78' lang='lat' dir='ltr'><strong><em>lautlat,</em></strong></span> <span class='ocrx_word' id='word_1_552' title='bbox 1773 4970 2036 5035; x_wconf 79' lang='lat' dir='ltr'><strong><em>lliemnv-</em></strong></span> 
     </span>
    </p>
   </div>
   <div class='ocr_carea' id='block_1_89' title="bbox 465 5040 2036 5103">
    <p class='ocr_par' dir='ltr' id='par_1_89' title="bbox 465 5040 2036 5103">
     <span class='ocr_line' id='line_1_89' title="bbox 465 5040 2036 5103; baseline 0.002 -12"><span class='ocrx_word' id='word_1_553' title='bbox 465 5042 535 5094; x_wconf 87' lang='lat' dir='ltr'><strong><em>tui</em></strong></span> <span class='ocrx_word' id='word_1_554' title='bbox 575 5042 638 5092; x_wconf 87' lang='lat' dir='ltr'><strong><em>ad</em></strong></span> <span class='ocrx_word' id='word_1_555' title='bbox 679 5042 823 5092; x_wconf 86' lang='lat' dir='ltr'><strong><em>hunc</em></strong></span> <span class='ocrx_word' id='word_1_556' title='bbox 861 5040 1036 5090; x_wconf 86' lang='lat' dir='ltr'><strong><em>locum</em></strong></span> <span class='ocrx_word' id='word_1_557' title='bbox 1078 5042 1239 5089; x_wconf 74' lang='lat' dir='ltr'><strong><em>verba</em></strong></span> <span class='ocrx_word' id='word_1_558' title='bbox 1279 5042 1331 5088; x_wconf 88' lang='lat' dir='ltr'><strong><em>in</em></strong></span> <span class='ocrx_word' id='word_1_559' title='bbox 1383 5041 1548 5103; x_wconf 39' lang='lat' dir='ltr'><strong><em>epist.</em></strong></span> <span class='ocrx_word' id='word_1_560' title='bbox 1577 5043 1642 5092; x_wconf 85' lang='lat' dir='ltr'><strong><em>ad</em></strong></span> <span class='ocrx_word' id='word_1_561' title='bbox 1681 5044 1942 5092; x_wconf 70' lang='lat' dir='ltr'><strong><em>btumiam</em></strong></span> <span class='ocrx_word' id='word_1_562' title='bbox 1981 5057 2036 5094; x_wconf 70' lang='lat' dir='ltr'><strong><em>Pl.</em></strong></span> 
     </span>
    </p>
   </div>
   <div class='ocr_carea' id='block_1_90' title="bbox 465 5107 2036 5170">
    <p class='ocr_par' dir='ltr' id='par_1_90' title="bbox 465 5107 2036 5170">
     <span class='ocr_line' id='line_1_90' title="bbox 465 5107 2036 5170; baseline -0.002 -6"><span class='ocrx_word' id='word_1_563' title='bbox 465 5110 754 5168; x_wconf 66' lang='lat' dir='ltr'><strong><em>FN&#39;lClatll,</em></strong></span> <span class='ocrx_word' id='word_1_564' title='bbox 789 5123 940 5161; x_wconf 88' lang='lat' dir='ltr'><strong><em>nmn.</em></strong></span> <span class='ocrx_word' id='word_1_565' title='bbox 976 5109 1004 5161; x_wconf 89' lang='lat'><strong>7</strong></span> <span class='ocrx_word' id='word_1_566' title='bbox 1039 5107 1346 5170; x_wconf 65' lang='lat' dir='ltr'><strong><em>[Quoniam</em></strong></span> <span class='ocrx_word' id='word_1_567' title='bbox 1380 5109 1555 5160; x_wconf 74' lang='lat' dir='ltr'><strong><em>t&#39;ttletto</em></strong></span> <span class='ocrx_word' id='word_1_568' title='bbox 1598 5111 1748 5162; x_wconf 73' lang='lat' dir='ltr'><strong><em>t-mlos</em></strong></span> <span class='ocrx_word' id='word_1_569' title='bbox 1791 5124 1902 5161; x_wconf 87' lang='lat' dir='ltr'><strong><em>tuos</em></strong></span> <span class='ocrx_word' id='word_1_570' title='bbox 1941 5127 1956 5167; x_wconf 87' lang='lat'><strong><em>:</em></strong></span> <span class='ocrx_word' id='word_1_571' title='bbox 1988 5122 2036 5161; x_wconf 78' lang='lat' dir='ltr'><strong><em>rt</em></strong></span> 
     </span>
    </p>
   </div>
   <div class='ocr_carea' id='block_1_91' title="bbox 462 5178 2035 5247">
    <p class='ocr_par' dir='ltr' id='par_1_91' title="bbox 462 5178 2035 5247">
     <span class='ocr_line' id='line_1_91' title="bbox 462 5178 2035 5247; baseline -0.006 -16"><span class='ocrx_word' id='word_1_572' title='bbox 462 5182 630 5232; x_wconf 60' lang='lat' dir='ltr'><strong><em>dicatis</em></strong></span> <span class='ocrx_word' id='word_1_573' title='bbox 679 5179 812 5245; x_wconf 82' lang='lat' dir='ltr'><strong><em>quod</em></strong></span> <span class='ocrx_word' id='word_1_574' title='bbox 842 5190 962 5232; x_wconf 87' lang='lat' dir='ltr'><strong><em>tuos</em></strong></span> <span class='ocrx_word' id='word_1_575' title='bbox 1000 5179 1053 5230; x_wconf 88' lang='lat' dir='ltr'><strong><em>in</em></strong></span> <span class='ocrx_word' id='word_1_576' title='bbox 1089 5179 1267 5231; x_wconf 68' lang='lat' dir='ltr'><strong><em>Gnaeo</em></strong></span> <span class='ocrx_word' id='word_1_577' title='bbox 1302 5194 1399 5228; x_wconf 86' lang='lat' dir='ltr'><strong><em>non</em></strong></span> <span class='ocrx_word' id='word_1_578' title='bbox 1431 5181 1640 5231; x_wconf 76' lang='lat' dir='ltr'><strong><em>Itrtltettt.</em></strong></span> <span class='ocrx_word' id='word_1_579' title='bbox 1689 5178 1876 5231; x_wconf 78' lang='lat' dir='ltr'><strong><em>Verum</em></strong></span> <span class='ocrx_word' id='word_1_580' title='bbox 1908 5195 1979 5231; x_wconf 68' lang='lat' dir='ltr'><strong><em>est</em></strong></span> <span class='ocrx_word' id='word_1_581' title='bbox 2012 5198 2035 5247; x_wconf 52' lang='grc' dir='ltr'><strong><em>ς</em></strong></span> 
     </span>
    </p>
   </div>
   <div class='ocr_carea' id='block_1_92' title="bbox 459 5248 2038 5317">
    <p class='ocr_par' dir='ltr' id='par_1_92' title="bbox 459 5248 2038 5317">
     <span class='ocr_line' id='line_1_92' title="bbox 459 5248 2038 5317; baseline -0.001 -16"><span class='ocrx_word' id='word_1_582' title='bbox 459 5251 550 5302; x_wconf 76' lang='lat' dir='ltr'><strong><em>sed</em></strong></span> <span class='ocrx_word' id='word_1_583' title='bbox 595 5252 648 5304; x_wconf 87' lang='lat' dir='ltr'><strong><em>in</em></strong></span> <span class='ocrx_word' id='word_1_584' title='bbox 698 5248 917 5301; x_wconf 82' lang='lat' dir='ltr'><strong><em>Heber</em></strong></span> <span class='ocrx_word' id='word_1_585' title='bbox 957 5249 1146 5314; x_wconf 85' lang='lat' dir='ltr'><strong><em>legitur</em></strong></span> <span class='ocrx_word' id='word_1_586' title='bbox 1195 5261 1454 5317; x_wconf 55' lang='lat' dir='ltr'><strong><em>sunset“.</em></strong></span> <span class='ocrx_word' id='word_1_587' title='bbox 1494 5252 1629 5314; x_wconf 82' lang='lat' dir='ltr'><strong><em>quod</em></strong></span> <span class='ocrx_word' id='word_1_588' title='bbox 1659 5255 2038 5317; x_wconf 84' lang='lat' dir='ltr'><strong><em>interpretatur</em></strong></span> 
     </span>
    </p>
   </div>
   <div class='ocr_carea' id='block_1_93' title="bbox 462 5315 2032 5381">
    <p class='ocr_par' dir='ltr' id='par_1_93' title="bbox 462 5315 2032 5381">
     <span class='ocr_line' id='line_1_93' title="bbox 462 5315 2032 5381; baseline 0.001 -10"><span class='ocrx_word' id='word_1_589' title='bbox 462 5323 630 5373; x_wconf 76' lang='lat' dir='ltr'><strong><em>t‘tBlOS</em></strong></span> <span class='ocrx_word' id='word_1_590' title='bbox 676 5330 797 5371; x_wconf 83' lang='lat' dir='ltr'><strong><em>tuos</em></strong></span> <span class='ocrx_word' id='word_1_591' title='bbox 829 5335 845 5371; x_wconf 92' lang='lat'><em>:</em></span> <span class='ocrx_word' id='word_1_592' title='bbox 876 5328 923 5370; x_wconf 91' lang='lat' dir='ltr'><strong><em>et</em></strong></span> <span class='ocrx_word' id='word_1_593' title='bbox 954 5323 1017 5370; x_wconf 89' lang='lat' dir='ltr'><strong><em>de</em></strong></span> <span class='ocrx_word' id='word_1_594' title='bbox 1047 5319 1268 5372; x_wconf 62' lang='lat' dir='ltr'><strong><em>editione</em></strong></span> <span class='ocrx_word' id='word_1_595' title='bbox 1309 5315 1670 5368; x_wconf 79' lang='lat' dir='ltr'><strong><em>Ttteodotionts</em></strong></span> <span class='ocrx_word' id='word_1_596' title='bbox 1720 5322 1772 5368; x_wconf 81' lang='lat' dir='ltr'><strong><em>in</em></strong></span> <span class='ocrx_word' id='word_1_597' title='bbox 1798 5315 2032 5381; x_wconf 78' lang='lat' dir='ltr'><strong><em>Septua-</em></strong></span> 
     </span>
    </p>
   </div>
   <div class='ocr_carea' id='block_1_94' title="bbox 463 5386 2033 5456">
    <p class='ocr_par' dir='ltr' id='par_1_94' title="bbox 463 5386 2033 5456">
     <span class='ocr_line' id='line_1_94' title="bbox 463 5386 2033 5456; baseline 0.004 -23"><span class='ocrx_word' id='word_1_598' title='bbox 463 5396 608 5456; x_wconf 57' lang='lat' dir='ltr'><strong><em>gmm</em></strong></span> <span class='ocrx_word' id='word_1_599' title='bbox 669 5386 1049 5454; x_wconf 68' lang='grc' dir='ltr'><strong><em>Ιιιιενρι-ινιὶὺιιε</em></strong></span> <span class='ocrx_word' id='word_1_600' title='bbox 1129 5388 1364 5441; x_wconf 74' lang='lat' dir='ltr'><strong><em>additum</em></strong></span> <span class='ocrx_word' id='word_1_601' title='bbox 1437 5399 1508 5437; x_wconf 81' lang='lat' dir='ltr'><strong><em>est</em></strong></span> <span class='ocrx_word' id='word_1_602' title='bbox 1564 5393 1660 5438; x_wconf 84' lang='lat' dir='ltr'><strong><em>sub</em></strong></span> <span class='ocrx_word' id='word_1_603' title='bbox 1741 5394 2033 5450; x_wconf 83' lang='lat' dir='ltr'><strong><em>asterisco,</em></strong></span> 
     </span>
    </p>
   </div>
   <div class='ocr_carea' id='block_1_95' title="bbox 462 5472 570 5511">
    <p class='ocr_par' dir='ltr' id='par_1_95' title="bbox 462 5472 570 5511">
     <span class='ocr_line' id='line_1_95' title="bbox 462 5472 570 5511; baseline 0 0"><span class='ocrx_word' id='word_1_604' title='bbox 462 5472 570 5511; x_wconf 84' lang='lat' dir='ltr'><strong><em>etc.</em></strong></span> 
     </span>
    </p>
   </div>
   <div class='ocr_carea' id='block_1_96' title="bbox 535 5525 2038 5589">
    <p class='ocr_par' dir='ltr' id='par_1_96' title="bbox 535 5525 2038 5589">
     <span class='ocr_line' id='line_1_96' title="bbox 535 5525 2038 5589; baseline -0.003 -9"><span class='ocrx_word' id='word_1_605' title='bbox 535 5529 556 5557; x_wconf 70' lang='grc'><strong>⁸</strong></span> <span class='ocrx_word' id='word_1_606' title='bbox 589 5528 692 5580; x_wconf 78' lang='lat' dir='ltr'><strong><em>Pro</em></strong></span> <span class='ocrx_word' id='word_1_607' title='bbox 745 5528 903 5581; x_wconf 73' lang='lat' dir='ltr'><strong><em>obolo</em></strong></span> <span class='ocrx_word' id='word_1_608' title='bbox 954 5527 1517 5589; x_wconf 62' lang='lat' dir='ltr'><strong><em>asteriscumutupera</em></strong></span> <span class='ocrx_word' id='word_1_609' title='bbox 1564 5525 1768 5578; x_wconf 72' lang='lat' dir='ltr'><strong><em>codicis</em></strong></span> <span class='ocrx_word' id='word_1_610' title='bbox 1811 5526 2038 5577; x_wconf 72' lang='lat' dir='ltr'><strong><em>Alexan-</em></strong></span> 
     </span>
    </p>
   </div>
   <div class='ocr_carea' id='block_1_97' title="bbox 466 5594 2036 5666">
    <p class='ocr_par' dir='ltr' id='par_1_97' title="bbox 466 5594 2036 5666">
     <span class='ocr_line' id='line_1_97' title="bbox 466 5594 2036 5666; baseline -0.001 -17"><span class='ocrx_word' id='word_1_611' title='bbox 466 5595 606 5649; x_wconf 78' lang='lat' dir='ltr'><strong><em>drtui</em></strong></span> <span class='ocrx_word' id='word_1_612' title='bbox 637 5599 805 5651; x_wconf 81' lang='lat' dir='ltr'><strong><em>editio</em></strong></span> <span class='ocrx_word' id='word_1_613' title='bbox 838 5601 923 5650; x_wconf 82' lang='lat' dir='ltr'><strong><em>hic</em></strong></span> <span class='ocrx_word' id='word_1_614' title='bbox 956 5597 1199 5666; x_wconf 84' lang='lat' dir='ltr'><strong><em>apponit.</em></strong></span> <span class='ocrx_word' id='word_1_615' title='bbox 1237 5594 1508 5646; x_wconf 69' lang='lat' dir='ltr'><strong><em>Palatinus</em></strong></span> <span class='ocrx_word' id='word_1_616' title='bbox 1540 5611 1568 5647; x_wconf 85' lang='lat' dir='ltr'><strong><em>e</em></strong></span> <span class='ocrx_word' id='word_1_617' title='bbox 1602 5596 1822 5663; x_wconf 72' lang='lat' dir='ltr'><strong><em>regione.</em></strong></span> <span class='ocrx_word' id='word_1_618' title='bbox 1864 5600 2036 5650; x_wconf 69' lang='lat' dir='ltr'><strong><em>versi-</em></strong></span> 
     </span>
    </p>
   </div>
   <div class='ocr_carea' id='block_1_98' title="bbox 2137 4548 3715 4622">
    <p class='ocr_par' dir='ltr' id='par_1_98' title="bbox 2137 4548 3715 4622">
     <span class='ocr_line' id='line_1_98' title="bbox 2137 4548 3715 4622; baseline 0.006 -22"><span class='ocrx_word' id='word_1_619' title='bbox 2137 4548 2243 4601; x_wconf 82' lang='lat' dir='ltr'><strong><em>culi</em></strong></span> <span class='ocrx_word' id='word_1_620' title='bbox 2302 4548 2601 4622; x_wconf 61' lang='lat' dir='ltr'><strong><em>(tiapsatma</em></strong></span> <span class='ocrx_word' id='word_1_621' title='bbox 2643 4553 2888 4614; x_wconf 66' lang='lat' dir='ltr'><strong><em>ascribit,</em></strong></span> <span class='ocrx_word' id='word_1_622' title='bbox 2929 4563 3222 4622; x_wconf 84' lang='lat' dir='ltr'><strong><em>utrumque</em></strong></span> <span class='ocrx_word' id='word_1_623' title='bbox 3256 4566 3445 4609; x_wconf 87' lang='lat' dir='ltr'><strong><em>contra</em></strong></span> <span class='ocrx_word' id='word_1_624' title='bbox 3490 4556 3715 4610; x_wconf 71' lang='lat' dir='ltr'><strong><em>hodier-</em></strong></span> 
     </span>
    </p>
   </div>
   <div class='ocr_carea' id='block_1_99' title="bbox 2141 4619 2841 4674">
    <p class='ocr_par' dir='ltr' id='par_1_99' title="bbox 2141 4619 2841 4674">
     <span class='ocr_line' id='line_1_99' title="bbox 2141 4619 2841 4674; baseline 0.006 -6"><span class='ocrx_word' id='word_1_625' title='bbox 2141 4634 2266 4669; x_wconf 88' lang='lat' dir='ltr'><strong><em>num</em></strong></span> <span class='ocrx_word' id='word_1_626' title='bbox 2299 4619 2580 4671; x_wconf 73' lang='lat' dir='ltr'><strong><em>chrmnn</em></strong></span> <span class='ocrx_word' id='word_1_627' title='bbox 2607 4630 2841 4674; x_wconf 73' lang='lat' dir='ltr'><strong><em>textrini.</em></strong></span> 
     </span>
    </p>
   </div>
   <div class='ocr_carea' id='block_1_100' title="bbox 2206 4687 3174 4758">
    <p class='ocr_par' dir='ltr' id='par_1_100' title="bbox 2206 4687 3174 4758">
     <span class='ocr_line' id='line_1_100' title="bbox 2206 4687 3174 4758; baseline 0.011 -22"><span class='ocrx_word' id='word_1_628' title='bbox 2206 4690 2229 4758; x_wconf 46' lang='grc' dir='ltr'>ἦ</span> <span class='ocrx_word' id='word_1_629' title='bbox 2265 4687 2417 4740; x_wconf 83' lang='lat' dir='ltr'><strong><em>Deest</em></strong></span> <span class='ocrx_word' id='word_1_630' title='bbox 2449 4691 2499 4740; x_wconf 90' lang='lat' dir='ltr'><strong><em>in</em></strong></span> <span class='ocrx_word' id='word_1_631' title='bbox 2535 4690 2782 4742; x_wconf 78' lang='lat' dir='ltr'><strong><em>Palatino</em></strong></span> <span class='ocrx_word' id='word_1_632' title='bbox 2813 4707 3024 4747; x_wconf 74' lang='lat' dir='ltr'><strong><em>ms.th</em></strong></span> <span class='ocrx_word' id='word_1_633' title='bbox 3053 4693 3174 4758; x_wconf 88' lang='lat' dir='ltr'><strong><em>ﬁlii.</em></strong></span> 
     </span>
    </p>
   </div>
   <div class='ocr_carea' id='block_1_101' title="bbox 2215 4757 3714 4831">
    <p class='ocr_par' dir='ltr' id='par_1_101' title="bbox 2215 4757 3714 4831">
     <span class='ocr_line' id='line_1_101' title="bbox 2215 4757 3714 4831; baseline 0.008 -21"><span class='ocrx_word' id='word_1_634' title='bbox 2215 4757 2479 4810; x_wconf 78' lang='lat' dir='ltr'><strong><em>‘Obelum</em></strong></span> <span class='ocrx_word' id='word_1_635' title='bbox 2509 4763 2560 4810; x_wconf 89' lang='lat' dir='ltr'><strong><em>in</em></strong></span> <span class='ocrx_word' id='word_1_636' title='bbox 2588 4761 2804 4813; x_wconf 80' lang='lat' dir='ltr'><strong><em>vocnla:.</em></strong></span> <span class='ocrx_word' id='word_1_637' title='bbox 2827 4778 2990 4830; x_wconf 90' lang='lat' dir='ltr'><strong><em>quem</em></strong></span> <span class='ocrx_word' id='word_1_638' title='bbox 3020 4757 3342 4831; x_wconf 74' lang='lat' dir='ltr'><strong><em>praecedenti</em></strong></span> <span class='ocrx_word' id='word_1_639' title='bbox 3371 4773 3419 4818; x_wconf 88' lang='lat' dir='ltr'><strong><em>et</em></strong></span> <span class='ocrx_word' id='word_1_640' title='bbox 3435 4764 3714 4822; x_wconf 86' lang='lat' dir='ltr'><strong><em>Palatinus</em></strong></span> 
     </span>
    </p>
   </div>
   <div class='ocr_carea' id='block_1_102' title="bbox 2139 4832 3717 4904">
    <p class='ocr_par' dir='ltr' id='par_1_102' title="bbox 2139 4832 3717 4904">
     <span class='ocr_line' id='line_1_102' title="bbox 2139 4832 3717 4904; baseline 0.006 -26"><span class='ocrx_word' id='word_1_641' title='bbox 2139 4836 2504 4904; x_wconf 58' lang='lat' dir='ltr'><strong><em>[vimtiottetiat,</em></strong></span> <span class='ocrx_word' id='word_1_642' title='bbox 2539 4834 2606 4882; x_wconf 82' lang='lat' dir='ltr'><strong><em>ab</em></strong></span> <span class='ocrx_word' id='word_1_643' title='bbox 2643 4832 2761 4897; x_wconf 87' lang='lat' dir='ltr'><strong><em>ipso</em></strong></span> <span class='ocrx_word' id='word_1_644' title='bbox 2783 4836 2902 4895; x_wconf 74' lang='lat' dir='ltr'><strong><em>ejus</em></strong></span> <span class='ocrx_word' id='word_1_645' title='bbox 2935 4847 3123 4886; x_wconf 84' lang='lat' dir='ltr'><strong><em>errore</em></strong></span> <span class='ocrx_word' id='word_1_646' title='bbox 3170 4834 3350 4888; x_wconf 84' lang='lat' dir='ltr'><strong><em>edocti</em></strong></span> <span class='ocrx_word' id='word_1_647' title='bbox 3400 4849 3500 4889; x_wconf 86' lang='lat' dir='ltr'><strong><em>nos</em></strong></span> <span class='ocrx_word' id='word_1_648' title='bbox 3534 4843 3717 4904; x_wconf 74' lang='lat' dir='ltr'><strong><em>prtuli-</em></strong></span> 
     </span>
    </p>
   </div>
   <div class='ocr_carea' id='block_1_103' title="bbox 2141 4897 3719 4969">
    <p class='ocr_par' dir='ltr' id='par_1_103' title="bbox 2141 4897 3719 4969">
     <span class='ocr_line' id='line_1_103' title="bbox 2141 4897 3719 4969; baseline 0.005 -20"><span class='ocrx_word' id='word_1_649' title='bbox 2141 4911 2337 4949; x_wconf 77' lang='lat' dir='ltr'><strong><em>xtmus.</em></strong></span> <span class='ocrx_word' id='word_1_650' title='bbox 2368 4897 2559 4958; x_wconf 78' lang='lat' dir='ltr'><strong><em>Carus.</em></strong></span> <span class='ocrx_word' id='word_1_651' title='bbox 2599 4905 2950 4969; x_wconf 78' lang='lat' dir='ltr'><strong><em>subsequenti</em></strong></span> <span class='ocrx_word' id='word_1_652' title='bbox 2997 4917 3178 4967; x_wconf 81' lang='lat' dir='ltr'><strong><em>versu,</em></strong></span> <span class='ocrx_word' id='word_1_653' title='bbox 3229 4904 3465 4957; x_wconf 78' lang='lat' dir='ltr'><strong><em>civitates</em></strong></span> <span class='ocrx_word' id='word_1_654' title='bbox 3515 4897 3577 4958; x_wconf 67' lang='grc' dir='ltr'><strong><em>ἰε-</em></strong></span> <span class='ocrx_word' id='word_1_655' title='bbox 3628 4921 3719 4957; x_wconf 81' lang='lat' dir='ltr'><strong><em>eo-</em></strong></span> 
     </span>
    </p>
   </div>
   <div class='ocr_carea' id='block_1_104' title="bbox 2140 4973 3722 5040">
    <p class='ocr_par' dir='ltr' id='par_1_104' title="bbox 2140 4973 3722 5040">
     <span class='ocr_line' id='line_1_104' title="bbox 2140 4973 3722 5040; baseline 0.009 -25"><span class='ocrx_word' id='word_1_656' title='bbox 2140 4982 2255 5015; x_wconf 78' lang='lat' dir='ltr'><strong><em>rum</em></strong></span> <span class='ocrx_word' id='word_1_657' title='bbox 2289 4980 2308 5016; x_wconf 89' lang='lat'><strong><em>:</em></strong></span> <span class='ocrx_word' id='word_1_658' title='bbox 2341 4981 2658 5032; x_wconf 73' lang='lat' dir='ltr'><strong><em>przmuuato,</em></strong></span> <span class='ocrx_word' id='word_1_659' title='bbox 2713 4981 2770 5022; x_wconf 86' lang='lat' dir='ltr'><strong><em>ut</em></strong></span> <span class='ocrx_word' id='word_1_660' title='bbox 2821 4973 2993 5030; x_wconf 76' lang='lat' dir='ltr'><strong><em>vides.</em></strong></span> <span class='ocrx_word' id='word_1_661' title='bbox 3036 4974 3197 5024; x_wconf 89' lang='lat' dir='ltr'><strong><em>obelo</em></strong></span> <span class='ocrx_word' id='word_1_662' title='bbox 3249 4978 3497 5040; x_wconf 73' lang='lat' dir='ltr'><strong><em>pra-fert;</em></strong></span> <span class='ocrx_word' id='word_1_663' title='bbox 3534 4977 3629 5028; x_wconf 83' lang='lat' dir='ltr'><strong><em>sed</em></strong></span> <span class='ocrx_word' id='word_1_664' title='bbox 3663 4989 3722 5029; x_wconf 69' lang='lat' dir='ltr'><strong><em>vt</em></strong></span> 
     </span>
    </p>
   </div>
   <div class='ocr_carea' id='block_1_105' title="bbox 2141 5041 3718 5108">
    <p class='ocr_par' dir='ltr' id='par_1_105' title="bbox 2141 5041 3718 5108">
     <span class='ocr_line' id='line_1_105' title="bbox 2141 5041 3718 5108; baseline 0.008 -24"><span class='ocrx_word' id='word_1_665' title='bbox 2141 5041 2299 5108; x_wconf 71' lang='lat' dir='ltr'><strong><em>paulo</em></strong></span> <span class='ocrx_word' id='word_1_666' title='bbox 2331 5052 2581 5096; x_wconf 74' lang='lat' dir='ltr'><strong><em>smn-rtus</em></strong></span> <span class='ocrx_word' id='word_1_667' title='bbox 2623 5042 2676 5091; x_wconf 83' lang='lat' dir='ltr'><strong><em>in</em></strong></span> <span class='ocrx_word' id='word_1_668' title='bbox 2727 5041 2877 5093; x_wconf 78' lang='lat' dir='ltr'><strong><em>hisee</em></strong></span> <span class='ocrx_word' id='word_1_669' title='bbox 2925 5044 3262 5108; x_wconf 80' lang='lat' dir='ltr'><strong><em>apponendis</em></strong></span> <span class='ocrx_word' id='word_1_670' title='bbox 3313 5045 3458 5094; x_wconf 80' lang='lat' dir='ltr'><strong><em>notis</em></strong></span> <span class='ocrx_word' id='word_1_671' title='bbox 3509 5045 3718 5096; x_wconf 84' lang='lat' dir='ltr'><strong><em>lnltitur</em></strong></span> 
     </span>
    </p>
   </div>
   <div class='ocr_carea' id='block_1_106' title="bbox 2139 5106 3724 5180">
    <p class='ocr_par' dir='ltr' id='par_1_106' title="bbox 2139 5106 3724 5180">
     <span class='ocr_line' id='line_1_106' title="bbox 2139 5106 3724 5180; baseline 0.006 -24"><span class='ocrx_word' id='word_1_672' title='bbox 2139 5123 2260 5156; x_wconf 76' lang='lat' dir='ltr'><strong><em>cum</em></strong></span> <span class='ocrx_word' id='word_1_673' title='bbox 2283 5106 2635 5180; x_wconf 73' lang='lat' dir='ltr'><strong><em>l’atatinotns</em></strong></span> <span class='ocrx_word' id='word_1_674' title='bbox 2667 5125 2819 5175; x_wconf 67' lang='grc' dir='ltr'><strong><em>,ηυδε</em></strong></span> <span class='ocrx_word' id='word_1_675' title='bbox 2843 5106 3071 5180; x_wconf 62' lang='grc' dir='ltr'><strong><em>δίιιςυιιε</em></strong></span> <span class='ocrx_word' id='word_1_676' title='bbox 3105 5113 3412 5179; x_wconf 59' lang='lat' dir='ltr'><strong><em>quibusque</em></strong></span> <span class='ocrx_word' id='word_1_677' title='bbox 3442 5113 3583 5166; x_wconf 85' lang='lat' dir='ltr'><strong><em>locis</em></strong></span> <span class='ocrx_word' id='word_1_678' title='bbox 3622 5120 3724 5166; x_wconf 84' lang='lat' dir='ltr'><strong><em>ad-</em></strong></span> 
     </span>
    </p>
   </div>
   <div class='ocr_carea' id='block_1_107' title="bbox 2147 5178 3020 5231">
    <p class='ocr_par' dir='ltr' id='par_1_107' title="bbox 2147 5178 3020 5231">
     <span class='ocr_line' id='line_1_107' title="bbox 2147 5178 3020 5231; baseline 0.01 -6"><span class='ocrx_word' id='word_1_679' title='bbox 2147 5185 2335 5227; x_wconf 73' lang='lat' dir='ltr'><strong><em>notare</em></strong></span> <span class='ocrx_word' id='word_1_680' title='bbox 2363 5178 2495 5228; x_wconf 82' lang='lat' dir='ltr'><strong><em>nilul</em></strong></span> <span class='ocrx_word' id='word_1_681' title='bbox 2531 5178 2781 5231; x_wconf 82' lang='lat' dir='ltr'><strong><em>interest.</em></strong></span> <span class='ocrx_word' id='word_1_682' title='bbox 2941 5178 2950 5180; x_wconf 51' lang='grc'>⁷</span> <span class='ocrx_word' id='word_1_683' title='bbox 3017 5193 3020 5196; x_wconf 75' lang='grc'><em>’</em></span> 
     </span>
    </p>
   </div>
   <div class='ocr_carea' id='block_1_108' title="bbox 2212 5243 3722 5319">
    <p class='ocr_par' dir='ltr' id='par_1_108' title="bbox 2212 5243 3722 5319">
     <span class='ocr_line' id='line_1_108' title="bbox 2212 5243 3722 5319; baseline 0.008 -24"><span class='ocrx_word' id='word_1_684' title='bbox 2212 5245 2231 5319; x_wconf 58' lang='grc' dir='ltr'>ξ</span> <span class='ocrx_word' id='word_1_685' title='bbox 2268 5243 2466 5319; x_wconf 58' lang='grc' dir='ltr'><strong><em>Υθι-υη.</em></strong></span> <span class='ocrx_word' id='word_1_686' title='bbox 2504 5262 2606 5319; x_wconf 68' lang='lat' dir='ltr'><strong><em>ius.</em></strong></span> <span class='ocrx_word' id='word_1_687' title='bbox 2635 5249 2738 5300; x_wconf 77' lang='lat' dir='ltr'><strong><em>Pro</em></strong></span> <span class='ocrx_word' id='word_1_688' title='bbox 2773 5249 3121 5304; x_wconf 86' lang='lat' dir='ltr'><strong><em>torcularibus</em></strong></span> <span class='ocrx_word' id='word_1_689' title='bbox 3141 5249 3384 5304; x_wconf 85' lang='lat' dir='ltr'><strong><em>Psalmus</em></strong></span> <span class='ocrx_word' id='word_1_690' title='bbox 3406 5252 3507 5319; x_wconf 86' lang='lat' dir='ltr'><strong><em>ipsi</em></strong></span> <span class='ocrx_word' id='word_1_691' title='bbox 3529 5250 3722 5309; x_wconf 82' lang='lat' dir='ltr'><strong><em>David.</em></strong></span> 
     </span>
    </p>
   </div>
   <div class='ocr_carea' id='block_1_109' title="bbox 2168 5313 3724 5394">
    <p class='ocr_par' dir='ltr' id='par_1_109' title="bbox 2168 5313 3724 5394">
     <span class='ocr_line' id='line_1_109' title="bbox 2168 5313 3724 5394; baseline 0.008 -29"><span class='ocrx_word' id='word_1_692' title='bbox 2168 5384 2177 5394; x_wconf 76' lang='lat'><strong>_</strong></span> <span class='ocrx_word' id='word_1_693' title='bbox 2212 5313 2233 5342; x_wconf 87' lang='lat'>&quot;</span> <span class='ocrx_word' id='word_1_694' title='bbox 2266 5315 2461 5369; x_wconf 79' lang='lat' dir='ltr'><strong><em>&#39;l‘otum</em></strong></span> <span class='ocrx_word' id='word_1_695' title='bbox 2504 5317 2798 5373; x_wconf 77' lang='lat' dir='ltr'><strong><em>Veronens.</em></strong></span> <span class='ocrx_word' id='word_1_696' title='bbox 2849 5337 2950 5375; x_wconf 81' lang='lat' dir='ltr'><strong><em>IIIS.</em></strong></span> <span class='ocrx_word' id='word_1_697' title='bbox 3000 5322 3086 5373; x_wconf 84' lang='lat' dir='ltr'><strong><em>hic</em></strong></span> <span class='ocrx_word' id='word_1_698' title='bbox 3121 5326 3339 5374; x_wconf 84' lang='lat' dir='ltr'><strong><em>titulum</em></strong></span> <span class='ocrx_word' id='word_1_699' title='bbox 3391 5313 3724 5389; x_wconf 72' lang='lat' dir='ltr'><strong><em>praetermit-</em></strong></span> 
     </span>
    </p>
   </div>
   <div class='ocr_carea' id='block_1_110' title="bbox 2144 5394 2228 5439">
    <p class='ocr_par' dir='ltr' id='par_1_110' title="bbox 2144 5394 2228 5439">
     <span class='ocr_line' id='line_1_110' title="bbox 2144 5394 2228 5439; baseline -0.06 0"><span class='ocrx_word' id='word_1_700' title='bbox 2144 5394 2228 5439; x_wconf 81' lang='grc' dir='ltr'><strong><em>ιιι.</em></strong></span> 
     </span>
    </p>
   </div>
   <div class='ocr_carea' id='block_1_111' title="bbox 2207 5454 3729 5531">
    <p class='ocr_par' dir='ltr' id='par_1_111' title="bbox 2207 5454 3729 5531">
     <span class='ocr_line' id='line_1_111' title="bbox 2207 5454 3729 5531; baseline 0.005 -23"><span class='ocrx_word' id='word_1_701' title='bbox 2207 5454 2228 5484; x_wconf 81' lang='grc'><strong>⁹</strong></span> <span class='ocrx_word' id='word_1_702' title='bbox 2260 5455 2318 5509; x_wconf 82' lang='lat' dir='ltr'><strong><em>In</em></strong></span> <span class='ocrx_word' id='word_1_703' title='bbox 2369 5455 2558 5509; x_wconf 79' lang='lat' dir='ltr'><strong><em>eodem</em></strong></span> <span class='ocrx_word' id='word_1_704' title='bbox 2605 5457 2815 5521; x_wconf 87' lang='lat' dir='ltr'><strong><em>codice,</em></strong></span> <span class='ocrx_word' id='word_1_705' title='bbox 2858 5460 3081 5527; x_wconf 77' lang='lat' dir='ltr'><strong><em>framea.</em></strong></span> <span class='ocrx_word' id='word_1_706' title='bbox 3116 5463 3205 5528; x_wconf 85' lang='lat' dir='ltr'><strong><em>qui</em></strong></span> <span class='ocrx_word' id='word_1_707' title='bbox 3257 5474 3312 5517; x_wconf 88' lang='lat' dir='ltr'><strong><em>ct</em></strong></span> <span class='ocrx_word' id='word_1_708' title='bbox 3365 5463 3564 5517; x_wconf 75' lang='lat' dir='ltr'><strong><em>rectius</em></strong></span> <span class='ocrx_word' id='word_1_709' title='bbox 3594 5477 3729 5531; x_wconf 87' lang='lat' dir='ltr'><strong><em>pro-</em></strong></span> 
     </span>
    </p>
   </div>
   <div class='ocr_carea' id='block_1_112' title="bbox 2143 5531 3726 5608">
    <p class='ocr_par' dir='ltr' id='par_1_112' title="bbox 2143 5531 3726 5608">
     <span class='ocr_line' id='line_1_112' title="bbox 2143 5531 3726 5608; baseline 0.006 -29"><span class='ocrx_word' id='word_1_710' title='bbox 2143 5540 2340 5608; x_wconf 68' lang='lat' dir='ltr'><strong><em>nomen</em></strong></span> <span class='ocrx_word' id='word_1_711' title='bbox 2370 5543 2544 5578; x_wconf 82' lang='lat' dir='ltr'><strong><em>eorum</em></strong></span> <span class='ocrx_word' id='word_1_712' title='bbox 2572 5545 2695 5584; x_wconf 85' lang='lat' dir='ltr'><strong><em>mox</em></strong></span> <span class='ocrx_word' id='word_1_713' title='bbox 2727 5541 2866 5584; x_wconf 78' lang='lat' dir='ltr'><strong><em>tacet</em></strong></span> <span class='ocrx_word' id='word_1_714' title='bbox 2888 5545 3011 5584; x_wconf 91' lang='lat' dir='ltr'><strong><em>cum</em></strong></span> <span class='ocrx_word' id='word_1_715' title='bbox 3059 5531 3340 5586; x_wconf 76' lang='lat' dir='ltr'><strong><em>Gallicauo</em></strong></span> <span class='ocrx_word' id='word_1_716' title='bbox 3362 5545 3416 5586; x_wconf 77' lang='lat' dir='ltr'><strong><em>et</em></strong></span> <span class='ocrx_word' id='word_1_717' title='bbox 3445 5537 3726 5601; x_wconf 66' lang='lat' dir='ltr'><strong><em>plerisque</em></strong></span> 
     </span>
    </p>
   </div>
   <div class='ocr_carea' id='block_1_113' title="bbox 2144 5607 2716 5650">
    <p class='ocr_par' dir='ltr' id='par_1_113' title="bbox 2144 5607 2716 5650">
     <span class='ocr_line' id='line_1_113' title="bbox 2144 5607 2716 5650; baseline 0.012 -3"><span class='ocrx_word' id='word_1_718' title='bbox 2144 5607 2288 5650; x_wconf 79' lang='lat' dir='ltr'><strong><em>atus.</em></strong></span> <span class='ocrx_word' id='word_1_719' title='bbox 2703 5625 2716 5635; x_wconf 79' lang='grc'><strong><em>⁸</em></strong></span> 
     </span>
    </p>
   </div>
  </div>
