3966 6184
414 216 519 282 139

478 332 593 387 Non
622 341 695 386 est
750 332 887 386 Deus
917 334 967 385 in
1008 340 1283 396 conspectu
1318 331 1429 397 ejus
1468 346 1482 383 :

409 426 505 481 via:
528 426 693 487 illius,
726 426 780 477 in
808 426 951 477 ωηιιὲ
980 434 1229 492 tempore.

480 518 805 586 Auferuntur
825 516 1035 585 judicia
1064 525 1156 567 tua
1187 532 1217 567 a
1259 514 1393 581 facie
1424 513 1535 579 ejus
1562 525 1577 561 :
1609 512 1843 563 omnium
1879 510 1988 562 ini-

415 612 668 664 micorum
697 625 911 662 suorum
944 607 1326 672 dominabitur.

486 704 631 756 Dixit
670 718 730 757 ομ
761 703 779 732 ί
818 699 955 754 enim
986 701 1008 768 ζ
1052 700 1105 752 in
1145 698 1300 752 carde
1330 713 1423 750 suo
1453 711 1471 750 :
1501 695 1619 749 Non
1648 693 1907 758 movebar,
1959 710 1989 746 a

411 797 746 866 generatione
781 793 834 847 in
868 792 1288 862 generationem,
1324 790 1436 843 sine
1462 786 1626 841 malo.

485 970 655 1038 Cujus
704 968 1072 1021 maledictione
1110 982 1165 1017 os
1203 964 1415 1028 plenum
1437 972 1532 1024 est,
1560 971 1607 1014 et
1634 961 1994 1014 amaritudine

378 1077 458 1121 πει
488 1062 607 1116 dolo
639 1077 655 1114 :
689 1062 781 1113 sub
812 1059 995 1128 lingua
1021 1074 1154 1127 ejus,
1179 1058 1333 1108 labor
1361 1064 1406 1108 et
1432 1055 1603 1107 dolor.

482 1156 635 1209 Sedet
674 1154 728 1206 in
758 1152 985 1216 insidiis,
1015 1166 1133 1203 cum
1162 1149 1429 1213 divitibus,
1461 1149 1513 1200 in
1544 1146 1780 1201 occultis.
1812 1153 1868 1197 ut
1908 1146 1993 1196 in-

411 1250 636 1317 terﬁciat
661 1249 1011 1301 innocentem.

484 1341 636 1395 Oculi
667 1340 779 1409 ejus
818 1340 871 1392 in
921 1353 1208 1408 pauperem
1246 1336 1530 1403 respiciunt
1565 1350 1578 1385 :
1614 1332 1898 1385 insidiatur
1938 1331 1994 1382 in

412 1435 733 1491 abscondito.
769 1432 918 1501 quasi
956 1430 1035 1483 leo
1053 1430 1107 1482 in
1131 1428 1376 1497 spelunca
1422 1440 1483 1480 σί-
1519 1442 1617 1478 sua
1659 1426 1706 1495 ζ.

484 1526 799 1590 Insidiatur,
828 1533 884 1577 ut
910 1523 1088 1591 rapiat
1121 1534 1429 1591 pauperem,
1456 1534 1638 1585 rapere
1666 1532 1951 1587 pauperem
1980 1531 1997 1577 ;

415 1620 540 1669 dum
574 1616 798 1669 attrahit
833 1629 973 1667 eum.

486 1708 553 1761 In
586 1708 773 1777 laqueo
825 1722 919 1759 suo
965 1704 1263 1759 humiliabit
1304 1720 1419 1756 eum
1448 1722 1465 1758 :
1491 1701 1765 1755 inclinabit
1815 1715 1890 1765 se,
1953 1706 1999 1751 et
2038 1690 2079 1746 Β

416 1806 565 1855 cadet
590 1816 709 1854 cum
733 1800 1031 1853 dominatus
1064 1798 1221 1867 fuerit
1261 1813 1579 1866 pauperum.

493 1894 638 1946 Dixit
678 1906 736 1947 -ξ-
776 1891 913 1945 enim
953 1890 972 1957 ζ
1013 1890 1066 1942 in
1097 1890 1254 1943 corde
1287 1906 1402 1953 suo,
1450 1887 1649 1943 Oblitus
1699 1898 1772 1940 est
1811 1885 1946 1940 Deus
1986 1900 2003 1937 .·

420 1993 609 2037 avertit
640 1985 827 2052 facient
865 1998 1039 2047 suam,
1073 1997 1132 2034 ne
1159 1981 1333 2036 videat
1356 1981 1408 2033 in
1448 1980 1628 2046 ﬁnem.

495 2091 557 2130 -ι-
604 2075 941 2145 Εέεζειινθε,
1008 2073 1231 2127 Domine
1307 2073 1464 2138 Deus,
1499 2071 1761 2125 exaltetur
1818 2084 2005 2122 manus

421 2177 511 2217 tua
544 2182 561 2218 :
592 2183 655 2219 ne
688 2165 1008 2219 obliviscaris
1033 2181 1350 2235 pauperum.

497 2258 724 2330 Propter
772 2259 897 2327 quid
936 2257 1169 2311 irritavit
1211 2258 1399 2323 impius
1437 2255 1633 2308 Deum?
1682 2252 1831 2310 Dixit
1867 2255 2005 2306 enim

424 2353 476 2402 in
510 2351 661 2403 cortle
697 2366 791 2403 suo
824 2367 841 2402 :
874 2348 994 2402 Non
1024 2348 1273 2418 requiret.

508 2534 684 2594 Vides.
707 2536 954 2602 quoniam
984 2541 1039 2586 tu
1068 2534 1294 2586 laborem
1330 2542 1376 2586 et
1408 2533 1640 2586 dolorem
1685 2531 2008 2593 consideras,

425 2636 479 2679 ut
511 2629 695 2679 tradas
727 2642 810 2679 eos
842 2626 895 2679 in
931 2642 1124 2679 manus
1162 2635 1305 2679 tuas.

495 2716 606 2769 Tibi
637 2717 918 2771 derelictus
959 2725 1031 2770 est
1068 2731 1267 2784 pauper
1302 2732 1317 2768 :
1355 2716 1591 2783 orphano
1620 2724 1673 2767 tu
1707 2714 1811 2767 eris
1853 2714 2012 2782 adju-

430 2818 534 2862 tur.

496 2901 717 2957 Contcre
743 2902 1016 2954 brachium
1055 2902 1355 2969 peccatoris
1390 2912 1437 2954 et
1465 2900 1683 2970 maligni
1709 2914 1725 2952 :
1747 2911 2015 2967 quwretur

426 3002 698 3059 peccatum
728 2993 891 3057 illius,
926 3000 973 3045 et
1001 3008 1102 3045 non
1128 2994 1443 3047 invenietur.

500 3086 755 3139 Dominus
792 3084 1027 3155 regnabit
1061 3086 1113 3137 in
1148 3095 1423 3148 wternum,
1461 3095 1508 3139 et
1560 3089 1614 3140 in
1649 3088 1902 3140 sceculum

431 3178 609 3231 sa‘culi
640 3179 663 3246 ζ
695 3193 710 3228 ;
746 3176 1002 3242 peribitis,
1035 3186 1238 3245 gentes,
1267 3178 1329 3229 de
1356 3188 1498 3230 terra
1534 3178 1679 3230 illius
1712 3180 1756 3231 ‘.

504 3269 831 3321 Desiiterium
876 3283 1165 3336 pauperum
1195 3283 1253 3320 σεο
1298 3284 1361 3321 e1:
1396 3269 1415 3334 ζ
1466 3268 1664 3322 audivit
1699 3268 1956 3322 Dominus
1992 3285 2009 3321 :

432 3360 876 3431 prcrparationem
914 3359 1086 3413 cordis
1117 3375 1296 3412 eorum
1326 3359 1528 3413 audivit
1550 3362 1696 3413 auris
1716 3368 1831 3413 tua.

498 3546 747 3599 Juilirare
770 3545 970 3615 pupillo
1017 3556 1064 3597 et
1088 3546 1273 3600 humili
1302 3562 1318 3598 :
1357 3553 1410 3597 ut
1462 3559 1562 3598 non
1604 3556 1837 3614 apponat
1870 3546 2012 3599 ultra

434 3638 777 3706 magni/icore
804 3652 858 3688 se
892 3637 1046 3689 homo
1069 3654 1227 3705 super
1262 3645 1483 3689 terram.

1317 214 1375 272 S.
1419 208 1861 271 lllEltONYMI
1907 207 2177 272 DIVINA
2221 199 2749 265 ltlBLIOTIIECA.

1541 327 1839 397 inquinata:
1867 331 1985 379 sunt
2017 326 2066 385 Α
2165 320 2281 374 Non
2309 328 2393 374 est
2429 319 2571 372 Deus
2597 316 2650 369 in
2680 322 2977 381 conspettu
3005 312 3123 381 ejus
3160 328 3169 362 :

2098 412 2238 480 ejus,
2272 410 2323 462 in
2357 418 2599 476 tempore
2628 406 2669 457 ‘.

3571 188 3670 251 lit)

3210 310 3533 377 polluuntur
3569 308 3669 358 vi-e

2173 498 2745 569 Aulerunturjndicia
2810 506 2895 549 tua
2951 512 2979 548 a
3038 494 3175 548 facie
3227 492 3674 563 ejus:ontnium

2102 594 2451 648 inimicorum
2484 606 2710 645 suorum
2742 586 3150 642 dominabitur.

2175 684 2321 738 Dixit
2348 684 2497 738 enim
2535 682 2588 735 in
2617 682 2784 736 corde
2813 697 2913 735 suo
2947 697 2959 735 :
2990 678 3107 731 Non
3137 676 3421 741 movebor,
3453 678 3518 730 de
3550 677 3681 749 [ms.

2104 775 2182 848 in]
2214 776 2567 845 generatione
2605 776 2657 828 in
2713 774 3121 843 generationem
3174 770 3300 842 [ms.
3352 780 3408 824 et
3452 786 3683 841 genera-

2104 866 2297 937 tione].
2320 866 2437 921 sine
2464 866 2628 920 malo.

2173 959 2347 1031 Cujus
2406 975 2486 1022 os,
2526 958 2913 1012 maledictione
2945 966 3001 1012 et
3029 955 3397 1011 amaritudine
3452 956 3679 1023 plenum

2105 1059 2266 1105 estet
2296 1050 2419 1105 dolo
2446 1068 2459 1103 :
2491 1050 2594 1103 sub
2625 1048 2806 1120 lingua
2840 1050 2979 1119 ejus,
3015 1048 3170 1102 labor
3200 1059 3255 1103 et
3285 1047 3465 1102 dolor.

2177 1142 2344 1196 Sedet
2376 1142 2429 1196 in
2462 1142 2702 1207 insidiis,
2741 1157 2866 1196 cum
2900 1141 3187 1206 divitibus,
3220 1141 3277 1194 in
3329 1139 3584 1201 occultis,
3627 1149 3687 1192 ut

2106 1232 2396 1289 interﬁciat
2423 1235 2813 1289 innocentem?

2175 1328 2332 1381 Oculi
2357 1329 2477 1398 ejus
2505 1330 2558 1381 in
2582 1344 2878 1397 pauperem
2912 1328 3221 1397 respiciunt
3254 1345 3266 1380 :
3305 1326 3601 1381 insidiatur
3634 1327 3689 1379 in

2108 1418 2345 1482 occulto,
2374 1421 2513 1473 sicut
2545 1419 2630 1472 leo
2664 1419 2715 1472 in
2752 1418 2921 1472 cubili
2961 1434 3083 1473 suo.

2181 1511 2490 1575 lnsidiatur,
2544 1520 2599 1565 ut
2668 1513 2850 1580 rapiat
2912 1500 3207 1581 patiperem
3263 1510 3385 1581 [ms.
3420 1507 3692 1579 inopem].

2111 1618 2306 1672 rapere
2340 1617 2659 1672 pauperem,
2704 1605 2832 1657 dum
2869 1604 3094 1657 attrahit
3135 1620 3283 1659 eum.

2183 1694 2239 1746 In
2279 1694 2476 1761 laqueo
2504 1708 2603 1748 suo
2656 1694 2967 1748 humiliabit
2994 1710 3120 1749 eum
3158 1712 3173 1751 ;
3206 1693 3491 1747 inclinabit
3516 1707 3594 1755 se,
3635 1704 3689 1747 et

2110 1786 2288 1849 cadet,
2321 1786 2449 1840 dum
2477 1786 2854 1841 dominabitur
2885 1786 3145 1857 pauperis
3174 1788 3216 1839 '.

2182 1879 2323 1934 Dixit
2357 1880 2501 1935 enim
2536 1880 2587 1932 in
2617 1880 2783 1935 corde
2824 1896 2941 1945 suo,
2970 1879 3187 1937 Oblitus
3211 1890 3295 1936 est
3318 1881 3461 1935 Deus
3495 1895 3506 1930 :
3535 1896 3703 1933 aver.

2114 1972 2175 2026 tit
2198 1972 2390 2027 faciem
2423 1988 2601 2034 suam,
2629 1988 2696 2026 ne
2720 1972 2902 2027 videat
2939 1990 3111 2043 usque
3137 1975 3189 2028 in
3227 1975 3411 2028 ﬁnem.

2185 2066 2452 2136 Exsurge,
2509 2065 2737 2121 Domine
2791 2064 2933 2119 Deus
2968 2081 3143 2129 meus,
3172 2075 3227 2119 et
3261 2066 3527 2120 exaltetur
3578 2079 3702 2116 ma-

2114 2171 2218 2210 nus
2243 2164 2333 2210 tua
2369 2172 2382 2209 :
2420 2170 2489 2210 ne
2516 2156 2861 2210 obliviscaris
2891 2173 3190 2225 pauperem
3227 2157 3246 2186 ⁸
3274 2157 3326 2209 in
3363 2158 3548 2211 tinem.

2192 2246 2431 2317 Propter
2460 2246 2594 2317 quid
2637 2246 2761 2317 [ms.
2796 2247 2967 2317 quodl
3002 2248 3237 2303 irritavit
3270 2251 3471 2320 impius
3504 2251 3705 2307 Domi-

2113 2357 2245 2395 num
2278 2340 2404 2413 [ms.
2450 2342 2686 2413 Deum]?
2716 2343 2863 2398 Dixit
2902 2346 3045 2399 enim
3077 2346 3127 2399 in
3177 2345 3339 2400 corde
3378 2360 3479 2400 suo
3522 2362 3537 2400 :
3572 2345 3701 2401 Non

2118 2437 2360 2502 requiret
2395 2437 2541 2492 Deus
2577 2438 2619 2491 ⁷.

2188 2530 2377 2594 Vides,
2414 2530 2671 2600 quoniam
2702 2538 2758 2585 tu
2794 2528 3037 2584 laborem
3079 2542 3130 2583 et
3164 2530 3406 2584 dolorem
3437 2530 3693 2584 consido.

2118 2639 2207 2681 ras
2240 2641 2254 2679 :
2287 2636 2346 2679 ut
2403 2623 2586 2678 tradas
2642 2638 2739 2679 eos
2790 2627 2844 2677 in
2892 2625 3140 2677 manibus
3199 2624 3352 2679 tuis:
3389 2625 3485 2678 tibi
3549 2627 3705 2679 enim

2119 2716 2422 2773 derelictus
2454 2726 2537 2771 cst
2570 2731 2776 2786 pauper
2810 2732 2824 2770 :
2862 2717 3064 2786 pupillo
3111 2725 3167 2770 tu
3198 2717 3309 2772 eris
3350 2718 3588 2786 adjutor.

2189 2901 2455 2956 Conteres
2494 2882 2782 2955 brachium
2848 2901 3157 2971 peccatoris
3213 2912 3268 2955 et
3313 2902 3531 2972 maligni
3567 2919 3579 2955 :
3616 2917 3710 2957 re-

2123 2994 2375 3063 quiretur
2415 2992 2676 3047 delictum
2712 2995 2849 3063 ejus.
2882 3008 2985 3048 nec
3021 2992 3334 3047 invenietur
3364 2994 3409 3047 ⁸.

2192 3084 2465 3156 Regnahit
2506 3089 2628 3155 [ms.
2676 3085 2964 3159 Regnavit]
3009 3086 3275 3141 Dominus
3330 3089 3382 3141 in
3435 3094 3709 3143 adernum

2121 3188 2176 3233 et
2198 3179 2250 3236 in
2275 3179 2537 3233 saeculum
2566 3178 2795 3239 saeculis
2815 3178 3064 3247 peribitis
3091 3189 3281 3248 gentes
3304 3180 3370 3234 de
3400 3192 3537 3234 terra
3559 3181 3709 3248 ejus.

2195 3270 2542 3324 Desiderium
2568 3286 2867 3340 pauperum
2893 3273 3169 3326 exaudivit
3202 3273 3467 3327 Dominus
3505 3291 3517 3328 :
3551 3275 3711 3328 desi-

2124 3361 2273 3416 deria
2303 3361 2429 3433 [ms.
2464 3362 2947 3436 praeparationem]
2978 3360 3161 3419 cerdis
3185 3379 3375 3420 eorum
3421 3366 3716 3423 exaudivit

2118 3456 2268 3509 auris
2294 3466 2405 3509 tua.

2190 3543 2448 3603 Judicare
2470 3549 2679 3618 pupillo
2706 3561 2763 3604 ct
2790 3548 2984 3605 humili
3019 3567 3033 3605 :
3064 3561 3121 3606 ut
3150 3566 3260 3607 non
3292 3560 3531 3622 apponat
3559 3552 3713 3604 ultra

2123 3640 2477 3709 magniﬁcare
2518 3656 2575 3695 se
2608 3642 2771 3696 homo
2803 3658 2969 3713 super
3003 3652 3204 3698 terram

1845 3803 2093 3864 PSALM
2108 3804 2200 3865 US
2245 3807 2316 3867 X.

850 3914 898 3953 IN
939 3913 1116 3961 Fllehl,
1151 3911 1383 3951 PSALMUS
1412 3911 1594 3949 DAVID.

505 3996 565 4048 In
595 3994 814 4048 Domino
842 3993 1067 4059 confido,
1098 3990 1358 4059 quomodo
1403 3988 1576 4040 dicitis
1607 3988 1800 4043 animm
1844 4002 1970 4041 mete
2001 4003 2019 4043 ἐ

438 4088 762 4155 transniigru
789 4087 840 4138 in
872 4094 1117 4146 montem,
1150 4083 1283 4134 sicut
1314 4096 1496 4149 passer
1522 4082 1545 4131 Ζ)

512 4267 815 4331 Quoniam,
880 4279 993 4317 ecce
1037 4270 1338 4327 peccatores
1392 4260 1728 4313 intenderunt
1785 4277 2017 4315 arcum:

2291 3915 2345 3952 IN
2384 3916 2563 3967 FINEM,
2597 3916 2834 3955 essemus
2868 3915 3021 3955 mvm
3052 3900 3175 3973 [ms.
3210 3916 3304 3957 IPSI
3335 3900 3539 3973 eum].

2203 3992 2261 4045 ln
2316 3992 2550 4048 Domino
2604 3995 2863 4059 conﬁdo,
2924 3996 3205 4065 quomodo
3268 3995 3447 4050 dicitis
3510 3997 3717 4050 animae

2134 4097 2266 4134 mea:
2298 4097 2311 4136 :
2340 4082 2670 4151 transmigra
2724 4084 2776 4137 in
2833 4095 3073 4140 montem
3113 4085 3231 4158 [ms.
3277 4084 3535 4157 tuentes].
3569 4088 3725 4142 sicut

2135 4173 2366 4241 passer?

2206 4266 2494 4328 Quoniam.
2540 4280 2666 4319 ecce
2717 4274 3032 4334 peccatores
3089 4266 3442 4321 tetenderunt
3476 4266 3596 4338 [ms.
3635 4270 3725 4321 in-

438 4369 757 4431 purat'erunt
791 4358 1014 4428 sagittas
1050 4371 1173 4410 suas
1202 4354 1221 4383 ³
1250 4354 1304 4405 in
1363 4352 1613 4420 pharetra
1641 4370 1656 4405 :
1684 4363 1739 4404 ut
1772 4356 2019 4424 sagittent
2058 4356 2097 4410 D
2133 4355 2450 4427 tenuerunt]
2512 4371 2695 4408 arcum
2738 4370 2749 4410 :
2785 4368 3117 4425 paraverunt
3168 4360 3392 4427 sagittas
3430 4374 3555 4412 snas
3594 4360 3616 4390 ’
3661 4361 3721 4414 in

436 4456 489 4505 in
526 4454 745 4506 obscuro
779 4460 943 4504 rectos
970 4448 1143 4502 corde.

512 4590 527 4617 ⁸
581 4586 736 4639 llunc
773 4597 989 4653 quoque
1020 4581 1239 4636 obelum
1272 4582 1552 4637 Palatinus
1602 4599 1704 4637 ms.
1742 4592 1796 4637 et
1842 4583 2017 4638 Carus

438 4657 712 4711 nesciunt.

510 4731 528 4758 ¹
578 4727 633 4779 In
666 4722 839 4778 Graeci
875 4721 1084 4777 codicis
1112 4720 1466 4775 Alexandrini
1525 4737 1734 4790 nupera
1769 4723 2015 4780 editione

439 4813 541 4852 vox
581 4796 787 4859 istltrec,
819 4794 987 4857 illius,
1049 4792 1319 4845 asterisco
1365 4801 1728 4861 praenotatur.

512 4871 531 4899 ³
568 4864 795 4919 Videtur
826 4864 1095 4918 asterisco
1127 4862 1511 4915 illustrandum
1558 4878 1861 4931 pronomen
1896 4865 2016 4929 hoc,

435 4955 583 5001 suas,
617 4936 760 5005 quod
799 4936 852 4987 in
910 4931 1447 5005 ltrodierno_quid_e_i_n
1481 4933 1713 5005 Hebraeo
1770 4947 2013 4997 resonat.

438 5026 547 5063 non
570 5000 755 5061 autem
779 5005 899 5059 etin
920 5004 1109 5059 Graeco
1142 5001 1249 5054 τῶν
1278 5000 1443 5069 LXX,
1463 5011 1517 5055 et
1548 5002 1705 5057 faetle
1729 5019 1793 5058 ex
1821 5004 2016 5074 Aquila

437 5090 532 5133 aut
563 5074 1235 5146 Symmaclto_suppletur.

508 5151 528 5179 ¹δ
562 5142 714 5203 Alex.
753 5160 853 5199 ins.
888 5142 1333 5199 Contuminantur
1364 5144 1458 5195 via:
1486 5142 1598 5211 ejus
1633 5143 1686 5196 in
1722 5146 1865 5197 omni
1893 5156 2020 5199 tem-

439 5237 708 5345 paliidem
742 5302 868 5349 ms.,
908 5285 975 5338 In
1015 5284 1308 5353 muscipula
1341 5300 1461 5345 sua,
1498 5291 1610 5334 tum
1654 5284 2018 5351 inclinabitur,

439 5375 483 5415 et
512 5364 683 5424 cadet,
713 5361 838 5411 dum
878 5357 1236 5409 dominabitur
1277 5368 1592 5423 pauperum.

509 5434 529 5462 ⁸
566 5434 776 5485 Rursus
808 5428 976 5493 idem,
1012 5441 1329 5496 pauperum,
1364 5426 1455 5475 ubi
1488 5432 1541 5475 et
1573 5425 1819 5493 sequiori
1851 5442 2016 5480 manu

439 5504 658 5556 additur
688 5512 919 5554 tuorunt.

512 5575 528 5603 ⁷
560 5575 674 5627 Non
712 5573 859 5625 addit
914 5567 1242 5623 Veronensis
1287 5582 1506 5631 nomen,
1546 5567 1704 5622 Deus.
1740 5574 1855 5619 tum
1917 5583 2020 5620 se-

440 5646 628 5714 quenti
662 5660 817 5699 versu
875 5645 1035 5705 iram,
1068 5654 1168 5710 pro
1203 5636 1457 5704 dolorem,
1487 5638 1640 5707 legit.
1678 5638 1819 5689 Intra
1845 5638 2009 5692 etiam

2131 4452 2387 4516 pharetra
2421 4467 2434 4502 ς
2472 4465 2527 4502 ιιι
2559 4450 2815 4517 Sagittent
2848 4451 2902 4502 in
2936 4449 3170 4504 obscuro
3206 4461 3386 4505 rectos
3415 4455 3601 4504 corde.

2126 4600 2250 4639 cum
2305 4584 2585 4640 Gallicana
2617 4585 2674 4635 In
2714 4601 2900 4637 manus
2958 4596 3077 4638 tuas
3111 4600 3129 4637 :
3157 4586 3252 4637 tibi
3310 4586 3590 4640 derelictus
3638 4601 3721 4641 est

2127 4671 2330 4724 pauper
2357 4671 2376 4708 .'
2405 4666 2453 4707 et
2486 4664 2693 4707 contere
2723 4656 3018 4717 brachium,
3066 4672 3163 4723 pro
3199 4667 3457 4719 conteres,
3495 4670 3603 4710 etc.

2199 4725 2219 4755 ⁸
2253 4724 2583 4796 Veronensis
2612 4741 2738 4787 tns.,
2768 4724 2832 4777 Et
2868 4742 2971 4779 non
3005 4726 3290 4787 inuenitur,
3312 4728 3724 4796 subjungitqne

2128 4804 2340 4860 promer
2377 4795 2531 4858 illud,
2563 4810 2683 4863 qua:
2720 4796 2829 4848 duo
2867 4797 3028 4848 verba
3060 4811 3183 4849 cum
3217 4798 3332 4862 ejus
3366 4798 3542 4849 editor
3565 4795 3723 4850 Psil-

2130 4868 2251 4919 terii
2288 4868 2432 4918 dicat
2465 4865 2644 4918 deleta
2679 4884 2705 4916 a
2749 4866 3040 4918 recentiori
3071 4881 3235 4917 manu
3272 4866 3552 4929 mendose,
3580 4871 3720 4934 quid

2127 4936 2231 4989 sibi
2267 4937 2417 4998 velit,
2456 4936 2596 4986 haud
2631 4934 2887 5001 equidem
2948 4936 3216 5003 intelligo,
3281 4936 3383 4988 nisi
3425 4939 3721 5000 tuendo-9,

2130 5021 2228 5073 pro
2252 5017 2477 5067 temere,
2507 5015 2600 5057 aut
2647 5018 2933 5071 perperam
2968 5005 3127 5068 dixit,
3168 5017 3352 5057 nostra
3388 5017 3569 5057 autent
3616 5008 3729 5061 hoc

2128 5078 2268 5129 scire
2293 5076 2574 5128 intererat.
2598 5077 2672 5126 Ac
2694 5084 2823 5127 sunt
2848 5090 3035 5127 revera
3062 5076 3308 5141 qumdam
3334 5076 3498 5127 etiam
3528 5075 3729 5131 Graeca

2125 5146 2485 5212 exemplaria.
2520 5160 2640 5211 qua:
2674 5146 2883 5215 addunt
2927 5144 2995 5195 δι’
3049 5145 3242 5213 αὐτὴν,
3278 5145 3331 5197 id
3370 5156 3473 5206 est,
3528 5150 3729 5215 ἁμαρ-

2125 5216 2273 5284 τξαν,
2299 5225 2515 5284 propter
2543 5215 2675 5265 illud
2716 5214 2854 5282 (scil.
2886 5223 3205 5280 peccatum),
3236 5216 3419 5283 sicque
3444 5217 3611 5267 etiam
3665 5219 3725 5269 in

2130 5283 2464 5339 VeronenSts
2528 5300 2629 5337 ins.
2688 5286 2873 5336 Graeca
2935 5286 3144 5337 Latinis
3200 5286 3398 5337 litteris
3457 5288 3724 5338 columna

2131 5357 2395 5422 scriptum
2454 5370 2574 5407 esse
2610 5355 2793 5414 velint,
2834 5355 2887 5406 di
2940 5364 3125 5416 auten,
3168 5370 3275 5407 non
3335 5356 3387 5405 di
3430 5365 3621 5417 auten,
3661 5366 3729 5408 ut

2129 5441 2257 5478 vere
2315 5425 2576 5477 mendose
2623 5424 2846 5493 legitur.
2903 5423 3055 5492 Piget
3116 5436 3364 5493 repetere
3425 5426 3728 5494 Augustini

2131 5498 2245 5547 inec
2281 5510 2421 5549 esse.

2199 5566 2218 5595 ’
2260 5563 2427 5619 Tacet
2478 5564 2783 5618 Veronens.
2833 5579 3141 5633 pronomen
3195 5582 3320 5619 suas
3357 5581 3375 5619 :
3410 5565 3475 5618 de
3522 5580 3633 5633 quo
3668 5566 3730 5620 in

2128 5647 2377 5705 opposita
2404 5639 2653 5691 versione
2695 5635 2956 5690 diximus.
2997 5635 3170 5689 llabet
3208 5647 3477 5706 prieteiea
3515 5640 3564 5690 in
3629 5641 3694 5689 ob
3721 5668 3734 5677 ο
