3966 6184
401 211 499 269 143

467 322 717 377 Illumiua
759 323 931 375 oculos
970 338 1126 386 meos,
1174 335 1235 372 ne
1267 335 1499 383 unquam
1535 315 1860 368 obdormiam
1907 313 1959 363 in
1994 318 2037 372 Α

398 426 560 469 morte
599 432 616 468 :
651 433 710 468 ne
747 416 952 482 quando
1009 415 1148 466 dicat
1190 411 1434 465 inimicus
1473 423 1617 460 meus
1652 423 1668 459 :
1697 404 1965 459 Praiualui

398 511 646 562 adversus
673 524 811 561 eum.

468 597 570 663 Qui
607 597 860 650 trtbulant
902 611 1002 656 me,
1053 592 1413 654 exsultabant,
1472 594 1518 646 si
1569 601 1737 647 motus
1774 593 1965 662 fuero:

398 705 488 757 ego
527 697 697 741 autem
730 688 782 739 in
811 685 1166 739 misericordia
1199 692 1287 736 tua
1319 684 1548 752 speravi.

470 865 774 917 Ezsultabit
825 879 913 915 cor
967 878 1137 916 meum
1187 862 1239 914 in
1297 859 1528 914 salutari
1566 869 1690 923 tuo;
1751 857 1977 911 cantabo

405 957 646 1020 Domino,
680 957 770 1025 qui
809 971 867 1010 -:—
906 957 1041 1008 bona
1074 957 1085 986 ’
1129 954 1150 1020 1
1187 953 1365 1008 tribuit
1404 952 1528 1006 mihi
1569 965 1626 1004 -:—-
1665 958 1715 1004 et
1745 948 1976 1018 psallam

405 1051 604 1104 nomini
642 1047 1121 1102 Dominiultissimi
1152 1047 1198 1114 1.

1279 206 1338 263 S.
1381 199 1819 262 IIIEIlONYMI
1869 197 2138 256 DIVINA
2182 188 2713 255 BIBLIOTHECA.

3537 181 3637 243 lii

2140 310 2392 362 Illuznina
2443 306 2634 358 oculos
2678 316 2854 364 meos,
2891 315 2956 353 ne
3012 311 3250 363 unquam
3295 294 3642 348 obdormiam

2071 403 2123 454 in
2163 408 2335 452 morte
2371 397 2491 467 luis.
2523 390 2779 462 mortem]
2817 407 2832 445 ;
2869 405 2934 442 ne
2965 387 3184 456 quando
3217 384 3362 439 dicat
3389 383 3648 436 inimicus

2073 507 2224 544 mens
2256 507 2270 545 :
2300 488 2564 542 Przevalui
2593 485 2856 540 adversus
2881 496 3026 535 eum.
3047 527 3069 540 ,

2142 583 2244 648 Qui
2278 580 2546 634 tribulant
2588 592 2694 638 nte.
2743 573 3115 634 eaSttltabunt,
3159 569 3205 622 si
3238 576 3417 620 motus
3451 566 3606 619 luero
3637 578 3657 623 :

2069 692 2171 747 ego
2201 681 2384 728 autem
2428 673 2484 726 in
2537 682 2626 725 tua
2682 662 3060 720 misericordia
3099 661 3334 730 sperabo
3367 656 3488 730 [ms.
3528 671 3653 725 spe-

2081 764 2249 838 ravi].

2147 857 2455 912 Exsultabit
2481 857 2604 926 lius.
2637 848 2963 922 exsultavit]
2998 863 3094 904 cor
3122 859 3305 904 meum
3333 845 3385 898 in
3423 840 3653 897 salutari

2075 960 2209 1015 tuo;
2247 948 2482 1003 cantabo
2541 945 2793 1008 Domino,
2843 943 2939 1012 qui
2980 942 3122 996 bona
3161 937 3353 994 tribuit
3392 935 3525 989 mihi
3555 951 3568 991 ;
3597 942 3651 986 ct

2029 1097 2036 1103 ,
2079 1039 2305 1110 psallam
2338 1037 2546 1093 nomini
2589 1035 2802 1092 Domini
2833 1030 3106 1088 altissimi.

1743 1198 2093 1259 PSALMUS
2155 1199 2326 1258 XIII.

835 1335 881 1370 IN
911 1332 1088 1378 FINEH.
1115 1332 1343 1372 PSALIL’S
1375 1332 1553 1371 DAVID.

483 1431 624 1484 Dixit
655 1431 909 1500 insipiens
941 1433 994 1484 in
1025 1430 1178 1483 corde
1213 1445 1306 1482 suo
1343 1445 1358 1480 :
1391 1429 1503 1482 Non
1537 1436 1614 1481 est
1645 1427 1801 1480 Deus.
1845 1445 1851 1450 ·

487 1525 735 1594 Corrupti
779 1533 899 1578 sunt
939 1537 999 1577 σι-
1037 1533 1084 1576 ct
1121 1525 1143 1592 1
1177 1519 1555 1577 abominabiles
1607 1521 1736 1590 facti
1767 1526 1887 1573 sunt
1931 1521 1984 1571 in

2257 1328 2306 1365 IN
2339 1327 2495 1365 FINEM
2532 1325 2759 1366 esu.th
2799 1323 2952 1362 navm
2996 1304 3120 1377 [ms.
3156 1320 3254 1362 ll'Sl
3279 1301 3482 1374 DAVID}.

2156 1427 2302 1480 Dixit
2355 1426 2618 1494 insipiens
2656 1427 2675 1456 ⁶
2711 1424 2767 1478 in
2802 1423 2966 1478 corde
3021 1420 3306 1477 suo:Non
3355 1427 3439 1474 est
3489 1419 3661 1473 Deus.

2085 1519 2344 1586 (ζου-ιιι)ιὶ
2383 1525 2532 1577 sunt,
2569 1526 2624 1570 et
2654 1512 3055 1571 abominabiles
3079 1511 3207 1568 lacti
3225 1521 3351 1577 sunt
3386 1511 3441 1565 in
3468 1511 3662 1565 volun-

410 1619 598 1671 studiis
643 1619 749 1670 suis
786 1620 805 1648 ’
843 1617 864 1684 1
899 1633 1002 1669 non
1044 1624 1117 1669 est
1169 1617 1257 1685 qui
1310 1615 1474 1682 faciat
1512 1615 1725 1676 bonum,
1764 1629 1864 1665 non
1905 1622 1979 1665 est
2015 1609 2052 1663 II
2086 1611 2290 1663 tatibus
2325 1614 2460 1663 suis.

413 1727 572 1781 usque
598 1711 668 1764 ad
699 1723 857 1763 unum
889 1713 935 1777 1.

489 1890 736 1944 Dominus
759 1890 822 1943 de
853 1889 976 1943 cado
1011 1891 1278 1958 praspea‘it
1317 1903 1472 1955 super
1503 1885 1639 1950 ﬁlios
1672 1884 1940 1938 nominum
1973 1900 1986 1936 :

413 1994 469 2034 ut
500 1983 691 2047 videat,
723 1983 769 2036 si
793 1992 868 2035 est
898 1981 1193 2049 intelligens
1239 1994 1295 2032 σξη-
1325 1987 1414 2032 aut
1447 1978 1467 2044 1
1504 1978 1766 2045 requirens
1795 1974 1981 2028 Deum.

489 2163 677 2217 Omnes
715 2163 1130 2223 declinaverunt,
1183 2161 1344 2213 simul
1374 2158 1584 2213 inutiles
1639 2160 1768 2226 facti
1816 2169 1938 2213 sunt
1973 2174 1991 2212 .'

422 2267 522 2306 non
554 2263 627 2308 est
657 2256 744 2321 qui
771 2255 933 2322 faciat
959 2253 1170 2318 bonum,
1208 2267 1309 2304 non
1345 2262 1420 2305 est
1455 2266 1619 2320 usque
1649 2251 1716 2304 ad
1752 2267 1912 2305 unum
1951 2253 1988 2306 ³.

500 2345 517 2374 ⁸
552 2361 610 2398 +
647 2344 952 2412 Sepulcrum
993 2355 1177 2411 patens
1211 2352 1285 2396 est
1323 2353 1504 2412 guttur
1534 2359 1712 2396 eorum
1752 2345 1773 2412 1
1804 2343 1994 2399 +1in-

422 2437 538 2498 guis
571 2438 680 2489 suis
724 2434 896 2489 dolose
927 2436 1151 2506 agebant
1193 2436 1214 2503 1
1262 2449 1322 2488 -ξ-
1356 2450 1607 2487 venenum
1631 2437 1868 2495 aspidum
1899 2437 1991 2489 sub

427 2529 579 2582 labiis
618 2544 794 2581 eorum
830 2529 875 2596 1.

499 2634 560 2675 σίν
607 2620 841 2686 Qu‘orum
883 2639 938 2674 os
981 2621 1348 2676 mulcdictioue
1395 2632 1444 2675 et
1476 2621 1836 2674 amaritudine
1885 2619 1996 2688 ple-

426 2727 548 2764 num
584 2713 712 2780 est1
857 2712 1050 2765 t'cloces
1083 2711 1237 2780 pedes
1283 2728 1462 2764 em'um
1506 2715 1573 2762 ad
1625 2710 1996 2777 effundendum

424 2802 734 2868 sanguinem
765 2801 824 2868 1.

498 2904 556 2944 οξ-
604 2889 859 2944 Contritio
894 2901 938 2942 et
989 2890 1267 2959 infelicitas
1325 2891 1377 2941 in
1439 2891 1534 2943 viis
1573 2907 1749 2944 eorum
1790 2893 1812 2959 1
1855 2907 1910 2947 ot—
1951 2903 1997 2945 et

425 2985 563 3036 ciam
597 2999 738 3051 pacis
775 2998 876 3035 non
931 2993 1277 3052 cognoverunt
1308 2984 1328 3050 1
1360 2997 1417 3035 έ-
1461 2999 1560 3033 non
1603 2993 1674 3035 est
1708 2986 1866 3037 timor
1903 2983 1997 3038 Dei

427 3085 549 3126 ante
578 3075 754 3126 oculos
779 3089 953 3125 eorum
997 3074 1018 3141 1

499 3163 683 3215 Nonne
739 3174 1048 3232 cognoscent
1084 3179 1284 3224 omnes,
1328 3165 1414 3231 qui
1459 3175 1748 3231 operantur
1799 3167 2000 3235 iniqui-

429 3266 588 3308 tatem
626 3271 642 3308 :
675 3245 763 3324 qili
791 3258 1036 3310 devorant
1069 3253 1267 3323 plebem
1311 3272 1500 3321 meam,
1542 3259 1669 3308 sicut
1707 3265 1871 3310 escam
1903 3275 1999 3326 pa-

430 3349 506 3399 nis
528 3350 552 3399 ?

503 3437 521 3464 '
552 3435 831 3488 Dominum
865 3451 963 3488 non
1001 3435 1372 3490 inuocat-erunt
1411 3454 1425 3490 :
1459 3437 1567 3490 illic
1604 3439 1996 3508 trepidaverunt

429 3529 617 3580 timere
650 3539 709 3581 -ε-
743 3527 829 3578 ubi
867 3543 967 3578 non
999 3536 1112 3580 erat
1148 3527 1308 3580 timor
1345 3528 1366 3595 1

503 3617 762 3678 Quoniam
803 3618 1051 3670 Dominus
1093 3620 1145 3670 in
1183 3620 1521 3687 generatione
1549 3622 1698 3688 justa
1730 3632 1802 3675 est
1830 3638 1847 3674 :
1874 3638 2001 3676 con-

431 3710 609 3762 silium
666 3712 834 3762 inanis
880 3711 1190 3778 con/'urlistis
1230 3728 1246 3763 :
1281 3715 1529 3780 quoniam
1589 3715 1843 3768 Dominus
1887 3732 2007 3784 spes

436 3802 548 3867 ejus
577 3812 670 3854 est.

509 3963 522 3992 ¹
560 3961 714 4026 Quod
764 3972 847 4015 est
905 3964 956 4013 in
1001 3959 1226 4016 Hebraeo
1272 3963 1500 4016 verbum
1529 3949 1662 4028 ἣξει,
1691 3981 1812 4021 cum
1848 3967 2006 4032 alibi,

439 4041 550 4084 tum
587 4034 672 4084 llic
695 4043 844 4084 certe
863 4032 1275 4099 loci,signilicat
1299 4032 1618 4101 benefacere.
1653 4042 2002 4094 remunerari.

437 4101 687 4154 Fortasse
737 4103 873 4154 adeo
920 4117 1074 4174 veru,
1118 4117 1226 4169 quo
1306 4116 1406 4156 vox
1466 4103 1598 4156 bona
1644 4117 2003 4174 praenotatur,

434 4180 606 4241 satius
636 4181 782 4241 esset
812 4171 1070 4241 expungi.

509 4241 528 4268 ²
565 4239 670 4292 Sed
715 4253 893 4307 neque
940 4239 1225 4294 in'Graeco
1283 4241 1500 4295 additur
1555 4245 1703 4299 suis:
1738 4246 2005 4304 llebraice

2159 1702 2278 1756 Non
2322 1711 2404 1758 est
2448 1701 2542 1770 qui
2581 1699 2745 1755 faciat
2780 1699 2986 1757 bonum
3027 1715 3041 1750 :
3081 1711 3194 1752 non
3245 1705 3329 1752 est
3381 1709 3547 1765 usque
3591 1695 3662 1747 ad

2091 1809 2284 1848 unum.

2162 1884 2426 1940 Dominus
2465 1884 2531 1939 de
2585 1884 2723 1939 cmlo
2781 1884 3064 1955 prospexit
3095 1895 3258 1952 super
3312 1880 3451 1935 ﬁlios
3479 1878 3669 1932 lmini-

2093 1993 2222 2032 num
2263 1994 2274 2032 :
2316 1987 2374 2030 ut
2423 1976 2604 2031 videat
2662 1977 2704 2030 si
2749 1987 2834 2032 est
2867 1975 3196 2047 intelligens,
3229 1984 3326 2029 aut
3377 1973 3669 2043 requirens

2093 2070 2284 2124 Deum.

2165 2160 2366 2215 Omnes
2390 2159 2827 2223 dcrlinaverunt,
2858 2159 3019 2215 simul
3055 2159 3278 2214 inutiles
3309 2159 3434 2214 lacti
3483 2168 3614 2212 sunt
3659 2173 3678 2212 :

2098 2267 2205 2308 non
2235 2261 2320 2306 est
2349 2254 2440 2321 qui
2477 2253 2642 2306 faciat
2675 2252 2905 2317 bonum,
2939 2265 3045 2305 non
3077 2262 3162 2308 est
3185 2267 3356 2320 usque
3380 2251 3448 2304 ad
3473 2266 3674 2303 unum.

2171 2344 2491 2414 Sepulcrum
2523 2352 2716 2414 patens
2743 2352 2825 2399 est
2853 2353 3042 2414 guttur
3073 2358 3287 2407 eorum,
3321 2343 3523 2410 linguis
3555 2345 3679 2396 suis

2098 2437 2284 2491 dolose
2318 2435 2550 2505 agebant
2581 2452 2593 2488 :
2628 2449 2902 2489 venenum
2954 2436 3207 2506 aspidum
3257 2435 3360 2490 sub
3395 2435 3550 2489 labiis
3581 2451 3682 2486 eo-

2105 2542 2246 2580 I‘UIII.

2171 2621 2410 2684 Quorum
2439 2634 2500 2674 os
2518 2621 2901 2677 maledictione
2936 2629 2991 2676 et
3052 2619 3426 2677 amaritudine
3452 2622 3678 2691 plenum

2101 2717 2184 2764 est
2211 2728 2223 2762 :
2257 2711 2471 2765 veloces
2503 2713 2669 2780 pedes
2701 2727 2892 2767 eorum
2921 2716 2986 2767 ad
3023 2712 3416 2768 edundendum
3448 2715 3678 2783 sangui—

2104 2816 2248 2856 116111.

2174 2892 2447 2950 Contritio
2475 2903 2533 2950 et
2580 2893 2873 2949 infelicitas
2929 2895 2986 2949 iu
3040 2897 3137 2950 viis
3169 2910 3362 2951 eorum
3399 2912 3414 2950 :
3445 2904 3498 2949 et
3531 2895 3678 2950 viam

2108 2986 2259 3055 pacis
2303 3003 2411 3042 non
2460 2998 2837 3058 cognoverunt
2875 3006 2890 3046 :
2926 3003 3032 3044 non
3082 3001 3166 3044 est
3209 2992 3371 3046 timor
3414 2989 3506 3047 Dei
3549 3001 3682 3046 ante

2106 3077 2296 3132 oculos
2324 3094 2540 3135 eorum.

2176 3168 2368 3224 Nonne
2398 3184 2730 3242 cognoscent
2761 3189 2974 3239 omnes,
3019 3176 3112 3245 qui
3144 3187 3442 3244 cperantur
3475 3177 3684 3247 iniqui-

2107 3271 2274 3315 tatem
2307 3278 2320 3313 :
2349 3263 2442 3330 qui
2489 3264 2754 3320 devorant
2805 3267 3017 3337 plebem
3054 3282 3249 3335 meam,
3303 3269 3443 3324 sicut
3490 3286 3682 3325 escam

2106 3353 2262 3420 panis
2297 3355 2354 3408 7?

2172 3445 2337 3500 Deum
2387 3446 2511 3520 lius.
2549 3447 2866 3518 Dominum]
2927 3467 3032 3504 non
3088 3452 3530 3508 invocaverunt:
3568 3456 3684 3510 ilic

2099 3537 2512 3607 trepidaverunt
2537 3541 2754 3605 timore,
2788 3543 2876 3595 ubi
2908 3558 3020 3597 non
3048 3554 3168 3598 erat
3203 3545 3391 3600 timor.

2173 3631 2443 3696 Quintiani
2497 3633 2644 3689 Deus
2675 3635 2730 3691 in
2773 3638 3125 3703 generatione
3157 3639 3304 3708 justa
3339 3650 3422 3696 est
3451 3657 3466 3696 :
3499 3644 3685 3694 consi-

2098 3723 2230 3777 liutn
2259 3725 2439 3794 inOpis
2465 3726 2788 3783 confudistis
2813 3728 2852 3793 ⁸,
2878 3729 3138 3798 quoniam
3167 3731 3309 3786 Deus
3341 3731 3462 3803 [ηδτ.
3497 3734 3687 3787 Domi-

2106 3813 2233 3885 nus]
2273 3831 2396 3885 spes
2427 3818 2545 3887 ejus
2576 3828 2676 3872 est.

2109 3990 2204 4052 sus
2239 3991 2252 4027 :
2285 3975 2602 4052 Sepulcrum
2627 3988 2808 4052 patens
2834 3989 2907 4032 est
2932 3989 3114 4052 guttur
3133 3998 3332 4045 corum,
3362 3983 3551 4052 linguis
3573 3990 3690 4042 suis

2108 4045 2283 4118 dolose
2315 4051 2560 4115 agebant,
2619 4045 2797 4117 quinti
2851 4045 3045 4118 psimi
3096 4065 3246 4105 sunt.
3303 4045 3456 4106 Illud'
3493 4071 3684 4110 autem

2108 4115 2255 4180 quod
2284 4119 2530 4189 sequitur
2557 4133 2570 4170 :
2609 4115 2866 4172 Venenum
2897 4122 3138 4187 aspidum
3177 4123 3271 4174 sub
3307 4125 3460 4176 labiis
3478 4140 3688 4189 eorum,

2111 4186 2394 4262 ccntcsjmi
2445 4189 2574 4240 noni
2605 4189 2796 4262 psalmi
2832 4200 2934 4262 est.
2959 4186 2963 4187 ί
2988 4189 3337 4260 Rursumque
3366 4199 3510 4262 quod
3543 4186 3689 4250 «Ιιοιέ

2113 4263 2202 4305 tur
2231 4254 2515 4331 :_Quorum
2539 4254 2984 4331 os'_nta.'edictione
3012 4271 3058 4313 et
3089 4254 3447 4316 amaritudine
3466 4265 3689 4331 plenum

439 4343 616 4385 autem
638 4315 929 4394 estrht‘n‘:
961 4331 1172 4403 scdqui
1203 4335 1306 4388 suis
1331 4334 1564 4403 primum
1592 4335 1822 4400 addidit,
1859 4339 2002 4394 vide.
2037 4321 2080 4375 D
2111 4331 2207 4402 est,
2341 4341 2486 4403 nono
2517 4329 2725 4394 psalmo
2751 4340 3029 4403 sumptum
3055 4342 3157 4403 est.
3183 4331 3314 4385 Tres
3352 4315 3694 4388 induite;

442 4415 527 4454 tur
583 4404 1004 4470 subsequentem
1050 4401 1300 4457 Hebraici
1331 4401 1626 4459 contextus
1683 4423 1872 4460 vocem
1923 4417 2007 4496 rx

437 4497 556 4555 lien,
584 4494 812 4562 negandi
842 4494 1187 4568 particulam,
1223 4510 1319 4563 pro
1342 4497 1471 4568 item
1493 4497 1687 4568 sullixo
1707 4494 2005 4568 accepisSe,

439 4577 740 4639 atq-reuna
765 4567 909 4639 serie
932 4563 1303 4639 continuasse.
1341 4567 1618 4621 Palatinus
1638 4583 1812 4639 supra
1841 4563 2007 4639 atque

441 4635 578 4707 intra
613 4633 676 4707 in_
699 4633 1310 4707 versilmsascribcndis
1340 4651 1448 4689 non
1482 4638 1648 4690 semel
1684 4633 1894 4707 peccat.

513 4703 532 4733 ³
558 4702 614 4775 In
645 4702 890 4775 Palatino
941 4703 1056 4775 μαῖα
1087 4708 1384 4775 apponitur
1415 4721 1477 4759 ex
1525 4702 1716 4770 minio,
1742 4718 1796 4760 et
1843 4725 2008 4775 gran-

442 4773 692 4824 tlioriblts
744 4771 906 4838 paulo
941 4773 1142 4826 litteris
1200 4784 1327 4827 nota
1363 4793 1378 4829 ;
1417 4792 1434 4825 ί
1471 4775 1532 4829 lli
1563 4785 1690 4829 octo
1726 4771 1918 4831 vers-us
1955 4784 2006 4833 in

442 4842 682 4916 Hebraeis
711 4841 992 4916 codicibus
1024 4842 1473 4916 nominabantur;
1509 4863 1529 4896 ι
1562 4855 1615 4898 et
1664 4861 2008 4916 consequen-

444 4923 524 4962 ter
554 4911 750 4977 singuli
783 4911 1012 4979 singulis
1041 4912 1214 4966 obelis
1260 4915 1673 4968 confodiuutnr.
1707 4911 1906 4970 Notum
1952 4929 2005 4972 et

443 4982 758 5049 Hieronymi
793 4981 966 5048 ipsius
1011 4983 1382 5038 testimonium
1410 4985 1733 5040 Praelatione
1767 4987 1893 5040 libri
1919 5005 2005 5041 xvi

440 5051 894 5104 Uonnnentarior.
926 5053 978 5105 in
1006 5052 1200 5106 Isaiam
1228 5073 1239 5107 :
1274 5071 1292 5104 t
1335 5059 1537 5110 Utnnes
1568 5055 1787 5110 Grmcia:
1810 5066 2007 5112 tracta-

445 5133 609 5184 tnres,
644 5122 737 5188 qui
784 5122 944 5175 nobis
971 5124 1299 5177 eruditionis
1328 5140 1439 5179 suae
1467 5127 1519 5178 in
1571 5126 1813 5180 Psalmos
1843 5125 2005 5182 Com-

445 5203 741 5243 mentarios
771 5191 1132 5258 reliquerunt,
1166 5194 1266 5246 bos
1313 5197 1616 5249 versiculos
1658 5212 1786 5248 veru
1832 5205 2005 5251 adno-

444 5270 579 5325 tant,
633 5271 796 5328 atque
851 5272 1180 5332 praetereunt
1229 5280 1242 5318 ;
1298 5264 1506 5332 liquido
1563 5267 1885 5318 conlitentes
1951 5269 2004 5320 in

443 5332 710 5384 ltebraico
752 5347 858 5383 non
895 5331 1102 5402 haberi,
1140 5347 1240 5385 nec
1268 5331 1387 5386 esse
1437 5338 1488 5387 in
1534 5336 1886 5402 Septuaginta
1921 5336 2006 5388 ln-

443 5402 793 5471 torpretilins,
831 5401 924 5453 scd
970 5403 1022 5454 in
1055 5403 1298 5455 editione
1334 5403 1581 5471 Vulgata,
1641 5401 1762 5471 qua:
1819 5404 2006 5459 Gra'ce

444 5473 598 5539 κακὴ
627 5471 845 5531 dieitur,
881 5483 933 5524 et
961 5473 1012 5524 in
1047 5482 1161 5524 toto
1186 5474 1317 5526 orbe
1348 5473 1562 5527 diversa
1595 5485 1696 5526 est.
1741 5492 1757 5522 ι
1801 5475 2004 5528 Uocuc-

443 5553 527 5592 rat
561 5556 688 5595 vero
718 5547 876 5609 paulo
904 5544 1176 5610 superius,
1203 5559 1266 5596 ex
1301 5558 1408 5610 quo
1440 5546 1670 5610 quisque
1729 5545 1847 5595 loco
1885 5562 2001 5598 ver-

443 5627 536 5664 sus
585 5622 723 5665 esset
757 5613 958 5666 ascitus
993 5629 1007 5670 :
1052 5631 1067 5663 ε
1102 5611 1257 5680 Nam,
1302 5615 1494 5682 inquit,
1543 5613 1650 5666 duo
1681 5615 1841 5682 primi
1880 5632 2000 5668 rer-

2117 4393 2272 4471 siculi
2324 4397 2418 4471 qui
2452 4393 2780 4464 sequuntur,
2811 4393 3019 4471 veloces
3053 4400 3204 4467 pedes
3241 4419 3442 4466 eorum,
3489 4419 3692 4471 usque,

2114 4464 2251 4540 viam
2293 4465 2436 4532 pacis
2471 4481 2574 4540 non
2604 4479 2977 4540 cognoverunt,
3009 4464 3064 4523 in
3111 4473 3249 4525 Isaia
3299 4464 3688 4540 prophetare-

2115 4535 2253 4608 peri,
2293 4553 2319 4609 _r
2353 4544 2457 4589 etc.
2499 4535 2894 4609 Suppesititius
2925 4535 3370 4609 Hieronymus—in
3401 4535 3688 4596 Breviario

2115 4603 2168 4653 in
2195 4603 2428 4682 psalmos
2468 4603 2632 4682 etiam
2664 4610 2725 4682 de
2760 4603 3173 4664 Deuteronomio
3208 4612 3446 4678 asciscit,
3476 4616 3625 4682 quod
3661 4636 3690 4667 ιι

2114 4675 2226 4724 veri
2260 4676 2406 4726 omni
2437 4678 2616 4743 specie
2648 4679 2856 4732 distat.-

2183 4765 2201 4792 "
2237 4765 2469 4840 De_oeto
2493 4770 2741 4822 versibus
2777 4769 2934 4824 obclo
2976 4769 3065 4826 hic
3089 4773 3408 4840 pramotatis
3433 4773 3551 4829 {use
3577 4775 3698 4830 dis-

2114 4844 2267 4911 putat
2297 4835 2660 4911 Ilieronymus
2686 4845 3026 4905 t'eSpondens
3052 4835 3118 4894 ad
3150 4843 3362 4911 objecta
3401 4847 3696 4900 Eustocltii

2115 4903 2362 4974 virginis,
2401 4903 2666 4974 prooemio
2721 4903 3030 4964 continuent.
3086 4912 3185 4966 lib.
3221 4903 3306 4966 3m
3363 4916 3415 4966 in
3468 4915 3692 4972 Isaiam.

2111 4971 2368 5048 Consulat
2400 4971 2580 5031 locum
2610 4980 2836 5032 citatum
2864 4981 2958 5048 qui
2982 4981 3238 5035 voluerit.
3276 4983 3452 5037 Mur.

2187 5044 2206 5073 ⁵
2237 5045 2484 5119 Alt-erum
2504 5049 2603 5119 llic
2638 5058 2692 5119 et
2720 5061 2840 5118 post
2871 5044 3300 5119 subsequentem
3350 5057 3692 5111 versiculum

2114 5112 2423 5190 Diapsalmu
2449 5117 2514 5170 ad
2546 5118 2673 5173 libri
2701 5112 2853 5171 oram
2898 5112 3120 5174 l’alatm.
3161 5138 3262 5174 ms.
3295 5129 3543 5190 apponit.

2182 5185 2202 5213 ⁸
2221 5184 2525 5264 Veronens.
2552 5203 2679 5255 ms.,
2704 5191 3028 5264 imprudens,
3059 5207 3125 5245 ex
3158 5208 3281 5245 mox
3303 5184 3693 5264 u'ﬂ‘ectionibus,

2111 5268 2211 5328 pro
2235 5255 2600 5328 _voluntatilrus
2625 5271 2644 5308 :
2671 5262 3024 5313 continenter
3052 5277 3115 5314 ex
3150 5255 3478 5328 August-lno.

2184 5324 2201 5351 ⁷
2233 5324 2383 5377 Idem
2428 5345 2554 5393 ms.,
2595 5330 2862 5383 Derorum
2892 5333 3145 5400 populum
3179 5324 3374 5398 mcum,
3407 5348 3460 5388 ut
3517 5339 3694 5394 cibum

2109 5409 2280 5458 panis.

2179 5464 2422 5602 afvilnosu
2450 5469 2645 5522 lectum
2679 5471 2876 5526 minori
2906 5488 3137 5529 numero
3166 5491 3195 5530 e
3225 5474 3405 5531 νει-λη
3427 5480 3529 5534 :nsi
3555 5496 3690 5548 me...

2179 5550 2199 5582 n
2234 5553 2279 5585 «ι’
2305 5547 2408 5590 tati.

2111 5547 2408 5590 conlttdtslt.
