  <div class='ocr_page' id='page_1' title='image "/cluster/home/n/w/nwhite01/storage/ocr_20150623/29/hvd.32044096580519/088.png"; bbox 0 0 4050 6184; ppageno 0'>
   <div class='ocr_carea' id='block_1_1' title="bbox 290 425 392 490">
    <p class='ocr_par' dir='ltr' id='par_1_1' title="bbox 290 425 392 490">
     <span class='ocr_line' id='line_1_1' title="bbox 290 425 392 490; baseline -0.039 0"><span class='ocrx_word' id='word_1_1' title='bbox 290 425 392 490; x_wconf 77' lang='lat' dir='ltr'><strong>Its</strong></span> 
     </span>
    </p>
   </div>
   <div class='ocr_carea' id='block_1_2' title="bbox 1541 430 2295 493">
    <p class='ocr_par' dir='ltr' id='par_1_2' title="bbox 1541 430 2295 493">
     <span class='ocr_line' id='line_1_2' title="bbox 1541 430 2295 493; baseline 0.007 -5"><span class='ocrx_word' id='word_1_2' title='bbox 1541 430 1769 493; x_wconf 82' lang='lat' dir='ltr'><strong>LIBER</strong></span> <span class='ocrx_word' id='word_1_3' title='bbox 1805 432 2295 493; x_wconf 69' lang='lat' dir='ltr'><strong>PSALMORUM.</strong></span> 
     </span>
    </p>
   </div>
   <div class='ocr_carea' id='block_1_3' title="bbox 3428 435 3526 500">
    <p class='ocr_par' dir='ltr' id='par_1_3' title="bbox 3428 435 3526 500">
     <span class='ocr_line' id='line_1_3' title="bbox 3428 435 3526 500; baseline 0 -1"><span class='ocrx_word' id='word_1_4' title='bbox 3428 435 3526 500; x_wconf 72' lang='lat'><strong>“6</strong></span> 
     </span>
    </p>
   </div>
   <div class='ocr_carea' id='block_1_4' title="bbox 347 543 3534 625">
    <p class='ocr_par' dir='ltr' id='par_1_4' title="bbox 347 543 3534 625">
     <span class='ocr_line' id='line_1_4' title="bbox 347 543 3534 625; baseline 0.003 -30"><span class='ocrx_word' id='word_1_5' title='bbox 347 544 479 609; x_wconf 80' lang='lat' dir='ltr'><strong>Quis</strong></span> <span class='ocrx_word' id='word_1_6' title='bbox 504 544 726 596; x_wconf 62' lang='lat' dir='ltr'><strong>dubites</strong></span> <span class='ocrx_word' id='word_1_7' title='bbox 754 543 882 596; x_wconf 80' lang='lat' dir='ltr'><strong>Sion</strong></span> <span class='ocrx_word' id='word_1_8' title='bbox 908 545 1145 597; x_wconf 80' lang='lat' dir='ltr'><strong>salutare</strong></span> <span class='ocrx_word' id='word_1_9' title='bbox 1181 544 1353 598; x_wconf 79' lang='lat' dir='ltr'><strong>Israel</strong></span> <span class='ocrx_word' id='word_1_10' title='bbox 1378 546 1398 625; x_wconf 63' lang='grc' dir='ltr'><strong><em>ξ</em></strong></span> <span class='ocrx_word' id='word_1_11' title='bbox 1428 546 1559 601; x_wconf 84' lang='lat' dir='ltr'><strong>Cum</strong></span> <span class='ocrx_word' id='word_1_12' title='bbox 1586 552 1854 603; x_wconf 78' lang='lat' dir='ltr'><strong>averterit.</strong></span> <span class='ocrx_word' id='word_1_13' title='bbox 1900 562 1936 615; x_wconf 53' lang='grc' dir='ltr'><strong>λ</strong></span> <span class='ocrx_word' id='word_1_14' title='bbox 2037 552 2169 618; x_wconf 82' lang='lat' dir='ltr'><strong>Quis</strong></span> <span class='ocrx_word' id='word_1_15' title='bbox 2220 550 2369 605; x_wconf 83' lang='lat' dir='ltr'><strong>dabit</strong></span> <span class='ocrx_word' id='word_1_16' title='bbox 2404 564 2466 603; x_wconf 83' lang='lat' dir='ltr'><strong>ex</strong></span> <span class='ocrx_word' id='word_1_17' title='bbox 2526 548 2653 604; x_wconf 85' lang='lat' dir='ltr'><strong>Sion</strong></span> <span class='ocrx_word' id='word_1_18' title='bbox 2690 547 2925 603; x_wconf 79' lang='lat' dir='ltr'><strong>salutare</strong></span> <span class='ocrx_word' id='word_1_19' title='bbox 2960 548 3167 604; x_wconf 82' lang='lat' dir='ltr'><strong>Israel?</strong></span> <span class='ocrx_word' id='word_1_20' title='bbox 3198 548 3330 605; x_wconf 85' lang='lat' dir='ltr'><strong>Dum</strong></span> <span class='ocrx_word' id='word_1_21' title='bbox 3380 566 3534 607; x_wconf 70' lang='lat' dir='ltr'><strong>aver-</strong></span> 
     </span>
    </p>
   </div>
   <div class='ocr_carea' id='block_1_5' title="bbox 282 635 1853 704">
    <p class='ocr_par' dir='ltr' id='par_1_5' title="bbox 282 635 1853 704">
     <span class='ocr_line' id='line_1_5' title="bbox 282 635 1853 704; baseline 0.004 -16"><span class='ocrx_word' id='word_1_22' title='bbox 282 636 533 691; x_wconf 80' lang='lat' dir='ltr'><strong>Dominus</strong></span> <span class='ocrx_word' id='word_1_23' title='bbox 562 638 923 702; x_wconf 75' lang='lat' dir='ltr'><strong>captivitatem</strong></span> <span class='ocrx_word' id='word_1_24' title='bbox 957 635 1120 704; x_wconf 82' lang='lat' dir='ltr'><strong>plebis</strong></span> <span class='ocrx_word' id='word_1_25' title='bbox 1150 652 1276 697; x_wconf 69' lang='lat' dir='ltr'><strong>sum,</strong></span> <span class='ocrx_word' id='word_1_26' title='bbox 1301 640 1588 692; x_wconf 68' lang='lat' dir='ltr'><strong>exsultabit</strong></span> <span class='ocrx_word' id='word_1_27' title='bbox 1613 640 1771 693; x_wconf 73' lang='lat' dir='ltr'><strong>Iacob</strong></span> <span class='ocrx_word' id='word_1_28' title='bbox 1795 656 1853 695; x_wconf 66' lang='lat'><em>+</em></span> 
     </span>
    </p>
   </div>
   <div class='ocr_carea' id='block_1_6' title="bbox 279 726 915 796">
    <p class='ocr_par' dir='ltr' id='par_1_6' title="bbox 279 726 915 796">
     <span class='ocr_line' id='line_1_6' title="bbox 279 726 915 796; baseline 0.002 -17"><span class='ocrx_word' id='word_1_29' title='bbox 279 736 327 781; x_wconf 74' lang='lat' dir='ltr'><strong>et</strong></span> <span class='ocrx_word' id='word_1_30' title='bbox 358 728 382 796; x_wconf 72' lang='grc' dir='ltr'>ζ</span> <span class='ocrx_word' id='word_1_31' title='bbox 412 726 688 781; x_wconf 71' lang='lat' dir='ltr'><strong>lwtabitur</strong></span> <span class='ocrx_word' id='word_1_32' title='bbox 720 727 915 783; x_wconf 79' lang='lat' dir='ltr'><strong>Israel.</strong></span> 
     </span>
    </p>
   </div>
   <div class='ocr_carea' id='block_1_7' title="bbox 1974 641 3163 710">
    <p class='ocr_par' dir='ltr' id='par_1_7' title="bbox 1974 641 3163 710">
     <span class='ocr_line' id='line_1_7' title="bbox 1974 641 3163 710; baseline -0.003 -13"><span class='ocrx_word' id='word_1_33' title='bbox 1974 655 2046 699; x_wconf 86' lang='lat' dir='ltr'><strong>tet</strong></span> <span class='ocrx_word' id='word_1_34' title='bbox 2083 645 2103 673; x_wconf 78' lang='grc'>⁸</span> <span class='ocrx_word' id='word_1_35' title='bbox 2140 645 2404 697; x_wconf 80' lang='lat' dir='ltr'><strong>Dominus</strong></span> <span class='ocrx_word' id='word_1_36' title='bbox 2433 641 2802 710; x_wconf 73' lang='lat' dir='ltr'><strong>captivitatem</strong></span> <span class='ocrx_word' id='word_1_37' title='bbox 2836 641 3007 710; x_wconf 81' lang='lat' dir='ltr'><strong>plebis</strong></span> <span class='ocrx_word' id='word_1_38' title='bbox 3033 656 3163 695; x_wconf 67' lang='lat' dir='ltr'><strong>sure.</strong></span> 
     </span>
    </p>
   </div>
   <div class='ocr_carea' id='block_1_8' title="bbox 2043 732 3072 799">
    <p class='ocr_par' dir='ltr' id='par_1_8' title="bbox 2043 732 3072 799">
     <span class='ocr_line' id='line_1_8' title="bbox 2043 732 3072 799; baseline -0.004 -11"><span class='ocrx_word' id='word_1_39' title='bbox 2043 733 2278 789; x_wconf 71' lang='lat' dir='ltr'><strong>Lmtctur</strong></span> <span class='ocrx_word' id='word_1_40' title='bbox 2311 734 2498 799; x_wconf 84' lang='lat' dir='ltr'><strong>Jacob,</strong></span> <span class='ocrx_word' id='word_1_41' title='bbox 2537 742 2591 787; x_wconf 87' lang='lat' dir='ltr'><strong>ct</strong></span> <span class='ocrx_word' id='word_1_42' title='bbox 2622 732 2857 787; x_wconf 81' lang='lat' dir='ltr'><strong>exsultet</strong></span> <span class='ocrx_word' id='word_1_43' title='bbox 2888 732 3072 785; x_wconf 83' lang='lat' dir='ltr'><strong>Israel.</strong></span> 
     </span>
    </p>
   </div>
   <div class='ocr_carea' id='block_1_9' title="bbox 1616 896 2198 959">
    <p class='ocr_par' dir='ltr' id='par_1_9' title="bbox 1616 896 2198 959">
     <span class='ocr_line' id='line_1_9' title="bbox 1616 896 2198 959; baseline 0.014 -8"><span class='ocrx_word' id='word_1_44' title='bbox 1616 896 1968 954; x_wconf 76' lang='lat' dir='ltr'><strong>PSALMUS</strong></span> <span class='ocrx_word' id='word_1_45' title='bbox 2048 899 2198 959; x_wconf 79' lang='grc' dir='ltr'><strong>Χιν.</strong></span> 
     </span>
    </p>
   </div>
   <div class='ocr_carea' id='block_1_10' title="bbox 852 1023 1298 1063">
    <p class='ocr_par' dir='ltr' id='par_1_10' title="bbox 852 1023 1298 1063">
     <span class='ocr_line' id='line_1_10' title="bbox 852 1023 1298 1063; baseline -0.002 -2"><span class='ocrx_word' id='word_1_46' title='bbox 852 1023 1081 1063; x_wconf 57' lang='grc' dir='ltr'><strong>ιδεμ-»ης</strong></span> <span class='ocrx_word' id='word_1_47' title='bbox 1119 1025 1298 1063; x_wconf 61' lang='grc' dir='ltr'><strong>υλνιο.</strong></span> 
     </span>
    </p>
   </div>
   <div class='ocr_carea' id='block_1_11' title="bbox 349 1122 1857 1192">
    <p class='ocr_par' dir='ltr' id='par_1_11' title="bbox 349 1122 1857 1192">
     <span class='ocr_line' id='line_1_11' title="bbox 349 1122 1857 1192; baseline 0.001 -18"><span class='ocrx_word' id='word_1_48' title='bbox 349 1122 589 1187; x_wconf 81' lang='lat' dir='ltr'><strong>Domine,</strong></span> <span class='ocrx_word' id='word_1_49' title='bbox 615 1124 727 1192; x_wconf 83' lang='lat' dir='ltr'><strong>quis</strong></span> <span class='ocrx_word' id='word_1_50' title='bbox 752 1124 1005 1178; x_wconf 71' lang='lat' dir='ltr'><strong>habitabit</strong></span> <span class='ocrx_word' id='word_1_51' title='bbox 1030 1128 1081 1180; x_wconf 83' lang='lat' dir='ltr'><strong>in</strong></span> <span class='ocrx_word' id='word_1_52' title='bbox 1112 1126 1446 1178; x_wconf 78' lang='lat' dir='ltr'><strong>tabernaculo</strong></span> <span class='ocrx_word' id='word_1_53' title='bbox 1478 1125 1602 1176; x_wconf 85' lang='lat' dir='ltr'><strong>tuo?</strong></span> <span class='ocrx_word' id='word_1_54' title='bbox 1630 1137 1688 1177; x_wconf 67' lang='grc' dir='ltr'><strong>σξ-</strong></span> <span class='ocrx_word' id='word_1_55' title='bbox 1715 1136 1807 1178; x_wconf 87' lang='lat' dir='ltr'><strong>aut</strong></span> <span class='ocrx_word' id='word_1_56' title='bbox 1833 1124 1857 1192; x_wconf 65' lang='grc' dir='ltr'>ζ</span> 
     </span>
    </p>
   </div>
   <div class='ocr_carea' id='block_1_12' title="bbox 277 1214 1365 1281">
    <p class='ocr_par' dir='ltr' id='par_1_12' title="bbox 277 1214 1365 1281">
     <span class='ocr_line' id='line_1_12' title="bbox 277 1214 1365 1281; baseline 0.005 -18"><span class='ocrx_word' id='word_1_57' title='bbox 277 1216 392 1281; x_wconf 65' lang='lat' dir='ltr'><strong>quis</strong></span> <span class='ocrx_word' id='word_1_58' title='bbox 419 1214 701 1280; x_wconf 49' lang='lat' dir='ltr'><strong>requiescet</strong></span> <span class='ocrx_word' id='word_1_59' title='bbox 728 1216 781 1266; x_wconf 82' lang='lat' dir='ltr'><strong>in</strong></span> <span class='ocrx_word' id='word_1_60' title='bbox 808 1226 982 1269; x_wconf 82' lang='lat' dir='ltr'><strong>monte</strong></span> <span class='ocrx_word' id='word_1_61' title='bbox 1010 1226 1191 1271; x_wconf 80' lang='lat' dir='ltr'><strong>sancto</strong></span> <span class='ocrx_word' id='word_1_62' title='bbox 1226 1229 1311 1270; x_wconf 77' lang='lat' dir='ltr'><strong>tuo</strong></span> <span class='ocrx_word' id='word_1_63' title='bbox 1342 1219 1365 1268; x_wconf 74' lang='grc' dir='ltr'><strong>ἶ)</strong></span> 
     </span>
    </p>
   </div>
   <div class='ocr_carea' id='block_1_13' title="bbox 348 1306 1859 1378">
    <p class='ocr_par' dir='ltr' id='par_1_13' title="bbox 348 1306 1859 1378">
     <span class='ocr_line' id='line_1_13' title="bbox 348 1306 1859 1378; baseline 0.001 -23"><span class='ocrx_word' id='word_1_64' title='bbox 348 1306 448 1367; x_wconf 79' lang='lat' dir='ltr'><strong>Qui</strong></span> <span class='ocrx_word' id='word_1_65' title='bbox 496 1306 794 1372; x_wconf 77' lang='lat' dir='ltr'><strong>ingreditur</strong></span> <span class='ocrx_word' id='word_1_66' title='bbox 843 1307 954 1359; x_wconf 83' lang='lat' dir='ltr'><strong>sine</strong></span> <span class='ocrx_word' id='word_1_67' title='bbox 993 1310 1204 1361; x_wconf 76' lang='lat' dir='ltr'><strong>macula</strong></span> <span class='ocrx_word' id='word_1_68' title='bbox 1231 1325 1247 1360; x_wconf 86' lang='lat'><em>:</em></span> <span class='ocrx_word' id='word_1_69' title='bbox 1272 1320 1321 1361; x_wconf 82' lang='lat' dir='ltr'><strong>et</strong></span> <span class='ocrx_word' id='word_1_70' title='bbox 1394 1322 1646 1378; x_wconf 69' lang='lat' dir='ltr'><strong>speratur</strong></span> <span class='ocrx_word' id='word_1_71' title='bbox 1692 1307 1859 1375; x_wconf 64' lang='lat' dir='ltr'><strong>justi.</strong></span> 
     </span>
    </p>
   </div>
   <div class='ocr_carea' id='block_1_14' title="bbox 275 1408 1676 1462">
    <p class='ocr_par' dir='ltr' id='par_1_14' title="bbox 275 1408 1676 1462">
     <span class='ocr_line' id='line_1_14' title="bbox 275 1408 1676 1462; baseline 0.001 -20"><span class='ocrx_word' id='word_1_72' title='bbox 275 1408 431 1448; x_wconf 75' lang='lat' dir='ltr'><strong>(tant.</strong></span> <span class='ocrx_word' id='word_1_73' title='bbox 1672 1459 1676 1462; x_wconf 21' lang='lat'><strong><em>~</em></strong></span> 
     </span>
    </p>
   </div>
   <div class='ocr_carea' id='block_1_15' title="bbox 354 1488 1854 1558">
    <p class='ocr_par' dir='ltr' id='par_1_15' title="bbox 354 1488 1854 1558">
     <span class='ocr_line' id='line_1_15' title="bbox 354 1488 1854 1558; baseline 0 -16"><span class='ocrx_word' id='word_1_74' title='bbox 354 1488 365 1517; x_wconf 83' lang='grc'>¹</span> <span class='ocrx_word' id='word_1_75' title='bbox 395 1503 455 1542; x_wconf 60' lang='grc' dir='ltr'><strong>αξη</strong></span> <span class='ocrx_word' id='word_1_76' title='bbox 486 1491 589 1552; x_wconf 79' lang='lat' dir='ltr'><strong>Qui</strong></span> <span class='ocrx_word' id='word_1_77' title='bbox 626 1491 647 1556; x_wconf 72' lang='grc' dir='ltr'>ζ</span> <span class='ocrx_word' id='word_1_78' title='bbox 679 1489 914 1558; x_wconf 87' lang='lat' dir='ltr'><strong>loquitur</strong></span> <span class='ocrx_word' id='word_1_79' title='bbox 959 1492 1234 1544; x_wconf 75' lang='lat' dir='ltr'><strong>veritatem</strong></span> <span class='ocrx_word' id='word_1_80' title='bbox 1291 1492 1342 1543; x_wconf 85' lang='lat' dir='ltr'><strong>in</strong></span> <span class='ocrx_word' id='word_1_81' title='bbox 1402 1491 1556 1543; x_wconf 78' lang='lat' dir='ltr'><strong>corde</strong></span> <span class='ocrx_word' id='word_1_82' title='bbox 1597 1507 1690 1544; x_wconf 86' lang='lat' dir='ltr'><strong>suo</strong></span> <span class='ocrx_word' id='word_1_83' title='bbox 1718 1506 1733 1543; x_wconf 91' lang='lat'><em>:</em></span> <span class='ocrx_word' id='word_1_84' title='bbox 1764 1491 1854 1558; x_wconf 88' lang='lat' dir='ltr'><strong>qui</strong></span> 
     </span>
    </p>
   </div>
   <div class='ocr_carea' id='block_1_16' title="bbox 275 1580 1172 1651">
    <p class='ocr_par' dir='ltr' id='par_1_16' title="bbox 275 1580 1172 1651">
     <span class='ocr_line' id='line_1_16' title="bbox 275 1580 1172 1651; baseline 0.007 -22"><span class='ocrx_word' id='word_1_85' title='bbox 275 1596 380 1630; x_wconf 73' lang='lat' dir='ltr'><strong>non</strong></span> <span class='ocrx_word' id='word_1_86' title='bbox 404 1584 508 1646; x_wconf 85' lang='lat' dir='ltr'><strong>egit</strong></span> <span class='ocrx_word' id='word_1_87' title='bbox 539 1580 721 1634; x_wconf 67' lang='lat' dir='ltr'><strong>tioium</strong></span> <span class='ocrx_word' id='word_1_88' title='bbox 752 1583 805 1634; x_wconf 85' lang='lat' dir='ltr'><strong>in</strong></span> <span class='ocrx_word' id='word_1_89' title='bbox 838 1582 1017 1651; x_wconf 88' lang='lat' dir='ltr'><strong>lingua</strong></span> <span class='ocrx_word' id='word_1_90' title='bbox 1052 1597 1172 1635; x_wconf 84' lang='lat' dir='ltr'><strong>sua.</strong></span> 
     </span>
    </p>
   </div>
   <div class='ocr_carea' id='block_1_17' title="bbox 347 1670 1852 1741">
    <p class='ocr_par' dir='ltr' id='par_1_17' title="bbox 347 1670 1852 1741">
     <span class='ocr_line' id='line_1_17' title="bbox 347 1670 1852 1741; baseline 0.004 -20"><span class='ocrx_word' id='word_1_91' title='bbox 347 1670 451 1723; x_wconf 74' lang='lat' dir='ltr'><strong>Nec</strong></span> <span class='ocrx_word' id='word_1_92' title='bbox 480 1671 597 1738; x_wconf 79' lang='lat' dir='ltr'><strong>fecit</strong></span> <span class='ocrx_word' id='word_1_93' title='bbox 627 1674 868 1741; x_wconf 73' lang='lat' dir='ltr'><strong>proximo</strong></span> <span class='ocrx_word' id='word_1_94' title='bbox 898 1690 991 1726; x_wconf 86' lang='lat' dir='ltr'><strong>suo</strong></span> <span class='ocrx_word' id='word_1_95' title='bbox 1023 1674 1224 1726; x_wconf 86' lang='lat' dir='ltr'><strong>malum</strong></span> <span class='ocrx_word' id='word_1_96' title='bbox 1254 1690 1271 1726; x_wconf 87' lang='lat'><strong><em>:</em></strong></span> <span class='ocrx_word' id='word_1_97' title='bbox 1298 1681 1347 1726; x_wconf 89' lang='lat' dir='ltr'><strong>et</strong></span> <span class='ocrx_word' id='word_1_98' title='bbox 1380 1673 1719 1741; x_wconf 78' lang='lat' dir='ltr'><strong>opprobrium</strong></span> <span class='ocrx_word' id='word_1_99' title='bbox 1745 1687 1852 1727; x_wconf 69' lang='lat' dir='ltr'><strong>non</strong></span> 
     </span>
    </p>
   </div>
   <div class='ocr_carea' id='block_1_18' title="bbox 274 1763 1233 1831">
    <p class='ocr_par' dir='ltr' id='par_1_18' title="bbox 274 1763 1233 1831">
     <span class='ocr_line' id='line_1_18' title="bbox 274 1763 1233 1831; baseline 0.009 -22"><span class='ocrx_word' id='word_1_100' title='bbox 274 1763 476 1828; x_wconf 78' lang='lat' dir='ltr'><strong>accepit</strong></span> <span class='ocrx_word' id='word_1_101' title='bbox 504 1764 755 1818; x_wconf 83' lang='lat' dir='ltr'><strong>adversus</strong></span> <span class='ocrx_word' id='word_1_102' title='bbox 786 1768 1050 1831; x_wconf 74' lang='lat' dir='ltr'><strong>proximos</strong></span> <span class='ocrx_word' id='word_1_103' title='bbox 1089 1781 1233 1819; x_wconf 82' lang='lat' dir='ltr'><strong>suos.</strong></span> 
     </span>
    </p>
   </div>
   <div class='ocr_carea' id='block_1_19' title="bbox 2354 1020 3128 1082">
    <p class='ocr_par' dir='ltr' id='par_1_19' title="bbox 2354 1020 3128 1082">
     <span class='ocr_line' id='line_1_19' title="bbox 2354 1020 3128 1082; baseline -0.004 -11"><span class='ocrx_word' id='word_1_104' title='bbox 2354 1035 2404 1071; x_wconf 72' lang='lat' dir='ltr'><strong>IN</strong></span> <span class='ocrx_word' id='word_1_105' title='bbox 2435 1035 2591 1072; x_wconf 72' lang='lat' dir='ltr'><strong>mm</strong></span> <span class='ocrx_word' id='word_1_106' title='bbox 2623 1020 2663 1082; x_wconf 73' lang='lat'><strong>’,</strong></span> <span class='ocrx_word' id='word_1_107' title='bbox 2696 1033 2922 1072; x_wconf 59' lang='lat' dir='ltr'><strong>essurus</strong></span> <span class='ocrx_word' id='word_1_108' title='bbox 2953 1033 3128 1072; x_wconf 72' lang='lat' dir='ltr'><strong>puro.</strong></span> 
     </span>
    </p>
   </div>
   <div class='ocr_carea' id='block_1_20' title="bbox 2037 1126 3535 1197">
    <p class='ocr_par' dir='ltr' id='par_1_20' title="bbox 2037 1126 3535 1197">
     <span class='ocr_line' id='line_1_20' title="bbox 2037 1126 3535 1197; baseline -0.001 -18"><span class='ocrx_word' id='word_1_109' title='bbox 2037 1126 2285 1189; x_wconf 77' lang='lat' dir='ltr'><strong>Domino,</strong></span> <span class='ocrx_word' id='word_1_110' title='bbox 2342 1130 2465 1197; x_wconf 79' lang='lat' dir='ltr'><strong>quis</strong></span> <span class='ocrx_word' id='word_1_111' title='bbox 2499 1129 2770 1184; x_wconf 80' lang='lat' dir='ltr'><strong>habitabit</strong></span> <span class='ocrx_word' id='word_1_112' title='bbox 2807 1130 2860 1183; x_wconf 91' lang='lat' dir='ltr'><strong>in</strong></span> <span class='ocrx_word' id='word_1_113' title='bbox 2899 1126 3252 1182; x_wconf 84' lang='lat' dir='ltr'><strong>tabernaculo</strong></span> <span class='ocrx_word' id='word_1_114' title='bbox 3284 1126 3414 1179; x_wconf 86' lang='lat' dir='ltr'><strong>tuo?</strong></span> <span class='ocrx_word' id='word_1_115' title='bbox 3445 1133 3535 1178; x_wconf 82' lang='lat' dir='ltr'><strong>aut</strong></span> 
     </span>
    </p>
   </div>
   <div class='ocr_carea' id='block_1_21' title="bbox 1961 1217 3122 1286">
    <p class='ocr_par' dir='ltr' id='par_1_21' title="bbox 1961 1217 3122 1286">
     <span class='ocr_line' id='line_1_21' title="bbox 1961 1217 3122 1286; baseline -0.001 -17"><span class='ocrx_word' id='word_1_116' title='bbox 1961 1217 2086 1285; x_wconf 84' lang='lat' dir='ltr'><strong>quis</strong></span> <span class='ocrx_word' id='word_1_117' title='bbox 2130 1220 2439 1286; x_wconf 82' lang='lat' dir='ltr'><strong>requiescet</strong></span> <span class='ocrx_word' id='word_1_118' title='bbox 2471 1221 2523 1273; x_wconf 92' lang='lat' dir='ltr'><strong>in</strong></span> <span class='ocrx_word' id='word_1_119' title='bbox 2560 1229 2743 1274; x_wconf 90' lang='lat' dir='ltr'><strong>monte</strong></span> <span class='ocrx_word' id='word_1_120' title='bbox 2766 1227 2956 1274; x_wconf 84' lang='lat' dir='ltr'><strong>sancto</strong></span> <span class='ocrx_word' id='word_1_121' title='bbox 2989 1217 3122 1272; x_wconf 84' lang='lat' dir='ltr'><strong>tuo?</strong></span> 
     </span>
    </p>
   </div>
   <div class='ocr_carea' id='block_1_22' title="bbox 2033 1308 3533 1381">
    <p class='ocr_par' dir='ltr' id='par_1_22' title="bbox 2033 1308 3533 1381">
     <span class='ocr_line' id='line_1_22' title="bbox 2033 1308 3533 1381; baseline 0 -20"><span class='ocrx_word' id='word_1_122' title='bbox 2033 1308 2135 1374; x_wconf 87' lang='lat' dir='ltr'><strong>Qui</strong></span> <span class='ocrx_word' id='word_1_123' title='bbox 2192 1311 2499 1381; x_wconf 84' lang='lat' dir='ltr'><strong>ingreditur</strong></span> <span class='ocrx_word' id='word_1_124' title='bbox 2539 1313 2655 1368; x_wconf 88' lang='lat' dir='ltr'><strong>sine</strong></span> <span class='ocrx_word' id='word_1_125' title='bbox 2708 1311 2940 1375; x_wconf 80' lang='lat' dir='ltr'><strong>macula,</strong></span> <span class='ocrx_word' id='word_1_126' title='bbox 2972 1321 3025 1365; x_wconf 90' lang='lat' dir='ltr'><strong>ct</strong></span> <span class='ocrx_word' id='word_1_127' title='bbox 3080 1319 3341 1379; x_wconf 88' lang='lat' dir='ltr'><strong>operatur</strong></span> <span class='ocrx_word' id='word_1_128' title='bbox 3377 1309 3533 1377; x_wconf 82' lang='lat' dir='ltr'><strong>justi-</strong></span> 
     </span>
    </p>
   </div>
   <div class='ocr_carea' id='block_1_23' title="bbox 1960 1400 2116 1454">
    <p class='ocr_par' dir='ltr' id='par_1_23' title="bbox 1960 1400 2116 1454">
     <span class='ocr_line' id='line_1_23' title="bbox 1960 1400 2116 1454; baseline 0.026 -4"><span class='ocrx_word' id='word_1_129' title='bbox 1960 1400 2116 1454; x_wconf 82' lang='lat' dir='ltr'><strong>liam.</strong></span> 
     </span>
    </p>
   </div>
   <div class='ocr_carea' id='block_1_24' title="bbox 2036 1486 3531 1560">
    <p class='ocr_par' dir='ltr' id='par_1_24' title="bbox 2036 1486 3531 1560">
     <span class='ocr_line' id='line_1_24' title="bbox 2036 1486 3531 1560; baseline 0.001 -20"><span class='ocrx_word' id='word_1_130' title='bbox 2036 1488 2134 1551; x_wconf 80' lang='lat' dir='ltr'><strong>Qui</strong></span> <span class='ocrx_word' id='word_1_131' title='bbox 2165 1490 2407 1557; x_wconf 75' lang='lat' dir='ltr'><strong>loquitur</strong></span> <span class='ocrx_word' id='word_1_132' title='bbox 2434 1491 2719 1547; x_wconf 81' lang='lat' dir='ltr'><strong>veritatem</strong></span> <span class='ocrx_word' id='word_1_133' title='bbox 2756 1493 2806 1545; x_wconf 88' lang='lat' dir='ltr'><strong>in</strong></span> <span class='ocrx_word' id='word_1_134' title='bbox 2832 1491 2994 1545; x_wconf 88' lang='lat' dir='ltr'><strong>corde</strong></span> <span class='ocrx_word' id='word_1_135' title='bbox 3027 1505 3127 1544; x_wconf 89' lang='lat' dir='ltr'><strong>suo</strong></span> <span class='ocrx_word' id='word_1_136' title='bbox 3159 1500 3245 1545; x_wconf 89' lang='lat' dir='ltr'><strong>:et</strong></span> <span class='ocrx_word' id='word_1_137' title='bbox 3266 1488 3382 1560; x_wconf 87' lang='lat' dir='ltr'><strong>[ms.</strong></span> <span class='ocrx_word' id='word_1_138' title='bbox 3414 1486 3531 1559; x_wconf 86' lang='lat' dir='ltr'><strong>qui]</strong></span> 
     </span>
    </p>
   </div>
   <div class='ocr_carea' id='block_1_25' title="bbox 1964 1581 3287 1653">
    <p class='ocr_par' dir='ltr' id='par_1_25' title="bbox 1964 1581 3287 1653">
     <span class='ocr_line' id='line_1_25' title="bbox 1964 1581 3287 1653; baseline 0.01 -25"><span class='ocrx_word' id='word_1_139' title='bbox 1964 1594 2067 1631; x_wconf 85' lang='lat' dir='ltr'><strong>non</strong></span> <span class='ocrx_word' id='word_1_140' title='bbox 2101 1583 2211 1649; x_wconf 73' lang='lat' dir='ltr'><strong>egit</strong></span> <span class='ocrx_word' id='word_1_141' title='bbox 2246 1581 2431 1637; x_wconf 83' lang='lat' dir='ltr'><strong>dolum</strong></span> <span class='ocrx_word' id='word_1_142' title='bbox 2468 1584 2520 1637; x_wconf 88' lang='lat' dir='ltr'><strong>in</strong></span> <span class='ocrx_word' id='word_1_143' title='bbox 2552 1584 2736 1653; x_wconf 82' lang='lat' dir='ltr'><strong>lingua</strong></span> <span class='ocrx_word' id='word_1_144' title='bbox 2772 1599 2890 1637; x_wconf 72' lang='lat' dir='ltr'><strong>sua.</strong></span> <span class='ocrx_word' id='word_1_145' title='bbox 3284 1600 3287 1603; x_wconf 77' lang='lat'><em>&#39;</em></span> 
     </span>
    </p>
   </div>
   <div class='ocr_carea' id='block_1_26' title="bbox 2031 1671 3529 1742">
    <p class='ocr_par' dir='ltr' id='par_1_26' title="bbox 2031 1671 3529 1742">
     <span class='ocr_line' id='line_1_26' title="bbox 2031 1671 3529 1742; baseline 0 -18"><span class='ocrx_word' id='word_1_146' title='bbox 2031 1671 2142 1724; x_wconf 78' lang='lat' dir='ltr'><strong>Nec</strong></span> <span class='ocrx_word' id='word_1_147' title='bbox 2192 1673 2321 1727; x_wconf 82' lang='lat' dir='ltr'><strong>fecit</strong></span> <span class='ocrx_word' id='word_1_148' title='bbox 2384 1675 2631 1741; x_wconf 82' lang='lat' dir='ltr'><strong>proximo</strong></span> <span class='ocrx_word' id='word_1_149' title='bbox 2686 1690 2788 1729; x_wconf 88' lang='lat' dir='ltr'><strong>suo</strong></span> <span class='ocrx_word' id='word_1_150' title='bbox 2818 1675 3019 1729; x_wconf 86' lang='lat' dir='ltr'><strong>malum</strong></span> <span class='ocrx_word' id='word_1_151' title='bbox 3049 1684 3141 1727; x_wconf 90' lang='lat' dir='ltr'><strong>:et</strong></span> <span class='ocrx_word' id='word_1_152' title='bbox 3173 1673 3529 1742; x_wconf 74' lang='lat' dir='ltr'><strong>opprobrium</strong></span> 
     </span>
    </p>
   </div>
   <div class='ocr_carea' id='block_1_27' title="bbox 1960 1765 3151 1836">
    <p class='ocr_par' dir='ltr' id='par_1_27' title="bbox 1960 1765 3151 1836">
     <span class='ocr_line' id='line_1_27' title="bbox 1960 1765 3151 1836; baseline 0.003 -19"><span class='ocrx_word' id='word_1_153' title='bbox 1960 1779 2066 1818; x_wconf 88' lang='lat' dir='ltr'><strong>non</strong></span> <span class='ocrx_word' id='word_1_154' title='bbox 2095 1765 2307 1835; x_wconf 87' lang='lat' dir='ltr'><strong>accepit</strong></span> <span class='ocrx_word' id='word_1_155' title='bbox 2335 1768 2596 1821; x_wconf 87' lang='lat' dir='ltr'><strong>adversus</strong></span> <span class='ocrx_word' id='word_1_156' title='bbox 2627 1768 2931 1836; x_wconf 75' lang='lat' dir='ltr'><strong>proximum</strong></span> <span class='ocrx_word' id='word_1_157' title='bbox 2971 1780 3151 1820; x_wconf 86' lang='lat' dir='ltr'><strong>suum.</strong></span> 
     </span>
    </p>
   </div>
   <div class='ocr_carea' id='block_1_28' title="bbox 348 1846 3531 1926">
    <p class='ocr_par' dir='ltr' id='par_1_28' title="bbox 348 1846 3531 1926">
     <span class='ocr_line' id='line_1_28' title="bbox 348 1846 3531 1926; baseline 0.002 -25"><span class='ocrx_word' id='word_1_158' title='bbox 348 1853 432 1902; x_wconf 68' lang='lat' dir='ltr'><strong>Ad</strong></span> <span class='ocrx_word' id='word_1_159' title='bbox 462 1852 684 1906; x_wconf 63' lang='lat' dir='ltr'><strong>nihilum</strong></span> <span class='ocrx_word' id='word_1_160' title='bbox 724 1854 974 1908; x_wconf 79' lang='lat' dir='ltr'><strong>deductus</strong></span> <span class='ocrx_word' id='word_1_161' title='bbox 1015 1865 1087 1908; x_wconf 85' lang='lat' dir='ltr'><strong>est</strong></span> <span class='ocrx_word' id='word_1_162' title='bbox 1124 1857 1176 1908; x_wconf 85' lang='lat' dir='ltr'><strong>in</strong></span> <span class='ocrx_word' id='word_1_163' title='bbox 1223 1864 1503 1924; x_wconf 84' lang='lat' dir='ltr'><strong>conspectu</strong></span> <span class='ocrx_word' id='word_1_164' title='bbox 1545 1857 1657 1924; x_wconf 81' lang='lat' dir='ltr'><strong>ejus</strong></span> <span class='ocrx_word' id='word_1_165' title='bbox 1698 1854 1856 1909; x_wconf 82' lang='lat' dir='ltr'><strong>mali-</strong></span> <span class='ocrx_word' id='word_1_166' title='bbox 1884 1846 1925 1903; x_wconf 85' lang='grc' dir='ltr'><strong>Β</strong></span> <span class='ocrx_word' id='word_1_167' title='bbox 2026 1856 2106 1910; x_wconf 82' lang='lat' dir='ltr'><strong>Ad</strong></span> <span class='ocrx_word' id='word_1_168' title='bbox 2141 1857 2368 1911; x_wconf 84' lang='lat' dir='ltr'><strong>nilnlum</strong></span> <span class='ocrx_word' id='word_1_169' title='bbox 2398 1857 2669 1913; x_wconf 88' lang='lat' dir='ltr'><strong>deductus</strong></span> <span class='ocrx_word' id='word_1_170' title='bbox 2699 1867 2785 1912; x_wconf 88' lang='lat' dir='ltr'><strong>est</strong></span> <span class='ocrx_word' id='word_1_171' title='bbox 2808 1859 2859 1912; x_wconf 91' lang='lat' dir='ltr'><strong>in</strong></span> <span class='ocrx_word' id='word_1_172' title='bbox 2894 1866 3190 1926; x_wconf 86' lang='lat' dir='ltr'><strong>conspectu</strong></span> <span class='ocrx_word' id='word_1_173' title='bbox 3223 1857 3341 1923; x_wconf 79' lang='lat' dir='ltr'><strong>ejus</strong></span> <span class='ocrx_word' id='word_1_174' title='bbox 3373 1856 3531 1907; x_wconf 86' lang='lat' dir='ltr'><strong>mali-</strong></span> 
     </span>
    </p>
   </div>
   <div class='ocr_carea' id='block_1_29' title="bbox 276 1947 1605 2017">
    <p class='ocr_par' dir='ltr' id='par_1_29' title="bbox 276 1947 1605 2017">
     <span class='ocr_line' id='line_1_29' title="bbox 276 1947 1605 2017; baseline 0.007 -26"><span class='ocrx_word' id='word_1_175' title='bbox 276 1958 408 2009; x_wconf 74' lang='lat' dir='ltr'><strong>gnus</strong></span> <span class='ocrx_word' id='word_1_176' title='bbox 441 1961 459 1995; x_wconf 89' lang='lat'><em>:</em></span> <span class='ocrx_word' id='word_1_177' title='bbox 493 1948 732 2000; x_wconf 85' lang='lat' dir='ltr'><strong>timentes</strong></span> <span class='ocrx_word' id='word_1_178' title='bbox 769 1958 944 2001; x_wconf 85' lang='lat' dir='ltr'><strong>autem</strong></span> <span class='ocrx_word' id='word_1_179' title='bbox 981 1949 1286 2015; x_wconf 83' lang='lat' dir='ltr'><strong>Dominum,</strong></span> <span class='ocrx_word' id='word_1_180' title='bbox 1316 1947 1605 2017; x_wconf 77' lang='lat' dir='ltr'><strong>glori/ient.</strong></span> 
     </span>
    </p>
   </div>
   <div class='ocr_carea' id='block_1_30' title="bbox 351 2120 1845 2196">
    <p class='ocr_par' dir='ltr' id='par_1_30' title="bbox 351 2120 1845 2196">
     <span class='ocr_line' id='line_1_30' title="bbox 351 2120 1845 2196; baseline 0.007 -25"><span class='ocrx_word' id='word_1_181' title='bbox 351 2135 411 2173; x_wconf 63' lang='grc' dir='ltr'><strong>οι-</strong></span> <span class='ocrx_word' id='word_1_182' title='bbox 444 2120 544 2186; x_wconf 83' lang='lat' dir='ltr'><strong>Qui</strong></span> <span class='ocrx_word' id='word_1_183' title='bbox 581 2124 601 2191; x_wconf 72' lang='grc' dir='ltr'>ζ</span> <span class='ocrx_word' id='word_1_184' title='bbox 640 2123 786 2185; x_wconf 81' lang='lat' dir='ltr'><strong>iurat</strong></span> <span class='ocrx_word' id='word_1_185' title='bbox 814 2126 1055 2194; x_wconf 72' lang='lat' dir='ltr'><strong>proximo</strong></span> <span class='ocrx_word' id='word_1_186' title='bbox 1087 2142 1179 2179; x_wconf 86' lang='lat' dir='ltr'><strong>suo</strong></span> <span class='ocrx_word' id='word_1_187' title='bbox 1213 2127 1254 2189; x_wconf 81' lang='lat'><strong>&#39;,</strong></span> <span class='ocrx_word' id='word_1_188' title='bbox 1289 2136 1335 2179; x_wconf 88' lang='lat' dir='ltr'><strong>et</strong></span> <span class='ocrx_word' id='word_1_189' title='bbox 1383 2143 1487 2180; x_wconf 86' lang='lat' dir='ltr'><strong>non</strong></span> <span class='ocrx_word' id='word_1_190' title='bbox 1524 2127 1749 2196; x_wconf 80' lang='lat' dir='ltr'><strong>decipit:</strong></span> <span class='ocrx_word' id='word_1_191' title='bbox 1786 2142 1845 2181; x_wconf 60' lang='grc' dir='ltr'><strong>’ξ-</strong></span> 
     </span>
    </p>
   </div>
   <div class='ocr_carea' id='block_1_31' title="bbox 277 2214 1850 2282">
    <p class='ocr_par' dir='ltr' id='par_1_31' title="bbox 277 2214 1850 2282">
     <span class='ocr_line' id='line_1_31' title="bbox 277 2214 1850 2282; baseline 0.008 -21"><span class='ocrx_word' id='word_1_192' title='bbox 277 2215 360 2278; x_wconf 75' lang='lat' dir='ltr'><strong>qui</strong></span> <span class='ocrx_word' id='word_1_193' title='bbox 388 2214 410 2281; x_wconf 71' lang='grc' dir='ltr'>ζ</span> <span class='ocrx_word' id='word_1_194' title='bbox 440 2216 712 2281; x_wconf 81' lang='lat' dir='ltr'><strong>pecuniam</strong></span> <span class='ocrx_word' id='word_1_195' title='bbox 734 2232 883 2269; x_wconf 84' lang='lat' dir='ltr'><strong>suam</strong></span> <span class='ocrx_word' id='word_1_196' title='bbox 911 2235 1011 2271; x_wconf 84' lang='lat' dir='ltr'><strong>non</strong></span> <span class='ocrx_word' id='word_1_197' title='bbox 1034 2220 1172 2271; x_wconf 81' lang='lat' dir='ltr'><strong><em>dedit</em></strong></span> <span class='ocrx_word' id='word_1_198' title='bbox 1200 2220 1268 2272; x_wconf 81' lang='lat' dir='ltr'><strong>ad</strong></span> <span class='ocrx_word' id='word_1_199' title='bbox 1296 2235 1535 2282; x_wconf 84' lang='lat' dir='ltr'><strong>usuram,</strong></span> <span class='ocrx_word' id='word_1_200' title='bbox 1563 2231 1610 2273; x_wconf 89' lang='lat' dir='ltr'><strong>et</strong></span> <span class='ocrx_word' id='word_1_201' title='bbox 1632 2238 1850 2273; x_wconf 82' lang='lat' dir='ltr'><strong>munera</strong></span> 
     </span>
    </p>
   </div>
   <div class='ocr_carea' id='block_1_32' title="bbox 276 2307 1218 2377">
    <p class='ocr_par' dir='ltr' id='par_1_32' title="bbox 276 2307 1218 2377">
     <span class='ocr_line' id='line_1_32' title="bbox 276 2307 1218 2377; baseline 0.013 -23"><span class='ocrx_word' id='word_1_202' title='bbox 276 2320 428 2370; x_wconf 68' lang='lat' dir='ltr'><strong>super</strong></span> <span class='ocrx_word' id='word_1_203' title='bbox 452 2307 783 2362; x_wconf 85' lang='lat' dir='ltr'><strong>innocentem</strong></span> <span class='ocrx_word' id='word_1_204' title='bbox 810 2310 831 2341; x_wconf 87' lang='grc'><em>³</em></span> <span class='ocrx_word' id='word_1_205' title='bbox 862 2325 964 2363; x_wconf 85' lang='lat' dir='ltr'><strong>non</strong></span> <span class='ocrx_word' id='word_1_206' title='bbox 1001 2312 1218 2377; x_wconf 84' lang='lat' dir='ltr'><strong>accepit.</strong></span> 
     </span>
    </p>
   </div>
   <div class='ocr_carea' id='block_1_33' title="bbox 346 2394 1614 2465">
    <p class='ocr_par' dir='ltr' id='par_1_33' title="bbox 346 2394 1614 2465">
     <span class='ocr_line' id='line_1_33' title="bbox 346 2394 1614 2465; baseline 0.01 -21"><span class='ocrx_word' id='word_1_207' title='bbox 346 2394 448 2461; x_wconf 72' lang='lat' dir='ltr'><strong>Qui</strong></span> <span class='ocrx_word' id='word_1_208' title='bbox 469 2398 597 2465; x_wconf 73' lang='lat' dir='ltr'><strong>facit</strong></span> <span class='ocrx_word' id='word_1_209' title='bbox 622 2401 733 2452; x_wconf 70' lang='lat' dir='ltr'><strong>Itan:</strong></span> <span class='ocrx_word' id='word_1_210' title='bbox 756 2416 773 2452; x_wconf 88' lang='lat'><strong><em>:</em></strong></span> <span class='ocrx_word' id='word_1_211' title='bbox 799 2416 902 2453; x_wconf 86' lang='lat' dir='ltr'><strong>non</strong></span> <span class='ocrx_word' id='word_1_212' title='bbox 934 2403 1219 2456; x_wconf 73' lang='lat' dir='ltr'><strong>movebitur</strong></span> <span class='ocrx_word' id='word_1_213' title='bbox 1250 2406 1303 2457; x_wconf 82' lang='lat' dir='ltr'><strong>in</strong></span> <span class='ocrx_word' id='word_1_214' title='bbox 1339 2414 1614 2460; x_wconf 65' lang='lat' dir='ltr'><strong>internum.</strong></span> 
     </span>
    </p>
   </div>
   <div class='ocr_carea' id='block_1_34' title="bbox 1957 1942 3524 2014">
    <p class='ocr_par' dir='ltr' id='par_1_34' title="bbox 1957 1942 3524 2014">
     <span class='ocr_line' id='line_1_34' title="bbox 1957 1942 3524 2014; baseline 0.002 -20"><span class='ocrx_word' id='word_1_215' title='bbox 1957 1956 2095 2008; x_wconf 82' lang='lat' dir='ltr'><strong>gnus</strong></span> <span class='ocrx_word' id='word_1_216' title='bbox 2129 1959 2142 1995; x_wconf 88' lang='lat'><strong>:</strong></span> <span class='ocrx_word' id='word_1_217' title='bbox 2182 1945 2442 2000; x_wconf 85' lang='lat' dir='ltr'><strong>timentes</strong></span> <span class='ocrx_word' id='word_1_218' title='bbox 2473 1955 2654 1999; x_wconf 87' lang='lat' dir='ltr'><strong>autem</strong></span> <span class='ocrx_word' id='word_1_219' title='bbox 2692 1945 3005 2009; x_wconf 88' lang='lat' dir='ltr'><strong>Dominum,</strong></span> <span class='ocrx_word' id='word_1_220' title='bbox 3031 1944 3342 2014; x_wconf 75' lang='lat' dir='ltr'><strong>magnilicat</strong></span> <span class='ocrx_word' id='word_1_221' title='bbox 3402 1942 3524 2014; x_wconf 80' lang='lat' dir='ltr'><strong>[ms.</strong></span> 
     </span>
    </p>
   </div>
   <div class='ocr_carea' id='block_1_35' title="bbox 1956 2035 2272 2105">
    <p class='ocr_par' dir='ltr' id='par_1_35' title="bbox 1956 2035 2272 2105">
     <span class='ocr_line' id='line_1_35' title="bbox 1956 2035 2272 2105; baseline 0.006 -17"><span class='ocrx_word' id='word_1_222' title='bbox 1956 2035 2272 2105; x_wconf 74' lang='lat' dir='ltr'><strong>gloriﬁcat].</strong></span> 
     </span>
    </p>
   </div>
   <div class='ocr_carea' id='block_1_36' title="bbox 2031 2126 3529 2197">
    <p class='ocr_par' dir='ltr' id='par_1_36' title="bbox 2031 2126 3529 2197">
     <span class='ocr_line' id='line_1_36' title="bbox 2031 2126 3529 2197; baseline 0.003 -20"><span class='ocrx_word' id='word_1_223' title='bbox 2031 2126 2133 2192; x_wconf 72' lang='lat' dir='ltr'><strong>Qui</strong></span> <span class='ocrx_word' id='word_1_224' title='bbox 2170 2128 2317 2192; x_wconf 81' lang='lat' dir='ltr'><strong>jurat</strong></span> <span class='ocrx_word' id='word_1_225' title='bbox 2349 2128 2593 2196; x_wconf 78' lang='lat' dir='ltr'><strong>proximo</strong></span> <span class='ocrx_word' id='word_1_226' title='bbox 2612 2143 2734 2192; x_wconf 82' lang='lat' dir='ltr'><strong>suo,</strong></span> <span class='ocrx_word' id='word_1_227' title='bbox 2758 2137 2813 2183; x_wconf 88' lang='lat' dir='ltr'><strong>et</strong></span> <span class='ocrx_word' id='word_1_228' title='bbox 2840 2142 2947 2182; x_wconf 91' lang='lat' dir='ltr'><strong>non</strong></span> <span class='ocrx_word' id='word_1_229' title='bbox 2972 2127 3175 2197; x_wconf 84' lang='lat' dir='ltr'><strong>decipit</strong></span> <span class='ocrx_word' id='word_1_230' title='bbox 3204 2141 3327 2180; x_wconf 88' lang='lat' dir='ltr'><strong>cum</strong></span> <span class='ocrx_word' id='word_1_231' title='bbox 3356 2143 3368 2179; x_wconf 95' lang='lat'>:</span> <span class='ocrx_word' id='word_1_232' title='bbox 3393 2128 3483 2194; x_wconf 83' lang='lat' dir='ltr'><strong>qui</strong></span> <span class='ocrx_word' id='word_1_233' title='bbox 3510 2126 3529 2153; x_wconf 79' lang='grc'>⁸</span> 
     </span>
    </p>
   </div>
   <div class='ocr_carea' id='block_1_37' title="bbox 1964 2215 3527 2282">
    <p class='ocr_par' dir='ltr' id='par_1_37' title="bbox 1964 2215 3527 2282">
     <span class='ocr_line' id='line_1_37' title="bbox 1964 2215 3527 2282; baseline 0.001 -16"><span class='ocrx_word' id='word_1_234' title='bbox 1964 2215 2252 2281; x_wconf 79' lang='lat' dir='ltr'><strong>pecuniam</strong></span> <span class='ocrx_word' id='word_1_235' title='bbox 2296 2231 2450 2270; x_wconf 82' lang='lat' dir='ltr'><strong>suam</strong></span> <span class='ocrx_word' id='word_1_236' title='bbox 2487 2230 2594 2271; x_wconf 90' lang='lat' dir='ltr'><strong>non</strong></span> <span class='ocrx_word' id='word_1_237' title='bbox 2626 2215 2777 2271; x_wconf 86' lang='lat' dir='ltr'><strong>dedit</strong></span> <span class='ocrx_word' id='word_1_238' title='bbox 2830 2218 2894 2270; x_wconf 82' lang='lat' dir='ltr'><strong>ad</strong></span> <span class='ocrx_word' id='word_1_239' title='bbox 2936 2232 3177 2282; x_wconf 85' lang='lat' dir='ltr'><strong>usuram,</strong></span> <span class='ocrx_word' id='word_1_240' title='bbox 3212 2227 3266 2269; x_wconf 90' lang='lat' dir='ltr'><strong>ct</strong></span> <span class='ocrx_word' id='word_1_241' title='bbox 3303 2232 3527 2269; x_wconf 83' lang='lat' dir='ltr'><strong>munera</strong></span> 
     </span>
    </p>
   </div>
   <div class='ocr_carea' id='block_1_38' title="bbox 1960 2307 2905 2378">
    <p class='ocr_par' dir='ltr' id='par_1_38' title="bbox 1960 2307 2905 2378">
     <span class='ocr_line' id='line_1_38' title="bbox 1960 2307 2905 2378; baseline 0.004 -21"><span class='ocrx_word' id='word_1_242' title='bbox 1960 2320 2128 2373; x_wconf 79' lang='lat' dir='ltr'><strong>super</strong></span> <span class='ocrx_word' id='word_1_243' title='bbox 2156 2307 2505 2362; x_wconf 82' lang='lat' dir='ltr'><strong>innocentem</strong></span> <span class='ocrx_word' id='word_1_244' title='bbox 2537 2324 2647 2364; x_wconf 90' lang='lat' dir='ltr'><strong>non</strong></span> <span class='ocrx_word' id='word_1_245' title='bbox 2685 2308 2905 2378; x_wconf 86' lang='lat' dir='ltr'><strong>accipit.</strong></span> 
     </span>
    </p>
   </div>
   <div class='ocr_carea' id='block_1_39' title="bbox 2028 2399 3531 2471">
    <p class='ocr_par' dir='ltr' id='par_1_39' title="bbox 2028 2399 3531 2471">
     <span class='ocr_line' id='line_1_39' title="bbox 2028 2399 3531 2471; baseline 0.001 -19"><span class='ocrx_word' id='word_1_246' title='bbox 2028 2400 2131 2465; x_wconf 85' lang='lat' dir='ltr'><strong>Qui</strong></span> <span class='ocrx_word' id='word_1_247' title='bbox 2161 2400 2290 2455; x_wconf 79' lang='lat' dir='ltr'><strong>facit</strong></span> <span class='ocrx_word' id='word_1_248' title='bbox 2328 2402 2439 2456; x_wconf 71' lang='lat' dir='ltr'><strong>banc</strong></span> <span class='ocrx_word' id='word_1_249' title='bbox 2480 2418 2493 2458; x_wconf 83' lang='lat'><strong>:</strong></span> <span class='ocrx_word' id='word_1_250' title='bbox 2534 2416 2641 2457; x_wconf 89' lang='lat' dir='ltr'><strong>non</strong></span> <span class='ocrx_word' id='word_1_251' title='bbox 2669 2402 3101 2459; x_wconf 85' lang='lat' dir='ltr'><strong>commovebitur</strong></span> <span class='ocrx_word' id='word_1_252' title='bbox 3133 2399 3253 2471; x_wconf 82' lang='lat' dir='ltr'><strong>[ms.</strong></span> <span class='ocrx_word' id='word_1_253' title='bbox 3289 2400 3531 2456; x_wconf 79' lang='lat' dir='ltr'><strong>movebi-</strong></span> 
     </span>
    </p>
   </div>
   <div class='ocr_carea' id='block_1_40' title="bbox 1961 2490 2483 2563">
    <p class='ocr_par' dir='ltr' id='par_1_40' title="bbox 1961 2490 2483 2563">
     <span class='ocr_line' id='line_1_40' title="bbox 1961 2490 2483 2563; baseline 0.006 -18"><span class='ocrx_word' id='word_1_254' title='bbox 1961 2490 2072 2563; x_wconf 88' lang='lat' dir='ltr'><strong>tur]</strong></span> <span class='ocrx_word' id='word_1_255' title='bbox 2106 2493 2158 2545; x_wconf 87' lang='lat' dir='ltr'><strong>in</strong></span> <span class='ocrx_word' id='word_1_256' title='bbox 2196 2500 2483 2548; x_wconf 61' lang='lat' dir='ltr'><strong>attentum.</strong></span> 
     </span>
    </p>
   </div>
   <div class='ocr_carea' id='block_1_41' title="bbox 1638 2673 2164 2751">
    <p class='ocr_par' dir='ltr' id='par_1_41' title="bbox 1638 2673 2164 2751">
     <span class='ocr_line' id='line_1_41' title="bbox 1638 2673 2164 2751; baseline 0.011 -19"><span class='ocrx_word' id='word_1_257' title='bbox 1638 2673 1991 2735; x_wconf 82' lang='lat' dir='ltr'><strong>PSALMUS</strong></span> <span class='ocrx_word' id='word_1_258' title='bbox 2046 2677 2164 2751; x_wconf 82' lang='lat' dir='ltr'><strong>XV.</strong></span> 
     </span>
    </p>
   </div>
   <div class='ocr_carea' id='block_1_42' title="bbox 596 2776 1525 2833">
    <p class='ocr_par' dir='ltr' id='par_1_42' title="bbox 596 2776 1525 2833">
     <span class='ocr_line' id='line_1_42' title="bbox 596 2776 1525 2833; baseline 0.008 -7"><span class='ocrx_word' id='word_1_259' title='bbox 596 2788 776 2827; x_wconf 75' lang='lat' dir='ltr'><strong>mum</strong></span> <span class='ocrx_word' id='word_1_260' title='bbox 817 2789 1113 2831; x_wconf 73' lang='lat' dir='ltr'><strong>INSCRIPTIO</strong></span> <span class='ocrx_word' id='word_1_261' title='bbox 1138 2776 1157 2807; x_wconf 66' lang='lat'>‘</span> <span class='ocrx_word' id='word_1_262' title='bbox 1193 2793 1290 2833; x_wconf 81' lang='lat' dir='ltr'><strong>lPSt</strong></span> <span class='ocrx_word' id='word_1_263' title='bbox 1344 2795 1525 2833; x_wconf 75' lang='grc' dir='ltr'><strong>υΑνιυ.</strong></span> 
     </span>
    </p>
   </div>
   <div class='ocr_carea' id='block_1_43' title="bbox 353 2883 1855 2960">
    <p class='ocr_par' dir='ltr' id='par_1_43' title="bbox 353 2883 1855 2960">
     <span class='ocr_line' id='line_1_43' title="bbox 353 2883 1855 2960; baseline 0.007 -21"><span class='ocrx_word' id='word_1_264' title='bbox 353 2883 618 2939; x_wconf 74' lang='lat' dir='ltr'><strong>Conserva</strong></span> <span class='ocrx_word' id='word_1_265' title='bbox 657 2902 758 2950; x_wconf 88' lang='lat' dir='ltr'><strong>me,</strong></span> <span class='ocrx_word' id='word_1_266' title='bbox 789 2886 1027 2953; x_wconf 81' lang='lat' dir='ltr'><strong>Domine,</strong></span> <span class='ocrx_word' id='word_1_267' title='bbox 1060 2890 1308 2958; x_wconf 88' lang='lat' dir='ltr'><strong>quoniam</strong></span> <span class='ocrx_word' id='word_1_268' title='bbox 1336 2895 1546 2960; x_wconf 80' lang='lat' dir='ltr'><strong>speravi</strong></span> <span class='ocrx_word' id='word_1_269' title='bbox 1573 2895 1624 2946; x_wconf 89' lang='lat' dir='ltr'><strong>iu</strong></span> <span class='ocrx_word' id='word_1_270' title='bbox 1647 2903 1694 2948; x_wconf 88' lang='lat' dir='ltr'><strong>te</strong></span> <span class='ocrx_word' id='word_1_271' title='bbox 1714 2898 1855 2949; x_wconf 69' lang='lat' dir='ltr'><strong>:diai</strong></span> 
     </span>
    </p>
   </div>
   <div class='ocr_carea' id='block_1_44' title="bbox 278 2977 1857 3050">
    <p class='ocr_par' dir='ltr' id='par_1_44' title="bbox 278 2977 1857 3050">
     <span class='ocr_line' id='line_1_44' title="bbox 278 2977 1857 3050; baseline 0.008 -22"><span class='ocrx_word' id='word_1_272' title='bbox 278 2977 529 3040; x_wconf 69' lang='lat' dir='ltr'><strong>Domino,</strong></span> <span class='ocrx_word' id='word_1_273' title='bbox 568 2977 702 3031; x_wconf 76' lang='lat' dir='ltr'><strong>Deus</strong></span> <span class='ocrx_word' id='word_1_274' title='bbox 757 2995 898 3032; x_wconf 85' lang='lat' dir='ltr'><strong>meus</strong></span> <span class='ocrx_word' id='word_1_275' title='bbox 930 2997 980 3033; x_wconf 90' lang='lat' dir='ltr'><strong>es</strong></span> <span class='ocrx_word' id='word_1_276' title='bbox 1013 2991 1090 3043; x_wconf 89' lang='lat' dir='ltr'><strong>tu,</strong></span> <span class='ocrx_word' id='word_1_277' title='bbox 1139 2984 1391 3050; x_wconf 85' lang='lat' dir='ltr'><strong>quoniam</strong></span> <span class='ocrx_word' id='word_1_278' title='bbox 1427 2982 1684 3038; x_wconf 85' lang='lat' dir='ltr'><strong>bonorum</strong></span> <span class='ocrx_word' id='word_1_279' title='bbox 1718 3004 1857 3041; x_wconf 87' lang='lat' dir='ltr'><strong>meo-</strong></span> 
     </span>
    </p>
   </div>
   <div class='ocr_carea' id='block_1_45' title="bbox 278 3084 692 3137">
    <p class='ocr_par' dir='ltr' id='par_1_45' title="bbox 278 3084 692 3137">
     <span class='ocr_line' id='line_1_45' title="bbox 278 3084 692 3137; baseline 0.002 -19"><span class='ocrx_word' id='word_1_280' title='bbox 278 3085 393 3120; x_wconf 77' lang='lat' dir='ltr'><strong>rum</strong></span> <span class='ocrx_word' id='word_1_281' title='bbox 424 3084 526 3120; x_wconf 86' lang='lat' dir='ltr'><strong>non</strong></span> <span class='ocrx_word' id='word_1_282' title='bbox 557 3084 692 3137; x_wconf 80' lang='lat' dir='ltr'><strong>eges.</strong></span> 
     </span>
    </p>
   </div>
   <div class='ocr_carea' id='block_1_46' title="bbox 348 3159 1924 3239">
    <p class='ocr_par' dir='ltr' id='par_1_46' title="bbox 348 3159 1924 3239">
     <span class='ocr_line' id='line_1_46' title="bbox 348 3159 1924 3239; baseline 0.013 -32"><span class='ocrx_word' id='word_1_283' title='bbox 348 3159 585 3221; x_wconf 71' lang='lat' dir='ltr'><strong>Sanctis,</strong></span> <span class='ocrx_word' id='word_1_284' title='bbox 622 3161 713 3229; x_wconf 85' lang='lat' dir='ltr'><strong>qui</strong></span> <span class='ocrx_word' id='word_1_285' title='bbox 750 3170 869 3214; x_wconf 85' lang='lat' dir='ltr'><strong>sunt</strong></span> <span class='ocrx_word' id='word_1_286' title='bbox 908 3164 961 3215; x_wconf 87' lang='lat' dir='ltr'><strong>iu</strong></span> <span class='ocrx_word' id='word_1_287' title='bbox 1019 3173 1161 3218; x_wconf 87' lang='lat' dir='ltr'><strong>terra</strong></span> <span class='ocrx_word' id='word_1_288' title='bbox 1190 3167 1300 3236; x_wconf 86' lang='lat' dir='ltr'><strong>ejus</strong></span> <span class='ocrx_word' id='word_1_289' title='bbox 1329 3168 1349 3199; x_wconf 76' lang='grc'>³</span> <span class='ocrx_word' id='word_1_290' title='bbox 1386 3168 1407 3237; x_wconf 73' lang='grc' dir='ltr'>ζ</span> <span class='ocrx_word' id='word_1_291' title='bbox 1444 3169 1746 3238; x_wconf 81' lang='lat' dir='ltr'><strong>miriﬁcavit</strong></span> <span class='ocrx_word' id='word_1_292' title='bbox 1788 3176 1853 3239; x_wconf 67' lang='grc' dir='ltr'><strong>&gt;ε&lt;</strong></span> <span class='ocrx_word' id='word_1_293' title='bbox 1884 3176 1924 3234; x_wconf 88' lang='lat' dir='ltr'><strong><em>C</em></strong></span> 
     </span>
    </p>
   </div>
   <div class='ocr_carea' id='block_1_47' title="bbox 275 3251 1212 3317">
    <p class='ocr_par' dir='ltr' id='par_1_47' title="bbox 275 3251 1212 3317">
     <span class='ocr_line' id='line_1_47' title="bbox 275 3251 1212 3317; baseline 0.009 -14"><span class='ocrx_word' id='word_1_294' title='bbox 275 3268 455 3304; x_wconf 76' lang='lat' dir='ltr'><strong>outnes</strong></span> <span class='ocrx_word' id='word_1_295' title='bbox 483 3252 504 3317; x_wconf 73' lang='grc' dir='ltr'>ζ</span> <span class='ocrx_word' id='word_1_296' title='bbox 532 3251 830 3307; x_wconf 73' lang='lat' dir='ltr'><strong>voluntates</strong></span> <span class='ocrx_word' id='word_1_297' title='bbox 860 3272 1002 3309; x_wconf 72' lang='lat' dir='ltr'><strong>nicas</strong></span> <span class='ocrx_word' id='word_1_298' title='bbox 1038 3259 1090 3311; x_wconf 84' lang='lat' dir='ltr'><strong>in</strong></span> <span class='ocrx_word' id='word_1_299' title='bbox 1118 3261 1212 3311; x_wconf 85' lang='lat' dir='ltr'><strong>eis.</strong></span> 
     </span>
    </p>
   </div>
   <div class='ocr_carea' id='block_1_48' title="bbox 356 3344 1853 3422">
    <p class='ocr_par' dir='ltr' id='par_1_48' title="bbox 356 3344 1853 3422">
     <span class='ocr_line' id='line_1_48' title="bbox 356 3344 1853 3422; baseline 0.009 -27"><span class='ocrx_word' id='word_1_300' title='bbox 356 3344 721 3409; x_wconf 67' lang='lat' dir='ltr'><strong>Multiplicatce</strong></span> <span class='ocrx_word' id='word_1_301' title='bbox 742 3358 863 3399; x_wconf 84' lang='lat' dir='ltr'><strong>sunt</strong></span> <span class='ocrx_word' id='word_1_302' title='bbox 888 3347 1228 3413; x_wconf 81' lang='lat' dir='ltr'><strong>inﬁrmitates</strong></span> <span class='ocrx_word' id='word_1_303' title='bbox 1252 3367 1432 3406; x_wconf 87' lang='lat' dir='ltr'><strong>eorunt</strong></span> <span class='ocrx_word' id='word_1_304' title='bbox 1457 3369 1473 3406; x_wconf 90' lang='lat'><strong><em>:</em></strong></span> <span class='ocrx_word' id='word_1_305' title='bbox 1500 3363 1676 3422; x_wconf 83' lang='lat' dir='ltr'><strong>postea</strong></span> <span class='ocrx_word' id='word_1_306' title='bbox 1710 3371 1853 3409; x_wconf 86' lang='lat' dir='ltr'><strong>acce-</strong></span> 
     </span>
    </p>
   </div>
   <div class='ocr_carea' id='block_1_49' title="bbox 278 3436 600 3489">
    <p class='ocr_par' dir='ltr' id='par_1_49' title="bbox 278 3436 600 3489">
     <span class='ocr_line' id='line_1_49' title="bbox 278 3436 600 3489; baseline 0.012 -4"><span class='ocrx_word' id='word_1_307' title='bbox 278 3436 387 3487; x_wconf 83' lang='lat' dir='ltr'><strong>lera</strong></span> <span class='ocrx_word' id='word_1_308' title='bbox 398 3449 600 3489; x_wconf 78' lang='lat' dir='ltr'><strong>rerum.</strong></span> 
     </span>
    </p>
   </div>
   <div class='ocr_carea' id='block_1_50' title="bbox 349 3530 1857 3607">
    <p class='ocr_par' dir='ltr' id='par_1_50' title="bbox 349 3530 1857 3607">
     <span class='ocr_line' id='line_1_50' title="bbox 349 3530 1857 3607; baseline 0.005 -24"><span class='ocrx_word' id='word_1_309' title='bbox 349 3530 469 3583; x_wconf 72' lang='lat' dir='ltr'><strong>Non</strong></span> <span class='ocrx_word' id='word_1_310' title='bbox 496 3533 821 3601; x_wconf 68' lang='lat' dir='ltr'><strong>congregatio</strong></span> <span class='ocrx_word' id='word_1_311' title='bbox 850 3534 1212 3586; x_wconf 85' lang='lat' dir='ltr'><strong>conventicula</strong></span> <span class='ocrx_word' id='word_1_312' title='bbox 1245 3550 1426 3587; x_wconf 82' lang='lat' dir='ltr'><strong>eorum</strong></span> <span class='ocrx_word' id='word_1_313' title='bbox 1458 3540 1521 3588; x_wconf 88' lang='lat' dir='ltr'><strong>de</strong></span> <span class='ocrx_word' id='word_1_314' title='bbox 1581 3539 1857 3607; x_wconf 83' lang='lat' dir='ltr'><strong>sanguini-</strong></span> 
     </span>
    </p>
   </div>
   <div class='ocr_carea' id='block_1_51' title="bbox 277 3624 1854 3695">
    <p class='ocr_par' dir='ltr' id='par_1_51' title="bbox 277 3624 1854 3695">
     <span class='ocr_line' id='line_1_51' title="bbox 277 3624 1854 3695; baseline 0.008 -25"><span class='ocrx_word' id='word_1_315' title='bbox 277 3624 368 3673; x_wconf 74' lang='lat' dir='ltr'><strong>bns</strong></span> <span class='ocrx_word' id='word_1_316' title='bbox 406 3637 425 3674; x_wconf 87' lang='lat'><strong><em>:</em></strong></span> <span class='ocrx_word' id='word_1_317' title='bbox 456 3639 549 3673; x_wconf 87' lang='lat' dir='ltr'><strong>nec</strong></span> <span class='ocrx_word' id='word_1_318' title='bbox 597 3639 795 3676; x_wconf 84' lang='lat' dir='ltr'><strong>memor</strong></span> <span class='ocrx_word' id='word_1_319' title='bbox 837 3641 925 3678; x_wconf 89' lang='lat' dir='ltr'><strong>ero</strong></span> <span class='ocrx_word' id='word_1_320' title='bbox 970 3630 1237 3680; x_wconf 82' lang='lat' dir='ltr'><strong>nominum</strong></span> <span class='ocrx_word' id='word_1_321' title='bbox 1298 3643 1500 3693; x_wconf 83' lang='lat' dir='ltr'><strong>eorum,</strong></span> <span class='ocrx_word' id='word_1_322' title='bbox 1561 3642 1656 3695; x_wconf 90' lang='lat' dir='ltr'><strong>per</strong></span> <span class='ocrx_word' id='word_1_323' title='bbox 1711 3628 1854 3683; x_wconf 87' lang='lat' dir='ltr'><strong>labia</strong></span> 
     </span>
    </p>
   </div>
   <div class='ocr_carea' id='block_1_52' title="bbox 276 3730 420 3766">
    <p class='ocr_par' dir='ltr' id='par_1_52' title="bbox 276 3730 420 3766">
     <span class='ocr_line' id='line_1_52' title="bbox 276 3730 420 3766; baseline 0.007 -1"><span class='ocrx_word' id='word_1_324' title='bbox 276 3730 420 3766; x_wconf 83' lang='lat' dir='ltr'><strong>mea.</strong></span> 
     </span>
    </p>
   </div>
   <div class='ocr_carea' id='block_1_53' title="bbox 345 3806 1855 3874">
    <p class='ocr_par' dir='ltr' id='par_1_53' title="bbox 345 3806 1855 3874">
     <span class='ocr_line' id='line_1_53' title="bbox 345 3806 1855 3874; baseline 0.009 -18"><span class='ocrx_word' id='word_1_325' title='bbox 345 3806 624 3867; x_wconf 83' lang='lat' dir='ltr'><strong>Dominus,</strong></span> <span class='ocrx_word' id='word_1_326' title='bbox 660 3822 783 3874; x_wconf 87' lang='lat' dir='ltr'><strong>pars</strong></span> <span class='ocrx_word' id='word_1_327' title='bbox 829 3808 1153 3861; x_wconf 78' lang='lat' dir='ltr'><strong>Irwreditatis</strong></span> <span class='ocrx_word' id='word_1_328' title='bbox 1178 3826 1301 3864; x_wconf 71' lang='lat' dir='ltr'><strong>more</strong></span> <span class='ocrx_word' id='word_1_329' title='bbox 1330 3820 1378 3864; x_wconf 86' lang='lat' dir='ltr'><strong>et</strong></span> <span class='ocrx_word' id='word_1_330' title='bbox 1409 3813 1590 3867; x_wconf 85' lang='lat' dir='ltr'><strong>calicis</strong></span> <span class='ocrx_word' id='word_1_331' title='bbox 1630 3816 1730 3869; x_wconf 88' lang='lat' dir='ltr'><strong>mei</strong></span> <span class='ocrx_word' id='word_1_332' title='bbox 1758 3831 1774 3869; x_wconf 92' lang='lat'><strong><em>:</em></strong></span> <span class='ocrx_word' id='word_1_333' title='bbox 1801 3826 1855 3869; x_wconf 90' lang='lat' dir='ltr'><strong>tu</strong></span> 
     </span>
    </p>
   </div>
   <div class='ocr_carea' id='block_1_54' title="bbox 272 3898 1508 3964">
    <p class='ocr_par' dir='ltr' id='par_1_54' title="bbox 272 3898 1508 3964">
     <span class='ocr_line' id='line_1_54' title="bbox 272 3898 1508 3964; baseline 0.006 -15"><span class='ocrx_word' id='word_1_334' title='bbox 272 3913 327 3949; x_wconf 77' lang='lat' dir='ltr'><strong>ts</strong></span> <span class='ocrx_word' id='word_1_335' title='bbox 360 3898 454 3964; x_wconf 86' lang='lat' dir='ltr'><strong>qui</strong></span> <span class='ocrx_word' id='word_1_336' title='bbox 490 3899 727 3951; x_wconf 57' lang='lat' dir='ltr'><strong>redimes</strong></span> <span class='ocrx_word' id='word_1_337' title='bbox 759 3898 1114 3953; x_wconf 81' lang='lat' dir='ltr'><strong>ha&#39;retlitatem</strong></span> <span class='ocrx_word' id='word_1_338' title='bbox 1151 3918 1319 3954; x_wconf 87' lang='lat' dir='ltr'><strong>meam</strong></span> <span class='ocrx_word' id='word_1_339' title='bbox 1363 3904 1508 3956; x_wconf 81' lang='lat' dir='ltr'><strong>mihi.</strong></span> 
     </span>
    </p>
   </div>
   <div class='ocr_carea' id='block_1_55' title="bbox 356 4078 1851 4154">
    <p class='ocr_par' dir='ltr' id='par_1_55' title="bbox 356 4078 1851 4154">
     <span class='ocr_line' id='line_1_55' title="bbox 356 4078 1851 4154; baseline 0.003 -22"><span class='ocrx_word' id='word_1_340' title='bbox 356 4078 537 4133; x_wconf 78' lang='lat' dir='ltr'><strong>Funes</strong></span> <span class='ocrx_word' id='word_1_341' title='bbox 563 4082 855 4134; x_wconf 82' lang='lat' dir='ltr'><strong>ceciderunt</strong></span> <span class='ocrx_word' id='word_1_342' title='bbox 881 4083 1008 4135; x_wconf 79' lang='lat' dir='ltr'><strong>milii</strong></span> <span class='ocrx_word' id='word_1_343' title='bbox 1036 4084 1088 4136; x_wconf 86' lang='lat' dir='ltr'><strong>in</strong></span> <span class='ocrx_word' id='word_1_344' title='bbox 1134 4083 1404 4152; x_wconf 83' lang='lat' dir='ltr'><strong>pra&#39;claris</strong></span> <span class='ocrx_word' id='word_1_345' title='bbox 1438 4099 1455 4136; x_wconf 89' lang='lat'><strong><em>:</em></strong></span> <span class='ocrx_word' id='word_1_346' title='bbox 1484 4092 1532 4137; x_wconf 87' lang='lat' dir='ltr'><strong>et</strong></span> <span class='ocrx_word' id='word_1_347' title='bbox 1565 4098 1622 4138; x_wconf 71' lang='grc' dir='ltr'><strong>’ἓ-</strong></span> <span class='ocrx_word' id='word_1_348' title='bbox 1663 4087 1797 4137; x_wconf 88' lang='lat' dir='ltr'><strong>enim</strong></span> <span class='ocrx_word' id='word_1_349' title='bbox 1829 4085 1851 4154; x_wconf 74' lang='grc' dir='ltr'>ζ</span> 
     </span>
    </p>
   </div>
   <div class='ocr_carea' id='block_1_56' title="bbox 272 4174 1285 4243">
    <p class='ocr_par' dir='ltr' id='par_1_56' title="bbox 272 4174 1285 4243">
     <span class='ocr_line' id='line_1_56' title="bbox 272 4174 1285 4243; baseline 0.002 -18"><span class='ocrx_word' id='word_1_350' title='bbox 272 4174 568 4227; x_wconf 75' lang='lat' dir='ltr'><strong>lia&#39;redilas</strong></span> <span class='ocrx_word' id='word_1_351' title='bbox 599 4189 710 4226; x_wconf 87' lang='lat' dir='ltr'><strong>mea</strong></span> <span class='ocrx_word' id='word_1_352' title='bbox 738 4177 999 4243; x_wconf 70' lang='lat' dir='ltr'><strong>pra&#39;clara</strong></span> <span class='ocrx_word' id='word_1_353' title='bbox 1032 4186 1105 4227; x_wconf 77' lang='lat' dir='ltr'><strong>est</strong></span> <span class='ocrx_word' id='word_1_354' title='bbox 1139 4175 1285 4227; x_wconf 84' lang='lat' dir='ltr'><strong>mihi.</strong></span> 
     </span>
    </p>
   </div>
   <div class='ocr_carea' id='block_1_57' title="bbox 354 4267 1853 4337">
    <p class='ocr_par' dir='ltr' id='par_1_57' title="bbox 354 4267 1853 4337">
     <span class='ocr_line' id='line_1_57' title="bbox 354 4267 1853 4337; baseline 0.001 -18"><span class='ocrx_word' id='word_1_355' title='bbox 354 4268 673 4320; x_wconf 81' lang='lat' dir='ltr'><strong>Benedicam</strong></span> <span class='ocrx_word' id='word_1_356' title='bbox 708 4269 993 4321; x_wconf 75' lang='lat' dir='ltr'><strong>Dominum</strong></span> <span class='ocrx_word' id='word_1_357' title='bbox 1026 4269 1114 4337; x_wconf 85' lang='lat' dir='ltr'><strong>qui</strong></span> <span class='ocrx_word' id='word_1_358' title='bbox 1138 4268 1316 4320; x_wconf 83' lang='lat' dir='ltr'><strong>tribuit</strong></span> <span class='ocrx_word' id='word_1_359' title='bbox 1342 4268 1469 4320; x_wconf 83' lang='lat' dir='ltr'><strong>mihi</strong></span> <span class='ocrx_word' id='word_1_360' title='bbox 1499 4267 1853 4322; x_wconf 84' lang='lat' dir='ltr'><strong>intellectum:</strong></span> 
     </span>
    </p>
   </div>
   <div class='ocr_carea' id='block_1_58' title="bbox 273 4361 1856 4429">
    <p class='ocr_par' dir='ltr' id='par_1_58' title="bbox 273 4361 1856 4429">
     <span class='ocr_line' id='line_1_58' title="bbox 273 4361 1856 4429; baseline -0.001 -14"><span class='ocrx_word' id='word_1_361' title='bbox 273 4377 526 4429; x_wconf 75' lang='lat' dir='ltr'><strong>insuper,</strong></span> <span class='ocrx_word' id='word_1_362' title='bbox 567 4372 612 4412; x_wconf 86' lang='lat' dir='ltr'><strong>et</strong></span> <span class='ocrx_word' id='word_1_363' title='bbox 650 4377 807 4429; x_wconf 83' lang='lat' dir='ltr'><strong>usque</strong></span> <span class='ocrx_word' id='word_1_364' title='bbox 837 4362 906 4413; x_wconf 88' lang='lat' dir='ltr'><strong>ad</strong></span> <span class='ocrx_word' id='word_1_365' title='bbox 942 4369 1164 4424; x_wconf 85' lang='lat' dir='ltr'><strong>noctem,</strong></span> <span class='ocrx_word' id='word_1_366' title='bbox 1196 4361 1563 4429; x_wconf 86' lang='lat' dir='ltr'><strong>increpuerunt</strong></span> <span class='ocrx_word' id='word_1_367' title='bbox 1600 4375 1679 4412; x_wconf 88' lang='lat' dir='ltr'><strong>me</strong></span> <span class='ocrx_word' id='word_1_368' title='bbox 1713 4375 1856 4414; x_wconf 81' lang='lat' dir='ltr'><strong>renes</strong></span> 
     </span>
    </p>
   </div>
   <div class='ocr_carea' id='block_1_59' title="bbox 272 4470 409 4507">
    <p class='ocr_par' dir='ltr' id='par_1_59' title="bbox 272 4470 409 4507">
     <span class='ocr_line' id='line_1_59' title="bbox 272 4470 409 4507; baseline 0.007 -2"><span class='ocrx_word' id='word_1_369' title='bbox 272 4470 409 4507; x_wconf 69' lang='lat' dir='ltr'><strong>‘Ilé’l.</strong></span> 
     </span>
    </p>
   </div>
   <div class='ocr_carea' id='block_1_60' title="bbox 352 4524 1935 4613">
    <p class='ocr_par' dir='ltr' id='par_1_60' title="bbox 352 4524 1935 4613">
     <span class='ocr_line' id='line_1_60' title="bbox 352 4524 1935 4613; baseline 0 -17"><span class='ocrx_word' id='word_1_370' title='bbox 352 4543 698 4597; x_wconf 68' lang='lat' dir='ltr'><strong>Prosilit-bam</strong></span> <span class='ocrx_word' id='word_1_371' title='bbox 723 4543 1002 4596; x_wconf 88' lang='lat' dir='ltr'><strong>Dominum</strong></span> <span class='ocrx_word' id='word_1_372' title='bbox 1038 4545 1087 4597; x_wconf 80' lang='lat' dir='ltr'><strong>in</strong></span> <span class='ocrx_word' id='word_1_373' title='bbox 1123 4554 1400 4613; x_wconf 86' lang='lat' dir='ltr'><strong>conspectu</strong></span> <span class='ocrx_word' id='word_1_374' title='bbox 1456 4559 1567 4596; x_wconf 88' lang='lat' dir='ltr'><strong>meo</strong></span> <span class='ocrx_word' id='word_1_375' title='bbox 1613 4558 1817 4611; x_wconf 83' lang='lat' dir='ltr'><strong>semper</strong></span> <span class='ocrx_word' id='word_1_376' title='bbox 1838 4559 1855 4596; x_wconf 85' lang='lat'><strong>.&#39;</strong></span> <span class='ocrx_word' id='word_1_377' title='bbox 1892 4524 1935 4581; x_wconf 69' lang='grc' dir='ltr'><strong>ί)</strong></span> 
     </span>
    </p>
   </div>
   <div class='ocr_carea' id='block_1_61' title="bbox 269 4636 1591 4707">
    <p class='ocr_par' dir='ltr' id='par_1_61' title="bbox 269 4636 1591 4707">
     <span class='ocr_line' id='line_1_61' title="bbox 269 4636 1591 4707; baseline 0.002 -19"><span class='ocrx_word' id='word_1_378' title='bbox 269 4639 538 4707; x_wconf 80' lang='lat' dir='ltr'><strong>quoniam</strong></span> <span class='ocrx_word' id='word_1_379' title='bbox 569 4652 600 4687; x_wconf 90' lang='lat' dir='ltr'><strong>a</strong></span> <span class='ocrx_word' id='word_1_380' title='bbox 632 4636 827 4689; x_wconf 70' lang='lat' dir='ltr'><strong>dextris</strong></span> <span class='ocrx_word' id='word_1_381' title='bbox 855 4646 927 4689; x_wconf 86' lang='lat' dir='ltr'><strong>est</strong></span> <span class='ocrx_word' id='word_1_382' title='bbox 960 4637 1107 4702; x_wconf 79' lang='lat' dir='ltr'><strong>mihi,</strong></span> <span class='ocrx_word' id='word_1_383' title='bbox 1141 4651 1205 4688; x_wconf 87' lang='lat' dir='ltr'><strong>ne</strong></span> <span class='ocrx_word' id='word_1_384' title='bbox 1244 4651 1591 4690; x_wconf 79' lang='lat' dir='ltr'><strong>commoveor.</strong></span> 
     </span>
    </p>
   </div>
   <div class='ocr_carea' id='block_1_62' title="bbox 402 4838 1854 4913">
    <p class='ocr_par' dir='ltr' id='par_1_62' title="bbox 402 4838 1854 4913">
     <span class='ocr_line' id='line_1_62' title="bbox 402 4838 1854 4913; baseline -0.006 -14"><span class='ocrx_word' id='word_1_385' title='bbox 402 4845 511 4899; x_wconf 83' lang='lat' dir='ltr'><strong>llic</strong></span> <span class='ocrx_word' id='word_1_386' title='bbox 542 4859 572 4897; x_wconf 87' lang='lat' dir='ltr'><strong>e</strong></span> <span class='ocrx_word' id='word_1_387' title='bbox 631 4845 852 4913; x_wconf 74' lang='lat' dir='ltr'><strong>regione</strong></span> <span class='ocrx_word' id='word_1_388' title='bbox 896 4841 1207 4912; x_wconf 68' lang='lat' dir='ltr'><strong>Diapsalma</strong></span> <span class='ocrx_word' id='word_1_389' title='bbox 1243 4838 1417 4913; x_wconf 71' lang='lat' dir='ltr'><strong>Palat.</strong></span> <span class='ocrx_word' id='word_1_390' title='bbox 1471 4839 1641 4913; x_wconf 80' lang='lat' dir='ltr'><strong>codex</strong></span> <span class='ocrx_word' id='word_1_391' title='bbox 1683 4839 1854 4913; x_wconf 76' lang='lat' dir='ltr'><strong>ascri-</strong></span> 
     </span>
    </p>
   </div>
   <div class='ocr_carea' id='block_1_63' title="bbox 272 4908 1858 4981">
    <p class='ocr_par' dir='ltr' id='par_1_63' title="bbox 272 4908 1858 4981">
     <span class='ocr_line' id='line_1_63' title="bbox 272 4908 1858 4981; baseline -0.007 -10"><span class='ocrx_word' id='word_1_392' title='bbox 272 4921 377 4972; x_wconf 82' lang='lat' dir='ltr'><strong>bit.</strong></span> <span class='ocrx_word' id='word_1_393' title='bbox 441 4916 643 4968; x_wconf 69' lang='grc' dir='ltr'><strong>υκεριυς</strong></span> <span class='ocrx_word' id='word_1_394' title='bbox 698 4908 882 4967; x_wconf 72' lang='lat' dir='ltr'><strong>autem</strong></span> <span class='ocrx_word' id='word_1_395' title='bbox 931 4908 1101 4981; x_wconf 82' lang='lat' dir='ltr'><strong>priori</strong></span> <span class='ocrx_word' id='word_1_396' title='bbox 1142 4926 1205 4964; x_wconf 88' lang='lat' dir='ltr'><strong>ac</strong></span> <span class='ocrx_word' id='word_1_397' title='bbox 1249 4909 1412 4963; x_wconf 87' lang='lat' dir='ltr'><strong>tertio</strong></span> <span class='ocrx_word' id='word_1_398' title='bbox 1464 4912 1573 4977; x_wconf 83' lang='lat' dir='ltr'><strong>qui,</strong></span> <span class='ocrx_word' id='word_1_399' title='bbox 1633 4908 1858 4981; x_wconf 80' lang='lat' dir='ltr'><strong>relativo</strong></span> 
     </span>
    </p>
   </div>
   <div class='ocr_carea' id='block_1_64' title="bbox 273 4978 1858 5056">
    <p class='ocr_par' dir='ltr' id='par_1_64' title="bbox 273 4978 1858 5056">
     <span class='ocr_line' id='line_1_64' title="bbox 273 4978 1858 5056; baseline -0.003 -20"><span class='ocrx_word' id='word_1_400' title='bbox 273 4989 651 5056; x_wconf 60' lang='lat' dir='ltr'><strong>piwligendus</strong></span> <span class='ocrx_word' id='word_1_401' title='bbox 704 4978 1076 5053; x_wconf 48' lang='lat' dir='ltr'><strong>Videtur&#39;pari</strong></span> <span class='ocrx_word' id='word_1_402' title='bbox 1137 4982 1203 5033; x_wconf 85' lang='lat' dir='ltr'><strong>de</strong></span> <span class='ocrx_word' id='word_1_403' title='bbox 1238 4993 1424 5043; x_wconf 88' lang='lat' dir='ltr'><strong>causa,</strong></span> <span class='ocrx_word' id='word_1_404' title='bbox 1469 4995 1574 5048; x_wconf 84' lang='lat' dir='ltr'><strong>qua</strong></span> <span class='ocrx_word' id='word_1_405' title='bbox 1612 4978 1858 5033; x_wconf 67' lang='lat' dir='ltr'><strong>secundo</strong></span> 
     </span>
    </p>
   </div>
   <div class='ocr_carea' id='block_1_65' title="bbox 267 5058 602 5110">
    <p class='ocr_par' dir='ltr' id='par_1_65' title="bbox 267 5058 602 5110">
     <span class='ocr_line' id='line_1_65' title="bbox 267 5058 602 5110; baseline -0.009 0"><span class='ocrx_word' id='word_1_406' title='bbox 267 5058 602 5110; x_wconf 55' lang='lat' dir='ltr'><strong>adimatur.</strong></span> 
     </span>
    </p>
   </div>
   <div class='ocr_carea' id='block_1_66' title="bbox 351 5120 1863 5198">
    <p class='ocr_par' dir='ltr' id='par_1_66' title="bbox 351 5120 1863 5198">
     <span class='ocr_line' id='line_1_66' title="bbox 351 5120 1863 5198; baseline -0.007 -19"><span class='ocrx_word' id='word_1_407' title='bbox 351 5131 371 5156; x_wconf 80' lang='lat'><strong>’</strong></span> <span class='ocrx_word' id='word_1_408' title='bbox 405 5129 698 5189; x_wconf 61' lang='lat' dir='ltr'><strong>Perperam</strong></span> <span class='ocrx_word' id='word_1_409' title='bbox 737 5124 788 5175; x_wconf 91' lang='lat' dir='ltr'><strong>in</strong></span> <span class='ocrx_word' id='word_1_410' title='bbox 827 5123 1077 5198; x_wconf 69' lang='lat' dir='ltr'><strong>Martian.</strong></span> <span class='ocrx_word' id='word_1_411' title='bbox 1122 5121 1366 5175; x_wconf 85' lang='lat' dir='ltr'><strong>editione</strong></span> <span class='ocrx_word' id='word_1_412' title='bbox 1406 5120 1600 5198; x_wconf 84' lang='lat' dir='ltr'><strong>obelus</strong></span> <span class='ocrx_word' id='word_1_413' title='bbox 1651 5133 1863 5198; x_wconf 62' lang='lat' dir='ltr'><strong>praepo-</strong></span> 
     </span>
    </p>
   </div>
   <div class='ocr_carea' id='block_1_67' title="bbox 268 5193 1857 5261">
    <p class='ocr_par' dir='ltr' id='par_1_67' title="bbox 268 5193 1857 5261">
     <span class='ocr_line' id='line_1_67' title="bbox 268 5193 1857 5261; baseline -0.006 -10"><span class='ocrx_word' id='word_1_414' title='bbox 268 5202 524 5251; x_wconf 74' lang='lat' dir='ltr'><strong>nebatur</strong></span> <span class='ocrx_word' id='word_1_415' title='bbox 561 5200 737 5247; x_wconf 73' lang='lat' dir='ltr'><strong>verbis</strong></span> <span class='ocrx_word' id='word_1_416' title='bbox 763 5196 999 5259; x_wconf 78' lang='lat' dir='ltr'><strong>proximo</strong></span> <span class='ocrx_word' id='word_1_417' title='bbox 1038 5209 1152 5254; x_wconf 85' lang='lat' dir='ltr'><strong>suo,</strong></span> <span class='ocrx_word' id='word_1_418' title='bbox 1184 5207 1304 5261; x_wconf 73' lang='lat' dir='ltr'><strong>qua:</strong></span> <span class='ocrx_word' id='word_1_419' title='bbox 1344 5193 1476 5246; x_wconf 81' lang='lat' dir='ltr'><strong>satis</strong></span> <span class='ocrx_word' id='word_1_420' title='bbox 1508 5198 1771 5245; x_wconf 74' lang='lat' dir='ltr'><strong>resonant</strong></span> <span class='ocrx_word' id='word_1_421' title='bbox 1802 5193 1857 5242; x_wconf 84' lang='lat' dir='ltr'><strong>in</strong></span> 
     </span>
    </p>
   </div>
   <div class='ocr_carea' id='block_1_68' title="bbox 269 5270 1855 5347">
    <p class='ocr_par' dir='ltr' id='par_1_68' title="bbox 269 5270 1855 5347">
     <span class='ocr_line' id='line_1_68' title="bbox 269 5270 1855 5347; baseline -0.007 -4"><span class='ocrx_word' id='word_1_422' title='bbox 269 5288 452 5343; x_wconf 59' lang='lat' dir='ltr'><strong>llvbr.</strong></span> <span class='ocrx_word' id='word_1_423' title='bbox 488 5270 656 5347; x_wconf 58' lang='grc' dir='ltr'><strong>νηπίη.</strong></span> <span class='ocrx_word' id='word_1_424' title='bbox 695 5283 803 5338; x_wconf 85' lang='lat' dir='ltr'><strong>Nos</strong></span> <span class='ocrx_word' id='word_1_425' title='bbox 854 5285 1004 5338; x_wconf 88' lang='lat' dir='ltr'><strong>illum</strong></span> <span class='ocrx_word' id='word_1_426' title='bbox 1045 5283 1113 5337; x_wconf 85' lang='lat' dir='ltr'><strong>ad</strong></span> <span class='ocrx_word' id='word_1_427' title='bbox 1164 5284 1369 5338; x_wconf 70' lang='lat' dir='ltr'><strong>codicu</strong></span> <span class='ocrx_word' id='word_1_428' title='bbox 1406 5281 1635 5336; x_wconf 61' lang='lat' dir='ltr'><strong>Palatini</strong></span> <span class='ocrx_word' id='word_1_429' title='bbox 1694 5279 1855 5333; x_wconf 84' lang='lat' dir='ltr'><strong>tidem</strong></span> 
     </span>
    </p>
   </div>
   <div class='ocr_carea' id='block_1_69' title="bbox 262 5358 623 5413">
    <p class='ocr_par' dir='ltr' id='par_1_69' title="bbox 262 5358 623 5413">
     <span class='ocr_line' id='line_1_69' title="bbox 262 5358 623 5413; baseline -0.017 0"><span class='ocrx_word' id='word_1_430' title='bbox 262 5378 289 5413; x_wconf 75' lang='grc' dir='ltr'><strong>ι</strong></span> <span class='ocrx_word' id='word_1_431' title='bbox 316 5358 623 5411; x_wconf 40' lang='lat' dir='ltr'><strong>intulimus.</strong></span> 
     </span>
    </p>
   </div>
   <div class='ocr_carea' id='block_1_70' title="bbox 343 5419 1854 5492">
    <p class='ocr_par' dir='ltr' id='par_1_70' title="bbox 343 5419 1854 5492">
     <span class='ocr_line' id='line_1_70' title="bbox 343 5419 1854 5492; baseline -0.005 -13"><span class='ocrx_word' id='word_1_432' title='bbox 343 5431 364 5458; x_wconf 84' lang='grc'>⁸</span> <span class='ocrx_word' id='word_1_433' title='bbox 405 5428 556 5480; x_wconf 71' lang='lat' dir='ltr'><strong>Idem</strong></span> <span class='ocrx_word' id='word_1_434' title='bbox 578 5430 1031 5492; x_wconf 74' lang='lat' dir='ltr'><strong>nts.&#39;imtoceules,&#39;</strong></span> <span class='ocrx_word' id='word_1_435' title='bbox 1066 5429 1240 5481; x_wconf 81' lang='lat' dir='ltr'><strong>variat</strong></span> <span class='ocrx_word' id='word_1_436' title='bbox 1272 5425 1401 5481; x_wconf 87' lang='lat' dir='ltr'><strong>etin</strong></span> <span class='ocrx_word' id='word_1_437' title='bbox 1437 5423 1531 5477; x_wconf 86' lang='lat' dir='ltr'><strong>Gr.</strong></span> <span class='ocrx_word' id='word_1_438' title='bbox 1559 5421 1644 5473; x_wconf 78' lang='grc' dir='ltr'><strong>ἐπ’</strong></span> <span class='ocrx_word' id='word_1_439' title='bbox 1670 5419 1854 5489; x_wconf 80' lang='grc' dir='ltr'>ἀθώῳ,</span> 
     </span>
    </p>
   </div>
   <div class='ocr_carea' id='block_1_71' title="bbox 262 5498 700 5560">
    <p class='ocr_par' dir='ltr' id='par_1_71' title="bbox 262 5498 700 5560">
     <span class='ocr_line' id='line_1_71' title="bbox 262 5498 700 5560; baseline 0.007 -13"><span class='ocrx_word' id='word_1_440' title='bbox 262 5514 319 5556; x_wconf 74' lang='lat' dir='ltr'><strong>et</strong></span> <span class='ocrx_word' id='word_1_441' title='bbox 358 5498 453 5548; x_wconf 68' lang='grc' dir='ltr'><strong>ἐπ’</strong></span> <span class='ocrx_word' id='word_1_442' title='bbox 485 5500 700 5560; x_wconf 65' lang='grc' dir='ltr'><strong>ἀθώοις.</strong></span> 
     </span>
    </p>
   </div>
   <div class='ocr_carea' id='block_1_72' title="bbox 340 5566 1827 5640">
    <p class='ocr_par' dir='ltr' id='par_1_72' title="bbox 340 5566 1827 5640">
     <span class='ocr_line' id='line_1_72' title="bbox 340 5566 1827 5640; baseline -0.002 -21"><span class='ocrx_word' id='word_1_443' title='bbox 340 5570 363 5599; x_wconf 71' lang='grc' dir='ltr'>δ</span> <span class='ocrx_word' id='word_1_444' title='bbox 399 5568 634 5640; x_wconf 55' lang='grc' dir='ltr'><strong>ιςιμιδιίιι.</strong></span> <span class='ocrx_word' id='word_1_445' title='bbox 672 5585 771 5625; x_wconf 91' lang='lat' dir='ltr'><strong>ms.</strong></span> <span class='ocrx_word' id='word_1_446' title='bbox 800 5570 862 5623; x_wconf 84' lang='lat' dir='ltr'><strong>In</strong></span> <span class='ocrx_word' id='word_1_447' title='bbox 896 5568 1039 5621; x_wconf 86' lang='lat' dir='ltr'><strong>tituli</strong></span> <span class='ocrx_word' id='word_1_448' title='bbox 1069 5566 1461 5640; x_wconf 83' lang='lat' dir='ltr'><strong>inscriptione._</strong></span> <span class='ocrx_word' id='word_1_449' title='bbox 1816 5631 1827 5640; x_wconf 42' lang='lat'><strong><em>.</em></strong></span> 
     </span>
    </p>
   </div>
   <div class='ocr_carea' id='block_1_73' title="bbox 340 5634 1857 5707">
    <p class='ocr_par' dir='ltr' id='par_1_73' title="bbox 340 5634 1857 5707">
     <span class='ocr_line' id='line_1_73' title="bbox 340 5634 1857 5707; baseline -0.004 -17"><span class='ocrx_word' id='word_1_450' title='bbox 340 5642 363 5671; x_wconf 81' lang='grc'>⁸</span> <span class='ocrx_word' id='word_1_451' title='bbox 397 5636 633 5690; x_wconf 84' lang='lat' dir='ltr'><strong>Obelum</strong></span> <span class='ocrx_word' id='word_1_452' title='bbox 673 5646 834 5703; x_wconf 80' lang='lat' dir='ltr'><strong>bime,</strong></span> <span class='ocrx_word' id='word_1_453' title='bbox 869 5650 924 5691; x_wconf 77' lang='lat' dir='ltr'><strong>et</strong></span> <span class='ocrx_word' id='word_1_454' title='bbox 973 5641 1064 5707; x_wconf 77' lang='lat' dir='ltr'><strong>qui</strong></span> <span class='ocrx_word' id='word_1_455' title='bbox 1103 5634 1268 5707; x_wconf 70' lang='lat' dir='ltr'><strong>intra</strong></span> <span class='ocrx_word' id='word_1_456' title='bbox 1309 5634 1556 5704; x_wconf 77' lang='lat' dir='ltr'><strong>proxime</strong></span> <span class='ocrx_word' id='word_1_457' title='bbox 1613 5634 1857 5707; x_wconf 78' lang='lat' dir='ltr'><strong>occurrit</strong></span> 
     </span>
    </p>
   </div>
   <div class='ocr_carea' id='block_1_74' title="bbox 261 5703 1851 5772">
    <p class='ocr_par' dir='ltr' id='par_1_74' title="bbox 261 5703 1851 5772">
     <span class='ocr_line' id='line_1_74' title="bbox 261 5703 1851 5772; baseline -0.008 -6"><span class='ocrx_word' id='word_1_458' title='bbox 261 5722 436 5766; x_wconf 69' lang='lat' dir='ltr'><strong>sexto</strong></span> <span class='ocrx_word' id='word_1_459' title='bbox 466 5723 625 5760; x_wconf 73' lang='lat' dir='ltr'><strong>versu</strong></span> <span class='ocrx_word' id='word_1_460' title='bbox 648 5710 793 5762; x_wconf 83' lang='lat' dir='ltr'><strong>idem</strong></span> <span class='ocrx_word' id='word_1_461' title='bbox 824 5703 1003 5763; x_wconf 79' lang='lat' dir='ltr'><strong>ms.et</strong></span> <span class='ocrx_word' id='word_1_462' title='bbox 1024 5709 1145 5762; x_wconf 80' lang='lat' dir='ltr'><strong>Cari</strong></span> <span class='ocrx_word' id='word_1_463' title='bbox 1187 5703 1356 5759; x_wconf 79' lang='lat' dir='ltr'><strong>editio</strong></span> <span class='ocrx_word' id='word_1_464' title='bbox 1383 5703 1805 5772; x_wconf 67' lang='lat' dir='ltr'><strong>praetermittunt</strong></span> <span class='ocrx_word' id='word_1_465' title='bbox 1838 5717 1851 5753; x_wconf 91' lang='lat'><strong>:</strong></span> 
     </span>
    </p>
   </div>
   <div class='ocr_carea' id='block_1_75' title="bbox 260 5770 1847 5847">
    <p class='ocr_par' dir='ltr' id='par_1_75' title="bbox 260 5770 1847 5847">
     <span class='ocr_line' id='line_1_75' title="bbox 260 5770 1847 5847; baseline -0.009 -12"><span class='ocrx_word' id='word_1_466' title='bbox 260 5802 291 5835; x_wconf 82' lang='lat' dir='ltr'><strong>c</strong></span> <span class='ocrx_word' id='word_1_467' title='bbox 337 5794 512 5845; x_wconf 65' lang='lat' dir='ltr'><strong>cupis</strong></span> <span class='ocrx_word' id='word_1_468' title='bbox 548 5781 716 5833; x_wconf 81' lang='lat' dir='ltr'><strong>etiam</strong></span> <span class='ocrx_word' id='word_1_469' title='bbox 770 5795 992 5847; x_wconf 69' lang='lat' dir='ltr'><strong>regione</strong></span> <span class='ocrx_word' id='word_1_470' title='bbox 1032 5778 1289 5833; x_wconf 73' lang='lat' dir='ltr'><strong>versiculi</strong></span> <span class='ocrx_word' id='word_1_471' title='bbox 1324 5770 1634 5841; x_wconf 26' lang='lat' dir='ltr'><strong>Dt‘apsalmu</strong></span> <span class='ocrx_word' id='word_1_472' title='bbox 1683 5772 1847 5824; x_wconf 76' lang='lat' dir='ltr'><strong>l’alat.</strong></span> 
     </span>
    </p>
   </div>
   <div class='ocr_carea' id='block_1_76' title="bbox 263 5860 528 5918">
    <p class='ocr_par' dir='ltr' id='par_1_76' title="bbox 263 5860 528 5918">
     <span class='ocr_line' id='line_1_76' title="bbox 263 5860 528 5918; baseline 0.011 -21"><span class='ocrx_word' id='word_1_473' title='bbox 263 5860 528 5918; x_wconf 54' lang='lat' dir='ltr'><strong>api-Uti”.</strong></span> 
     </span>
    </p>
   </div>
   <div class='ocr_carea' id='block_1_77' title="bbox 2207 2790 3277 2862">
    <p class='ocr_par' dir='ltr' id='par_1_77' title="bbox 2207 2790 3277 2862">
     <span class='ocr_line' id='line_1_77' title="bbox 2207 2790 3277 2862; baseline 0.001 -22"><span class='ocrx_word' id='word_1_474' title='bbox 2207 2803 2258 2840; x_wconf 80' lang='lat' dir='ltr'><strong>IN</strong></span> <span class='ocrx_word' id='word_1_475' title='bbox 2290 2803 2464 2841; x_wconf 80' lang='lat' dir='ltr'><strong>mth</strong></span> <span class='ocrx_word' id='word_1_476' title='bbox 2491 2801 2853 2862; x_wconf 68' lang='lat' dir='ltr'><strong>inscnmtoue</strong></span> <span class='ocrx_word' id='word_1_477' title='bbox 2881 2790 2923 2854; x_wconf 80' lang='lat'><strong>’,</strong></span> <span class='ocrx_word' id='word_1_478' title='bbox 2956 2803 3052 2843; x_wconf 82' lang='lat' dir='ltr'><strong>tPSl</strong></span> <span class='ocrx_word' id='word_1_479' title='bbox 3099 2803 3277 2842; x_wconf 64' lang='lat' dir='ltr'><strong>navm.</strong></span> 
     </span>
    </p>
   </div>
   <div class='ocr_carea' id='block_1_78' title="bbox 2028 2896 3524 2968">
    <p class='ocr_par' dir='ltr' id='par_1_78' title="bbox 2028 2896 3524 2968">
     <span class='ocr_line' id='line_1_78' title="bbox 2028 2896 3524 2968; baseline 0 -16"><span class='ocrx_word' id='word_1_480' title='bbox 2028 2896 2304 2952; x_wconf 84' lang='lat' dir='ltr'><strong>Conserva</strong></span> <span class='ocrx_word' id='word_1_481' title='bbox 2335 2913 2444 2964; x_wconf 89' lang='lat' dir='ltr'><strong>me,</strong></span> <span class='ocrx_word' id='word_1_482' title='bbox 2489 2898 2737 2963; x_wconf 90' lang='lat' dir='ltr'><strong>Domine,</strong></span> <span class='ocrx_word' id='word_1_483' title='bbox 2771 2898 3026 2968; x_wconf 87' lang='lat' dir='ltr'><strong>quoniam</strong></span> <span class='ocrx_word' id='word_1_484' title='bbox 3070 2899 3123 2951; x_wconf 89' lang='lat' dir='ltr'><strong>in</strong></span> <span class='ocrx_word' id='word_1_485' title='bbox 3158 2907 3209 2953; x_wconf 89' lang='lat' dir='ltr'><strong>te</strong></span> <span class='ocrx_word' id='word_1_486' title='bbox 3264 2898 3475 2968; x_wconf 74' lang='lat' dir='ltr'><strong>Speravi</strong></span> <span class='ocrx_word' id='word_1_487' title='bbox 3512 2919 3524 2952; x_wconf 86' lang='lat'><strong>:</strong></span> 
     </span>
    </p>
   </div>
   <div class='ocr_carea' id='block_1_79' title="bbox 1959 2989 3525 3060">
    <p class='ocr_par' dir='ltr' id='par_1_79' title="bbox 1959 2989 3525 3060">
     <span class='ocr_line' id='line_1_79' title="bbox 1959 2989 3525 3060; baseline 0.002 -17"><span class='ocrx_word' id='word_1_488' title='bbox 1959 2989 2072 3043; x_wconf 81' lang='lat' dir='ltr'><strong>dixi</strong></span> <span class='ocrx_word' id='word_1_489' title='bbox 2110 2990 2363 3054; x_wconf 88' lang='lat' dir='ltr'><strong>Domino,</strong></span> <span class='ocrx_word' id='word_1_490' title='bbox 2397 2990 2542 3045; x_wconf 89' lang='lat' dir='ltr'><strong>Deus</strong></span> <span class='ocrx_word' id='word_1_491' title='bbox 2575 3004 2729 3045; x_wconf 88' lang='lat' dir='ltr'><strong>meus</strong></span> <span class='ocrx_word' id='word_1_492' title='bbox 2752 3004 2813 3045; x_wconf 89' lang='lat' dir='ltr'><strong>es</strong></span> <span class='ocrx_word' id='word_1_493' title='bbox 2853 2997 2933 3055; x_wconf 88' lang='lat' dir='ltr'><strong>tu,</strong></span> <span class='ocrx_word' id='word_1_494' title='bbox 2964 2991 3222 3060; x_wconf 84' lang='lat' dir='ltr'><strong>quoniam</strong></span> <span class='ocrx_word' id='word_1_495' title='bbox 3254 2991 3525 3047; x_wconf 86' lang='lat' dir='ltr'><strong>bonorqu</strong></span> 
     </span>
    </p>
   </div>
   <div class='ocr_carea' id='block_1_80' title="bbox 1965 3081 2963 3155">
    <p class='ocr_par' dir='ltr' id='par_1_80' title="bbox 1965 3081 2963 3155">
     <span class='ocr_line' id='line_1_80' title="bbox 1965 3081 2963 3155; baseline 0.001 -19"><span class='ocrx_word' id='word_1_496' title='bbox 1965 3097 2213 3137; x_wconf 89' lang='lat' dir='ltr'><strong>meorum</strong></span> <span class='ocrx_word' id='word_1_497' title='bbox 2259 3096 2367 3137; x_wconf 89' lang='lat' dir='ltr'><strong>non</strong></span> <span class='ocrx_word' id='word_1_498' title='bbox 2401 3083 2609 3152; x_wconf 83' lang='lat' dir='ltr'><strong>indiges</strong></span> <span class='ocrx_word' id='word_1_499' title='bbox 2640 3081 2762 3154; x_wconf 87' lang='lat' dir='ltr'><strong>[ms.</strong></span> <span class='ocrx_word' id='word_1_500' title='bbox 2792 3081 2963 3155; x_wconf 88' lang='lat' dir='ltr'><strong>eges].</strong></span> 
     </span>
    </p>
   </div>
   <div class='ocr_carea' id='block_1_81' title="bbox 2032 3172 3527 3244">
    <p class='ocr_par' dir='ltr' id='par_1_81' title="bbox 2032 3172 3527 3244">
     <span class='ocr_line' id='line_1_81' title="bbox 2032 3172 3527 3244; baseline 0.003 -18"><span class='ocrx_word' id='word_1_501' title='bbox 2032 3174 2251 3228; x_wconf 77' lang='lat' dir='ltr'><strong>Sanctis</strong></span> <span class='ocrx_word' id='word_1_502' title='bbox 2278 3173 2372 3243; x_wconf 84' lang='lat' dir='ltr'><strong>qui</strong></span> <span class='ocrx_word' id='word_1_503' title='bbox 2401 3172 2457 3227; x_wconf 88' lang='lat' dir='ltr'><strong>in</strong></span> <span class='ocrx_word' id='word_1_504' title='bbox 2495 3183 2642 3229; x_wconf 87' lang='lat' dir='ltr'><strong>terra</strong></span> <span class='ocrx_word' id='word_1_505' title='bbox 2683 3182 2811 3229; x_wconf 87' lang='lat' dir='ltr'><strong>sunt</strong></span> <span class='ocrx_word' id='word_1_506' title='bbox 2836 3174 2975 3244; x_wconf 85' lang='lat' dir='ltr'><strong>ejus,</strong></span> <span class='ocrx_word' id='word_1_507' title='bbox 3004 3172 3314 3229; x_wconf 78' lang='lat' dir='ltr'><strong>miriﬁcavit</strong></span> <span class='ocrx_word' id='word_1_508' title='bbox 3338 3172 3527 3230; x_wconf 76' lang='lat' dir='ltr'><strong>omnes</strong></span> 
     </span>
    </p>
   </div>
   <div class='ocr_carea' id='block_1_82' title="bbox 1961 3264 3219 3338">
    <p class='ocr_par' dir='ltr' id='par_1_82' title="bbox 1961 3264 3219 3338">
     <span class='ocr_line' id='line_1_82' title="bbox 1961 3264 3219 3338; baseline 0.004 -22"><span class='ocrx_word' id='word_1_509' title='bbox 1961 3265 2270 3319; x_wconf 88' lang='lat' dir='ltr'><strong>voluntates</strong></span> <span class='ocrx_word' id='word_1_510' title='bbox 2305 3279 2454 3319; x_wconf 88' lang='lat' dir='ltr'><strong>meas</strong></span> <span class='ocrx_word' id='word_1_511' title='bbox 2480 3264 2622 3319; x_wconf 89' lang='lat' dir='ltr'><strong>inter</strong></span> <span class='ocrx_word' id='word_1_512' title='bbox 2646 3265 2774 3319; x_wconf 89' lang='lat' dir='ltr'><strong>illos</strong></span> <span class='ocrx_word' id='word_1_513' title='bbox 2805 3264 2932 3337; x_wconf 88' lang='lat' dir='ltr'><strong>[ms.</strong></span> <span class='ocrx_word' id='word_1_514' title='bbox 2964 3265 3018 3319; x_wconf 91' lang='lat' dir='ltr'><strong>in</strong></span> <span class='ocrx_word' id='word_1_515' title='bbox 3060 3265 3219 3338; x_wconf 88' lang='lat' dir='ltr'><strong>illis].</strong></span> 
     </span>
    </p>
   </div>
   <div class='ocr_carea' id='block_1_83' title="bbox 2030 3353 3530 3429">
    <p class='ocr_par' dir='ltr' id='par_1_83' title="bbox 2030 3353 3530 3429">
     <span class='ocr_line' id='line_1_83' title="bbox 2030 3353 3530 3429; baseline 0.003 -23"><span class='ocrx_word' id='word_1_516' title='bbox 2030 3353 2398 3424; x_wconf 77' lang='lat' dir='ltr'><strong>Multiplicatae</strong></span> <span class='ocrx_word' id='word_1_517' title='bbox 2433 3363 2561 3409; x_wconf 90' lang='lat' dir='ltr'><strong>sunt</strong></span> <span class='ocrx_word' id='word_1_518' title='bbox 2613 3354 2759 3409; x_wconf 90' lang='lat' dir='ltr'><strong>enim</strong></span> <span class='ocrx_word' id='word_1_519' title='bbox 2792 3354 2920 3427; x_wconf 86' lang='lat' dir='ltr'><strong>[ms.</strong></span> <span class='ocrx_word' id='word_1_520' title='bbox 2953 3364 3056 3409; x_wconf 90' lang='lat' dir='ltr'><strong>tac.</strong></span> <span class='ocrx_word' id='word_1_521' title='bbox 3098 3354 3271 3429; x_wconf 84' lang='lat' dir='ltr'><strong>enim]</strong></span> <span class='ocrx_word' id='word_1_522' title='bbox 3304 3356 3530 3411; x_wconf 78' lang='lat' dir='ltr'><strong>inﬁrmi-</strong></span> 
     </span>
    </p>
   </div>
   <div class='ocr_carea' id='block_1_84' title="bbox 1959 3443 3067 3512">
    <p class='ocr_par' dir='ltr' id='par_1_84' title="bbox 1959 3443 3067 3512">
     <span class='ocr_line' id='line_1_84' title="bbox 1959 3443 3067 3512; baseline 0.001 -15"><span class='ocrx_word' id='word_1_523' title='bbox 1959 3452 2095 3497; x_wconf 83' lang='lat' dir='ltr'><strong>tates</strong></span> <span class='ocrx_word' id='word_1_524' title='bbox 2122 3457 2314 3496; x_wconf 85' lang='lat' dir='ltr'><strong>eorum</strong></span> <span class='ocrx_word' id='word_1_525' title='bbox 2341 3456 2356 3495; x_wconf 71' lang='grc' dir='ltr'><strong>ἶ</strong></span> <span class='ocrx_word' id='word_1_526' title='bbox 2388 3453 2574 3512; x_wconf 81' lang='lat' dir='ltr'><strong>postea</strong></span> <span class='ocrx_word' id='word_1_527' title='bbox 2597 3443 3067 3498; x_wconf 63' lang='lat' dir='ltr'><strong>acceleraverunt.</strong></span> 
     </span>
    </p>
   </div>
   <div class='ocr_carea' id='block_1_85' title="bbox 2026 3532 3529 3605">
    <p class='ocr_par' dir='ltr' id='par_1_85' title="bbox 2026 3532 3529 3605">
     <span class='ocr_line' id='line_1_85' title="bbox 2026 3532 3529 3605; baseline 0.001 -18"><span class='ocrx_word' id='word_1_528' title='bbox 2026 3532 2145 3587; x_wconf 84' lang='lat' dir='ltr'><strong>Non</strong></span> <span class='ocrx_word' id='word_1_529' title='bbox 2179 3533 2521 3603; x_wconf 83' lang='lat' dir='ltr'><strong>congregabo</strong></span> <span class='ocrx_word' id='word_1_530' title='bbox 2554 3533 2935 3588; x_wconf 80' lang='lat' dir='ltr'><strong>conventicula</strong></span> <span class='ocrx_word' id='word_1_531' title='bbox 2966 3548 3159 3590; x_wconf 90' lang='lat' dir='ltr'><strong>eorum</strong></span> <span class='ocrx_word' id='word_1_532' title='bbox 3199 3535 3265 3590; x_wconf 83' lang='lat' dir='ltr'><strong>de</strong></span> <span class='ocrx_word' id='word_1_533' title='bbox 3312 3537 3529 3605; x_wconf 84' lang='lat' dir='ltr'><strong>sangui-</strong></span> 
     </span>
    </p>
   </div>
   <div class='ocr_carea' id='block_1_86' title="bbox 1959 3623 3527 3696">
    <p class='ocr_par' dir='ltr' id='par_1_86' title="bbox 1959 3623 3527 3696">
     <span class='ocr_line' id='line_1_86' title="bbox 1959 3623 3527 3696; baseline -0.001 -18"><span class='ocrx_word' id='word_1_534' title='bbox 1959 3624 2124 3679; x_wconf 82' lang='lat' dir='ltr'><strong>nibus</strong></span> <span class='ocrx_word' id='word_1_535' title='bbox 2152 3639 2165 3653; x_wconf 90' lang='grc'><strong>·</strong></span> <span class='ocrx_word' id='word_1_536' title='bbox 2196 3639 2297 3680; x_wconf 87' lang='lat' dir='ltr'><strong>nec</strong></span> <span class='ocrx_word' id='word_1_537' title='bbox 2352 3639 2564 3679; x_wconf 85' lang='lat' dir='ltr'><strong>memor</strong></span> <span class='ocrx_word' id='word_1_538' title='bbox 2602 3638 2696 3679; x_wconf 89' lang='lat' dir='ltr'><strong>ero</strong></span> <span class='ocrx_word' id='word_1_539' title='bbox 2751 3623 3037 3678; x_wconf 88' lang='lat' dir='ltr'><strong>nominum</strong></span> <span class='ocrx_word' id='word_1_540' title='bbox 3083 3624 3204 3696; x_wconf 88' lang='lat' dir='ltr'><strong>[ms.</strong></span> <span class='ocrx_word' id='word_1_541' title='bbox 3256 3623 3527 3696; x_wconf 89' lang='lat' dir='ltr'><strong>omnium]</strong></span> 
     </span>
    </p>
   </div>
   <div class='ocr_carea' id='block_1_87' title="bbox 1957 3715 2677 3785">
    <p class='ocr_par' dir='ltr' id='par_1_87' title="bbox 1957 3715 2677 3785">
     <span class='ocr_line' id='line_1_87' title="bbox 1957 3715 2677 3785; baseline -0.001 -15"><span class='ocrx_word' id='word_1_542' title='bbox 1957 3719 2198 3780; x_wconf 88' lang='lat' dir='ltr'><strong>illorum,</strong></span> <span class='ocrx_word' id='word_1_543' title='bbox 2241 3731 2334 3785; x_wconf 88' lang='lat' dir='ltr'><strong>per</strong></span> <span class='ocrx_word' id='word_1_544' title='bbox 2367 3715 2506 3769; x_wconf 88' lang='lat' dir='ltr'><strong>labia</strong></span> <span class='ocrx_word' id='word_1_545' title='bbox 2536 3729 2677 3769; x_wconf 85' lang='lat' dir='ltr'><strong>mea.</strong></span> 
     </span>
    </p>
   </div>
   <div class='ocr_carea' id='block_1_88' title="bbox 2030 3803 3525 3875">
    <p class='ocr_par' dir='ltr' id='par_1_88' title="bbox 2030 3803 3525 3875">
     <span class='ocr_line' id='line_1_88' title="bbox 2030 3803 3525 3875; baseline 0.001 -15"><span class='ocrx_word' id='word_1_546' title='bbox 2030 3807 2312 3870; x_wconf 87' lang='lat' dir='ltr'><strong>Dominus,</strong></span> <span class='ocrx_word' id='word_1_547' title='bbox 2347 3820 2474 3875; x_wconf 87' lang='lat' dir='ltr'><strong>pars</strong></span> <span class='ocrx_word' id='word_1_548' title='bbox 2523 3803 2860 3859; x_wconf 65' lang='lat' dir='ltr'><strong>hmreditatis</strong></span> <span class='ocrx_word' id='word_1_549' title='bbox 2893 3818 3025 3859; x_wconf 77' lang='lat' dir='ltr'><strong>mete</strong></span> <span class='ocrx_word' id='word_1_550' title='bbox 3048 3814 3104 3859; x_wconf 91' lang='lat' dir='ltr'><strong>et</strong></span> <span class='ocrx_word' id='word_1_551' title='bbox 3150 3804 3336 3859; x_wconf 68' lang='lat' dir='ltr'><strong>colicis</strong></span> <span class='ocrx_word' id='word_1_552' title='bbox 3367 3805 3469 3858; x_wconf 89' lang='lat' dir='ltr'><strong>mei</strong></span> <span class='ocrx_word' id='word_1_553' title='bbox 3510 3821 3525 3861; x_wconf 87' lang='lat'><strong>:</strong></span> 
     </span>
    </p>
   </div>
   <div class='ocr_carea' id='block_1_89' title="bbox 1960 3892 3526 3967">
    <p class='ocr_par' dir='ltr' id='par_1_89' title="bbox 1960 3892 3526 3967">
     <span class='ocr_line' id='line_1_89' title="bbox 1960 3892 3526 3967; baseline -0.002 -15"><span class='ocrx_word' id='word_1_554' title='bbox 1960 3909 2015 3952; x_wconf 90' lang='lat' dir='ltr'><strong>tu</strong></span> <span class='ocrx_word' id='word_1_555' title='bbox 2043 3913 2103 3952; x_wconf 89' lang='lat' dir='ltr'><strong>es</strong></span> <span class='ocrx_word' id='word_1_556' title='bbox 2134 3897 2228 3967; x_wconf 86' lang='lat' dir='ltr'><strong>qui</strong></span> <span class='ocrx_word' id='word_1_557' title='bbox 2283 3896 2567 3952; x_wconf 88' lang='lat' dir='ltr'><strong>restituisti</strong></span> <span class='ocrx_word' id='word_1_558' title='bbox 2604 3893 2725 3967; x_wconf 87' lang='lat' dir='ltr'><strong>[ms.</strong></span> <span class='ocrx_word' id='word_1_559' title='bbox 2755 3892 3040 3964; x_wconf 86' lang='lat' dir='ltr'><strong>restitues]</strong></span> <span class='ocrx_word' id='word_1_560' title='bbox 3075 3894 3208 3949; x_wconf 89' lang='lat' dir='ltr'><strong>mibi</strong></span> <span class='ocrx_word' id='word_1_561' title='bbox 3233 3894 3526 3949; x_wconf 71' lang='lat' dir='ltr'><strong>liaeredita-</strong></span> 
     </span>
    </p>
   </div>
   <div class='ocr_carea' id='block_1_90' title="bbox 1960 4001 2307 4044">
    <p class='ocr_par' dir='ltr' id='par_1_90' title="bbox 1960 4001 2307 4044">
     <span class='ocr_line' id='line_1_90' title="bbox 1960 4001 2307 4044; baseline -0.003 0"><span class='ocrx_word' id='word_1_562' title='bbox 1960 4001 2067 4044; x_wconf 91' lang='lat' dir='ltr'><strong>tem</strong></span> <span class='ocrx_word' id='word_1_563' title='bbox 2109 4004 2307 4044; x_wconf 87' lang='lat' dir='ltr'><strong>meam.</strong></span> 
     </span>
    </p>
   </div>
   <div class='ocr_carea' id='block_1_91' title="bbox 2031 4078 3534 4153">
    <p class='ocr_par' dir='ltr' id='par_1_91' title="bbox 2031 4078 3534 4153">
     <span class='ocr_line' id='line_1_91' title="bbox 2031 4078 3534 4153; baseline -0.005 -13"><span class='ocrx_word' id='word_1_564' title='bbox 2031 4084 2210 4140; x_wconf 86' lang='lat' dir='ltr'><strong>Funes</strong></span> <span class='ocrx_word' id='word_1_565' title='bbox 2240 4083 2557 4140; x_wconf 86' lang='lat' dir='ltr'><strong>ceciderunt</strong></span> <span class='ocrx_word' id='word_1_566' title='bbox 2589 4081 2724 4137; x_wconf 88' lang='lat' dir='ltr'><strong>mibi</strong></span> <span class='ocrx_word' id='word_1_567' title='bbox 2756 4082 2810 4137; x_wconf 86' lang='lat' dir='ltr'><strong>in</strong></span> <span class='ocrx_word' id='word_1_568' title='bbox 2842 4079 3119 4153; x_wconf 71' lang='lat' dir='ltr'><strong>praeclaris</strong></span> <span class='ocrx_word' id='word_1_569' title='bbox 3149 4097 3160 4133; x_wconf 91' lang='lat'>:</span> <span class='ocrx_word' id='word_1_570' title='bbox 3190 4079 3391 4135; x_wconf 86' lang='lat' dir='ltr'><strong>etenim</strong></span> <span class='ocrx_word' id='word_1_571' title='bbox 3422 4078 3534 4132; x_wconf 64' lang='lat' dir='ltr'><strong>ba:-</strong></span> 
     </span>
    </p>
   </div>
   <div class='ocr_carea' id='block_1_92' title="bbox 1959 4174 2917 4246">
    <p class='ocr_par' dir='ltr' id='par_1_92' title="bbox 1959 4174 2917 4246">
     <span class='ocr_line' id='line_1_92' title="bbox 1959 4174 2917 4246; baseline -0.001 -16"><span class='ocrx_word' id='word_1_572' title='bbox 1959 4178 2164 4232; x_wconf 85' lang='lat' dir='ltr'><strong>reditas</strong></span> <span class='ocrx_word' id='word_1_573' title='bbox 2195 4192 2312 4231; x_wconf 84' lang='lat' dir='ltr'><strong>mea</strong></span> <span class='ocrx_word' id='word_1_574' title='bbox 2345 4177 2607 4246; x_wconf 67' lang='lat' dir='ltr'><strong>prmelara</strong></span> <span class='ocrx_word' id='word_1_575' title='bbox 2637 4184 2722 4231; x_wconf 87' lang='lat' dir='ltr'><strong>est</strong></span> <span class='ocrx_word' id='word_1_576' title='bbox 2758 4174 2917 4229; x_wconf 91' lang='lat' dir='ltr'><strong>mihi.</strong></span> 
     </span>
    </p>
   </div>
   <div class='ocr_carea' id='block_1_93' title="bbox 2029 4263 3530 4336">
    <p class='ocr_par' dir='ltr' id='par_1_93' title="bbox 2029 4263 3530 4336">
     <span class='ocr_line' id='line_1_93' title="bbox 2029 4263 3530 4336; baseline -0.003 -13"><span class='ocrx_word' id='word_1_577' title='bbox 2029 4268 2355 4323; x_wconf 84' lang='lat' dir='ltr'><strong>Benedicam</strong></span> <span class='ocrx_word' id='word_1_578' title='bbox 2396 4267 2711 4331; x_wconf 90' lang='lat' dir='ltr'><strong>Dominum,</strong></span> <span class='ocrx_word' id='word_1_579' title='bbox 2752 4265 2846 4336; x_wconf 89' lang='lat' dir='ltr'><strong>qui</strong></span> <span class='ocrx_word' id='word_1_580' title='bbox 2904 4263 3039 4321; x_wconf 88' lang='lat' dir='ltr'><strong>mibi</strong></span> <span class='ocrx_word' id='word_1_581' title='bbox 3093 4264 3284 4320; x_wconf 86' lang='lat' dir='ltr'><strong>tribuit</strong></span> <span class='ocrx_word' id='word_1_582' title='bbox 3314 4264 3530 4319; x_wconf 89' lang='lat' dir='ltr'><strong>intelle-</strong></span> 
     </span>
    </p>
   </div>
   <div class='ocr_carea' id='block_1_94' title="bbox 1961 4342 3529 4429">
    <p class='ocr_par' dir='ltr' id='par_1_94' title="bbox 1961 4342 3529 4429">
     <span class='ocr_line' id='line_1_94' title="bbox 1961 4342 3529 4429; baseline -0.003 -15"><span class='ocrx_word' id='word_1_583' title='bbox 1961 4370 2107 4415; x_wconf 85' lang='lat' dir='ltr'><strong>ctum</strong></span> <span class='ocrx_word' id='word_1_584' title='bbox 2146 4342 2436 4429; x_wconf 85' lang='lat' dir='ltr'><strong>:insuper,</strong></span> <span class='ocrx_word' id='word_1_585' title='bbox 2498 4371 2554 4412; x_wconf 87' lang='lat' dir='ltr'><strong>et</strong></span> <span class='ocrx_word' id='word_1_586' title='bbox 2594 4370 2765 4426; x_wconf 77' lang='lat' dir='ltr'><strong>usque</strong></span> <span class='ocrx_word' id='word_1_587' title='bbox 2803 4357 2871 4410; x_wconf 88' lang='lat' dir='ltr'><strong>ad</strong></span> <span class='ocrx_word' id='word_1_588' title='bbox 2913 4366 3149 4421; x_wconf 89' lang='lat' dir='ltr'><strong>noctem,</strong></span> <span class='ocrx_word' id='word_1_589' title='bbox 3205 4355 3529 4426; x_wconf 86' lang='lat' dir='ltr'><strong>increpave-</strong></span> 
     </span>
    </p>
   </div>
   <div class='ocr_carea' id='block_1_95' title="bbox 1962 4449 2634 4507">
    <p class='ocr_par' dir='ltr' id='par_1_95' title="bbox 1962 4449 2634 4507">
     <span class='ocr_line' id='line_1_95' title="bbox 1962 4449 2634 4507; baseline -0.004 0"><span class='ocrx_word' id='word_1_590' title='bbox 1962 4462 2088 4507; x_wconf 89' lang='lat' dir='ltr'><strong>runt</strong></span> <span class='ocrx_word' id='word_1_591' title='bbox 2119 4466 2205 4505; x_wconf 84' lang='lat' dir='ltr'><strong>me</strong></span> <span class='ocrx_word' id='word_1_592' title='bbox 2241 4452 2282 4482; x_wconf 83' lang='lat'>“</span> <span class='ocrx_word' id='word_1_593' title='bbox 2314 4466 2472 4505; x_wconf 82' lang='lat' dir='ltr'><strong>renes</strong></span> <span class='ocrx_word' id='word_1_594' title='bbox 2503 4449 2634 4504; x_wconf 79' lang='lat' dir='ltr'><strong>mei.</strong></span> 
     </span>
    </p>
   </div>
   <div class='ocr_carea' id='block_1_96' title="bbox 2034 4540 3530 4608">
    <p class='ocr_par' dir='ltr' id='par_1_96' title="bbox 2034 4540 3530 4608">
     <span class='ocr_line' id='line_1_96' title="bbox 2034 4540 3530 4608; baseline -0.006 -11"><span class='ocrx_word' id='word_1_595' title='bbox 2034 4541 2391 4597; x_wconf 85' lang='lat' dir='ltr'><strong>Providebam</strong></span> <span class='ocrx_word' id='word_1_596' title='bbox 2424 4541 2711 4594; x_wconf 87' lang='lat' dir='ltr'><strong>Dominum</strong></span> <span class='ocrx_word' id='word_1_597' title='bbox 2757 4540 2813 4595; x_wconf 91' lang='lat' dir='ltr'><strong>in</strong></span> <span class='ocrx_word' id='word_1_598' title='bbox 2848 4542 3147 4608; x_wconf 85' lang='lat' dir='ltr'><strong>conspectu</strong></span> <span class='ocrx_word' id='word_1_599' title='bbox 3205 4550 3354 4600; x_wconf 85' lang='lat' dir='ltr'><strong>meo,</strong></span> <span class='ocrx_word' id='word_1_600' title='bbox 3384 4550 3530 4590; x_wconf 81' lang='lat' dir='ltr'><strong>sem-</strong></span> 
     </span>
    </p>
   </div>
   <div class='ocr_carea' id='block_1_97' title="bbox 1964 4632 3528 4705">
    <p class='ocr_par' dir='ltr' id='par_1_97' title="bbox 1964 4632 3528 4705">
     <span class='ocr_line' id='line_1_97' title="bbox 1964 4632 3528 4705; baseline -0.008 -15"><span class='ocrx_word' id='word_1_601' title='bbox 1964 4651 2059 4705; x_wconf 86' lang='lat' dir='ltr'><strong>per</strong></span> <span class='ocrx_word' id='word_1_602' title='bbox 2096 4651 2109 4690; x_wconf 82' lang='lat'><strong>:</strong></span> <span class='ocrx_word' id='word_1_603' title='bbox 2140 4633 2400 4705; x_wconf 83' lang='lat' dir='ltr'><strong>quoniam</strong></span> <span class='ocrx_word' id='word_1_604' title='bbox 2442 4649 2470 4686; x_wconf 89' lang='lat' dir='ltr'><strong>a</strong></span> <span class='ocrx_word' id='word_1_605' title='bbox 2497 4633 2705 4686; x_wconf 74' lang='lat' dir='ltr'><strong>dextris</strong></span> <span class='ocrx_word' id='word_1_606' title='bbox 2740 4641 2825 4687; x_wconf 87' lang='lat' dir='ltr'><strong>est</strong></span> <span class='ocrx_word' id='word_1_607' title='bbox 2855 4632 3008 4685; x_wconf 84' lang='lat' dir='ltr'><strong>mihi.</strong></span> <span class='ocrx_word' id='word_1_608' title='bbox 3041 4643 3110 4684; x_wconf 89' lang='lat' dir='ltr'><strong>ne</strong></span> <span class='ocrx_word' id='word_1_609' title='bbox 3160 4641 3528 4683; x_wconf 87' lang='lat' dir='ltr'><strong>commovear.</strong></span> 
     </span>
    </p>
   </div>
   <div class='ocr_carea' id='block_1_98' title="bbox 2031 4829 3535 4903">
    <p class='ocr_par' dir='ltr' id='par_1_98' title="bbox 2031 4829 3535 4903">
     <span class='ocr_line' id='line_1_98' title="bbox 2031 4829 3535 4903; baseline -0.007 -8"><span class='ocrx_word' id='word_1_610' title='bbox 2031 4840 2051 4870; x_wconf 83' lang='lat'><strong><em>°</em></strong></span> <span class='ocrx_word' id='word_1_611' title='bbox 2078 4840 2136 4895; x_wconf 89' lang='lat' dir='ltr'><strong>ln</strong></span> <span class='ocrx_word' id='word_1_612' title='bbox 2160 4840 2352 4894; x_wconf 86' lang='lat' dir='ltr'><strong>eodem</strong></span> <span class='ocrx_word' id='word_1_613' title='bbox 2384 4855 2486 4895; x_wconf 88' lang='lat' dir='ltr'><strong>ms.</strong></span> <span class='ocrx_word' id='word_1_614' title='bbox 2520 4840 2709 4893; x_wconf 84' lang='lat' dir='ltr'><strong>avertit</strong></span> <span class='ocrx_word' id='word_1_615' title='bbox 2735 4854 2753 4892; x_wconf 91' lang='lat'><strong><em>:</em></strong></span> <span class='ocrx_word' id='word_1_616' title='bbox 2784 4846 2840 4892; x_wconf 86' lang='lat' dir='ltr'><strong>et</strong></span> <span class='ocrx_word' id='word_1_617' title='bbox 2872 4838 2926 4892; x_wconf 86' lang='lat' dir='ltr'><strong>in</strong></span> <span class='ocrx_word' id='word_1_618' title='bbox 2951 4836 3079 4903; x_wconf 83' lang='lat' dir='ltr'><strong>line,</strong></span> <span class='ocrx_word' id='word_1_619' title='bbox 3110 4829 3418 4888; x_wconf 75' lang='lat' dir='ltr'><strong>Exsultabit</strong></span> <span class='ocrx_word' id='word_1_620' title='bbox 3442 4831 3535 4885; x_wconf 84' lang='lat' dir='ltr'><strong>Ja-</strong></span> 
     </span>
    </p>
   </div>
   <div class='ocr_carea' id='block_1_99' title="bbox 1959 4908 2671 4974">
    <p class='ocr_par' dir='ltr' id='par_1_99' title="bbox 1959 4908 2671 4974">
     <span class='ocr_line' id='line_1_99' title="bbox 1959 4908 2671 4974; baseline 0 -12"><span class='ocrx_word' id='word_1_621' title='bbox 1959 4911 2071 4974; x_wconf 87' lang='lat' dir='ltr'><strong>cob,</strong></span> <span class='ocrx_word' id='word_1_622' title='bbox 2100 4921 2148 4963; x_wconf 85' lang='lat' dir='ltr'><strong>et</strong></span> <span class='ocrx_word' id='word_1_623' title='bbox 2180 4911 2445 4965; x_wconf 79' lang='lat' dir='ltr'><strong>lwtabilur</strong></span> <span class='ocrx_word' id='word_1_624' title='bbox 2478 4908 2671 4962; x_wconf 84' lang='lat' dir='ltr'><strong>Israel.</strong></span> 
     </span>
    </p>
   </div>
   <div class='ocr_carea' id='block_1_100' title="bbox 2031 4972 3530 5046">
    <p class='ocr_par' dir='ltr' id='par_1_100' title="bbox 2031 4972 3530 5046">
     <span class='ocr_line' id='line_1_100' title="bbox 2031 4972 3530 5046; baseline -0.006 -14"><span class='ocrx_word' id='word_1_625' title='bbox 2031 4972 2293 5043; x_wconf 16' lang='lat' dir='ltr'><strong>&#39;VVerbis,</strong></span> <span class='ocrx_word' id='word_1_626' title='bbox 2322 4981 2375 5032; x_wconf 88' lang='lat' dir='ltr'><strong>in</strong></span> <span class='ocrx_word' id='word_1_627' title='bbox 2400 4978 2583 5046; x_wconf 85' lang='lat' dir='ltr'><strong>ﬁnem,</strong></span> <span class='ocrx_word' id='word_1_628' title='bbox 2614 4975 3015 5046; x_wconf 82' lang='lat' dir='ltr'><strong>praetermissis,</strong></span> <span class='ocrx_word' id='word_1_629' title='bbox 3078 4973 3131 5027; x_wconf 91' lang='lat' dir='ltr'><strong>in</strong></span> <span class='ocrx_word' id='word_1_630' title='bbox 3185 4972 3387 5031; x_wconf 87' lang='lat' dir='ltr'><strong>Veron.</strong></span> <span class='ocrx_word' id='word_1_631' title='bbox 3429 4987 3530 5046; x_wconf 86' lang='lat' dir='ltr'><strong>ms.</strong></span> 
     </span>
    </p>
   </div>
   <div class='ocr_carea' id='block_1_101' title="bbox 1960 5042 3533 5117">
    <p class='ocr_par' dir='ltr' id='par_1_101' title="bbox 1960 5042 3533 5117">
     <span class='ocr_line' id='line_1_101' title="bbox 1960 5042 3533 5117; baseline -0.008 -14"><span class='ocrx_word' id='word_1_632' title='bbox 1960 5060 2173 5104; x_wconf 81' lang='lat' dir='ltr'><strong>tantum</strong></span> <span class='ocrx_word' id='word_1_633' title='bbox 2209 5042 2311 5109; x_wconf 79' lang='lat' dir='ltr'><strong>est,</strong></span> <span class='ocrx_word' id='word_1_634' title='bbox 2346 5042 2731 5117; x_wconf 30' lang='lat' dir='ltr'><strong>Psalmusiipsi</strong></span> <span class='ocrx_word' id='word_1_635' title='bbox 2778 5046 2970 5107; x_wconf 84' lang='lat' dir='ltr'><strong>David,</strong></span> <span class='ocrx_word' id='word_1_636' title='bbox 3007 5054 3119 5097; x_wconf 87' lang='lat' dir='ltr'><strong>tum</strong></span> <span class='ocrx_word' id='word_1_637' title='bbox 3170 5042 3533 5117; x_wconf 77' lang='lat' dir='ltr'><strong>peregrinabi-</strong></span> 
     </span>
    </p>
   </div>
   <div class='ocr_carea' id='block_1_102' title="bbox 1959 5113 3534 5190">
    <p class='ocr_par' dir='ltr' id='par_1_102' title="bbox 1959 5113 3534 5190">
     <span class='ocr_line' id='line_1_102' title="bbox 1959 5113 3534 5190; baseline -0.006 -18"><span class='ocrx_word' id='word_1_638' title='bbox 1959 5131 2048 5173; x_wconf 78' lang='lat' dir='ltr'><strong>tur</strong></span> <span class='ocrx_word' id='word_1_639' title='bbox 2089 5135 2188 5190; x_wconf 88' lang='lat' dir='ltr'><strong>pro</strong></span> <span class='ocrx_word' id='word_1_640' title='bbox 2216 5120 2499 5183; x_wconf 82' lang='lat' dir='ltr'><strong>habitabit,</strong></span> <span class='ocrx_word' id='word_1_641' title='bbox 2529 5113 2675 5187; x_wconf 83' lang='lat' dir='ltr'><strong>quod</strong></span> <span class='ocrx_word' id='word_1_642' title='bbox 2701 5116 2906 5187; x_wconf 86' lang='lat' dir='ltr'><strong>pridem</strong></span> <span class='ocrx_word' id='word_1_643' title='bbox 2950 5113 3313 5184; x_wconf 63' lang='lat' dir='ltr'><strong>Augustinus</strong></span> <span class='ocrx_word' id='word_1_644' title='bbox 3339 5113 3534 5170; x_wconf 77' lang='lat' dir='ltr'><strong>rescri-</strong></span> 
     </span>
    </p>
   </div>
   <div class='ocr_carea' id='block_1_103' title="bbox 2001 5200 2167 5244">
    <p class='ocr_par' dir='ltr' id='par_1_103' title="bbox 2001 5200 2167 5244">
     <span class='ocr_line' id='line_1_103' title="bbox 2001 5200 2167 5244; baseline -0.006 0"><span class='ocrx_word' id='word_1_645' title='bbox 2001 5200 2167 5244; x_wconf 85' lang='lat' dir='ltr'><strong>serat.</strong></span> 
     </span>
    </p>
   </div>
   <div class='ocr_carea' id='block_1_104' title="bbox 1964 5206 3527 5331">
    <p class='ocr_par' dir='ltr' id='par_1_104' title="bbox 1964 5206 3527 5331">
     <span class='ocr_line' id='line_1_104' title="bbox 2093 5206 2167 5243; baseline 0 -1"><span class='ocrx_word' id='word_1_646' title='bbox 2093 5206 2167 5243; x_wconf 79' lang='lat' dir='ltr'><strong>at.</strong></span> 
     </span>
     <span class='ocr_line' id='line_1_105' title="bbox 1964 5206 3527 5331; baseline -0.004 -18"><span class='ocrx_word' id='word_1_647' title='bbox 1964 5206 2090 5290; x_wconf 49' lang='lat' dir='ltr'><strong>ps?</strong></span> <span class='ocrx_word' id='word_1_648' title='bbox 2106 5260 2355 5324; x_wconf 82' lang='lat' dir='ltr'><strong>Voculas,</strong></span> <span class='ocrx_word' id='word_1_649' title='bbox 2390 5276 2506 5312; x_wconf 88' lang='lat' dir='ltr'><strong>eum</strong></span> <span class='ocrx_word' id='word_1_650' title='bbox 2540 5259 2647 5328; x_wconf 83' lang='lat' dir='ltr'><strong>qui,</strong></span> <span class='ocrx_word' id='word_1_651' title='bbox 2689 5256 3153 5331; x_wconf 50' lang='lat' dir='ltr'><strong>Veronensisnns.</strong></span> <span class='ocrx_word' id='word_1_652' title='bbox 3187 5254 3391 5331; x_wconf 73' lang='lat' dir='ltr'><strong>omittit</strong></span> <span class='ocrx_word' id='word_1_653' title='bbox 3416 5263 3527 5331; x_wconf 70' lang='lat' dir='ltr'><strong>tum</strong></span> 
     </span>
    </p>
   </div>
   <div class='ocr_carea' id='block_1_105' title="bbox 1967 5324 3529 5399">
    <p class='ocr_par' dir='ltr' id='par_1_105' title="bbox 1967 5324 3529 5399">
     <span class='ocr_line' id='line_1_106' title="bbox 1967 5324 3529 5399; baseline -0.007 -16"><span class='ocrx_word' id='word_1_654' title='bbox 1967 5330 2207 5399; x_wconf 85' lang='lat' dir='ltr'><strong>plurium</strong></span> <span class='ocrx_word' id='word_1_655' title='bbox 2261 5344 2490 5384; x_wconf 89' lang='lat' dir='ltr'><strong>numero</strong></span> <span class='ocrx_word' id='word_1_656' title='bbox 2546 5324 2980 5399; x_wconf 76' lang='lat' dir='ltr'><strong>innocentespro</strong></span> <span class='ocrx_word' id='word_1_657' title='bbox 3026 5325 3349 5399; x_wconf 67' lang='lat' dir='ltr'><strong>innocentem</strong></span> <span class='ocrx_word' id='word_1_658' title='bbox 3380 5324 3529 5389; x_wconf 80' lang='lat' dir='ltr'><strong>legit.</strong></span> 
     </span>
    </p>
   </div>
   <div class='ocr_carea' id='block_1_106' title="bbox 2036 5395 3528 5464">
    <p class='ocr_par' dir='ltr' id='par_1_106' title="bbox 2036 5395 3528 5464">
     <span class='ocr_line' id='line_1_107' title="bbox 2036 5395 3528 5464; baseline -0.009 -11"><span class='ocrx_word' id='word_1_659' title='bbox 2036 5401 2056 5432; x_wconf 82' lang='grc'><strong><em>⁹</em></strong></span> <span class='ocrx_word' id='word_1_660' title='bbox 2092 5402 2239 5455; x_wconf 78' lang='lat' dir='ltr'><strong>ldum</strong></span> <span class='ocrx_word' id='word_1_661' title='bbox 2276 5415 2379 5453; x_wconf 79' lang='lat' dir='ltr'><strong>ms.</strong></span> <span class='ocrx_word' id='word_1_662' title='bbox 2430 5398 2595 5451; x_wconf 79' lang='lat' dir='ltr'><strong>Tituli</strong></span> <span class='ocrx_word' id='word_1_663' title='bbox 2630 5397 2917 5464; x_wconf 86' lang='lat' dir='ltr'><strong>inscriptio,</strong></span> <span class='ocrx_word' id='word_1_664' title='bbox 2965 5395 3117 5459; x_wconf 78' lang='lat' dir='ltr'><strong>juxta</strong></span> <span class='ocrx_word' id='word_1_665' title='bbox 3168 5395 3528 5464; x_wconf 82' lang='lat' dir='ltr'><strong>Gallicanum,</strong></span> 
     </span>
    </p>
   </div>
   <div class='ocr_carea' id='block_1_107' title="bbox 1964 5462 3531 5537">
    <p class='ocr_par' dir='ltr' id='par_1_107' title="bbox 1964 5462 3531 5537">
     <span class='ocr_line' id='line_1_108' title="bbox 1964 5462 3531 5537; baseline -0.008 -16"><span class='ocrx_word' id='word_1_666' title='bbox 1964 5485 2201 5537; x_wconf 87' lang='lat' dir='ltr'><strong>quocum</strong></span> <span class='ocrx_word' id='word_1_667' title='bbox 2243 5471 2383 5524; x_wconf 87' lang='lat' dir='ltr'><strong>alius</strong></span> <span class='ocrx_word' id='word_1_668' title='bbox 2428 5471 2566 5521; x_wconf 75' lang='lat' dir='ltr'><strong>intra</strong></span> <span class='ocrx_word' id='word_1_669' title='bbox 2606 5462 2868 5529; x_wconf 75' lang='lat' dir='ltr'><strong>com-init,</strong></span> <span class='ocrx_word' id='word_1_670' title='bbox 2904 5465 2991 5518; x_wconf 89' lang='lat' dir='ltr'><strong>ubi</strong></span> <span class='ocrx_word' id='word_1_671' title='bbox 3024 5479 3053 5516; x_wconf 86' lang='lat' dir='ltr'><strong>a</strong></span> <span class='ocrx_word' id='word_1_672' title='bbox 3103 5465 3345 5516; x_wconf 70' lang='lat' dir='ltr'><strong>Romano</strong></span> <span class='ocrx_word' id='word_1_673' title='bbox 3371 5462 3531 5512; x_wconf 83' lang='lat' dir='ltr'><strong>ablu-</strong></span> 
     </span>
    </p>
   </div>
   <div class='ocr_carea' id='block_1_108' title="bbox 1965 5548 2062 5593">
    <p class='ocr_par' dir='ltr' id='par_1_108' title="bbox 1965 5548 2062 5593">
     <span class='ocr_line' id='line_1_109' title="bbox 1965 5548 2062 5593; baseline 0.01 -1"><span class='ocrx_word' id='word_1_674' title='bbox 1965 5548 2062 5593; x_wconf 77' lang='lat' dir='ltr'><strong>dit.</strong></span> 
     </span>
    </p>
   </div>
   <div class='ocr_carea' id='block_1_109' title="bbox 2037 5600 3528 5677">
    <p class='ocr_par' dir='ltr' id='par_1_109' title="bbox 2037 5600 3528 5677">
     <span class='ocr_line' id='line_1_110' title="bbox 2037 5600 3528 5677; baseline -0.009 -15"><span class='ocrx_word' id='word_1_675' title='bbox 2037 5612 2078 5641; x_wconf 85' lang='grc'><strong>¹⁶</strong></span> <span class='ocrx_word' id='word_1_676' title='bbox 2110 5609 2254 5662; x_wconf 54' lang='lat' dir='ltr'><strong>idem</strong></span> <span class='ocrx_word' id='word_1_677' title='bbox 2297 5624 2400 5662; x_wconf 79' lang='lat' dir='ltr'><strong>ms.</strong></span> <span class='ocrx_word' id='word_1_678' title='bbox 2434 5607 2655 5677; x_wconf 85' lang='lat' dir='ltr'><strong>Insuper</strong></span> <span class='ocrx_word' id='word_1_679' title='bbox 2687 5616 2882 5670; x_wconf 82' lang='lat' dir='ltr'><strong>autem,</strong></span> <span class='ocrx_word' id='word_1_680' title='bbox 2925 5612 2973 5657; x_wconf 86' lang='lat' dir='ltr'><strong>et</strong></span> <span class='ocrx_word' id='word_1_681' title='bbox 3001 5618 3169 5677; x_wconf 75' lang='lat' dir='ltr'><strong>usque</strong></span> <span class='ocrx_word' id='word_1_682' title='bbox 3206 5600 3274 5651; x_wconf 78' lang='lat' dir='ltr'><strong>arl</strong></span> <span class='ocrx_word' id='word_1_683' title='bbox 3322 5606 3528 5677; x_wconf 77' lang='lat' dir='ltr'><strong>noctem</strong></span> 
     </span>
    </p>
   </div>
   <div class='ocr_carea' id='block_1_110' title="bbox 1963 5671 3527 5745">
    <p class='ocr_par' dir='ltr' id='par_1_110' title="bbox 1963 5671 3527 5745">
     <span class='ocr_line' id='line_1_111' title="bbox 1963 5671 3527 5745; baseline -0.006 -13"><span class='ocrx_word' id='word_1_684' title='bbox 1963 5682 2367 5733; x_wconf 82' lang='lat' dir='ltr'><strong>emendavcrnnt</strong></span> <span class='ocrx_word' id='word_1_685' title='bbox 2402 5694 2503 5743; x_wconf 88' lang='lat' dir='ltr'><strong>me,</strong></span> <span class='ocrx_word' id='word_1_686' title='bbox 2534 5671 2641 5730; x_wconf 74' lang='lat' dir='ltr'><strong>etc.</strong></span> <span class='ocrx_word' id='word_1_687' title='bbox 2666 5690 2777 5743; x_wconf 84' lang='lat' dir='ltr'><strong>quo</strong></span> <span class='ocrx_word' id='word_1_688' title='bbox 2808 5689 2949 5729; x_wconf 79' lang='lat' dir='ltr'><strong>novo</strong></span> <span class='ocrx_word' id='word_1_689' title='bbox 2999 5671 3203 5745; x_wconf 73' lang='lat' dir='ltr'><strong>indicio</strong></span> <span class='ocrx_word' id='word_1_690' title='bbox 3238 5685 3389 5725; x_wconf 80' lang='lat' dir='ltr'><strong>mere</strong></span> <span class='ocrx_word' id='word_1_691' title='bbox 3417 5671 3527 5745; x_wconf 71' lang='lat' dir='ltr'><strong>Att-</strong></span> 
     </span>
    </p>
   </div>
   <div class='ocr_carea' id='block_1_111' title="bbox 1962 5742 3197 5819">
    <p class='ocr_par' dir='ltr' id='par_1_111' title="bbox 1962 5742 3197 5819">
     <span class='ocr_line' id='line_1_112' title="bbox 1962 5742 3197 5819; baseline -0.006 -18"><span class='ocrx_word' id='word_1_692' title='bbox 1962 5753 2313 5819; x_wconf 63' lang='lat' dir='ltr'><strong>gustiniuuus</strong></span> <span class='ocrx_word' id='word_1_693' title='bbox 2349 5766 2395 5816; x_wconf 70' lang='grc' dir='ltr'><strong>δι</strong></span> <span class='ocrx_word' id='word_1_694' title='bbox 2418 5742 2719 5817; x_wconf 69' lang='lat' dir='ltr'><strong>agi-aptium</strong></span> <span class='ocrx_word' id='word_1_695' title='bbox 2750 5760 2867 5798; x_wconf 68' lang='lat' dir='ltr'><strong>cs:c</strong></span> <span class='ocrx_word' id='word_1_696' title='bbox 2899 5759 2954 5797; x_wconf 85' lang='lat' dir='ltr'><strong>sc</strong></span> <span class='ocrx_word' id='word_1_697' title='bbox 2996 5742 3197 5812; x_wconf 87' lang='lat' dir='ltr'><strong>prodit.</strong></span> 
     </span>
    </p>
   </div>
  </div>
