3966 6184
438 381 541 444 147

1339 377 1400 438 S.
1437 378 1873 439 HIERONYMI
1917 380 2182 441 DlVlNA
2226 377 2763 439 BIBLIOTHECA.

3591 374 3689 436 148

506 494 730 565 PrOpter
755 493 849 547 hoc
875 492 1114 546 laetatum
1170 499 1246 544 est
1277 504 1368 543 cor
1398 508 1593 556 meum,
1632 503 1681 546 et
1728 492 2008 563 exsultavit
2040 499 2086 557 Α
2185 492 2415 559 Pr0pter
2457 490 2562 544 hoc
2613 490 2944 544 delectatum
2980 487 2998 517 ‘
3027 494 3108 541 est
3139 500 3234 542 cor
3267 501 3471 550 meum,
3504 502 3558 543 et
3590 504 3687 544 ex-

434 589 619 659 lingua
651 604 762 640 mea
794 600 851 641 σξ-
896 587 1113 653 insuper
1143 586 1164 654 ζ
1197 594 1244 639 et
1288 602 1411 640 caro
1459 602 1574 640 mea
1621 589 1908 657 requiescet
1956 588 2007 639 in

430 696 539 752 me.

503 773 766 839 Quoniam
811 786 912 826 non
973 768 1302 838 derelinques
1352 771 1590 824 animum
1624 786 1795 823 meam
1830 772 1885 822 in
1922 772 2006 823 in-

432 868 583 934 ferno
617 880 634 917 :
671 878 762 916 nec
812 860 961 913 dabis
1013 868 1256 913 sanctum
1293 870 1441 913 tuum
1489 860 1663 914 videre
1714 862 2007 929 corruptio-

432 974 571 1013 ιιεηι.

501 1048 670 1101 Notas
704 1046 835 1099 mihi
860 1045 1030 1115 fecisti
1060 1045 1170 1098 vias
1204 1046 1341 1109 t'itte,
1371 1044 1678 1114 adimplebis
1713 1060 1791 1097 me
1823 1042 2010 1097 lanitia

430 1122 547 1194 cum
578 1138 722 1193 vultu
757 1149 845 1192 tuo
870 1154 887 1192 :
917 1137 1285 1191 delectationes
1318 1138 1369 1189 in
1393 1137 1605 1193 dextera
1639 1147 1728 1189 tua
1759 1150 1816 1191 σε·
1854 1151 2015 1203 usque

436 1232 457 1300 ζ
494 1234 546 1283 in
584 1230 767 1298 ﬁnem.

2118 582 2340 637 sultavit
2377 583 2559 651 lingua
2594 595 2713 634 mea
2742 599 2754 636 :
2787 581 3013 650 insuper
3049 588 3102 633 et
3133 594 3262 633 caro
3298 594 3417 632 mea
3472 580 3695 647 requie-

2117 684 2233 731 scet
2265 676 2319 728 in
2347 691 2465 743 spe.

2188 766 2457 832 Quoniam
2497 782 2606 820 non
2642 766 2996 834 derelinques
3035 766 3272 818 animam
3308 779 3485 818 meam
3525 764 3578 817 in
3614 764 3695 816 in-

2114 852 2428 929 lerno'[ms.
2464 856 2768 929 infernum]
2805 873 2907 912 nec
2967 855 3095 928 [ms.
3130 855 3334 926 uequel
3382 856 3541 911 dabis
3570 872 3695 910 san-

2114 958 2267 1005 ctum
2300 960 2454 1003 tuum
2489 948 2678 1002 videre
2700 948 3129 1017 corruptionem.

2185 1040 2351 1095 Notas
2384 1040 2515 1093 mihi
2556 1039 2735 1095 fecisti
2788 1039 2905 1093 vias
2944 1039 3091 1100 vitae,
3126 1038 3451 1108 adimplehis
3478 1053 3562 1091 me
3593 1038 3689 1091 la:-

2116 1132 2234 1186 titia
2292 1147 2417 1186 cum
2451 1132 2607 1185 vultu
2666 1142 2761 1186 tuo
2805 1151 2817 1185 :
2857 1131 3253 1187 delectationes
3304 1132 3323 1162 ³
3378 1131 3433 1191 in
3468 1131 3691 1185 dextera

2121 1236 2234 1291 tua,
2267 1239 2442 1297 usque
2485 1225 2538 1278 in
2580 1224 2767 1279 linem.

1794 1382 2038 1442 PSALM
2052 1382 2145 1441 US
2184 1382 2339 1444 XVI.

1024 1491 1216 1528 ORATIO
1251 1488 1428 1528 DAVID.

578 1568 657 1620 Ea:
701 1569 723 1635 ζ
760 1566 918 1629 audi,
955 1565 1195 1627 Domine,
1245 1566 1516 1634 justitiam
1558 1577 1617 1617 οξ-
1648 1579 1815 1616 meam
1866 1564 1889 1632 ζ
1926 1565 2009 1615 in-

436 1663 581 1715 tende
600 1660 1019 1728 deprecationem
1043 1672 1234 1710 meam.

2471 1486 2663 1526 omne
2688 1487 2845 1526 nsvm
2873 1470 2997 1544 [ms.
3024 1487 3122 1527 IPSI
3150 1472 3353 1545 nsvm].

2185 1562 2416 1627 Exaudi,
2482 1562 2708 1617 Domine
2740 1560 2861 1634 [ms.
2898 1562 3085 1633 Deus],
3131 1565 3403 1633 justitiam
3451 1580 3626 1619 meam
3672 1585 3687 1621 :

2114 1653 2339 1711 intende
2375 1655 2752 1724 deprecationi
2792 1670 2946 1709 mese.

507 1747 738 1801 Auribus
766 1747 973 1815 percipe
1019 1747 1310 1799 orationem
1348 1761 1519 1798 ineam
1545 1762 1564 1798 :
1611 1762 1713 1798 non
1759 1746 1812 1798 in
1855 1743 2011 1797 labiis
2044 1748 2085 1803 Β
2190 1748 2435 1801 Auribus
2468 1748 2688 1815 percipe
2718 1749 3029 1801 orationem
3059 1762 3258 1812 meam,
3297 1762 3403 1803 non
3438 1750 3492 1803 in
3524 1748 3693 1804 labiis

435 1840 650 1894 dolosis.
684 1868 693 1881 ι

506 1932 587 1984 De
617 1930 765 1984 vultu
806 1931 1178 2000 tuojudicium
1220 1946 1390 1984 meum
1445 1933 1664 2000 prodeat
1694 1948 1712 1984 :
1746 1931 1883 1984 oculi
1931 1932 2008 1982 tui

434 2026 645 2076 uideant
678 2023 975 2086 cequitates.

510 2113 760 2168 Probasti
802 2131 893 2169 cor
933 2131 1104 2168 meum
1154 2130 1215 2170 -ι-
1251 2125 1298 2169 et
1331 2116 1353 2185 ζ
1403 2115 1627 2169 visitasti
1660 2123 1805 2169 nocte
1838 2133 1850 2167 :
1893 2116 2012 2181 igne

437 2205 891 2274 mezeminasﬁ,
927 2216 975 2259 et
1006 2222 1114 2259 non
1143 2217 1218 2261 est
1261 2208 1473 2261 inventa
1508 2211 1562 2259 in
1616 2224 1696 2260 me
1735 2209 2008 2277 iniquitas.

511 2300 572 2355 Ut
596 2316 698 2354 non
743 2302 993 2370 loquatur
1023 2317 1076 2353 os
1129 2314 1302 2353 meum
1332 2316 1494 2369 Opera
1541 2300 1809 2353 hominum
1841 2313 1858 2351 :
1891 2316 2012 2369 pro-

439 2402 551 2460 pter
584 2393 736 2447 verba
773 2393 1037 2447 labiorum
1066 2402 1303 2454 tuorum,
1341 2406 1434 2460 ego
1466 2391 1721 2447 custodioi
1750 2392 1861 2443 vias
1911 2392 2014 2442 du-

440 2505 548 2541 γαε.

510 2558 713 2625 Perﬁce
777 2573 987 2629 gressus
1051 2572 1189 2610 meos
1246 2557 1300 2608 in
1361 2558 1556 2609 semitis
1598 2557 1700 2609 tuis
1750 2571 1768 2612 :

442 2658 746 2711 moveantur
781 2651 994 2718 vestigia
1032 2665 1169 2702 mea.

514 2739 626 2811 ligo
653 2740 903 2803 clamavi,
944 2742 1197 2810 quoniam
1243 2740 1507 2793 exaudisti
1556 2755 1655 2805 me,
1714 2738 1849 2794 Deus
1882 2757 1899 2793 :
1936 2742 2019 2793 in-

441 2829 581 2893 clina
606 2846 787 2883 aurem
823 2839 969 2882 tuam
998 2829 1127 2882 milii
1162 2844 1223 2883 οε-
1265 2836 1315 2882 et
1347 2828 1455 2896 ex:
1487 2830 1613 2884 audi
1642 2830 1795 2883 verba
1838 2847 1953 2886 mea
1979 2832 2014 2883 ‘.

513 2919 744 2989 Miriﬁca
767 2921 1158 2977 misericordias
1191 2928 1337 2986 tuas,
1360 2934 1423 2977 σε·
1458 2922 1549 2991 qui
1587 2921 1610 2990 ζ
1646 2927 1821 2976 salvos
1856 2924 2019 2991 facies

443 3025 709 3083 sperantes
746 3029 806 3069 σε·
848 3017 899 3066 in
934 3024 982 3067 te
1014 3013 1037 3080 ζ

1814 2562 1869 2607 ut
1912 2571 2013 2607 non

504 3107 554 3179 ΑΔ
582 3107 943 3160 resistentibus
988 3107 1218 3160 dexteras
1256 3116 1357 3160 tua:
1387 3108 1590 3163 custodi
1614 3123 1717 3174 me,
1763 3117 1817 3162 ut
1846 3108 2018 3180 pupil-
2044 3105 2087 3163 C

445 3198 551 3251 lam
591 3196 747 3253 oculi.

514 3291 621 3343 Sub
659 3290 846 3344 umbra
880 3289 1093 3345 alarum
1147 3299 1359 3345 tuarum
1404 3302 1615 3362 protege
1657 3307 1758 3356 me,
1802 3309 1833 3345 a
1882 3291 2017 3362 facie

446 3384 752 3452 impiorum,
790 3384 879 3452 qui
912 3398 991 3436 me
1019 3382 1341 3451 afﬂixerunt.

517 3477 732 3551 Inimici
766 3477 865 3530 mei
894 3478 1133 3531 animam
1161 3493 1331 3531 meam
1362 3478 1817 3533 circumdederunt
1856 3495 1871 3532 :
1904 3480 2019 3532 adi-

448 3583 560 3631 pem
617 3584 767 3620 suum
808 3565 1179 3639 concluserunt
1226 3582 1244 3621 .'
1318 3584 1373 3620 os
1429 3584 1608 3621 eorum
1666 3568 1896 3621 locutum
1943 3579 2017 3622 est

448 3658 761 3729 superbiam.

519 3750 874 3821 Projicientes
906 3766 1003 3813 me.
1030 3765 1168 3803 nunc
1193 3751 1644 3804 circumdederunt
1678 3768 1758 3805 me
1791 3767 1809 3805 :
1844 3752 2021 3806 oculos

450 3862 564 3907 suos
598 3852 897 3898 statuerunt
927 3843 1195 3897 declinare
1232 3848 1285 3898 in
1322 3855 1542 3900 terram.

519 3938 876 4009 Susceperunt
915 3954 1014 4001 me,
1055 3941 1188 3992 sicut
1236 3939 1316 3992 leo
1362 3951 1584 4010 paratus
1625 3942 1694 3993 ad
1740 3942 2021 4011 prtedam:

450 4044 496 4095 et
526 4034 661 4086 sicut
693 4030 900 4084 catulus
926 4030 1090 4083 leonis
1122 4031 1367 4085 habitans
1401 4033 1452 4085 in
1489 4034 1701 4087 abditis.

526 4139 581 4180 οε-
620 4125 699 4177 Ea:
747 4126 768 4193 ζ
827 4138 1004 4192 surge,
1057 4120 1305 4197 Domine,
1344 4126 1574 4189 praveni
1629 4140 1768 4189 eum,
1815 4133 1864 4176 et
1900 4140 2024 4194 sup-

450 4219 635 4286 planta
674 4233 814 4280 eum,
851 4218 993 4287 eripe
1023 4217 1259 4287 animam
1311 4232 1479 4269 meam
1536 4216 1600 4269 ab
1641 4218 1804 4286 impio
1851 4234 1868 4271 .'
1908 4217 2023 4285 fra-

451 4331 620 4367 meam
652 4324 797 4381 tuam
823 4315 889 4366 ab
924 4309 1149 4365 inimicis
1181 4327 1370 4377 manus
1404 4320 1524 4375 tute.

520 4405 768 4471 Domine,
822 4423 854 4458 a
900 4405 1082 4474 paucis
1138 4405 1200 4457 de
1254 4412 1398 4457 terra
1440 4402 1613 4457 divide
1665 4419 1750 4457 eos
1804 4407 1859 4458 in
1915 4404 2025 4460 vita

449 4514 671 4553 eorum:
711 4500 773 4562 de
809 4497 1121 4552 absconditis
1152 4497 1255 4549 tuis
1286 4496 1601 4564 adimpletus
1632 4495 1728 4568 (al.
1771 4497 2019 4569 repletus]

451 4603 524 4644 εει
556 4601 731 4651 venter
759 4604 958 4644 eorum.

528 4681 774 4735 Saturati
804 4688 928 4733 sunt
961 4678 1091 4747 ﬁliis
1111 4742 1117 4747 _
1139 4692 1159 4733 :
1190 4686 1237 4731 et
1275 4677 1585 4733 dimiserunt
1617 4680 1870 4751 reliquias
1899 4698 2022 4737 suas

454 4772 689 4845 parvulis
721 4773 853 4845 suis.
1744 4766 1749 4773 ’

533 5030 547 5058 ⁸
592 5029 793 5087 lterum
820 5030 910 5084 hic
942 5038 999 5084 et
1030 5028 1099 5084 ad
1132 5028 1406 5083 decimum
1444 5024 1665 5078 tertium
1710 5038 1931 5077 versum
1969 5022 2024 5074 in

457 5100 582 5154 libri
611 5100 735 5152 albo
771 5100 1005 5155 Palatin.
1047 5100 1168 5169 plus
1219 5100 1384 5153 habet
1419 5092 1740 5169 Diapsalma
1776 5110 1792 5146 :
1836 5100 2032 5169 carent.

458 5186 587 5223 vero
617 5185 742 5223 cum
778 5172 916 5238 ipse,
968 5163 1080 5224 tum
1125 5168 1321 5233 Carus,
1357 5185 1443 5230 eo,
1501 5165 1595 5233 Qui
1647 5163 2029 5232 subsequitur,

456 5241 636 5294 obolo.

526 5313 545 5341 ‘
577 5310 778 5364 Iterum
819 5327 884 5365 ex
926 5310 1214 5381 Augmtini
1267 5306 1553 5381 Psalterio,
1586 5318 1819 5381 quocum
1874 5302 2035 5365 unice

456 5383 584 5436 facit
619 5381 946 5435 Veronensis
986 5372 1136 5439 ὠά..
1158 5380 1521 5447 jucundatum’
1557 5390 1656 5442 pro
1689 5372 2029 5447 delecta-tum.

439 5460 461 5475 ‘
523 5454 543 5483 ³
581 5453 769 5506 Denuo
809 5450 877 5505 ad
911 5452 1139 5505 verbum
1158 5440 1293 5521 ﬁcum
1362 5464 1472 5500 uno
1513 5440 1816 5521 augustino
1864 5440 2033 5494 Vero-

457 5539 611 5595 nens.
648 5524 810 5577 habet
846 5536 949 5595 ms.
981 5519 1178 5595 minori
1209 5534 1457 5581 numero,
1490 5514 1790 5595 delectatio.

526 5592 547 5622 ’⁵
589 5593 783 5657 Palat.,
817 5593 908 5661 qui
941 5593 1104 5644 etiam
1133 5603 1317 5661 curn-Aa
1340 5584 1554 5661 eaeteris
1581 5582 1862 5661 omnibus,
1896 5597 2034 5661 ιιιιιι-

457 5679 617 5733 quam
662 5666 730 5717 ab
771 5651 1080 5730 'Atigustino
1110 5657 1342 5722 abludit,
1375 5655 1453 5707 Ad
1490 5651 1837 5724 perﬁciendos
1900 5651 2030 5718 legit

478 5750 557 5785 H'U
588 5749 794 5785 ιη’νηιὶε.

546 5753 557 5782 ι
602 5749 615 5780 l
651 5750 675 5783 r
719 5752 743 5783 (ἰ
781 5772 794 5785 .

458 5750 549 5833 ι)Γὶ
674 5733 776 5855 tirio:
802 5817 858 5855 se
889 5798 1345 5869 Augustiniattutn
1369 5794 1877 5867 probatVeronens.
1901 5790 2024 5845 cod.

2115 1838 2351 1901 dolosis;
2384 1840 2451 1893 de
2475 1839 2596 1910 Lais.
2622 1836 2677 1910 a]
2712 1840 2864 1892 vultu
2906 1841 3289 1909 tuojudicium
3340 1856 3522 1896 meum
3563 1858 3699 1914 pro-

2115 1930 2281 1983 deat:
2324 1930 2471 1984 oculi
2507 1930 2611 1983 mei
2650 1930 2873 1984 videant
2900 1933 3238 2000 aequitatem.

2186 2108 2441 2164 Probasti
2483 2125 2577 2164 cor
2610 2125 2815 2176 meum,
2846 2121 2901 2165 et
2943 2113 3179 2167 visitasti
3207 2122 3361 2167 nocte
3399 2131 3412 2167 :
3448 2113 3571 2181 igne
3606 2128 3701 2168 me

2116 2200 2447 2254 examinasti
2500 2218 2513 2255 :
2572 2208 2626 2253 et
2668 2216 2776 2253 non
2809 2213 2892 2255 est
2939 2203 3157 2256 inventa
3190 2204 3243 2256 in
3279 2218 3365 2258 me
3410 2204 3697 2272 iniquitas.

2190 2290 2261 2345 Ut
2311 2306 2416 2343 non
2469 2290 2722 2358 loquatur
2766 2306 2827 2345 os
2877 2306 3058 2345 meum
3115 2308 3280 2362 opera
3336 2294 3613 2346 hominum
3681 2309 3697 2346 :

2119 2392 2340 2452 propter
2370 2384 2534 2436 verba
2571 2382 2845 2438 labiorum
2881 2394 3122 2449 tuorum,
3148 2400 3247 2455 ego
3277 2384 3543 2440 custodivi
3579 2385 3701 2440 vias

2118 2474 2306 2528 duras.

2194 2568 2396 2621 Perﬁce
2430 2566 2451 2597 ⁸
2476 2582 2694 2635 gressus
2734 2582 2884 2623 meos
2928 2570 2982 2621 in
3010 2570 3220 2622 semitis
3264 2570 3369 2623 tuis

2122 2668 2447 2713 moveantur
2481 2657 2709 2727 vestigia
2739 2672 2880 2712 mea.

2196 2748 2308 2819 Ego
2336 2749 2590 2813 clamavi,
2625 2752 2884 2817 quoniam
2925 2751 3196 2806 exaudisti
3232 2767 3336 2817 me,
3370 2753 3513 2806 Deus
3551 2767 3565 2803 :
3612 2752 3701 2806 in-

2124 2842 2264 2903 clina
2303 2856 2492 2895 aurem
2526 2852 2675 2895 tuam
2709 2841 2868 2903 mihi,
2902 2852 2956 2894 et
2989 2842 3185 2895 exaudi
3222 2842 3385 2897 verba
3411 2856 3551 2895 mea.

2198 2932 2424 2987 Miritica
2481 2933 2893 2989 misericordias
2944 2943 3129 2997 tuas:
3192 2935 3284 3000 qui
3326 2934 3506 2989 salvos
3559 2933 3703 2989 facis

2126 3036 2408 3097 sperantes
2441 3026 2495 3079 in
2531 3034 2603 3091 te,
2635 3042 2663 3079 a
2705 3028 3091 3082 resistentibus
3120 3028 3358 3082 dexterae
3391 3038 3511 3083 tuae.

2204 3119 2428 3174 Custodi
2464 3134 2573 3180 me,
2605 3118 2834 3172 Domine
2888 3119 3012 3191 [ms.
3050 3130 3156 3175 tae.
3192 3119 3463 3190 Domine],
3502 3130 3560 3172 ut
3600 3133 3703 3184 pu-

2124 3210 2309 3280 pillam
2343 3209 2487 3264 oculi
2523 3225 2537 3260 :
2570 3207 2673 3262 sub
2710 3210 2901 3262 umbra
2925 3210 2945 3239 ⁵
2978 3208 3185 3262 alarum
3223 3218 3436 3262 tuarum
3477 3214 3707 3274 prulcge

2124 3315 2234 3363 me.
2260 3315 2288 3352 a
2317 3299 2456 3355 facie
2491 3299 2808 3369 impiorum,
2842 3300 2936 3369 qui
2963 3314 3048 3355 me
3080 3298 3409 3355 amiserunt.

3421 2584 3434 2619 Ζ
3484 2579 3541 2623 Ill
3586 2585 3699 2624 non

2198 3480 2412 3538 Inimici
2438 3481 2543 3535 mei
2573 3480 2811 3535 animam
2844 3496 3018 3536 meam
3050 3481 3554 3547 circumdederunt,
3576 3480 3704 3533 adi-

2128 3587 2248 3642 pem
2283 3585 2443 3631 suum
2495 3570 2887 3626 coneluseruut
2930 3585 3038 3626 :os
3086 3584 3276 3624 eorum
3322 3569 3565 3624 locutum
3613 3577 3706 3623 est

2131 3662 2466 3732 superbiam.

2201 3754 2560 3821 l’rojicientes
2591 3770 2676 3809 me
2735 3771 2881 3810 nunc
2901 3752 3384 3809 circumdederunt
3417 3767 3501 3807 me
3528 3768 3543 3807 :
3576 3767 3711 3809 ocu-

2128 3845 2212 3899 los
2242 3858 2369 3899 suos
2397 3853 2708 3899 statuerunt
2736 3843 3011 3899 declinare
3046 3845 3099 3898 in
3128 3854 3349 3899 terram.

2204 3937 2579 4004 Susceperunt
2621 3951 2726 3999 me,
2762 3937 2906 3989 sicut
2938 3936 3025 3990 leo
3059 3945 3280 4005 paratus
3305 3933 3372 3988 ad
3416 3932 3655 4003 praedam
3692 3948 3709 3987 :

2130 4039 2187 4084 et
2220 4030 2363 4084 sicut
2397 4031 2615 4084 catulus
2646 4029 2824 4082 leonis
2854 4029 3105 4085 habitans
3147 4030 3201 4083 in
3229 4028 3433 4084 abditis
3453 4028 3495 4084 ⁸.

2205 4122 2473 4189 Exsurge,
2507 4120 2758 4185 Domine,
2791 4120 3033 4189 praeveni
3062 4135 3181 4178 eos.
3213 4120 3541 4174 etsubverte
3569 4134 3709 4174 eos:

2133 4216 2286 4284 eripe
2319 4216 2559 4267 animam
2596 4228 2774 4267 tneam
2809 4212 2879 4267 ab
2915 4213 3107 4282 impio,
3151 4212 3413 4269 frameam
3452 4212 3713 4268 inimicm

2135 4322 2256 4361 rum
2293 4307 2360 4360 de
2390 4322 2551 4360 tnanu
2582 4319 2692 4361 tua.

2210 4398 2461 4464 Domine,
2496 4416 2526 4452 a
2584 4400 2794 4468 paucis,
2840 4417 2872 4456 a
2922 4411 3068 4456 terra
3117 4403 3411 4473 dispertire
3461 4419 3556 4458 eos
3602 4418 3618 4457 :
3656 4415 3711 4457 et

2134 4487 2428 4558 supplauta
2458 4504 2573 4553 eos,
2609 4488 2667 4543 in
2690 4488 2801 4544 vita
2835 4490 3137 4560 ipsorum’.

2208 4675 2284 4730 De
2312 4676 2645 4731 absconditis
2671 4676 2778 4731 tuis
2805 4677 3138 4745 adimpletus
3160 4682 3243 4729 est
3270 4684 3462 4729 venter
3480 4688 3672 4728 eorum
3695 4691 3712 4730 :

2132 4770 2365 4824 saturati
2396 4778 2523 4823 sunt
2552 4768 2805 4839 porcina,
2856 4781 2911 4825 et
2950 4768 3312 4840 reliquerunt,
3345 4780 3465 4836 qua:
3519 4781 3715 4836 super-

2136 4863 2378 4930 fuerunt,
2412 4862 2657 4930 parvulis
2689 4866 2825 4919 suis.

2132 5022 2277 5089 quod
2309 5024 2364 5075 in
2404 5020 2630 5093 tegmine
2658 5036 2760 5091 pro
2785 5020 2880 5075 sub
2913 5020 3121 5087 umbra,
3155 5033 3278 5073 cum
3301 5020 3417 5075 solo
3439 5020 3571 5090 legit
3600 5025 3717 5075 Au-
3770 5030 3773 5033 ‘

2132 5095 2379 5159 gusﬁno.

2213 5163 2232 5193 '
2277 5163 2427 5216 Idem
2465 5161 2627 5214 unice
2653 5160 2808 5228 juxta
2841 5161 3236 5229 Augustinum,
3272 5162 3327 5213 in
3365 5160 3620 5215 occultis:
3656 5170 3721 5214 ιιι

2136 5240 2194 5285 t-t
2238 5249 2366 5286 mox
2411 5248 2554 5295 erue,
2584 5241 2639 5287 et,
2670 5230 2735 5282 ab
2788 5231 2981 5297 impiis,
3014 5244 3112 5298 pro
3149 5230 3310 5297 eripe,
3341 5240 3394 5284 et
3433 5232 3497 5284 ab
3528 5233 3715 5297 impio.

2136 5302 2370 5366 Caetera,
2400 5302 2681 5354 Frameam
2713 5308 2861 5352 luant
2885 5299 2947 5352 ab
2972 5300 3194 5353 inimicis
3216 5315 3403 5353 manus
3429 5310 3551 5366 tute,
3582 5318 3719 5355 con-

2134 5374 2330 5426 uiuunt
2363 5382 2419 5425 el
2450 5370 2752 5426 Gallicana.

2205 5444 2224 5473 ⁷
2282 5441 2473 5495 Τίιιᾱει
2519 5442 2714 5494 eadem
2774 5440 3123 5494 continenter
3183 5450 3457 5509 repetere,
3510 5450 3566 5493 et
3627 5449 3720 5493 est

2133 5523 2317 5566 tamen
2373 5513 2461 5564 hic
2511 5511 2700 5565 eadem
2743 5510 3071 5564 Veronensis
3115 5510 3239 5561 cod.
3290 5522 3344 5563 et
3391 5511 3715 5572 Augustini,

2130 5598 2251 5651 qusu
2306 5597 2335 5633 a
2373 5583 2596 5650 reliquis
2648 5581 2911 5634 omnibus
2960 5582 3163 5651 variat,
3203 5582 3364 5634 lectio
3407 5596 3419 5632 :
3470 5580 3717 5641 Domine,

2129 5650 2353 5719 perdens
2395 5651 2457 5703 de
2514 5663 2676 5716 terra,
2714 5650 2993 5720 dispertire
3032 5665 3116 5701 eos
3149 5650 3202 5702 in
3243 5658 3347 5705 vita
3382 5666 3583 5704 eorum.
3646 5652 3723 5702 Et

2127 5725 2212 5787 de,
2244 5733 2357 5775 etc.
