4050 6184
258 445 363 509 li’)

339 560 450 630 Ego
483 574 543 613 ·ἰν-
580 567 754 616 autem
808 563 827 630 ζ

261 666 357 709 tuo
395 656 699 717 :satiabor,
737 669 851 707 cum
887 655 1199 723 apparuerit
1230 652 1402 721 gloria
1439 665 1551 705 tua.

1520 450 1751 509 LIBER
1798 452 2293 512 PSALMORUH.

809 563 829 631 ζ
880 564 932 614 in
980 561 1200 631 justitia
1252 562 1515 630 apparebo
1552 564 1851 630 conspectui
1884 568 1928 625 Α
2031 561 2142 629 Ego
2170 570 2351 615 autem
2402 576 2521 615 cum
2567 562 2776 634 justiiia
2834 559 3114 631 apparebo
3149 560 3203 616 in
3237 571 3534 630 conspectu

3428 450 3551 513 150.

1959 665 2053 706 tuo
2097 672 2109 705 :
2148 652 2388 707 satiabor
2408 661 2453 716 ⁸,
2484 654 2612 707 dum
2646 653 3096 709 inanifestabilur
3123 652 3298 723 gloria
3332 662 3443 706 tua.

1612 863 1965 922 PSALMUS
2018 864 2205 922 XVII.

268 1012 320 1049 tu
378 1008 560 1056 manu,
601 1006 780 1049 ινσεΒο
834 1007 1022 1048 nomint
1074 1011 1256 1057 ωηο,
1308 1011 1424 1057 thr:
1473 1010 1707 1049 LOCL’TIYS
1753 1011 1845 1049 es'r

339 1102 522 1141 Dt‘ItNi
559 1102 726 1139 \ERBA
778 1101 989 1139 CANTILI
1047 1100 1226 1151 RL’JUS,
1273 1102 1323 1139 IN
1365 1101 1449 1140 ωε
1488 1102 1590 1147 QL’A
1632 1101 1843 1139 EIUPUIT

339 1193 445 1231 SD!
483 1193 719 1232 DOIINUS
754 1194 821 1231 DE
872 1195 1015 1232 IANU
1056 1193 1260 1232 OSINlUlI
1310 1194 1632 1233 lNIﬂlCOlllTM
1689 1194 1807 1231 ΕΗ]ὶῦ
1835 1222 1845 1238 ,

342 1283 407 1321 ετ
447 1282 511 1319 ne
547 1283 693 1322 uno
740 1284 892 1332 sane,
936 1285 1002 1321 ετ
1035 1285 1185 1323 oixrr
1240 1271 1275 1324 ':

346 1481 578 1552 Diligam
628 1490 699 1544 te,
759 1481 999 1544 Domine,
1058 1485 1310 1553 fortitudo
1360 1501 1472 1536 mea
1525 1499 1542 1537 :
1597 1482 1850 1535 Dominus

271 1570 668 1635 ﬁrmamentum
701 1584 896 1633 meum,
926 1579 974 1622 et
1012 1571 1274 1641 refugium
1301 1588 1492 1635 meum,
1523 1582 1570 1626 et
1600 1572 1852 1625 liberator

275 1678 440 1714 meus.

350 1751 492 1804 Deus
519 1769 687 1817 meus,
713 1754 929 1818 adiutor
971 1770 1135 1819 meus,
1175 1766 1222 1808 et
1246 1757 1467 1823 sperabo
1501 1755 1553 1806 in
1587 1771 1727 1808 eum.

354 1843 633 1898 Protector
670 1864 833 1908 meus,
886 1857 931 1897 et
982 1863 1147 1899 cornu
1182 1848 1377 1900 salutis
1436 1863 1581 1911 meaz,
1632 1860 1692 1901 +
1734 1857 1781 1899 et
1832 1849 1851 1915 ζ

278 1947 552 2004 susceptor
588 1955 759 1992 meus.

354 2028 612 2081 Lundans
644 2032 895 2084 invocabo
928 2029 1212 2084 Dominum
1241 2046 1258 2084 :
1286 2039 1334 2083 et
1378 2030 1440 2084 ab
1475 2030 1701 2084 inimicis
1735 2030 1860 2083 meis

283 2122 458 2173 sulcus
485 2137 574 2173 ero
593 2125 635 2175 ¹.

353 2213 835 2268 Circumdederunt
872 2231 953 2267 me
994 2214 1201 2268 dolores
1237 2214 1421 2268 mortis
1458 2231 1475 2268 :
1508 2224 1557 2267 et
1604 2223 1861 2267 torrentes

287 2306 582 2373 iniquitatis
606 2307 1047 2361 conturbauerunt
1078 2324 1176 2359 me.

356 2398 577 2453 Dolores
616 2400 814 2468 inferni
862 2400 1321 2453 circumdederunt
1360 2415 1438 2452 me
1474 2414 1860 2467 :prwoccupa-

288 2504 467 2541 rerum
504 2506 583 2542 me
616 2492 792 2560 laquei
828 2494 1034 2545 mortis.

359 2596 421 2636 4-
446 2581 465 2610 ⁸
506 2581 570 2634 Et
602 2582 622 2649 ζ
650 2585 702 2636 in
733 2584 1073 2637 tribulatione
1100 2600 1213 2638 mea
1237 2585 1255 2614 ⁵
1282 2584 1518 2637 invocavi
1547 2582 1864 2637 Dominum:

289 2681 334 2724 et
367 2673 439 2723 ad
473 2672 635 2726 Deum
672 2690 841 2727 meum
875 2676 1122 2730 clamavi.

361 2779 427 2818 ιιι-
473 2762 541 2816 Et
582 2781 645 2817 ea:
692 2767 714 2835 ζ
753 2767 950 2820 audivit
986 2770 1050 2819 de
1097 2766 1289 2837 templo
1332 2779 1418 2822 ωε·
1455 2776 1640 2819 sancto
1698 2764 1719 2831 ζ
1773 2779 1869 2816 suo

292 2875 462 2911 vocent
500 2876 693 2921 meum,
732 2868 779 2911 et
811 2861 1015 2913 clamor
1055 2877 1199 2913 meus
1235 2862 1288 2913 in
1332 2868 1608 2927 conspectu
1638 2858 1751 2928 ejus
1786 2858 1869 2909 in-

292 2954 471 3005 troibit
507 2954 560 3006 in
587 2971 741 3006 aures
768 2956 904 3023 ejus.

359 3051 636 3099 Lam-mota
662 3055 759 3112 est,
794 3056 840 3100 et
865 3047 1177 3101 contremuit
1207 3056 1349 3099 terra
1388 3063 1400 3099 :
1438 3052 1486 3097 et
1519 3043 1869 3114 fundamenta

295 3142 552 3191 montium
576 3141 889 3193 conturbata
918 3148 1039 3193 sunt
1068 3150 1114 3194 et
1143 3148 1406 3195 commota
1443 3145 1590 3200 sunt,
1624 3134 1870 3206 quoniam

300 3235 465 3285 iratus
491 3243 567 3284 est
599 3246 661 3286 σι-
691 3234 784 3285 eis.

1952 1015 2003 1051 LV
2048 1015 2229 1062 FINEU,
2269 1016 2438 1055 PUERO
2475 1017 2685 1063 DOHINI,
2740 1016 2922 1063 DAVID,
2956 1017 3040 1064 om
3077 1000 3200 1072 [πυ.
3244 1014 3342 1052 IPSI
3380 1014 3534 1052 omn

2025 1088 2167 1161 ρυμε]
2223 1106 2461 1148 LOCUTUS
2510 1110 2603 1147 EST
2661 1110 2725 1146 AD
2790 1109 3030 1147 DOMINUM
3098 1106 3265 1145 νειιω
3324 1106 3535 1143 CANTICI

2027 1199 2205 1243 nctus.
2254 1200 2303 1238 IN
2337 1199 2423 1240 me
2460 1201 2561 1247 oua
2605 1200 2824 1239 emetur
2856 1184 2978 1254 [nts.
3014 1182 3199 1252 enoi'rI
3236 1198 3337 1235 non
3376 1198 3529 1234 noui-

2029 1291 2125 1329 nos
2165 1291 2232 1330 oe
2268 1293 2407 1331 MA‘NU
2440 1293 2568 1332 sset.
2604 1277 2706 1348 [ms
2737 1294 2850 1329 cum
2891 1274 3113 1345 Gallia]
3168 1290 3233 1328 ετ
3272 1290 3337 1326 ne
3398 1289 3537 1327 uaso

2027 1382 2227 1423 ΟΜΝΙΕΜ
2267 1385 2586 1425 ιΝιιιιεοιιωι
2616 1384 2736 1424 ειυς
2765 1383 2833 1421 ΕΤ
2869 1384 3019 1422 ωιιτ
3061 1385 3072 1418 τ

2033 1505 2265 1574 Diligam
2300 1514 2374 1572 te,
2406 1506 2659 1571 Domine,
2698 1508 2871 1561 virtus
2901 1520 3020 1560 mea
3054 1522 3067 1559 :
3110 1503 3374 1557 Dominus
3410 1500 3533 1573 [ms.

1960 1592 2243 1664 Domine],
2272 1594 2677 1650 ﬁrmamentum
2708 1610 2887 1649 meum
2915 1603 2970 1649 et
2994 1591 3286 1663 :reingium
3330 1607 3534 1645 meum.

2034 1687 2102 1740 Et
2149 1686 2411 1741 liberator
2443 1702 2617 1749 meus.
2664 1688 2807 1742 Deus
2860 1702 3017 1741 meus
3069 1702 3083 1739 :
3130 1686 3348 1755 adjutor
3384 1699 3538 1738 mens

1957 1777 2193 1846 sperabo
2228 1778 2280 1829 in
2314 1792 2466 1831 eum.

2028 1868 2314 1924 Protector
2356 1885 2529 1933 meus,
2565 1879 2617 1923 et
2664 1885 2836 1925 cornu
2881 1869 3075 1923 salutis
3132 1882 3285 1930 mea»,
3324 1865 3546 1933 adiutor

1893 1998 1934 2053 Β
1966 1976 2119 2015 meus
2141 1963 2158 1991 ⁷
2197 1981 2210 2015 :
2245 1961 2475 2016 laudans
2498 1960 2775 2016 invocabo
2800 1959 3115 2023 Dominum,
3137 1966 3190 2011 et
3211 1957 3279 2009 ab
3308 1953 3548 2009 inimicis

1968 2056 2105 2112 meis
2133 2056 2318 2110 salvus
2348 2072 2464 2111 ero.

2039 2235 2537 2292 Circumdederunt
2564 2252 2649 2291 me
2688 2235 2929 2306 gemitus
2964 2234 3089 2305 [ms.
3121 2229 3362 2301 dolores]
3397 2244 3543 2284 mor-

1968 2328 2036 2381 tis
2084 2339 2097 2382 :
2138 2336 2192 2381 et
2245 2335 2518 2381 torrentes
2576 2327 2884 2397 iniquitatis
2928 2324 3399 2380 conturbaverunt
3436 2338 3545 2375 me.

2039 2418 2266 2473 Dolores
2294 2418 2493 2473 inferni
2524 2418 3009 2473 circumdederunt
3041 2431 3127 2471 me
3165 2434 3179 2469 :
3207 2423 3261 2470 et
3284 2415 3407 2485 ints.
3438 2420 3544 2466 tac.

1968 2508 2046 2581 et]
2083 2518 2466 2578 praevenerunt
2497 2523 2584 2564 me
2608 2508 2788 2578 laquei
2827 2507 3044 2562 mortis.

2047 2599 2112 2653 Et
2159 2600 2213 2653 in
2269 2600 2622 2655 tribulatione
2670 2600 2793 2671 [τηε.
2829 2598 3113 2671 pressura]
3147 2615 3266 2654 mea
3306 2597 3553 2654 invocavi

1972 2691 2264 2747 Dominum
2296 2709 2309 2746 :
2340 2700 2398 2746 et
2426 2693 2493 2745 ad
2519 2690 2691 2747 Deum
2722 2707 2902 2748 meum
2935 2692 3192 2747 clamavi.

2044 2782 2109 2837 Et
2170 2780 2472 2849 exaudivit,
2547 2782 2614 2835 de
2674 2784 2882 2851 templo
2938 2794 3129 2837 sancto
3177 2798 3300 2849 suo,
3357 2799 3547 2840 vocem

1974 2889 2173 2941 meam,
2206 2881 2264 2928 et
2294 2874 2502 2928 clamor
2542 2887 2699 2927 meus
2746 2873 2800 2927 in
2829 2884 3127 2944 conspectu
3193 2876 3311 2944 ejus
3356 2877 3555 2930 introi-

1973 2964 2055 3017 vit
2089 2964 2146 3018 in
2182 2977 2345 3016 aures
2373 2964 2512 3031 ejus.

2050 3054 2114 3109 Et
2144 3060 2416 3108 commota
2466 3064 2573 3115 est,
2627 3062 2682 3106 et
2743 3054 3078 3106 contremuit
3127 3063 3266 3107 terra
3304 3073 3317 3109 :
3362 3055 3557 3109 tutulu-

1976 3155 2160 3199 menta
2196 3145 2466 3198 montium
2489 3145 2814 3199 conturbata
2840 3154 2969 3199 sunt
2991 3152 3048 3199 et
3074 3157 3347 3200 commota
3371 3157 3498 3201 sunt
3536 3166 3550 3200 :

1979 3239 2235 3308 queuiatn
2268 3237 2440 3291 iratus
2476 3247 2562 3293 est
2593 3238 2673 3291 eis
2706 3237 2867 3292 Deus.

371 3324 617 3375 Ascendit
651 3325 826 3391 fumus
858 3326 911 3377 in
942 3326 1021 3377 ira
1054 3325 1166 3393 ejus
1204 3339 1221 3378 .°
1255 3332 1304 3376 et
1334 3323 1471 3393 ignis
1511 3338 1541 3373 α
1585 3321 1725 3389 facie
1758 3321 1871 3389 ejus
1903 3331 1948 3392 ρ
2048 3328 2312 3382 Ascendit
2344 3327 2530 3381 fumus
2566 3330 2616 3380 iii
2650 3327 2730 3381 ira
2756 3329 2874 3397 ejus
2909 3344 2925 3382 :
2958 3337 3012 3383 et
3042 3329 3182 3400 ignis
3210 3346 3239 3383 a
3268 3330 3405 3385 facie
3436 3332 3558 3399 ej'ts

301 3419 526 3478 exarsit,
552 3419 803 3471 carbones
836 3418 1072 3471 succensi
1103 3425 1224 3469 sunt
1258 3415 1321 3470 ab
1355 3431 1434 3468 eo.

374 3598 665 3656 Inclinavit
694 3601 868 3665 ctelos,
897 3611 944 3654 et
968 3600 1232 3655 descendit
1259 3613 1276 3653 :
1307 3608 1355 3653 et
1396 3599 1570 3668 caligo
1594 3598 1689 3650 sub
1720 3597 1865 3663 pedi-

305 3695 400 3747 bus
428 3695 560 3762 ejus.
834 3692 851 3701 ’

380 3784 447 3837 Et
495 3786 729 3839 ascendit
771 3802 927 3855 super
969 3785 1268 3851 Clterubint,
1319 3793 1367 3839 et
1418 3784 1609 3838 volavit
1643 3783 1881 3837 :voluvit

304 3895 465 3947 super
486 3895 688 3950 pennas
714 3889 1004 3933 ventorum.

386 3988 442 4028 -ἓ-
475 3972 541 4024 Et
576 3975 597 4041 ζ
632 3974 803 4041 posuit
837 3973 1100 4035 tenebras,
1140 3969 1419 4023 latibulum
1468 3985 1624 4022 suum
1653 3985 1670 4021 :
1700 3968 1753 4020 in
1785 3967 1886 4019 cir-

310 4069 457 4121 cuitu
518 4069 631 4133 ejus
686 4065 1088 4118 tubernaculunt
1140 4064 1276 4133 ejus,
1319 4064 1590 4116 tenebrosa
1648 4079 1785 4133 aqua
1818 4064 1886 4129 _in

313 4162 534 4213 nubibus
570 4160 732 4211 aeris.

390 4251 509 4305 Prcr
545 4252 751 4319 {uigore
800 4251 851 4302 in
882 4259 1156 4319 conspectu
1193 4248 1306 4317 ejus
1344 4246 1500 4299 nubes
1544 4246 1886 4308 transierunt,

315 4348 335 4377 ⁸
364 4348 565 4413 grando
595 4357 640 4399 et
681 4345 935 4398 carbones
962 4345 1118 4413 ignis.

390 4438 452 4490 Et
487 4438 715 4490 intonuit
741 4438 803 4489 de
832 4438 958 4487 coelo
986 4434 1243 4486 Dominus
1283 4448 1301 4486 :
1331 4443 1378 4484 et
1413 4431 1718 4483 Altissimus
1751 4430 1889 4482 dedit

317 4545 487 4582 vocem
526 4545 679 4581 suam
708 4543 725 4580 :
755 4531 820 4595 Ἀ(
849 4528 1051 4596 grando
1081 4534 1128 4579 et
1158 4524 1408 4577 carbones
1450 4525 1582 4593 ignis
1626 4522 1647 4590 ζ

392 4619 458 4673 Et
488 4619 630 4671 misit
654 4620 879 4687 sagittas
904 4633 1054 4680 suas,
1086 4627 1134 4667 et
1162 4616 1434 4683 dissipavit
1482 4630 1565 4667 eos
1615 4629 1632 4667 :
1668 4613 1884 4683 fulgura

320 4712 717 4782 multiplicavit,
754 4723 802 4763 et
835 4711 1169 4777 conturbavit
1204 4725 1312 4762 eos.

403 4961 420 4991 ί
460 4957 715 5024 Palatin.,
741 4957 818 5011 De
850 4973 1010 5011 manu
1045 4955 1203 5023 Saul,
1233 4966 1279 5009 et
1308 4957 1369 5009 de
1396 4971 1551 5008 manu
1570 4955 1901 5008 inimicorum

324 5032 463 5099 ejus.
491 5039 537 5082 et
563 5029 714 5089 dixit,
748 5039 856 5099 etc.

402 5106 420 5131 ¹
461 5099 515 5152 In
552 5104 746 5152 eodem
770 5096 1085 5168 Diapsalma
1116 5097 1205 5150 hic
1239 5112 1266 5148 ει
1290 5097 1557 5149 ῗιιοιίῑιυτ.

404 5177 425 5207 ³
460 5172 662 5221 Aberat
690 5165 903 5228 obclus,
943 5169 1171 5237 ipsaque
1211 5180 1265 5218 et
1315 5169 1527 5234 copula,
1581 5181 1700 5234 quae
1733 5165 1898 5232 origi-

330 5243 485 5293 nales
516 5240 604 5291 alii
632 5239 756 5292 libri
783 5236 1057 5292 sollicitint
1093 5252 1106 5289 :
1140 5236 1278 5290 infra
1310 5239 1511 5289 leviora
1540 5237 1645 5288 alia
1675 5251 1901 5288 cornui-

332 5316 459 5363 dt‘tll
493 5325 591 5376 ope
617 5309 959 5367 emendatur.
992 5319 1049 5359 ut
1078 5318 1161 5361 est
1199 5308 1358 5375 paulo
1385 5317 1504 5375 post
1533 5307 1770 5359 introibit
1806 5322 1905 5374 pro

332 5382 565 5431 introivit
595 5395 612 5431 :
639 5389 753 5431 tuin
788 5389 836 5430 et
867 5380 1237 5444 fundamenta,
1273 5389 1358 5430 etc
1392 5416 1404 5437 .
1444 5392 1567 5429 cuni
1602 5378 1818 5429 deesset
1860 5384 1909 5428 et

332 5462 552 5515 ttijiula,
584 5463 695 5500 etc.

412 5526 431 5549 ⁵
473 5524 725 5585 δυεειιςίδ
776 5536 880 5573 ms.
924 5522 1096 5572 codex
1145 5527 1409 5585 przenotat
1466 5515 1913 5585 prmpositionem

334 5593 387 5642 in
426 5604 688 5642 asterisco
742 5608 756 5647 ;
807 5595 872 5659 ᾖ(
910 5588 1031 5657 In:
1074 5591 1418 5641 tribulatione
1455 5604 1593 5659 mea,
1648 5597 1754 5659 t_tc.
1812 5587 1914 5639 Alii

338 5662 560 5784 ἓιιιιωὲἱ
585 5657 811 5728 signum
832 5657 1132 5726 adhibent;
1160 5662 1302 5713 sicut
1333 5676 1432 5711 nec
1464 5658 1636 5711 editio
1669 5657 1916 5711 Romanu

401 5747 483 5781 .ri.
566 5745 691 5783 sur.

334 5730 377 5785 Ε
401 5747 483 5781 ενι.
512 5730 691 5784 Mam.

413 5802 436 5830 ⁵
474 5802 586 5853 Non
614 5805 752 5854 bene
775 5802 943 5870 fulget
972 5800 1061 5853 hic
1082 5800 1135 5851 in
1163 5799 1404 5852 editione
1426 5796 1748 5870 Cariiniago
1788 5797 1918 5849 stel«

488 5878 499 5888 ι

338 5872 405 5923 ιω
528 5908 541 5923 .
575 5871 762 5940 Neque
803 5869 930 5925 vero
962 5875 1135 5925 abluit
1166 5870 1309 5939 apud
1344 5869 1481 5923 LXX
1515 5884 1757 5937 pramcns
1794 5882 1914 5921 ver-

1980 3419 2288 3475 exardescit
2349 3418 2476 3490 [ms.
2540 3420 2911 3491 exat'descetj.
2959 3422 3231 3476 carbones
3304 3425 3560 3480 succensi

1980 3520 2110 3566 sunt
2148 3512 2217 3566 ab
2249 3525 2335 3568 eo.

2056 3600 2122 3653 Et
2158 3598 2446 3654 inclinavit
2497 3598 2666 3654 ccelos
2701 3597 2824 3670 [ms.
2858 3598 3105 3670 cretum].
3142 3611 3197 3659 et
3228 3600 3512 3671 descendit
3546 3619 3559 3655 :

1983 3702 2039 3748 et
2074 3693 2250 3763 caligo
2278 3692 2382 3747 sub
2410 3690 2640 3760 pedibus
2663 3694 2779 3761 ejus
2822 3709 2834 3747 :

2060 3783 2126 3838 Et
2160 3784 2412 3841 ascendit
2443 3798 2609 3853 super
2627 3785 2952 3849 Cherubin),
2986 3794 3042 3841 et
3071 3786 3274 3841 volavit
3313 3805 3324 3841 :
3358 3790 3575 3845 vo'avit

1988 3890 2155 3945 super
2185 3889 2394 3945 pennas
2423 3884 2740 3929 ventorum.

2059 3966 2128 4020 Et
2156 3967 2336 4035 posuit
2363 3966 2637 4031 tenebras,
2666 3968 2963 4023 latibulum
2997 3984 3157 4025 suum
3195 3989 3208 4025 :
3239 3971 3295 4024 in
3324 3974 3563 4027 circuitu

1989 4057 2110 4125 ejus
2140 4056 2555 4112 tabernaculum
2585 4057 2718 4125 ejus,
2755 4059 3050 4115 tenebrosa
3073 4076 3211 4132 aqua
3241 4062 3293 4115 in
3327 4063 3569 4117 nubibus

1993 4166 2158 4204 aeris.

2067 4241 2186 4297 Prae
2215 4242 2431 4314 fulgore
2459 4246 2513 4298 in
2544 4255 2845 4317 conspectu
2869 4248 2989 4325 ejus
3015 4244 3187 4300 nubes
3216 4244 3567 4310 transierunt,

1994 4334 2200 4405 grando
2227 4345 2281 4389 et
2318 4337 2586 4393 carbones
2612 4339 2771 4407 ignis.

2065 4428 2134 4484 Et
2179 4428 2418 4482 intonuit
2466 4429 2533 4483 de
2591 4431 2731 4485 coelo
2768 4430 3031 4487 Dominus

1996 4522 2150 4576 dedit
2181 4537 2370 4576 vocem
2405 4536 2583 4577 suam.

2074 4614 2470 4685 Misitsagittas
2515 4631 2667 4680 suas,
2709 4626 2766 4671 et
2809 4617 3102 4688 dissipavit
3147 4620 3272 4674 eos“

2001 4706 2407 4776 multiplicavit,
2438 4716 2493 4761 et
2522 4707 2872 4764 conturbavit
2898 4725 3013 4765 eos.

3093 4448 3108 4489 :
3160 4442 3210 4486 et
3254 4432 3568 4488 Altissimus

3308 4638 3319 4672 :
3357 4620 3570 4691 fulgura

2004 4957 2251 5028 sieulus;
2289 4954 2384 5009 sed
2421 4952 2677 5028 repetitio
2711 4955 2983 5028 ejusdem,
3015 4958 3170 5025 juxta
3209 4960 3351 5028 quod
3385 4958 3575 5015 docuit

2008 5027 2376 5092 Hieronymus
2404 5026 2566 5089 epist.
2601 5025 2802 5092 stepius
2830 5028 3048 5080 laudata
3083 5030 3137 5081 in
3171 5025 3371 5083 nostris
3406 5034 3578 5082 adnu-

2008 5098 2308 5152 tationibus
2338 5111 2352 5149 :
2384 5112 2400 5143 ι
2437 5094 2787 5161 thuanitis,
2811 5098 3009 5165 inquit,
3039 5115 3137 5150 cur
3162 5101 3384 5154 ϐτςριιυδ
3415 5102 3577 5153 istum

2008 5167 2340 5219 versiculum
2366 5165 2611 5238 secundo
2637 5180 2745 5238 non
2772 5167 2990 5232 habent,
3008 5172 3348 5238 interpositis
3365 5172 3580 5223 duobus

2010 5237 2303 5288 versibus?
2354 5234 2460 5285 Sed
2499 5234 2785 5304 sciendum
2823 5240 2951 5304 quia
3000 5239 3067 5291 de
3117 5234 3382 5304 Hitbrnico
3414 5251 3467 5290 et
3516 5243 3585 5291 de

2010 5306 2406 5379 Tlieodotionis
2434 5303 2675 5379 editione
2707 5305 2770 5379 in
2799 5300 3163 5379 Septuaginta
3186 5300 3587 5379 [interpretibus

2013 5380 2116 5429 sub
2157 5377 2424 5428 asterisco
2454 5373 2703 5427 additum
2731 5377 2821 5428 sit.
2858 5373 2882 5426 i
2907 5373 3084 5433 Maus.

2092 5446 2112 5476 ⁸
2155 5445 2252 5498 Ms.
2302 5445 2602 5517 Vetonctis.
2653 5461 2775 5498 t'lllll
2823 5463 2932 5499 uno
2968 5448 3294 5517 Augustino,
3326 5445 3582 5514 reliquias

2016 5518 2253 5585 parvulis
2314 5516 2449 5577 eius.
2504 5512 2615 5583 Ego
2657 5524 2830 5568 autem
2888 5518 2941 5569 in
2988 5512 3077 5570 ιιιιῖ
3109 5512 3320 5584 justilia
3357 5512 3589 5583 apparati

2018 5590 2140 5657 (pro
2170 5586 2454 5655 apparebo)
2496 5585 2547 5635 in
2579 5597 2855 5657 conspectu
2883 5596 3008 5639 tuo:
3043 5587 3343 5651 saturubor,
3369 5601 3476 5641 etc.

2091 5657 2109 5686 ⁷
2148 5657 2293 5708 Ideni
2325 5671 2391 5717 ex
2424 5656 2752 5725 Augustino.
2792 5655 2857 5706 Et
2898 5660 3193 5725 redemptor
3234 5673 3402 5714 meus.

2087 5730 2109 5757 ⁸
2148 5724 2481 5795 Veronensis
2520 5739 2622 5795 nis.
2668 5724 2820 5792 juxta
2873 5724 3273 5795 Augustinum.
3311 5728 3377 5782 Et
3419 5730 3592 5795 emisit

2015 5792 2261 5865 sagittas,
2292 5805 2337 5848 ct
2387 5794 2628 5863 dispersit
2658 5790 2763 5859 eos,
2799 5806 2845 5847 et
2894 5790 3286 5851 cuiuscationcs
3339 5790 3601 5875 multipltf

2020 5876 2175 5921 catut.
3506 5882 3509 5885 ‘
