3966 6184
378 224 469 306 15!
1280 226 1337 287 s.
1382 224 1819 285 I‘IIERONYMI
1863 227 2134 289 DIVINA
2177 234 2711 301 BIBLIOTHECA.

3524 246 3542 306 l
3559 242 3626 306 52

439 342 506 394 Et
540 348 904 410 apparuerunt
927 344 1094 409 fontes
1122 355 1382 407 aquarum
1421 355 1439 392 :
1468 347 1516 390 et
1549 339 1783 392 revelata
1817 349 1940 393 sunt
1973 349 2018 404 Α
2122 344 2188 400 Ει
2219 360 2591 414 apparuerunt
2620 351 2801 407 fontes
2829 367 3090 420 aquarum
3125 364 3211 412 :et
3233 355 3467 410 revelata
3497 366 3623 411 sum

370 433 715 504 fundamenta
741 433 878 485 orbis
905 445 962 485 -ι-
1000 431 1299 483 terrarum‘
1346 431 1367 498 ζ

444 525 517 579 Ab
552 527 910 593 increpatione
946 533 1056 589 tua,
1092 523 1330 588 Domine,
1364 523 1428 576 ab
1461 524 1803 596 inspiratione
1830 525 1940 593 spi-

372 621 503 671 ritus
534 620 630 671 ira?
660 626 786 671 tuor.

442 709 585 762 Misit
609 710 674 761 de
700 723 924 772 summo,
958 716 1006 760 et
1056 709 1246 776 accipit
1283 724 1362 762 me
1395 723 1413 762 :
1449 717 1497 760 et
1527 711 1812 776 assumpsit
1863 724 1942 760 me

372 803 434 853 de
474 803 623 871 aquis
658 799 854 854 multis.

442 892 652 962 Eripuit
685 910 768 946 me
801 894 864 948 de
903 895 1132 949 inimicis
1173 897 1298 949 meis
1328 896 1657 964 fortissimis,
1682 907 1730 949 et
1758 898 1823 949 ab
1852 898 1936 956 iis.

367 985 695 1053 quioderunt
726 1002 808 1039 me
845 1001 861 1038 :
898 989 1146 1055 quoniam
1179 986 1473 1055 confortati
1506 997 1628 1042 sunt
1657 1005 1814 1058 super
1837 1005 1936 1042 me.

444 1163 821 1216 Prcevencrunt
847 1180 927 1216 me
953 1166 1005 1217 in
1043 1165 1126 1218 die
1172 1165 1466 1236 aﬂlictionis
1502 1183 1648 1233 mete,
1691 1179 1739 1222 et
1771 1172 1941 1238 factus

370 1262 442 1315 est
483 1253 740 1306 Dominus
767 1262 1034 1319 protector
1066 1270 1210 1308 meus
1247 1272 1264 1307 :

439 1346 504 1396 Et
542 1347 721 1396 eduxit
762 1361 842 1398 me
883 1347 936 1398 in
984 1346 1323 1402 latitudinem

369 1439 622 1502 (proniam
655 1437 812 1491 uoluit
849 1455 950 1495 me.

450 1545 514 1584 -ι-
559 1530 626 1584 Et
661 1534 682 1599 ζ
719 1532 968 1585 retribuet
1005 1534 1130 1586 mihi
1162 1533 1421 1589 Dominus
1455 1534 1742 1588 secundum
1774 1537 1943 1605 justi-

371 1625 502 1692 tiam
528 1639 697 1675 meam
730 1641 745 1676 :
783 1638 845 1679 σξ-
888 1636 936 1678 et
976 1626 998 1693 ζ
1040 1626 1324 1682 secundum
1358 1629 1648 1696 puritatem
1690 1646 1942 1684 manuum

375 1729 610 1783 mearum
647 1717 897 1769 retribuet
934 1719 1080 1771 milii.

446 1807 584 1870 Quia
615 1808 867 1863 custodivi
898 1811 1011 1863 vias
1035 1810 1289 1869 Domini:
1317 1829 1409 1868 nec
1432 1815 1585 1882 impie
1607 1815 1742 1883 gessi
1774 1833 1804 1868 a
1841 1815 1943 1869 Deo

369 1915 504 1962 ineo.

444 1992 705 2056 Quoniam
743 1996 923 2048 omnia
965 1995 1175 2063 judicia
1223 1998 1334 2064 ejus
1374 1999 1426 2049 in
1457 2007 1730 2068 conspectu
1768 2014 1879 2052 meo
1929 2016 1941 2054 :

369 2096 414 2142 et
436 2087 682 2154 justitias
722 2087 836 2157 ejus
865 2104 966 2141 non
998 2089 1166 2157 repuli
1193 2106 1224 2142 a
1267 2107 1365 2144 me.

445 2179 509 2232 Et
540 2196 628 2232 ero
664 2179 1042 2234 immaculatus
1070 2197 1191 2234 cum
1223 2198 1280 2236 eo
1313 2197 1332 2236 :
1366 2194 1412 2236 et
1455 2185 1731 2238 observabo
1769 2201 1848 2238 me
1878 2187 1941 2238 ab

367 2273 644 2347 iniquitate
678 2289 816 2326 mea.

439 2364 508 2417 Et
565 2368 817 2422 retribuet
874 2368 1003 2422 mihi
1045 2369 1300 2424 Dominus
1352 2372 1634 2425 secundum
1675 2371 1941 2440 justitiam

368 2476 535 2516 meam
569 2475 588 2514 :
622 2474 685 2514 +
721 2472 769 2513 et
802 2460 822 2527 ζ
869 2462 1156 2514 secundum
1195 2463 1481 2532 puritatem
1511 2477 1762 2514 manuum
1798 2480 1940 2514 mea-

368 2568 483 2622 rum
507 2553 562 2605 in
593 2565 865 2621 conspectu
896 2556 1169 2607 oculorum
1197 2555 1332 2624 ejus.

438 2645 572 2701 Cum
608 2658 791 2700 sancto
838 2655 1052 2701 sanctus
1099 2648 1224 2712 eris,
1271 2660 1319 2701 et
1351 2650 1478 2718 tcum
1522 2651 1629 2702 uiro
1671 2651 1940 2704 innocente

369 2738 611 2790 innocens
636 2741 780 2792 eris.‘

438 2841 502 2884 +
535 2829 606 2883 Et
641 2831 660 2898 ζ
700 2847 822 2885 cum
853 2831 1015 2886 electo
1049 2833 1240 2887 electus
1270 2836 1417 2888 eris:
1451 2843 1498 2886 et
1533 2850 1648 2887 cum
1678 2851 1938 2901 perverso,

367 2924 688 2989 perveneris.

1369 1363 1386 1402 :
1428 1348 1635 1403 salvum
1673 1368 1750 1404 me
1799 1355 1938 1422 fecit,

2051 437 2407 494 fundamenta
2443 444 2592 498 orbis
2634 453 2810 499 terrae.

2124 533 2209 585 Ab
2263 532 2640 605 increpatione
2701 546 2814 603 tua,
2857 539 3105 601 Domine.
3153 540 3220 593 ab
3268 539 3626 605 inspiratione

2051 622 2286 690 spiritus
2319 625 2417 679 irae
2450 635 2577 682 tute.

2127 716 2272 770 Misit
2307 720 2374 774 de
2423 735 2662 784 summo,
2707 732 2764 777 et
2799 725 3010 793 accepit
3056 739 3142 778 me
3197 741 3210 780 ;
3247 733 3300 778 et
3331 724 3628 793 assumpsit

2053 822 2138 861 me
2174 809 2241 863 de
2272 811 2628 867 multitudine
2652 829 2944 884 aquarum.

2122 900 2340 971 Eripuit
2367 902 2490 974 [ms.
2520 903 2697 977 Eruit]
2725 923 2811 962 me
2833 908 2899 963 de
2930 908 3171 963 inimicis
3212 908 3349 961 meis
3398 907 3630 960 fortissi-

2053 992 2178 1058 mis,
2207 1000 2264 1046 et
2311 995 2378 1049 ab
2417 996 2504 1050 his
2541 998 2633 1066 qui
2670 998 2906 1054 oderunt
2935 1012 3060 1057 me:
3116 1000 3372 1070 quoniam
3409 999 3629 1054 contor-

2053 1084 2148 1138 tati
2184 1099 2310 1140 sunt
2339 1102 2504 1157 super
2533 1105 2639 1144 me.

2123 1177 2513 1234 Praevenerunt
2545 1197 2631 1234 me
2658 1183 2712 1236 in
2738 1183 2826 1238 die
2854 1183 3161 1239 amictionis
3188 1199 3344 1248 meae,
3368 1192 3424 1239 et
3445 1184 3627 1239 factus

2050 1276 2134 1321 est
2169 1266 2433 1325 Dominus
2489 1285 2768 1340 protector
2816 1277 3012 1330 meus“
3065 1293 3078 1329 :
3117 1286 3171 1329 et
3213 1276 3400 1330 eduxit
3449 1292 3535 1331 me
3568 1276 3624 1329 in

2052 1359 2424 1428 latitudinem,
2457 1365 2668 1419 salvum
2704 1382 2788 1421 me
2830 1369 2980 1434 fecit,
3012 1368 3277 1438 quoniam
3314 1368 3483 1422 voluit
3515 1383 3621 1422 me.

2127 1541 2195 1594 Et.
2224 1543 2494 1600 retribuet
2534 1545 2666 1599 mihi
2717 1547 2982 1603 Dominus
3023 1548 3329 1603 secundum
3357 1547 3624 1617 justitiam

2053 1648 2258 1698 meam,
2291 1644 2346 1689 et
2377 1637 2678 1691 secundum
2711 1639 3097 1701 jinnocentiam
3143 1639 3268 1711 [ms.
3306 1637 3624 1709 puritatem]

2053 1743 2308 1782 manuum
2345 1744 2592 1784 mearum
2624 1733 2894 1786 retribuet
2926 1733 3080 1786 mihi.

2119 1820 2260 1885 Quia
2297 1823 2570 1878 custodivi
2601 1825 2718 1878 vias
2757 1825 2973 1880 Domini
3021 1845 3033 1881 :
3065 1843 3167 1883 nec
3207 1828 3370 1898 impie
3415 1828 3559 1898 gessi
3591 1844 3626 1883 a

2048 1912 2160 1965 Deo
2194 1929 2332 1966 meo.

2120 2005 2392 2070 Quoniam
2423 2011 2602 2063 omnia
2629 2010 2840 2082 judicia
2883 2013 3025 2083 ejus,
3065 2011 3119 2066 in
3175 2022 3465 2083 conspectu
3499 2008 3635 2073 med

2054 2109 2185 2153 sunt
2214 2104 2465 2170 semper“
2498 2119 2512 2156 :
2545 2112 2599 2155 et
2629 2103 2901 2172 justitiam
2932 2105 3052 2173 ejus
3082 2120 3190 2157 non
3235 2105 3409 2174 repuli
3448 2119 3478 2160 a
3507 2120 3618 2160 me.

2121 2189 2183 2243 Et
2213 2206 2308 2245 ero
2349 2192 2728 2247 immaculatus
2763 2207 2949 2247 coram
2978 2209 3046 2248 eo
3075 2205 3168 2251 :et
3192 2195 3497 2249 observabo
3533 2211 3622 2248 ille

2049 2282 2116 2335 ab
2151 2284 2441 2352 iniquitate
2469 2300 2609 2340 mea.

2124 2376 2187 2429 Et
2222 2377 2492 2433 retribuet
2546 2379 2680 2435 mihi
2715 2380 2977 2435 Dominus
3006 2380 3308 2435 secundum
3347 2379 3620 2450 justitiam

2050 2485 2226 2522 meam
2262 2489 2274 2524 :
2312 2479 2367 2525 et
2401 2472 2706 2527 secundum
2744 2473 3110 2528 innocentiam
3147 2472 3269 2542 [ms.
3306 2468 3620 2540 puritatem]

2047 2577 2310 2617 manuum
2371 2580 2616 2618 mearum
2650 2567 2689 2628 ⁷,
2744 2567 2798 2621 in
2832 2574 3128 2635 conspectu
3164 2565 3442 2618 oculorum
3474 2564 3618 2631 ejus.

2122 2656 2256 2710 Cum
2292 2667 2480 2711 sancto
2512 2667 2736 2712 sanctus
2767 2659 2898 2724 eris,
2939 2666 2994 2712 et
3025 2672 3147 2711 cum
3181 2655 3299 2710 viro
3328 2656 3621 2707 innocente

2046 2755 2313 2805 innocens
2355 2750 2465 2804 eris
2499 2768 2512 2815 ;
2549 2760 2603 2804 et
2642 2766 2766 2804 cum
2798 2750 2970 2804 electo
3004 2749 3214 2803 electus
3245 2748 3376 2811 eris,
3418 2755 3472 2798 et
3495 2760 3621 2798 cum

2046 2858 2306 2912 perverso
2358 2844 2702 2898 subveneris
2737 2841 2859 2913 [ms.
2897 2856 3189 2910 perversus
3217 2837 3376 2908 eris].

447 3016 708 3080 Quoniam
739 3025 795 3069 tu
833 3016 1088 3086 populum
1123 3018 1371 3072 humilem
1413 3018 1618 3071 salvum
1657 3020 1852 3086 facies;
1892 3029 1941 3072 et
1971 3043 2017 3104 ο
2122 3021 2391 3088 Quuniam
2431 3032 2484 3075 tu
2516 3021 2779 3091 populum
2819 3019 3080 3074 humilem
3129 3018 3343 3073 salvum
3393 3015 3560 3072 iacies
3603 3030 3623 3074 ς

369 3114 547 3165 oculos
573 3110 920 3180 superborum
955 3112 1280 3166 humiliabis.

437 3205 698 3268 Quoniam
729 3214 784 3257 tu
825 3203 1099 3258 illuminas
1142 3206 1410 3259 lucernam
1444 3223 1634 3275 meam,
1668 3207 1889 3262 Domine
1920 3225 1938 3263 :

368 3298 504 3356 Deus
541 3313 706 3362 meus,
730 3297 978 3356 illumina
1009 3299 1250 3366 tenebras
1280 3315 1444 3354 meas.

433 3390 694 3456 Quoniam
730 3391 783 3445 in
823 3401 869 3444 te
899 3391 1103 3460 eripior
1131 3408 1163 3445 α
1196 3395 1485 3446 tentatione
1518 3407 1536 3445 :
1592 3403 1639 3446 et
1678 3396 1696 3426 ²
1737 3395 1790 3448 in
1835 3394 1941 3448 Deo

366 3502 478 3538 meo
513 3486 880 3557 transgrediar
906 3503 1138 3540 murum.

389 3561 391 3563 l
441 3576 578 3630 Deus
630 3591 689 3632 -ξ-
753 3593 919 3640 meus,
959 3577 1239 3646 impolluta
1276 3579 1360 3632 via
1403 3581 1550 3649 ejus;
1591 3580 1798 3650 eloquia
1834 3581 1936 3632 iii--

365 3669 516 3731 mini,
553 3670 673 3739 igne
705 3669 1056 3741 examinata:
1092 3679 1356 3737 protector
1401 3681 1474 3724 est
1537 3673 1766 3725 omnium
1821 3688 1940 3742 spe-

365 3763 600 3815 rantium
633 3763 688 3814 in
725 3777 802 3815 se.

437 3854 702 3918 Quoniam
736 3855 853 3924 quis
885 3854 1045 3922 Deus,
1073 3866 1267 3926 prazter
1291 3855 1572 3911 Dominum
1593 3859 1619 3911 ?
1648 3866 1740 3913 aut
1769 3860 1885 3928 quis
1917 3860 1939 3891 ³

366 3950 524 4015 Deus,
565 3958 760 4019 praeter
790 3950 961 4002 Deum
1000 3959 1236 4004 nostrum
1259 3950 1285 4002 it

438 4043 600 4110 Deus,
630 4042 720 4113 qui
753 4043 1032 4110 praecinxit
1067 4057 1150 4096 me
1175 4043 1383 4107 uirtute,
1415 4052 1462 4096 et
1485 4046 1658 4113 posuit
1681 4046 1938 4099 immacu-

364 4137 530 4190 latam
559 4136 698 4190 uiam
728 4151 920 4188 meam.

433 4231 538 4296 Qui
581 4229 794 4300 perfecit
833 4229 986 4300 pedes
1027 4246 1191 4297 meos,
1243 4237 1494 4299 tanquam
1541 4247 1852 4288 cervorum:
1887 4243 1937 4286 et

363 4342 519 4394 super
555 4323 758 4380 excelsa
792 4335 1031 4379 statuens
1063 4341 1162 4378 me.

2045 3125 2099 3169 ct
2133 3115 2325 3169 oculos
2357 3114 2718 3183 superborum
2757 3113 3076 3167 ltumiliahis
3116 3113 3137 3142 ³
3180 3129 3194 3165 :

2114 3206 2384 3274 Quoniam
2416 3218 2471 3261 tu
2503 3207 2778 3261 illuminas
2802 3207 3082 3260 lucernam
3116 3221 3314 3268 meam,
3349 3203 3575 3258 Domine
3603 3220 3620 3257 :

2043 3301 2188 3355 Deus
2216 3314 2390 3359 meus,
2419 3298 2665 3353 illumina
2697 3301 2949 3354 tenebras
2977 3313 3157 3352 meas.

2112 3390 2381 3457 Quoniam
2428 3392 2481 3444 in
2524 3401 2574 3444 te
2605 3391 2812 3459 eripiar
2857 3406 2888 3444 a
2943 3391 3244 3446 tentatione
3281 3407 3294 3444 :
3333 3399 3388 3444 et
3423 3390 3472 3443 in
3506 3391 3623 3446 Deo

2044 3499 2167 3537 meo
2203 3483 2571 3552 transgrediar
2600 3498 2840 3537 murum.

2093 3637 2095 3639 ι
2121 3575 2259 3628 Deus
2296 3590 2471 3641 meus,
2501 3575 2780 3642 impolluta
2813 3574 2936 3647 [ms.
2965 3573 3442 3646 immaculata]lvia
3457 3577 3615 3645 ejus;

2043 3671 2259 3740 eloquia
2311 3671 2549 3734 Domini,
2609 3673 2731 3742 igne
2789 3671 3148 3728 examinata:
3206 3681 3485 3742 protector
3532 3683 3619 3726 est

2042 3764 2288 3820 omnium
2326 3765 2668 3834 spcrantium
2706 3765 2758 3819 in
2795 3780 2875 3820 se.

2113 3856 2384 3924 Quoniam
2413 3857 2536 3926 quis
2553 3857 2698 3911 Deus
2719 3866 2916 3926 praeter
2944 3857 3230 3912 Dominum
3253 3855 3372 3928 [ms.
3395 3855 3621 3928 Deum]?

2042 3957 2137 4004 aut
2168 3949 2294 4019 quis
2327 3950 2470 4004 Deus
2504 3958 2700 4018 prmter
2733 3948 2902 4002 Deum
2940 3937 3244 4003 nostrum?

2114 4041 2281 4105 Deus,
2303 4043 2394 4111 qui
2422 4042 2705 4112 praecinxit
2726 4041 2848 4112 [ms.
2874 4040 3183 4116 prmcingit]
3207 4056 3290 4096 me
3317 4041 3570 4096 virtutem
3599 4058 3614 4096 :

2041 4134 2227 4202 posuit
2254 4131 2656 4186 immaculatam
2686 4132 2826 4185 viam
2859 4147 3055 4185 meam.

2118 4224 2221 4292 Qui
2263 4225 2479 4295 perﬁcit
2513 4225 2679 4294 pedes
2707 4239 2879 4288 meos,
2913 4234 3170 4294 tanquam
3202 4225 3347 4281 cervi
3385 4241 3397 4276 :
3431 4233 3487 4279 et
3509 4239 3606 4278 su-

2044 4331 2145 4389 per
2173 4317 2390 4371 excelsa
2422 4317 2614 4371 statuit
2641 4315 2768 4388 [ms.
2804 4317 3078 4387 statuens]
3117 4333 3221 4370 me.

434 4418 538 4481 Qui
564 4422 710 4471 docet
741 4432 932 4470 manus
961 4431 1102 4470 meas
1143 4417 1214 4468 ad
1238 4416 1527 4484 pra'lium:
1567 4426 1614 4470 et
1657 4419 1874 4488 posuisti
1895 4416 1937 4485 ",
1972 4417 2015 4474 D
2125 4407 2230 4474 QUi
2263 4409 2424 4463 ἀοοθι
2452 4424 2648 4463 manus
2672 4423 2821 4463 meas
2851 4409 2916 4461 ad
2953 4410 3199 4478 Prmlium
3233 4407 3354 4479 [ηιδι
3387 4409 3440 4461 in
3479 4423 3619 4476 Prm-

364 4520 417 4562 ut
450 4525 632 4562 arcum
663 4525 878 4575 azreum,
910 4508 1123 4562 brachia
1148 4524 1284 4562 mea.

436 4692 450 4721 ⁸
499 4691 746 4744 Diximus
801 4695 856 4740 et
887 4686 1053 4756 paulo
1082 4683 1364 4754 superius,
1404 4683 1548 4753 quod
1601 4695 1679 4739 est
1727 4685 1780 4736 in
1820 4683 1929 4739 lle-

362 4791 506 4837 ttram
533 4769 665 4842 52ft.
709 4795 815 4834 non
847 4780 1034 4834 orbem
1065 4777 1276 4842 ἁπλῶς,
1304 4778 1400 4833 sed
1438 4786 1705 4832 terrarum
1747 4783 1935 4834 urbem

361 4857 711 4922 signiﬁcare;
744 4862 909 4917 atque
941 4850 1075 4904 adeo
1109 4849 1257 4902 hunc
1291 4863 1448 4922 posse
1478 4849 1698 4902 obelum
1728 4850 1936 4904 induci.

361 4921 664 4980 l'alatinus'
695 4922 858 4991 paulo
917 4930 1034 4989 post
1091 4930 1137 4972 et
1175 4921 1426 4973 voculam
1467 4933 1598 4972 veru
1642 4930 1931 4986 praenatat,

361 4996 504 5048 misit
530 4997 593 5048 de
620 5007 826 5045 summo
864 5004 925 5045 -ξ-
961 5003 1010 5043 et
1044 4991 1065 5058 ζ
1103 4993 1300 5058 accepit
1336 5007 1437 5043 me.

437 5069 458 5098 ³
497 5063 846 5118 Desideratur
880 5061 934 5114 in
974 5061 1219 5115 Palatino
1251 5076 1349 5114 ms.
1391 5069 1441 5115 et
1469 5061 1682 5114 vocula.

439 5136 456 5166 '
504 5133 809 5200 Rescripsit
858 5131 1080 5199 sequior
1136 5145 1330 5185 manus
1372 5131 1425 5185 in
1481 5131 1674 5186 eodem
1724 5130 1935 5193 codice,

363 5212 429 5261 Et
456 5209 594 5274 quis,
640 5217 737 5274 pro
766 5213 879 5274 aut,
912 5212 1021 5255 etc.
1055 5200 1244 5274 Cra-ce
1279 5202 1445 5254 etiam
1479 5211 1564 5274 est
1597 5201 1712 5252 καί.
1771 5201 1811 5254 Ε
1847 5218 1935 5253 re-

361 5270 521 5347 gione
553 5270 809 5329 versiculi
846 5270 1160 5351 Diapsalma
1192 5273 1418 5351 insuper
1445 5271 1761 5324 adnotatur.

435 5348 457 5377 ‘
491 5347 726 5401 Palatiu.
755 5356 858 5396 ms.
890 5350 1085 5411 pastui,
1122 5354 1360 5408 sequrort
1398 5351 1577 5393 tamen
1607 5356 1766 5411 manu

591 5379 726 5400 ιιιιιιο
755 5379 858 5396 IIIS.
891 5379 1085 5404 p'lvs'vl’
1122 5379 1360 5404 ι-νυιιυιυιι
1398 5379 1577 5393 ouans-«un
1607 5379 1790 5392 ιιιωιιιιιι

442 5421 462 5450 ⁸
498 5420 616 5472 Duo
645 5414 807 5469 iidem
838 5410 965 5466 libri
990 5410 1292 5464 Veronens.
1327 5419 1382 5463 ct
1409 5410 1719 5479 Augustin.,
1753 5411 1938 5476 ﬁrma-

363 5500 595 5543 mentum
633 5501 830 5549 meum,
865 5491 922 5539 et
969 5495 1094 5533 mox
1144 5489 1309 5545 eruet,
1356 5483 1472 5535 sive
1522 5481 1659 5532 eruit
1689 5496 1789 5546 me,
1836 5500 1935 5550 pro

361 5561 564 5613 salvum
599 5573 680 5610 me
713 5556 856 5624 fecit.

436 5632 454 5658 ‘
490 5628 656 5682 Tacet
682 5622 736 5679 in
773 5622 1079 5681 Veronensi
1115 5638 1218 5677 ms.
1249 5637 1474 5692 semper,
1510 5631 1567 5674 ut
1628 5635 1678 5678 et
1726 5626 1778 5676 in
1827 5626 1936 5676 Au-

367 5699 697 5770 gustinianis
728 5697 972 5755 melioris
997 5702 1139 5751 nota:
1171 5694 1328 5750 libris
1374 5707 1387 5746 ξ
1422 5706 1536 5748 tum
1565 5694 1807 5760 jusrizius
1839 5710 1934 5762 pro

2041 4499 2216 4572 liojet
2247 4501 2508 4570 posuitut
2531 4499 2652 4571 [ms.
2685 4511 2739 4556 et
2771 4501 2998 4572 posuisti
3033 4500 3117 4572 ut]
3163 4515 3347 4554 arcum
3389 4513 3617 4564 a‘reum,

2044 4595 2265 4649 brachia
2291 4611 2430 4649 mea.

2035 4712 2304 4780 justitiam
2358 4709 2578 4778 legitur,
2639 4718 2696 4763 et
2755 4709 2899 4778 quod
2948 4707 3302 4776 subsequenti
3358 4721 3519 4761 versu
3551 4707 3619 4760 ad

2045 4782 2275 4836 verbum
2311 4781 2591 4833 observabo
2623 4780 2845 4833 additur
2875 4797 2978 4843 me,
3021 4794 3237 4832 rursum
3271 4786 3435 4833 tacet.

2115 4852 2134 4882 ⁷
2171 4849 2494 4904 Addebatur
2521 4851 2573 4902 in
2607 4850 2798 4903 eodem
2825 4864 2927 4902 ms.
2958 4851 3151 4904 iterum
3191 4849 3431 4900 retribuit
3467 4851 3621 4914 mihi,

2043 4920 2191 4987 quod
2246 4921 2469 4986 sequior
2534 4935 2729 4972 manus
2785 4935 2908 4972 cum
2961 4919 3073 4979 hic,
3114 4928 3225 4970 tum
3273 4919 3325 4970 in
3389 4918 3622 4972 adversa

2044 4993 2230 5045 (iratca
2289 4990 2541 5044 columna
2598 4990 2800 5043 delevit
2837 4991 2901 5042 ad
2938 4989 3390 5058 Augustinianum
3435 5004 3624 5041 exeun-

2045 5063 2162 5131 plar
2195 5078 2208 5114 :
2247 5075 2310 5114 ac
2342 5076 2473 5113 sane
2503 5060 2667 5112 etiam
2705 5061 2755 5113 in
2791 5060 2997 5112 codicis
3027 5058 3374 5131 Alexandrini
3410 5073 3622 5126 nupera

2043 5128 2282 5186 editione
2350 5131 2534 5198 aliquo
2590 5131 2882 5199 prmttotari
2937 5131 3090 5198 signo
3147 5128 3442 5192 debuisset,
3493 5144 3623 5181 cum

2045 5202 2336 5255 manifesto
2364 5200 2666 5254 abundent.

2115 5272 2135 5300 ⁸
2170 5271 2462 5340 Excirlcrat
2527 5272 2821 5338 antiquarii
2876 5288 3068 5328 errore
3125 5281 3461 5340 postremum
3516 5271 3624 5323 hoc

2043 5341 2273 5396 verbum
2315 5343 2368 5393 in
2401 5337 2702 5393 Veronens.
2729 5360 2858 5408 ms.,
2881 5346 2934 5397 in
2969 5359 3079 5410 quo
3114 5337 3443 5394 illuminnbis
3477 5348 3626 5391 utro—

2043 5429 2150 5482 que
2192 5411 2245 5462 in
2287 5412 2402 5464 loco
2447 5425 2573 5484 mox
2622 5411 2822 5480 legitur
2868 5429 2967 5484 pro
3014 5415 3261 5484 illumina
3293 5425 3312 5461 :
3349 5421 3461 5484 tum
3489 5412 3623 5484 inte

2041 5479 2205 5536 eruar
2244 5496 2277 5532 a
2330 5481 2646 5542 tentatione,
2681 5479 2805 5550 qua:
2851 5479 3035 5538 dmnia
3075 5498 3138 5536 ex
3183 5480 3492 5548 Augustino
3523 5479 3626 5532 de-

2042 5553 2244 5620 scripta
2279 5562 2422 5604 sunt.
2459 5551 2615 5615 Quod
2645 5566 2828 5608 autem
2854 5555 3060 5615 verbis,
3097 5552 3205 5605 Deo
3235 5567 3373 5615 meo,
3401 5550 3625 5604 additur

2041 5639 2282 5689 sperans,
2319 5625 2489 5678 nostri
2523 5631 2605 5678 est
2640 5626 2994 5679 amanuensis
3023 5623 3398 5691 interpolatio.
