3966 6184
346 401 451 468 155

1254 405 1311 465 S.
1352 402 1787 463 IIIERONYMI
1832 403 2098 465 DIVINA
2142 403 2684 463 BlBlJOTllECA.

3505 407 3607 469 156

417 520 483 587 χ(
517 518 581 572 Et
619 523 638 587 ζ
680 521 742 572 ab
789 519 1176 589 insurgentibus
1211 521 1263 572 in
1299 537 1400 584 me,
1438 522 1698 577 exultabis
1735 541 1853 578 me:
1892 541 1923 576 a
1955 527 1998 582 Α
2108 520 2394 575 Liberatar
2425 536 2598 581 DICUS,
2636 521 2899 574 Dominus
2931 521 2973 582 ³,
3004 521 3070 574 dc
3108 521 3360 586 gentibus
3392 518 3616 577 iracun-

343 613 449 664 riro
485 612 667 674 iniquo
698 611 886 679 eripies
919 627 1017 663 me.

419 790 706 858 PrOpterct:
753 791 1040 858 conﬁtebor
1070 793 1161 845 tibi
1216 795 1266 846 in
1315 795 1633 860 nationibus,
1681 797 1920 857 Domine.

344 892 389 932 ct
423 885 626 935 numini
653 893 740 935 tuo
769 885 1031 951 psalmum
1065 885 1257 937 dicunt.

419 976 771 1045 Magniﬁcam
803 977 1000 1030 salutes
1039 979 1171 1047 regis
1207 981 1316 1048 ejus
1343 999 1360 1034 :
1399 991 1444 1032 ct
1487 981 1685 1050 faciens
1719 982 1926 1034 miscri-

343 1072 574 1125 cordiam
605 1069 812 1123 Christo
848 1087 966 1136 suo,
1009 1071 1176 1124 Daritl
1202 1083 1250 1124 et
1285 1075 1474 1126 semini
1504 1075 1638 1143 ejus.
1675 1091 1836 1144 usque
1869 1077 1922 1126 in

345 1164 616 1217 sacculum.

2038 612 2119 666 dis
2151 622 2202 664 et
2253 611 2321 663 ab
2374 610 2786 678 insurgentibus
2839 611 2892 663 in
2953 625 3059 673 me,
3097 611 3364 665 exilitabis
3408 625 3494 666 me
3529 625 3544 664 :
3581 629 3610 665 a

2036 707 2155 760 viro
2186 703 2373 771 iniquo
2397 702 2598 769 eripies
2626 719 2733 754 me.
3238 711 3240 714 '

2108 795 2403 862 Propterea
2460 794 2759 846 conﬁtebor
2801 796 2893 847 tibi
2947 795 2997 846 in
3032 795 3246 863 popul‘s
3277 793 3398 864 [ms.
3429 796 3608 864 genti-

2033 886 2188 956 bus],
2219 887 2469 948 Domine,
2499 893 2554 938 ct
2587 886 2795 938 nontini
2833 895 2924 937 tuo
2954 886 3222 952 pSaImnm
3254 885 3430 938 dicam
3461 887 3503 938 δ.

2103 983 2457 1050 Magniﬁcam
2515 982 2752 1035 salutare
2814 979 2956 1044 regis
3014 978 3235 1044 ipsius:
3295 986 3349 1028 et
3407 976 3612 1029 faciens

2031 1074 2466 1130 misericordiam
2509 1071 2728 1126 Christo
2761 1087 2882 1134 suo,
2933 1068 3098 1122 David
3136 1077 3189 1121 et
3229 1069 3421 1121 semini
3464 1067 3603 1135 ejus,

2038 1183 2208 1238 usque
2234 1168 2286 1220 in
2316 1166 2597 1219 saeculum.

1651 1328 2006 1387 PSALMUS
2072 1328 2290 1390 ΧΥΙΠ.

768 1456 819 1493 ιιι
849 1455 1034 1502 manu,
1066 1454 1296 1494 PSALIIL‘S
1328 1457 1506 1494 ιλιι-ιι).

416 1553 551 1607 (.‘teli
621 1563 880 1606 enarrant
925 1553 1150 1620 gloriam
1193 1553 1330 1606 Dei:
1371 1563 1419 1606 et
1472 1571 1630 1622 Opera
1678 1571 1931 1608 manuum

349 1648 461 1716 ejus
487 1647 772 1700 annuntiat
802 1645 1218 1712 ﬁrmamentum.

411 1739 544 1792 ‘Dies
595 1739 699 1790 diei
751 1745 957 1790 eructat
1017 1738 1270 1790 verbum:
1305 1746 1353 1790 et
1406 1754 1510 1791 noa:
1553 1739 1693 1792 nocti
1733 1738 1933 1792 indicat

347 1833 644 1884 scientiam.

418 1922 540 1976 Non
570 1929 694 1975 sunt
728 1921 950 1991 loquela:
995 1938 1161 1991 neque
1205 1939 1515 1977 sermones:
1560 1939 1782 1992 quorum
1823 1940 1925 1976 non

350 2016 637 2068 audiantur
661 2030 808 2067 voces
833 2001 1048 2068 eorum.“

428 2109 488 2162 ln
521 2125 730 2163 onmem
757 2119 952 2163 terram
981 2109 1138 2162 exivit
1169 2124 1328 2162 sonus
1362 2125 1586 2163 eorum:
1622 2119 1670 2164 ct
1703 2111 1759 2162 in
1796 2108 1926 2175 ﬁnes

351 2207 488 2257 vrbis
522 2217 583 2257 σξ-
619 2213 774 2255 terra:
813 2201 828 2232 ⁸
864 2201 886 2270 ζ
928 2206 1081 2256 verba
1111 2217 1316 2255 eorum.

429 2313 474 2348 <-:-
525 2295 586 2346 ln
626 2296 646 2361 ζ
695 2293 806 2346 sole
838 2294 1012 2362 posuit
1044 2293 1446 2346 tabernaculum
1476 2312 1630 2348 suum
1657 2314 1674 2350 :
1719 2305 1767 2350 et
1796 2297 1926 2365 ipse,

387 2424 394 2432 .
428 2399 601 2437 ;,u.m
631 2399 874 2451 sponsus,
907 2382 1186 2451 procedens
1219 2385 1282 2436 de
1313 2385 1549 2438 thalamo
1573 2402 1689 2438 suo.

417 2475 734 2540 tixsultavit,
763 2486 819 2529 ut
841 2478 1008 2545 gigas,
1040 2476 1110 2529 ad
1153 2477 1468 2530 currendam
1493 2478 1631 2530 viam
1668 2494 1685 2530 .'
1719 2495 1750 2531 a
1781 2495 1925 2532 sum-

349 2585 430 2620 mo
459 2570 478 2599 ’
510 2568 637 2622 caelo
659 2570 885 2638 egressio
911 2568 1048 2638 ejus.

421 2662 488 2716 Et
517 2679 760 2717 occursus
787 2662 922 2730 ejus,
949 2677 1112 2732 usque
1140 2662 1209 2715 ad
1237 2678 1502 2715 summum
1535 2661 1650 2729 eius
1680 2678 1696 2715 :
1727 2677 1820 2716 nec
1851 2674 1928 2717 est

347 2757 436 2822 qui
459 2770 514 2808 se
539 2753 828 2807 abscondat
850 2771 881 2807 a
915 2753 1091 2806 calore
1119 2753 1254 2821 ejus.

415 2847 525 2900 Lex
578 2847 789 2900 Domini
865 2844 1253 2906 immaculata.
1311 2855 1611 2901 convertens
1663 2850 1929 2902 animas:

344 2941 699 2993 testimonium
758 2937 974 2992 Domini
1024 2938 1199 3006 ﬁdele,
1270 2941 1590 3010 sapientiam
1659 2950 1928 3007 prtestans

344 3048 408 3102 pa
419 3031 607 3084 rvulis.

411 3123 642 3177 Iustitia:
673 3124 886 3178 Domini
909 3130 1081 3187 rectw,
1123 3122 1452 3190 la’tiﬁcantes
1483 3125 1645 3177 corda
1675 3138 1692 3175 :
1725 3141 1928 3194 prince-

345 3223 492 3282 ptam
529 3215 739 3268 Domini
763 3216 1018 3276 Incidunt,
1051 3213 1366 3268 illuminans
1402 3219 1606 3269 oculos.

346 3376 476 3446 hi0,
519 3384 745 3446 eratque
769 3374 880 3446 hoc
903 3373 1279 3446 illi__intcgrum
1312 3391 1328 3437 ;
1369 3383 1578 3446 tantum
1613 3375 1916 3446 interpola-

345 3445 510 3502 tiunis
546 3443 919 3510 redarguenda
974 3443 1524 3511 Septuagintaviralis
1580 3443 1774 3499 versiu'
1807 3460 1914 3498 non

346 3526 489 3567 erat.
540 3514 610 3565 At
658 3523 773 3566 erat
819 3529 1008 3567 revera
1066 3515 1126 3566 S.
1181 3514 1355 3567 Patris
1429 3515 1608 3568 editio
1649 3516 1912 3568 mendosa

350 3586 438 3636 hic
473 3583 571 3635 loci
614 3597 782 3651 penes
809 3583 1207 3647 Martianieum,
1242 3586 1332 3650 qui
1366 3600 1475 3637 non
1514 3584 1684 3637 solam
1729 3599 1916 3639 vocem

345 3652 641 3713 iracundis.
701 3653 794 3722 sed
825 3653 992 3706 etiam
1027 3654 1451 3722 subsequentem
1495 3665 1541 3706 et
1581 3671 1724 3708 novo
1758 3655 1919 3710 obela

346 3724 686 3808 pauloderat.
736 3721 878 3776 Satis
913 3731 1095 3801 autem
1134 3721 1280 3804 recte
1303 3727 1605 3808 .contrario
1652 3730 1826 3808 purus
1866 3736 1920 3779 et

349 3793 625 3846 Palatinus
669 3808 772 3846 ms.
828 3799 1150 3847 asteriscum
1189 3794 1238 3846 ei
1285 3793 1494 3848 v'ocula:
1541 3799 1931 3862 prielixernnt,‘

349 3878 509 3929 quem
564 3871 621 3916 et
669 3879 768 3935 nos
817 3863 1155 3935 restituimus
1203 3865 1358 3931 juxta
1396 3867 1568 3919 sancti
1601 3868 1921 3935 interpretis

352 3941 612 4004 mentem,
658 3934 749 4001 qui
783 3934 943 3986 aliter
968 3949 1070 3988 nec
1111 3935 1210 3987 sibi
1245 3943 1544 4004 constaret.
1597 3934 1919 4004 Quanquam

353 4020 457 4054 non
494 4003 562 4054 ita
602 4005 839 4056 arbitror
866 4005 1129 4070 scriptum
1163 4005 1216 4056 in
1240 4002 1572 4072 Origeniano
1601 4002 1921 4072 exemplari,

350 4077 443 4125 sed
478 4080 570 4144 aut
595 4074 894 4141 repositum
930 4074 982 4125 in
1015 4073 1206 4126 Latino
1243 4088 1429 4142 postea
1465 4080 1532 4126 ab
1565 4075 1923 4144 Hieronymo,

350 4155 442 4196 aut
494 4141 726 4195 fortasse
767 4143 929 4195 etiam
984 4147 1051 4195 ab
1081 4141 1367 4211 aliis,’qui
1419 4145 1698 4197 laudatum
1759 4141 1923 4198 modo

349 4212 594 4282 epistolae
621 4213 740 4280 ejus
775 4213 841 4265 ad
876 4213 1140 4265 Sunniam
1187 4217 1362 4266 locum
1395 4215 1923 4269 animadverterunt.

350 4285 428 4334 Ad
466 4283 580 4334 haec
621 4293 749 4348 puto
781 4283 984 4335 reeiius
1009 4283 1139 4334 olim
1173 4299 1276 4334 non
1316 4286 1433 4336 voci
1475 4285 1770 4350 iracundis,
1817 4286 1916 4338 sed

355 4353 676 4418 prxcedenti
731 4354 855 4404 meis
908 4353 1123 4405 obclum
1178 4353 1348 4406 luusse
1405 4355 1774 4421 prtepositum.
1835 4354 1926 4407 Sic

351 4432 499 4474 emrte
527 4422 750 4475 exhibet
788 4421 1067 4475 Palatinus
1094 4437 1196 4476 ms.
1231 4423 1294 4475 ab
1326 4423 1559 4476 inimicis
1618 4439 1678 4479 -ξ-
1737 4425 1864 4478 meis
1895 4425 1917 4492 ζ

2444 1464 2497 1501 ιΝ
2533 1462 2712 1511 ΓΙΝΕΠ,
2744 1460 2971 1500 ινδιιωυε
3005 1460 3180 1499 DAVID.

2100 1565 2236 1619 Coeli
2274 1573 2529 1618 enarrant
2567 1561 2796 1633 gloriam
2843 1560 2980 1616 Dei:
3025 1526 3086 1614 \et
3147 1573 3312 1626 opera
3347 1574 3604 1615 manuum

2031 1659 2150 1728 ejus
2175 1657 2465 1727 annuntiat
2509 1657 2936 1709 ﬁrmamentum.

2110 1750 2231 1803 Dies
2261 1748 2371 1802 diei
2396 1755 2610 1802 eructat
2649 1750 2669 1782 ⁸
2699 1744 2922 1800 verbum
2955 1762 2968 1800 :
3003 1752 3058 1800 et
3088 1759 3194 1798 nox
3226 1742 3370 1796 noeti
3403 1741 3607 1796 indicat

1965 1856 2004 1908 Β
2035 1842 2342 1898 scientiam.

2103 1936 2224 1989 Non
2275 1942 2406 1989 sunt
2460 1931 2694 2002 loquela:
2754 1946 2936 2001 neque
2989 1943 3319 1986 sermones:
3373 1940 3606 2008 quorum

2033 2043 2140 2082 non
2172 2025 2466 2081 audiantur
2499 2038 2663 2079 voces
2691 2037 2917 2078 eorum.

2101 2121 2158 2174 In
2182 2134 2398 2174 omnem
2433 2125 2633 2171 terram
2660 2115 2829 2170 exivit
2857 2114 2979 2185 [ms.
3004 2112 3160 2186 exiit]
3179 2127 3349 2170 sonus
3374 2124 3564 2167 eorum
3592 2129 3604 2164 :

2032 2219 2088 2266 et
2115 2211 2167 2266 in
2201 2211 2336 2264 lines
2368 2210 2519 2264 orbis
2545 2218 2704 2264 terrm
2738 2207 2900 2260 verba
2931 2222 3146 2261 eorum.

2102 2302 2160 2356 ln
2194 2301 2309 2355 sole
2342 2300 2526 2370 posuit
2551 2301 2974 2356 tabernaculum
3003 2314 3160 2353 suum
3191 2311 3210 2353 :
3246 2305 3300 2351 et
3328 2299 3464 2365 ipse,
3494 2305 3614 2349 tan-

2032 2410 2194 2464 quam
2227 2408 2480 2459 sponsus,
2515 2392 2817 2461 procedens
2857 2390 2924 2446 de
2953 2389 3190 2445 thalamo
3218 2402 3341 2442 suo.

2105 2485 2436 2546 Exsultavit.
2499 2494 2558 2537 ut
2619 2483 2791 2552 gigas,
2857 2482 2922 2535 ad
2989 2479 3319 2535 currendam
3373 2479 3538 2539 viain,
3583 2491 3613 2529 a

2032 2590 2249 2628 summo
2308 2574 2447 2629 caelo
2480 2572 2500 2601 ⁶
2559 2574 2801 2642 egressio
2857 2572 3018 2641 ejus:
3073 2579 3131 2623 et
3162 2583 3433 2623 occursus
3470 2568 3610 2636 ejus,

2035 2683 2207 2736 usque
2250 2666 2318 2720 ad
2354 2680 2633 2719 summum
2670 2663 2811 2730 ejus,
2849 2677 2952 2718 nec
2982 2671 3067 2718 est
3101 2662 3194 2732 qui
3231 2676 3290 2715 se
3315 2660 3618 2714 abscondat

2033 2777 2060 2815 a
2101 2762 2279 2814 calore
2317 2760 2456 2828 ejus.

2103 2853 2213 2906 Lex
2247 2851 2461 2905 Domini
2506 2848 3011 2918 irreprehensibilis
3043 2846 3170 2919 [ms.
3212 2847 3613 2920 immaculata],

2034 2954 2366 2996 convertens
2413 2943 2668 2995 animas:
2709 2939 3084 2994 testimonium
3143 2938 3357 2992 Domini
3411 2939 3611 2994 lidele:

2041 3033 2373 3098 Sapientiam
2410 3042 2673 3100 praestans
2707 3031 2972 3100 parvulis.

2107 3124 2343 3178 Iustitia:
2404 3121 2620 3175 Domini
2677 3128 2883 3185 rectis,
2951 3120 3286 3174 ltetilican'es
3341 3119 3506 3174 corda
3543 3119 3616 3173 ἰ

1951 3199 1993 3254 (ἶ
2031 3225 2366 3288 pra-ceptum
2404 3214 2622 3268 Domini
2649 3212 2918 3276 lucidum,
2947 3212 3268 3267 illuminans
3297 3212 3508 3268 oculos.

2031 3373 2264 3426 verbum
2298 3374 2565 3440 expunxit
2587 3373 2728 3427 forte
2751 3371 2807 3426 S;
2846 3369 3044 3424 Doctor
3065 3367 3390 3440 Psalterium
3417 3385 3614 3426 emeno

2026 3442 2184 3507 dans,
2236 3439 2382 3510 quia
2415 3442 2624 3497 Hebraei
2668 3458 2730 3496 ac
2777 3440 2951 3496 Graeci
2985 3439 3210 3494 codices
3253 3439 3442 3510 legunt
3493 3442 3619 3498 sine

2028 3517 2348 3581 pronomine
2382 3530 2555 3566 suam.
2591 3513 2767 3567 MART.

2120 3611 2190 3619 —
2226 3580 2542 3652 Hieronymi
2593 3585 2764 3652 ipsius
2799 3597 2915 3636 sevo
2943 3580 3278 3654 exemplaria
3318 3582 3619 3654 subjunge-

2027 3651 2156 3722 bant
2195 3650 2504 3722 pronomen
2543 3650 2691 3708 suam
2725 3669 2742 3705 .·
2783 3669 2889 3720 qua
2928 3651 2996 3704 de
3046 3650 3200 3722 read
3241 3650 3617 3722 Sanniam'et

2023 3720 2322 3794 Fretelam,
2364 3743 2380 3774 ι
2413 3725 2476 3777 lit
2503 3724 2704 3786 dicitis,
2742 3720 3129 3794 inquit;qu
3153 3721 3433 3794 inGra-co
3456 3739 3612 3777 suam

2033 3808 2141 3845 non
2170 3793 2371 3846 habeat
2398 3809 2412 3858 ;
2465 3795 2557 3846 sed
2588 3795 2694 3846 hoc
2731 3809 2830 3847 nos
2861 3794 2964 3848 sub
3007 3809 3137 3846 veru
3170 3793 3418 3848 additum
3455 3811 3616 3862 repe-

2030 3863 2220 3927 rimus,
2271 3872 2326 3916 et
2361 3866 2412 3916 in
2469 3863 2698 3916 Hebraeo
2757 3878 2864 3916 non
2917 3877 3034 3916 esse
3064 3863 3416 3918 manifestum
3445 3877 3551 3918 est.
3590 3885 3607 3916 ι

2033 3931 2230 3985 Servat
2264 3942 2317 3986 et
2351 3934 2631 3986 Palatinus
2665 3949 2769 3987 ms.
2812 3935 3034 3986 lituram
3092 3932 3194 3986 hoc
3242 3936 3363 3986 loco
3393 3934 3611 3989 inducti

2032 4002 2179 4055 obeli
2215 4017 2277 4054 ac
2311 4003 2656 4072 pronominis
2687 4019 2705 4066 ;
2755 4004 2978 4071 quidam
3020 4010 3202 4056 autem
3250 4004 3617 4060 Carnutensis

2032 4086 2201 4139 penes
2225 4072 2597 4126 Martiantzeum
2631 4073 2851 4126 obelum
2875 4075 3050 4135 illum,
3079 4081 3132 4125 et
3172 4074 3411 4140 spatium
3452 4089 3614 4142 repo-

2032 4141 2216 4194 nendo
2248 4143 2563 4210 pronomiui
2591 4157 2845 4196 vat-unm.
2896 4147 3122 4196 Demum
3156 4157 3186 4196 e
3237 4145 3454 4210 regione
3480 4141 3618 4198 sith-

2033 4217 2316 4278 sequentis
2345 4213 2603 4266 versiculi
2648 4213 2792 4267 idem
2841 4212 3118 4266 Palatinus
3162 4212 3476 4280 Diapsalma
3515 4215 3617 4269 ad-

2033 4290 2210 4333 110131..

2108 4350 2128 4379 ³
2169 4349 2335 4404 Tacet
2369 4352 2422 4405 in
2457 4349 2659 4406 Veron.
2697 4369 2800 4408 ms.
2852 4353 3107 4408 Dominus
3146 4371 3163 4408 :
3199 4365 3312 4410 tum
3342 4355 3404 4408 de
3433 4355 3618 4408 inimi-

2038 4423 2110 4473 cis
2146 4422 2438 4494 iracundis,
2469 4423 2532 4476 ab
2563 4423 2979 4494 insurgentibus,
3009 4436 3139 4489 elc.,
3168 4427 3254 4478 tibi
3277 4441 3440 4494 quam
3461 4437 3613 4480 recte

352 4491 643 4556 iracundis,
676 4502 783 4545 etc.
822 4492 1160 4569 angustique.
1199 4507 1417 4560 quoque
1452 4494 1506 4546 in
1533 4510 1629 4547 sua
1664 4487 1932 4547 Emend-a3-
1963 4487 2007 4545 Ι)
2037 4493 2344 4569 prtesertim
2393 4504 2441 4546 et
2463 4498 2667 4569 _copula
2707 4487 2993 4569 reticetnr,
3039 4487 3506 4569 credito-latione
3558 4498 3613 4569 in

355 4567 522 4623 liutte,
562 4577 722 4628 quant
762 4563 1010 4629 religiose
1063 4561 1362 4616 Veronens.
1406 4578 1507 4615 ms.
1545 4571 1921 4632 repraesentat,

356 4647 658 4696 pronomen
699 4645 825 4684 mets
877 4632 1132 4699 reSpuit:
1187 4632 1334 4700 quod
1368 4648 1397 4686 a
1445 4632 1650 4686 Grascrs
1681 4635 1926 4687 melioris

354 4711 495 4753 nuta:
523 4701 928 4768 exeuqilarilms
959 4705 1176 4754 abesset
1201 4718 1215 4753 :
1250 4712 1518 4770 respuunt
1547 4713 1602 4756 et
1628 4704 1803 4756 Latini
1830 4703 1924 4756 alii

353 4771 573 4824 codices
605 4771 1042 4840 llieronymiani,
1069 4781 1224 4839 ;quos
1260 4772 1404 4825 inter
1438 4773 1924 4840 praestantissimus

357 4857 558 4909 regina:
597 4839 925 4904 Succorum,
968 4856 1132 4910 quem
1159 4841 1223 4912 in
1267 4842 1414 4896 notis
1440 4839 1512 4895 ad
1550 4859 1669 4897 eam
1715 4845 1922 4912 episto-

359 4915 464 4963 lam
503 4913 803 4964 laudamus.
846 4912 1092 4979 Denique
1129 4911 1390 4966 Hebraeus
1424 4914 1538 4981 ipse
1569 4911 1773 4975 textus,
1805 4914 1926 4966 aliis

353 4982 653 5033 substratis
696 4982 936 5050 punctis,
985 4981 1312 5036 concinuius
1339 4983 1481 5051 leget
1526 4983 1581 5036 in
1612 4994 1755 5037 statu
1787 4986 1926 5050 regi-

355 5055 516 5103 mtnis
559 5067 682 5104 cum
748 5053 999 5120 Sequenti
1062 5068 1194 5106 voce
1250 5062 1352 5137 ἢκ,
1418 5053 1468 5105 td
1511 5063 1600 5107 est
1639 5065 1718 5139 ἢκ
1751 5062 1926 5113 ’3⁷1⁵113

353 5141 414 5194 ab
449 5141 678 5194 inim'cis
729 5141 1018 5205 iracundis,
1075 5156 1172 5210 pro
1229 5149 1406 5199 7mm:
1466 5141 1718 5196 absoluto
1777 5143 1921 5211 quod

354 5216 472 5282 ejus
492 5213 694 5282 lingua:
728 5229 845 5281 mag
871 5217 970 5265 stri
1003 5228 1110 5265 non
1143 5212 1536 5265 dillitehautur.

433 5287 448 5313 ι
489 5279 696 5336 Vidests
723 5279 840 5350 quae
869 5299 1141 5350 superius,
1172 5299 1271 5336 ttec
1305 5283 1473 5335 semel
1497 5282 1752 5346 diximus,
1779 5280 1924 5349 quod

351 5375 506 5428 estin
535 5374 757 5428 llebrteo
786 5359 897 5432 '71?!
927 5391 1032 5427 non
1066 5378 1240 5427 urbem
1272 5373 1608 5440 simpliciter,
1647 5374 1741 5425 sed
1765 5383 1926 5426 terra:

351 5446 524 5502 urbem
557 5449 886 5514 signiﬁcare.
931 5449 1031 5510 Qui
1069 5445 1427 5512 subsequitur
1457 5444 1649 5496 obelus
1674 5459 1728 5495 ιιι
1771 5446 1928 5496 i’alao

356 5526 468 5567 ιιιιο
493 5532 596 5568 ms.
625 5526 680 5570 el
705 5518 850 5584 apud
877 5517 1076 5570 Carum
1110 5516 1474 5567 desideratur.

430 5587 449 5612 '
493 5587 751 5639 Additum
812 5597 1084 5654 rcpererat
1136 5584 1226 5638 hic
1282 5590 1383 5636 sub
1442 5597 1575 5635 veru
1626 5599 1924 5650 pronomen

354 5671 530 5717 suam,
563 5655 785 5711 llieron.
821 5657 918 5709 bis.
945 5655 1302 5708 Carnuzeusis
1337 5656 1498 5706 habet
1547 5655 1728 5707 adhuc
1771 5660 1913 5708 idem

359 5740 491 5778 veru
513 5741 606 5777 seu
630 5729 850 5778 ohelum
875 5741 998 5779 cum
1022 5725 1198 5792 spatio
1230 5739 1396 5780 vacuo
1424 5726 1475 5774 in
1503 5724 1648 5776 hunc
1669 5729 1922 5781 modum:

368 5794 436 5857 ad
468 5797 790 5852 currendum
825 5798 958 5850 rium
1003 5810 1061 5851 σιμ
1291 5796 1312 5876 ς
1344 5813 1374 5848 lt
1413 5810 1640 5861 summo,
1668 5805 1774 5850 etc.
1809 5797 1918 5850 Hoc

2029 4563 2335 4628 Oppositum
2393 4562 2719 4634 columnam
2762 4566 2967 4617 disces.
3036 4567 3279 4634 Denique
3333 4581 3481 4619 erues
3545 4568 3614 4619 dc

2030 4646 2182 4682 more
2234 4647 2333 4699 pro
2382 4633 2568 4697 eripies
2625 4633 2863 4702 legitur:
2917 4644 3082 4704 atque
3136 4633 3253 4689 haec
3296 4637 3481 4690 omnia
3538 4650 3607 4689 ex

2032 4706 2356 4768 Augustino.

2102 4771 2121 4799 ⁸
2158 4772 2302 4824 Idem
2337 4788 2460 4838 ms,
2495 4771 2756 4839 Psallam,
2801 4773 3152 4845 magniﬁcans
3190 4775 3419 4830 salutem
3454 4779 3613 4847 regis,

2029 4851 2141 4895 etv.

2102 4914 2121 4943 ⁵
2153 4911 2300 4986 idem
2351 4929 2475 4986 nis.,
2520 4922 2746 4980 eructat,
2795 4926 2850 4970 et
2893 4918 3202 4983 annuntiat,
3241 4933 3339 4986 pro
3375 4919 3602 4986 indicat,

2029 4997 2096 5036 ex
2136 4983 2428 5050 Augustini
2463 4987 2871 5052 emendatione,
2912 4997 3050 5041 utet
3077 5003 3201 5056 quae
3232 4983 3569 5057 Sequuntur.

2102 5073 2122 5104 ‘
2154 5075 2326 5128 l’alat.
2371 5091 2508 5147 _tns..
2554 5076 2705 5130 Sicut
2745 5079 2895 5147 gigas
2927 5079 2998 5131 ad
3023 5079 3342 5132 currendum
3383 5082 3545 5146 riam,
3584 5101 3616 5137 a

2036 5161 2241 5196 summo
2282 5145 2589 5218 cwlt,etc.,
2620 5145 2902 5216 usqu—eiad
2947 5165 3216 5203 summum
3247 5152 3383 5218 cwli,
3428 5162 3477 5204 ct
3509 5145 3616 5206 non

2037 5225 2132 5277 est,
2159 5225 2291 5282 etc.,
2315 5232 2380 5269 ex
2412 5217 2738 5284 Augustino.

2109 5307 2127 5338 ⁷
2161 5308 2620 5385 Mi_nori__uumcro
2651 5313 3010 5380 Augustinus,
3048 5323 3102 5368 et
3135 5317 3226 5385 qui
3257 5331 3381 5370 eum
3408 5319 3619 5372 exscri-

2036 5378 2115 5432 bit
2145 5381 2317 5431 codex
2357 5380 2710 5444 Veronensis,
2743 5378 2877 5450 ιον,
2911 5378 3122 5453 legunt,
3155 5378 3216 5440 et
3263 5404 3385 5439 mox
3437 5401 3617 5442 castus

2030 5464 2367 5526 permanens,
2419 5467 2517 5526 pro
2548 5463 2761 5507 sanctus
2791 5467 3086 5522 permanet,
3120 5470 3175 5510 et
3202 5456 3510 5526 justtﬁcata
3556 5461 3614 5511 ia

2032 5521 2287 5588 idtpsunt,
2332 5537 2435 5598 Διιι-υ
2469 5525 2520 5573 in
2552 5527 2867 5598 semetipsis.
2901 5521 3218 5598 Quodverd
3249 5521 3448 5582 deinde
3481 5530 3616 5598 legi~

2034 5601 2122 5642 tur
2153 5607 2204 5641 tu
2242 5593 2433 5644 eodem
2463 5595 2674 5666 codice,
2721 5597 2954 5663 lapidem
2998 5597 3288 5666 pretiosum
3336 5593 3614 5664 mundum,

2035 5677 2132 5727 pro
2176 5665 2422 5721 multum,
2449 5665 2680 5716 editor-Is
2709 5667 2890 5730 potius
2935 5665 3097 5734 quam
3128 5685 3232 5723 ms.
3260 5685 3418 5722 error
3451 5670 3506 5723 in
3540 5672 3618 5723 le-

2035 5735 2210 5780 uendo
2243 5742 2340 5780 Chl.
2387 5747 2396 5780 1
2426 5736 2649 5780 ιἰιὶιιιιιδ-
2675 5737 2864 5780 etenim
2901 5745 2948 5780 ιει
2975 5752 3153 5780 senm:
3194 5749 3311 5780 tum:
3341 5741 3607 5780 nulmiiel

2035 5742 2210 5796 gelido
2243 5742 2340 5784 est.

2035 5817 2117 5863 Ctt,
2150 5813 2258 5853 etc.

2387 5747 2396 5780 ι
2426 5736 2650 5802 cuique,
2675 5737 2864 5789 etcnint
2901 5745 2948 5789 et
2975 5752 3153 5792 servus
3193 5749 3311 5792 tuus
3341 5741 3607 5800 custodiet
