3966 6184
310 355 402 420 ῙΤΙ

1556 356 1785 416 LIBER
1830 356 2335 417 PSALMORUM.

3447 353 3559 422 158

373 469 549 524 Timor
578 470 791 523 Domini
823 477 1061 531 sanctus.
1102 487 1417 538 permanens
1444 472 1496 524 in
1518 473 1769 525 sa'cnlum
1805 484 1863 523 οξ-
1900 476 1946 531 Λ
2054 471 2243 524 Timor
2282 469 2493 524 Domini
2529 478 2752 523 sanctus
2780 458 3069 538 permanet
3096 470 3150 524 in
3181 471 3436 526 smculum
3460 488 3560 528 saa-

305 556 527 626 sirculi:
577 560 787 627 judicia
834 558 1047 613 Domini
1080 576 1220 625 vera,
1266 559 1564 630 iustiﬁcata
1609 562 1659 613 in
1686 569 1872 613 semet-

304 654 430 721 ipsa.

370 741 750 796 Desiderabilia
794 759 953 811 super
998 758 1187 795 aurum
1236 752 1281 795 et
1316 742 1543 811 lapidem
1591 745 1873 810 pretiosum

307 832 518 887 nmltum
542 874 553 884 .
602 842 652 885 et
683 833 921 886 dulciora
960 850 1114 899 super
1148 834 1246 886 mel
1271 843 1319 886 et
1352 835 1553 895 favum.

368 924 426 976 Et
446 927 584 977 enim
609 924 624 953 ¹
659 925 680 995 ζ
704 941 878 977 servus
901 938 1019 978 tuus
1046 925 1273 977 custodit
1302 940 1361 977 ea
1390 940 1406 977 :
1433 928 1482 978 in
1516 928 1875 981 custodiendis

310 1018 408 1071 illis
442 1018 721 1069 retributio
756 1016 946 1069 multa.

369 1108 569 1162 Delicta
592 1111 707 1178 quis
735 1110 1018 1179 intelligit?
1041 1110 1111 1162 Ab
1138 1108 1350 1162 occultis
1376 1123 1433 1165 -ε-
1473 1111 1596 1163 meis
1626 1112 1647 1180 ζ
1681 1115 1873 1164 munda

306 1219 376 1253 me
400 1216 418 1253 :
450 1212 501 1254 et
525 1202 590 1255 αθ
614 1201 806 1254 alienis
836 1218 994 1273 parce
1025 1217 1174 1255 servo
1199 1211 1308 1254 tuo.

367 1295 428 1347 Si
480 1296 579 1346 mei
622 1312 725 1346 non
775 1294 967 1362 fuerint
1015 1296 1298 1361 deminuti,
1340 1306 1462 1347 tunc
1507 1296 1877 1350 immaculatus

304 1401 382 1437 ero
416 1402 437 1437 :
471 1396 519 1437 et
542 1387 871 1437 emundabor
899 1405 927 1438 a
952 1385 1140 1438 delicto
1166 1386 1418 1440 maxime.

372 1489 431 1530 -t-—
472 1478 490 1506 ¹
522 1478 591 1528 ἧι
634 1479 653 1546 ζ
695 1487 868 1539 erunt,
905 1486 959 1529 ut
985 1478 1347 1545 complaceant
1374 1478 1582 1548 eloquia
1614 1483 1718 1533 oris
1741 1483 1839 1533 mei
1862 1499 1880 1536 .'

306 1578 347 1621 et
378 1570 652 1621 meditatio
685 1570 858 1621 cordis
896 1571 997 1621 mei
1028 1571 1079 1622 in
1108 1580 1381 1634 conspectu
1416 1582 1503 1623 tuo
1532 1585 1591 1625 οξ-
1626 1588 1827 1637 semper
1856 1573 1877 1640 ζ

372 1659 614 1723 υειηὶηε,
653 1664 875 1726 adjutor
902 1679 1064 1724 mens,
1109 1675 1154 1714 et
1198 1663 1500 1731 redemptor
1539 1682 1701 1716 mens.

1983 1402 2076 1439 ετυ
2114 1404 2127 1440 ζ

1982 563 2087 614 enli
2125 580 2138 614 :
2169 562 2377 630 judicia
2410 560 2499 613 Dei
2537 561 2658 632 Ltus.
2706 561 2948 632 Domini]
2982 578 3131 625 vera,
3173 560 3467 632 justiﬁcala
3502 563 3555 616 in

1980 654 2311 720 semetipsis.

2056 743 2447 799 Desiderabilia
2479 760 2644 812 super
2681 758 2875 797 aurum
2900 752 2955 796 ct
2989 742 3227 812 lapidem
3257 741 3557 811 pretiosum

1985 839 2217 892 multum
2250 856 2263 891 :
2308 848 2364 889 et
2396 836 2637 890 dulciora
2665 852 2831 905 super
2863 834 2964 889 mel
2996 848 3051 890 et
3081 835 3283 889 favum.

2051 929 2185 983 Nam
2224 939 2278 981 et
2308 943 2503 981 servus
2540 937 2665 980 tuus
2690 926 2931 981 custodit
2964 941 3028 980 ea
3064 941 3076 978 :
3120 926 3173 978 in
3213 925 3560 979 custotiendo

1984 1017 2073 1070 illa
2111 1017 2399 1070 retributio
2435 1017 2626 1069 multa.

2062 1109 2264 1161 Delicta
2306 1107 2427 1176 quis
2461 1106 2719 1175 intelligit
2749 1108 2772 1161 ?
2819 1105 2901 1160 Ab
2933 1105 3163 1159 occultis
3194 1104 3328 1159 meis
3359 1105 3560 1158 munda

1988 1216 2093 1264 me,
2126 1200 2354 1254 Domine
2384 1219 2396 1253 :
2433 1210 2484 1254 et
2518 1202 2585 1254 ab
2622 1201 2816 1255 alienis
2850 1215 3010 1270 parce
3041 1214 3198 1254 servo
3230 1210 3343 1252 tuo.

2054 1292 2107 1345 Si
2141 1293 2246 1345 mei
2276 1309 2384 1346 non
2440 1294 2648 1347 fuerint
2691 1294 2978 1358 dominati,
3010 1303 3137 1346 tunc
3179 1290 3560 1345 immaculatus

2182 1395 2236 1439 et
2272 1386 2615 1440 emundabor
2644 1402 2673 1439 a
2714 1386 2913 1440 delicto
2942 1385 3181 1437 maximo
3211 1383 3252 1435 ⁸.

2058 1477 2123 1530 Et
2150 1488 2343 1541 erunt,
2394 1487 2453 1531 ut
2503 1479 2877 1546 complaceant
2904 1476 3120 1544 eloquia
3160 1475 3269 1528 oris
3315 1472 3461 1527 mei:
3508 1481 3563 1525 et

1986 1572 2267 1627 meditatio
2299 1577 2483 1628 cordis
2527 1576 2630 1628 mei
2670 1575 2721 1627 in
2764 1582 3062 1642 conspectu
3099 1582 3190 1625 tuo
3215 1586 3452 1638 semper.

2064 1667 2313 1729 Domine,
2345 1669 2562 1738 adjutor
2597 1684 2768 1730 utens,
2800 1676 2854 1720 et
2884 1667 3194 1733 redemptor
3223 1679 3395 1716 meus.

1642 1826 1987 1887 PSALllUS
2044 1827 2203 1885 XIX.

689 1951 738 1988 ut
771 1950 929 1992 risen
958 1936 1001 2001 ³,
1032 1950 1265 1991 ρελωιυδ
1293 1952 1477 1989 ωνιο.

377 2050 648 2105 Exaudiat
679 2060 725 2102 te
756 2049 1027 2116 Dominus,
1071 2053 1124 2103 in
1148 2051 1231 2104 die
1274 2048 1634 2103 tribulationis
1660 2063 1678 2100 :
1713 2057 1883 2113 prote-

308 2156 385 2217 gat
426 2155 475 2197 te
506 2159 697 2196 nomen
737 2142 829 2194 Dei
854 2142 903 2195 .I.
928 2143 1038 2194 cob.

371 2236 550 2289 Mittat
580 2234 673 2287 tibi
704 2232 965 2286 auxilium
1003 2232 1064 2285 de
1097 2242 1321 2285 sancto:
1363 2242 1408 2284 et
1453 2233 1515 2285 de
1558 2230 1686 2287 Sion
1735 2240 1883 2282 tuea-

311 2338 388 2381 tur
410 2339 481 2382 te.

373 2423 575 2476 Memor
616 2422 685 2475 sit
723 2418 892 2473 onrnis
943 2414 1195 2483 sacrificii
1238 2414 1361 2471 tui:
1412 2421 1458 2465 et
1520 2411 1884 2465 holocaustum

312 2526 447 2569 tuum
470 2517 668 2587 pingue
686 2513 809 2582 ﬁet.
835 2524 1156 2565 mscssuu.

373 2699 593 2752 Tribuat
628 2699 720 2751 tibi
748 2696 1037 2750 secundum
1071 2709 1159 2745 cor
1193 2704 1339 2746 tuttm
1367 2706 1384 2745 :
1420 2700 1470 2745 et
1511 2706 1670 2744 omne
1714 2694 1885 2744 corni-

310 2793 431 2844 lium
468 2804 613 2843 tuum
649 2789 948 2855 conﬁrmet.

374 2883 701 2939 Lictabimur
748 2884 799 2934 iu
836 2881 1065 2934 salutari
1115 2891 1203 2933 tuo
1261 2896 1276 2932 :

309 2977 470 3030 nostri
503 2972 994 3043 magniﬁcabimur.

374 3066 601 3132 Impleat
659 3066 911 3118 Dominus
956 3081 1134 3118 omnes
1177 3064 1455 3131 petitiones
1516 3073 1632 3115 tuas
1678 3077 1695 3114 :
1748 3077 1888 3113 nunc

311 3160 513 3228 rognoei
588 3158 840 3223 quoniam
874 3156 1080 3209 salvum
1137 3155 1255 3223 fecit
1297 3153 1555 3207 Dominus
1621 3152 1887 3205 Christum

1341 2887 1387 2931 et
1430 2880 1485 2931 in
1542 2878 1747 2930 nomine
1794 2876 1888 2929 Dei

312 3270 478 3307 ruunt.

401 3343 640 3395 Exaudiet
674 3343 823 3395 illum
858 3345 921 3396 de
950 3342 1080 3395 calo
1113 3351 1295 3394 sancto
1328 3355 1423 3391 suo
1454 3352 1472 3390 :
1520 3337 1570 3387 in
1600 3336 1883 3403 potentati~

314 3440 394 3489 bus
428 3437 574 3489 salus
606 3437 835 3489 dextera:
867 3435 1002 3503 ejus.

386 3532 449 3582 lli
482 3533 531 3583 in
564 3531 826 3591 curribus,
858 3539 904 3580 et
955 3529 1005 3580 lii
1049 3527 1099 3579 in
1135 3525 1278 3593 equis
1314 3538 1331 3575 :
1363 3538 1455 3573 nos
1494 3527 1669 3573 autent
1704 3520 1755 3572 in
1798 3533 1890 3570 no-

318 3624 446 3674 mine
475 3622 685 3673 l.‘omini
731 3619 823 3673 Dei
862 3619 1027 3672 nostri
1064 3615 1444 3668 invocabimus.

387 3712 487 3779 Ipsi
539 3712 757 3780 obligati
802 3719 923 3762 sunt
976 3717 1023 3761 et
1065 3706 1360 3759 ceciderunt
1393 3720 1410 3755 :
1444 3718 1539 3757 nos
1568 3709 1743 3755 autem
1777 3716 1897 3755 sur-

321 3808 540 3859 reximus
571 3815 622 3856 et
662 3804 1036 3857 erectisumus.

396 3895 636 3960 Dontim,
668 3900 871 3947 saivum
900 3894 985 3963 [ac
1021 3908 1190 3960 regem
1228 3907 1284 3947 -ι-
1326 3902 1372 3945 et
1401 3908 1463 3945 ex
1498 3891 1519 3957 ζ
1555 3889 1682 3942 audi
1712 3902 1805 3940 nos
1842 3887 1897 3938 in

326 3990 405 4040 die
433 4006 533 4057 qua
564 3988 975 4041 ineocaverimus
1009 3999 1068 4039 σε-
1104 3995 1153 4036 te
1188 3985 1208 4051 ζ

1909 1939 1953 1997 Β
2039 1951 2271 1991 PSALMUS
2306 1956 2462 1995 DAth
2487 1940 2605 2011 [ms.
2652 1958 2701 1994 IN
2736 1957 2895 1995 FINEM
2928 1955 3155 1994 essurus
3191 1956 3289 1992 mat
3324 1940 3524 2008 anno}.

2061 2050 2329 2106 Exaudiat
2371 2063 2421 2108 te
2460 2055 2744 2119 Dominus,
2782 2054 2833 2107 in
2865 2054 2952 2107 die
2989 2052 3398 2105 tribulationis:
3436 2068 3561 2120 pro-

1991 2152 2135 2212 tegat
2172 2154 2222 2197 te
2256 2161 2451 2196 nomen
2487 2145 2577 2197 Dei
2610 2145 2796 2199 Jacob.

2064 2234 2235 2287 Mittat
2267 2237 2362 2291 tibi
2397 2237 2659 2290 auxilium
2699 2239 2765 2291 de
2795 2249 2983 2292 sancto
3013 2255 3026 2295 :
3059 2249 3113 2293 et
3151 2240 3213 2291 de
3244 2238 3374 2292 Sion
3405 2248 3560 2291 tuea-

1992 2335 2078 2377 llll‘
2120 2338 2192 2380 lc.

2062 2414 2265 2468 Memor
2295 2419 2365 2471 sit
2425 2419 2687 2473 Dcnﬁnus
2725 2420 2742 2450 ⁶
2796 2419 2977 2472 omnis
3026 2418 3281 2472 Sacrilieii
3319 2418 3395 2470 tui
3434 2435 3447 2471 :
3511 2427 3565 2471 ct

1992 2506 2371 2562 holocaustum
2429 2521 2579 2564 tuum
2640 2514 2838 2582 pingue
2887 2513 2973 2565 ﬁat
3031 2512 3153 2583 [ms.
3189 2512 3393 2583 faciat].
3448 2528 3564 2565 ou-

1991 2614 2207 2653 PSALMA.

2065 2693 2296 2745 'l‘ribnut
2350 2695 2445 2746 tibi
2493 2694 2758 2749 Dominus
2811 2697 3114 2750 secundum
3148 2710 3243 2750 cor
3285 2704 3435 2750 tuum
3468 2715 3481 2753 :
3512 2707 3571 2753 et

1992 2798 2152 2835 Omne
2181 2784 2468 2837 consilium
2506 2794 2655 2838 tuum
2689 2787 2977 2840 conﬁrmet
3001 2788 3045 2840 ⁷.

2065 2873 2397 2927 Lmtabimur
2431 2877 2481 2928 in
2515 2877 2738 2930 salutari
2775 2887 2866 2931 tuo
2892 2894 2905 2930 ε
2931 2887 2987 2932 et
3015 2878 3066 2931 in
3105 2878 3326 2934 nomine
3353 2880 3567 2935 Domini

1996 2966 2083 3016 Dei
2122 2967 2296 3019 nostri
2340 2967 2838 3034 niagnilicabimu-r.

2063 3058 2294 3125 Impleat
2350 3059 2613 3114 Dominus
2659 3075 2851 3115 omnes
2902 3061 3196 3131 petitiones
3242 3070 3380 3121 tuas.
3424 3076 3571 3114 nunc

1994 3152 2247 3220 cngnmi,
2300 3154 2561 3221 quoniam
2598 3153 2808 3207 salvum
2844 3152 3007 3207 faciet
3051 3152 3171 3224 [ms.
3207 3152 3355 3224 facit]
3385 3154 3571 3207 Domi—

1996 3260 2099 3298 nus
2142 3243 2423 3299 Christum
2468 3259 2627 3298 suum
2671 3261 2684 3298 ;
2740 3253 2795 3299 et
2843 3244 3101 3298 exaudiet
3147 3245 3298 3298 illum
3341 3246 3407 3300 de
3433 3246 3572 3299 ctelo

1996 3348 2187 3392 sancto
2212 3352 2333 3400 suo,
2382 3338 2435 3389 in
2470 3337 2841 3405 potentattbus
2882 3337 3028 3391 salus
3058 3337 3291 3390 dextera:
3322 3339 3461 3407 ejus.

2073 3516 2136 3570 Hi
2174 3516 2226 3568 in
2277 3514 2559 3575 curribus,
2602 3522 2657 3568 et
2708 3513 2762 3566 hi
2824 3513 2879 3566 in
2931 3512 3089 3581 equis
3122 3528 3135 3567 :
3170 3528 3268 3565 nos
3309 3523 3488 3565 autem
3520 3512 3574 3567 in

2000 3608 2225 3661 nomine
2271 3605 2485 3659 Domini
2517 3605 2614 3657 Dei
2658 3606 2830 3658 nostri
2869 3605 3357 3672 magniﬁcabimnr.

2068 3698 2174 3767 Ipsi
2204 3698 2426 3767 obligati
2474 3706 2621 3760 sunt,
2670 3705 2724 3749 et
2754 3694 3075 3750 ceciderunt
3106 3710 3118 3748 :
3164 3709 3259 3748 nos
3279 3705 3458 3747 autem
3494 3711 3576 3747 rc-

2005 3787 2367 3848 surrexiinus,
2404 3797 2457 3839 ct
2488 3786 2654 3839 erecti
2693 3799 2901 3839 sumus.

2083 3880 2331 3945 Domine,
2366 3879 2575 3932 salvum
2626 3876 2707 3931 fac
2742 3892 2921 3945 regem
2959 3893 2973 3928 :
3028 3884 3084 3929 et
3129 3874 3326 3927 exaudi
3382 3889 3481 3926 uos
3522 3875 3576 3935 in

2012 3971 2104 4026 die
2136 3986 2242 4040 qua
2278 3970 2398 4041 [τηε.
2432 3970 2485 4023 in
2517 3967 2646 4040 qua]
2682 3967 3119 4022 invocaverimus
3152 3975 3225 4019 te.

1692 4142 1935 4205 PSALM
1952 4142 2047 4202 US
2087 4141 2216 4202 XX.

715 4287 765 4324 IN
797 4284 954 4323 rixsn
984 4266 1029 4331 ⁸,
1062 4282 1293 4321 essurus
1327 4281 1507 4318 osvm.

392 4389 631 4447 Domine,
680 4387 733 4437 in
766 4384 954 4435 virtute
1009 4393 1099 4433 tua
1146 4380 1415 4434 lwtabitur
1464 4394 1605 4432 rex:
1655 4388 1701 4431 et
1746 4394 1905 4449 super

330 4484 561 4537 salutare
596 4489 747 4532 tuum
786 4474 1065 4539 exsultabit
1103 4477 1443 4527 vehementer.

399 4571 725 4625 Desiderium
755 4567 927 4619 cordis
961 4566 1075 4631 ejus
1115 4566 1344 4617 tribuisti
1398 4565 1445 4616 ei
1475 4580 1493 4616 :
1533 4574 1581 4616 et
1635 4562 1904 4616 voluntate

337 4666 584 4718 labiornm
616 4662 729 4728 ejus
761 4673 864 4711 non
899 4657 1159 4724 [raudasti
1194 4673 1333 4708 eunt.
1362 4656 1691 4709 Durssws.

400 4754 661 4818 Quoniam
688 4748 993 4818 pnevenisti
1023 4763 1141 4800 eum
1172 4749 1223 4799 in
1256 4747 1701 4800 benedictionibus
1732 4742 1906 4796 dulce-

335 4850 509 4900 dinis:
549 4841 773 4914 posuisti
825 4841 880 4894 in
931 4841 1106 4911 capite
1162 4841 1277 4907 eius
1331 4854 1583 4891 coronam
1624 4838 1685 4889 de
1732 4835 1909 4905 lapide

336 4941 571 5008 pretioso.

406 5143 421 5171 ⁸
466 5140 749 5195 Palatinus
784 5152 887 5192 ms.
939 5136 1159 5189 obelnm
1220 5131 1365 5185 hunc
1423 5126 1628 5179 omittit
1670 5143 1682 5177 :
1739 5123 1909 5178 Carus

342 5227 521 5265 vocem
569 5225 805 5277 quoque
843 5202 1446 5277 enimtransverberat.
1496 5196 1750 5277 odorant
1779 5196 1903 5249 libri

341 5284 390 5333 in
416 5266 606 5332 eodeni
645 5266 745 5330 ms.
789 5274 1099 5343 Diapsalma
1134 5266 1349 5343 rursum
1383 5266 1703 5320 ascribilur.

408 5350 636 5403 ’Slinus
698 5335 902 5401 iteruni
960 5345 1104 5397 bene
1163 5340 1443 5395 Palatinus
1501 5352 1603 5389 ms.
1647 5347 1700 5390 et
1735 5335 1908 5390 Carus

346 5421 486 5473 hunc
518 5418 740 5471 obelutn
779 5414 1224 5485 pra'lermittunt.

408 5492 426 5520 ³
468 5488 663 5548 Verba,
699 5488 753 5539 in
784 5486 969 5551 ﬁnem,
1002 5485 1144 5536 idem
1169 5495 1272 5533 ms.
1295 5489 1458 5533 laect.

409 5564 429 5589 ⁸
465 5543 734 5611 νετὺείὶη
767 5543 927 5620 finem
969 5555 1023 5606 in
1065 5551 1297 5604 Palatio.
1333 5563 1434 5601 ms.
1472 5562 1579 5600 non
1608 5554 1754 5599 sunt.
1791 5543 1911 5620 Mox

346 5629 597 5696 exultavit
649 5618 1100 5696 pro‘exsultabit,
1141 5620 1363 5696 sequior
1411 5632 1605 5671 manus
1644 5618 1909 5684 reposuit.

347 5694 584 5762 Denique
619 5689 931 5766 Diapsalma
966 5689 1425 5766 prmtertiiittitiir.

415 5771 438 5805 °
473 5757 785 5823 licctissiiiie
842 5757 1199 5821 emendatum
1257 5759 1565 5829 Augustino
1612 5757 1911 5824 dominata,

2187 4273 2242 4310 tu
2284 4272 2463 4322 rixen,
2499 4268 2732 4310 essurus
2764 4268 2918 4308 DAVlD
2950 4250 3073 4323 Lais.
3116 4268 3211 4304 rem
3240 4247 3439 4320 υΑνιυῙ.

2083 4374 2330 4436 Domine,
2381 4373 2433 4426 in
2486 4373 2685 4425 Virtute
2733 4381 2821 4424 tua
2852 4369 3125 4422 laetabitur
3152 4384 3243 4420 rex
3276 4384 3289 4421 :
3339 4374 3393 4419 et
3420 4380 3587 4433 super

2012 4467 2249 4520 salutare
2276 4474 2426 4517 tuum
2462 4463 2761 4517 exsultabit
2792 4464 3168 4514 veben'icntcr.

2090 4556 2429 4609 Desiderium
2466 4556 2659 4608 attinnt:
2687 4554 2805 4621 ejus
2834 4552 3068 4607 tribuisti
3098 4551 3145 4603 ei
3172 4568 3185 4604 :
3213 4559 3270 4604 et
3307 4549 3591 4602 voluntate

2012 4648 2281 4701 labiorum
2308 4644 2429 4713 ejus
2464 4660 2569 4696 non
2601 4642 2863 4695 iraudasti
2906 4656 3029 4694 eum
3064 4641 3105 4694 ⁸.
3148 4640 3468 4691 Disrsnuts.

2088 4739 2359 4807 Quoniam
2397 4735 2702 4805 ρτωνυηίειί
2733 4751 2856 4788 eum
2892 4734 2943 4786 in
2977 4731 3452 4785 benedictionibus
3476 4729 3590 4782 dul-

2022 4834 2232 4888 cedinis
2265 4847 2279 4888 :
2316 4829 2548 4899 posuisti
2577 4828 2629 4880 in
2658 4827 2833 4895 capite
2860 4827 2979 4893 ejus
3013 4838 3273 4877 coronam
3310 4822 3378 4875 de
3415 4821 3592 4888 lapide

2020 4925 2283 4995 pretioso.

2019 5119 2070 5172 ἱεΙ
2124 5124 2207 5171 est
2261 5115 2477 5180 delicta,
2521 5110 2982 5181 quemadmodum
3024 5119 3075 5161 et
3105 5107 3437 5163 Veronensis
3488 5119 3595 5163 ms.

2020 5188 2213 5241 reeitat
2260 5205 2273 5239 :
2326 5195 2439 5238 tum
2500 5180 2789 5239 niundabor
2858 5199 2889 5235 α
2948 5180 3136 5232 delicto
3208 5193 3443 5246 magno,
3517 5188 3585 5231 ex

2018 5259 2234 5312 eodem.

2088 5329 2107 5360 ‘
2146 5326 2368 5381 Rectius
2400 5327 2598 5379 iterum
2653 5320 2988 5375 Veronensis
3018 5336 3114 5375 ms.
3152 5328 3209 5373 et
3253 5314 3594 5384 Augustinus

2018 5413 2220 5451 nomen
2257 5395 2509 5448 Dominus
2537 5394 2623 5446 lue
2650 5393 2933 5445 omittunt.

2092 5468 2109 5498 ⁷
2154 5469 2339 5519 Denuo
2362 5483 2426 5518 ex
2452 5466 2758 5532 Augustino
2787 5461 3089 5513 Veronens.
3128 5452 3594 5532 lms.,_Consilium

2021 5550 2166 5590 tuum
2203 5536 2480 5605 compleat.
2526 5526 2930 5605 Exsultabimus
2965 5533 3020 5605 in
3053 5526 3304 5605 salutari,
3334 5535 3441 5578 etc.

2096 5608 2117 5638 ⁸
2157 5594 2483 5660 Veronensis
2526 5621 2651 5669 ms.,
2699 5601 2903 5656 Dedisti
2936 5600 3013 5669 ei,_
3057 5609 3101 5648 et
3142 5595 3463 5669 colu-ntalem
3502 5594 3588 5669 lae

2024 5679 2226 5731 biorum
2260 5676 2373 5744 ejus
2404 5693 2505 5728 non
2544 5665 2761 5742 prieasti
2788 5670 2855 5729 ei,
2891 5683 2955 5718 ex
2988 5665 3277 5743 Augustini
3305 5666 3587 5733 Psalle-rio.

2028 5758 2085 5803 ut
2117 5758 2244 5802 sunt
2275 5757 2471 5801 cantem
2495 5760 2615 5814 qua:
2650 5745 2953 5812 Sequuntur
2992 5748 3197 5803 omina.
