3958 6176
273 304 369 372 161

1516 285 1775 348 iusim
1821 287 2318 351 PS.-tI.MOltUM.
3397 252 3527 348 ire

341 417 606 484 Quoniam
637 411 911 466 tribulatio
933 408 1174 481 proxima
1192 413 1308 460 est:
1345 406 1602 475 quoniam
1629 420 1728 456 non
1757 411 1851 463 est,
1885 410 1932 470 Δ
1961 403 2169 457 bulatio
2213 402 2456 471 proxima
2516 412 2596 455 est
2634 417 2643 453 :
2680 408 2730 453 et
2792 398 2913 471 [ms.
2955 398 3236 470 quoniam]
3281 413 3386 452 non
3451 413 3534 454 est

273 517 361 585 qui
395 514 605 583 adjuvet
631 512 671 564 ¹.

341 604 812 662 Circumdederunt
859 615 936 653 me
996 596 1146 652 uituli
1210 595 1360 648 multi
1396 609 1412 646 :
1447 593 1592 646 tauri
1640 593 1855 659 pingues

277 703 590 757 obsederunt
629 711 728 748 me.

349 795 680 861 Apemerunt
702 801 858 856 super
889 800 967 838 me
997 799 1052 836 os
1082 797 1238 836 suum
1262 797 1278 835 :
1299 781 1432 834 sicut
1466 777 1543 831 leo
1573 776 1785 844 rapiens
1813 785 1860 826 et

278 900 508 953 rugiens.

351 979 494 1032 Sicut
518 990 680 1045 aqua,
713 972 900 1042 eﬂ'usus
959 982 1078 1020 sum
1105 978 1122 1018 :
1149 972 1195 1018 et
1227 963 1466 1032 dispersa
1525 967 1646 1012 sunt
1681 957 1859 1009 omnia

283 1091 395 1127 οεεα
431 1086 568 1123 utea.

355 1187 474 1238 Fac.
493 1201 578 1236 um
605 1192 677 1235 est
719 1195 806 1232 cor
835 1192 1006 1230 ineunt
1035 1185 1286 1239 tanquam
1313 1184 1433 1223 cera
1455 1166 1760 1237 liquescens,
1797 1180 1849 1216 in

283 1280 448 1332 mulio
479 1279 674 1331 reatris
711 1273 830 1326 mei.

355 1375 527 1431 simil,
582 1377 838 1434 (utiquam
883 1369 1034 1426 testa,
1080 1359 1244 1411 virtus
1278 1370 1416 1419 mea,
1453 1359 1501 1405 et
1531 1349 1712 1418 lingua
1742 1361 1860 1399 mea

285 1462 501 1516 αάέιαξθὶι
537 1459 782 1527 faucibus
806 1454 933 1508 meis
971 1467 988 1504 :
1019 1463 1067 1504 et
1102 1450 1154 1502 in
1196 1447 1462 1518 pulverem
1495 1442 1674 1494 mortis
1697 1439 1861 1492 dedu-

283 1555 407 1608 xisti
436 1569 534 1604 me.

1963 495 2052 564 qui
2081 497 2321 564 adjuvet.

2024 588 2523 642 Circonaledct'unt
2561 605 2646 641 me
2715 586 2870 640 vituli
2905 584 3060 638 multi
3099 602 3110 636 :
3143 581 3281 636 tauri
3308 581 3486 650 pingiu
3511 600 3537 632 s

1963 679 2302 732 obsederunt
2335 694 2445 733 me.

2037 774 2385 838 Aperuernut
2421 771 2472 822 in
2503 785 2589 821 me
2620 786 2680 822 os
2711 783 2891 833 suum,
2919 768 3060 821 sicut
3119 767 3202 819 leo
3235 766 3451 834 rapiens
3485 774 3536 814 et

1965 867 2228 933 rugiens:
2265 863 2410 916 sicut
2435 877 2604 930 aqua,
2635 864 2804 914 effusa
2830 871 2955 913 sunt
2989 861 3110 930 luis.
3134 859 3342 913 effusus
3366 855 3536 926 sinu].

1961 966 2018 1010 et
2045 956 2294 1024 dispersa
2333 964 2461 1008 sunt
2492 954 2677 1008 omnia
2707 968 2829 1006 ossa
2865 969 3006 1005 llit‘a.

2035 1069 2102 1122 Et
2135 1068 2261 1138 [ms.
2293 1078 2428 1120 tacet
2462 1065 2541 1136 et]
2593 1066 2798 1120 factum
2834 1075 2915 1118 est
2940 1079 3035 1118 cor
3069 1078 3248 1116 meum
3277 1073 3536 1131 tanquam

1964 1175 2089 1215 cera
2123 1160 2408 1230 liqueﬁens
2445 1157 2565 1230 [ms.
2600 1155 2958 1228 liquescens],
3021 1157 3073 1209 in
3117 1156 3298 1209 inedio
3328 1155 3537 1209 ventris

1967 1255 2094 1308 inci.

2036 1348 2280 1408 lixaruit,
2316 1347 2466 1400 velut
2521 1354 2679 1409 testa,
2732 1344 2907 1399 virtus
2943 1358 3082 1406 mea,
3113 1350 3168 1396 et
3204 1341 3387 1408 lingua
3420 1353 3537 1391 mea

1965 1440 2196 1493 adhaesit.
2231 1439 2481 1494 faucibus
2513 1440 2652 1492 meis
2684 1454 2698 1490 :
2729 1447 2784 1492 et
2815 1436 2871 1490 in
2904 1437 3185 1506 pulverem
3223 1432 3413 1486 mortis
3441 1433 3536 1485 de.-

1965 1533 2171 1586 duxisti
2203 1547 2310 1587 me.

358 1760 614 1824 Quoniam
651 1752 1100 1808 circmmlederunl
1129 1760 1207 1798 me
1230 1757 1384 1796 canes
1417 1755 1476 1795 -ε-
1510 1741 1660 1794 multi
1690 1744 1712 1812 ζ
1742 1759 1864 1796 cono
1897 1777 1937 1831 Β
2031 1740 2298 1806 Quoniam
2330 1737 2818 1794 circumdederunt
2853 1752 2942 1792 me
2975 1751 3147 1791 canes
3181 1732 3334 1789 multi
3370 1749 3386 1790 :
3413 1748 3542 1788 con-

288 1853 465 1904 cilium
506 1844 913 1915 malignantium
934 1839 1133 1894 obsedit
1153 1852 1254 1889 me.

361 1942 626 1994 Foderunt
662 1952 849 1988 manus
880 1947 1024 1986 meas
1076 1940 1123 1985 et
1165 1930 1318 1999 pedes
1345 1943 1510 1991 meos,
1561 1927 1866 1982 dinumera-

287 2043 468 2090 oerunt
497 2031 673 2085 omnia
700 2043 818 2081 ossa
853 2041 992 2078 mea.

359 2129 382 2180 Ι
390 2130 469 2198 psi
497 2141 614 2179 vero
639 2120 1120 2178 consideraverunt,
1172 2125 1220 2168 et
1255 2116 1598 2184 inspexerunt
1633 2126 1711 2163 me
1736 2123 1756 2162 :
1790 2110 1866 2162 di-

291 2224 515 2274 riserunt
546 2215 643 2268 sibi
697 2211 1002 2265 vestimenta
1051 2221 1186 2271 mea,
1221 2213 1268 2257 et
1298 2218 1457 2273 super
1483 2210 1667 2256 vestem
1696 2214 1868 2252 meum

293 2316 542 2364 miserunt
573 2315 788 2360 sortem.

360 2402 433 2455 Tu
463 2411 660 2460 autem,
685 2395 926 2457 Domine,
953 2410 1015 2448 ne
1037 2394 1361 2463 elongaveris
1380 2389 1639 2444 auxilium
1656 2395 1801 2440 tuum
1837 2403 1868 2439 a

294 2511 369 2547 me
398 2510 417 2548 :
453 2491 519 2544 ad
543 2489 896 2551 defensionem
929 2500 1098 2538 meam
1119 2484 1378 2552 conspice.

365 2586 506 2638 Erue
535 2600 566 2635 a
598 2581 804 2650 framea
825 2592 887 2633 οι-
918 2577 1052 2630 Deus
1079 2577 1099 2605 ¹
1135 2579 1158 2646 ζ
1197 2575 1435 2628 animam
1467 2587 1635 2626 meam
1662 2584 1748 2626 :+
1770 2577 1818 2622 et
1845 2569 1866 2635 ζ

296 2680 356 2732 de
394 2693 551 2730 manu
575 2676 744 2737 canis,
776 2674 988 2725 unicam
1026 2686 1215 2722 meum.

366 2770 525 2824 Salva
560 2782 642 2820 me
685 2781 746 2819 ea:
776 2779 866 2816 ore
901 2763 1065 2815 leonis
1091 2778 1108 2816 :
1133 2771 1178 2814 et
1218 2775 1248 2810 a
1283 2757 1521 2811 cornibus
1545 2753 1872 2808 nnicornium

296 2863 644 2916 humilitatem
677 2845 866 2910 meam.

367 2953 618 3007 Narrabo
643 2965 829 3004 nomen
860 2957 1005 3002 tuum
1027 2945 1282 3017 fratribus
1311 2945 1434 2996 meis
1463 2958 1480 2996 :
1511 2941 1564 2992 in
1589 2937 1756 2992 medio
1775 2935 1874 2989 Ec-

297 3047 470 3101 clesire
506 3043 735 3097 laudabo
764 3051 831 3095 te.

1967 1833 2155 1886 cilium
2189 1831 2608 1901 malignantium
2639 1830 2859 1886 obsedit
2891 1846 2974 1884 me
3005 1832 3047 1883 ⁵.

2027 1924 2307 1981 Fuderunt
2342 1942 2539 1982 manus
2586 1943 2734 1984 meas
2760 1937 2815 1982 et
2871 1929 2994 1989 (ms.
3050 1937 3188 1980 taret
3233 1926 3312 1997 et]
3376 1925 3542 1996 pedes

1970 2034 2124 2075 meos
2150 2037 2162 2072 Ξ
2186 2029 2245 2075 et
2273 2020 2769 2075 dinumeraverunt
2800 2021 2982 2074 omnia
3008 2037 3129 2076 ossa
3157 2035 3295 2074 mea.

2043 2111 2148 2182 Ipsi
2174 2100 2328 2166 vero'
2355 2112 2868 2177 consideraverunt,
2905 2123 2958 2167 et
2981 2121 3386 2182 conspexerunt
3409 2129 3494 2168 me
3526 2131 3540 2169 :

1969 2202 2281 2258 diviserunt
2312 2203 2415 2258 sibi
2445 2203 2772 2257 vestimenta
2804 2220 2922 2259 mea
2956 2203 2976 2232 ⁸
3010 2220 3023 2256 :
3054 2215 3109 2258 et
3137 2220 3302 2274 super
3335 2213 3539 2258 vestem

1972 2311 2149 2352 meam
2179 2295 2299 2368 [ms.
2338 2297 2726 2351 vestimentum
2767 2313 2946 2351 meum
2989 2298 3261 2352 ιιιίμοτιηιι
3290 2298 3540 2368 sortem].

2035 2387 2117 2441 Tu
2135 2395 2339 2454 autem,
2359 2387 2604 2451 Domine,
2624 2403 2689 2440 ne
2708 2389 2864 2458 longe
2884 2387 3050 2442 facias
3066 2389 3085 2419 "
3107 2389 3370 2442 auxilium
3392 2398 3546 2441 tuum

1973 2494 2004 2533 a
2032 2493 2155 2550 me:
2185 2479 2250 2533 ad
2282 2477 2406 2550 [ms.
2427 2478 2504 2545 in]
2540 2479 2924 2533 defensionem
2953 2495 3129 2532 meam
3165 2480 3371 2548 aspice.

2040 2572 2184 2626 Erue
2215 2586 2244 2624 a
2275 2571 2483 2626 framea
2514 2571 2753 2626 animam
2780 2587 2958 2628 meam
2989 2588 3001 2624 :
3038 2573 3180 2627 etde
3208 2587 3368 2626 manu
3396 2571 3553 2626 canis

1982 2662 2197 2716 unicam
2230 2677 2430 2716 meam.

2045 2755 2241 2810 Libera
2269 2771 2358 2811 ine
2381 2755 2507 2826 lius.
2532 2756 2752 2810 Salvum
2782 2773 2867 2810 me
2890 2755 2996 2827 far]
3029 2757 3097 2811 de
3130 2771 3224 2811 ore
3253 2756 3430 2811 leonis
3459 2772 3472 2811 :
3497 2766 3553 2810 ct

1978 2865 2006 2902 a
2038 2851 2300 2903 cornibus
2332 2851 2765 2903 unicornuorum
2801 2849 3162 2902 humilitatem
3205 2864 3400 2902 meam.

2037 2940 2287 2996 Narrabo
2341 2957 2538 2995 nomen
2575 2951 2729 2995 tuum
2761 2941 3026 2995 fratribus
3057 2941 3193 2995 meis
3225 2956 3240 2993 :
3281 2941 3334 2994 in
3368 2941 3554 2995 medio

1981 3034 2243 3089 Ecclesiae
2282 3034 2519 3088 laudabo
2545 3033 2662 3104 [ms.
2694 3032 2950 3104 cantabo]
2988 3043 3060 3088 te.

371 3137 475 3203 Qui
495 3138 688 3188 tintetis
723 3133 1001 3187 Dominum
1032 3130 1248 3185 laudate
1271 3143 1387 3181 eum
1419 3142 1436 3179 .'
1467 3125 1762 3179 universum
1791 3135 1874 3173 τε·
1903 3115 1944 3172 C
2047 3127 2148 3194 Qui
2195 3127 2400 3182 timetis
2431 3127 2744 3189 Dominum,
2781 3127 3002 3182 laud-dte
3027 3142 3152 3183 eum
3186 3141 3200 3180 ε
3239 3129 3554 3182 universum

304 3247 419 3283 men
447 3228 631 3286 Iacob.
654 3227 946 3296 gloriﬁcate
973 3241 1091 3278 eum
1127 3222 1172 3274 ³.

379 3342 576 3396 Timent
598 3358 715 3395 eum
735 3355 885 3394 omne
904 3353 1077 3392 semen
1103 3335 1273 3392 Israel
1301 3352 1317 3391 :
1337 3336 1585 3406 quoniam
1606 3348 1707 3386 non
1732 3345 1880 3398 spre-

304 3442 395 3501 vit,
440 3451 601 3505 neque
629 3433 861 3502 despexit
899 3429 1319 3500 deprecationem
1343 3431 1614 3498 pauperis.

370 3529 478 3582 Nec
508 3528 693 3581 avertit
717 3525 903 3594 faciem
935 3539 1136 3576 suauia
1186 3537 1301 3575 me:
1338 3530 1385 3574 et
1416 3519 1836 3574 cumclamarem
1859 3516 1879 3547 "

307 3622 373 3675 ad
397 3638 537 3686 eum,
579 3617 843 3671 exaudivit
883 3629 941 3670 οε-
985 3630 1065 3668 me
1104 3614 1126 3681 ζ

380 3734 532 3802 Apud
585 3748 633 3786 te
673 3731 792 3784 laus
823 3745 938 3781 mea
972 3729 1027 3782 in
1062 3726 1297 3780 Ecclesia
1316 3741 1504 3796 magna
1543 3739 1563 3774 :
1596 3737 1714 3793 vota
1764 3740 1878 3776 mea

311 3825 527 3880 reddam
557 3826 610 3877 in
640 3831 914 3892 conspectu
947 3821 1242 3874 timentium
1271 3834 1412 3871 eum.

384 4045 398 4074 ε
434 4041 472 4094 Ε
503 4039 721 4110 regione
751 4037 974 4092 adnotat
1007 4035 1287 4110 Palatinus
1313 4048 1412 4088 ms.
1443 4032 1777 4110 Diapsalnm.

382 4116 404 4145 ’
435 4105 653 4165 Rectius
676 4110 845 4162 ferme
899 4120 1190 4175 utrumque
1224 4106 1377 4175 abest
1430 4119 1458 4157 a
1490 4105 1738 4159 Palatino
1779 4120 1880 4159 ms.

317 4195 509 4236 nomen
542 4181 700 4243 Deus,
731 4187 786 4232 et
830 4193 959 4248 veru
1010 4173 1118 4248 quo
1155 4173 1489 4238 confoditur,
1521 4176 1885 4244 quemadmo-

315 4255 440 4306 dum
473 4261 527 4304 ct
557 4255 609 4303 in
633 4249 820 4302 Graeco
857 4247 974 4315 ipso
1005 4247 1088 4300 est
1120 4253 1290 4301 textu.

385 4324 404 4351 ³
434 4321 530 4375 llic
561 4336 591 4375 e
619 4318 839 4386 regione
877 4314 1166 4370 Palatinus
1199 4330 1301 4369 ms.
1341 4314 1654 4384 Diapsalma
1715 4331 1884 4386 appo-

337 4405 420 4443 ill.

318 4409 420 4445 fill.

387 4463 406 4489 ⁸
437 4459 640 4518 Veron.
677 4474 804 4522 ms.,
832 4473 950 4512 cum
976 4455 1297 4509 clamavero.

389 4534 408 4562 ⁵
442 4531 496 4582 In
553 4531 724 4584 Palat.
761 4543 889 4591 ms.,
921 4528 1284 4587 circumdedit.
1306 4525 1464 4578 unice
1498 4542 1620 4582 cum
1649 4529 1880 4594 August.

392 4601 588 4654 “Addit
613 4600 754 4653 idern
789 4614 886 4651 ms.
908 4611 989 4650 me
1013 4611 1031 4650 :
1055 4608 1167 4650 tum
1188 4597 1494 4649 vestimenta
1517 4615 1612 4652 sua
1640 4611 1736 4664 pro
1768 4612 1885 4649 mea

321 4673 468 4740 legit,
497 4670 643 4739 quod
666 4679 853 4735 aperte
887 4667 1210 4720 mendosum
1238 4675 1321 4740 est
1353 4676 1450 4740 :‘et
1481 4672 1668 4740 nescio
1687 4676 1884 4740 tamen

321 4735 428 4809 qlia
469 4735 759 4809 περιεργίᾳ
786 4741 986 4800 editor,
1046 4746 1104 4789 ut
1134 4749 1206 4809 ne
1239 4735 1395 4809 illud
1431 4738 1729 4809 suspiceris
1757 4751 1886 4789 esse

322 4806 418 4865 aut
452 4806 743 4876 antiquarii
791 4819 886 4861 aut
934 4806 1252 4876 typographi
1284 4807 1562 4873 mendum,
1591 4810 1665 4861 ita
1699 4815 1888 4859 monet

323 4882 670 4935 retinendum
703 4881 813 4947 tege
853 4891 1102 4947 sua,_non
1139 4890 1281 4928 mea.

391 4958 409 4985 ⁷
433 4953 604 5005 Penes
629 4944 932 5016 August.et
955 4944 1250 4998 Veronens.
1286 4961 1388 5000 ms.
1421 4947 1623 5015 feceris.
1654 4945 1760 4998 Pro
1791 4961 1888 4997 an-

319 5023 506 5073 xilium
561 5030 736 5083 tuum,
775 5021 920 5086 quod
971 5018 1240 5086 tinguitur,
1300 5027 1452 5071 notat
1523 5018 1888 5085 Hieronymus

323 5103 482 5159 epist.
516 5093 586 5142 ad
642 5083 896 5159 Sunniam
931 5097 978 5159 et
1009 5083 1298 5159 Fretelam,
1338 5090 1615 5140 invenisse
1645 5083 1889 5154 eos,au-

315 5157 500 5212 itit-.nm
530 5175 702 5212 meum
736 5158 896 5226 quod,
949 5157 1148 5224 inquit,
1197 5167 1243 5207 et
1271 5173 1447 5208 verum
1473 5165 1570 5216 est,
1595 5169 1642 5208 et
1669 5159 1742 5206 ita
1776 5170 1890 5206 cor-

320 5233 612 5298 rigi-udum.
644 5227 958 5298 “ever-asin
993 5231 1174 5278 lerunt
1203 5227 1500 5298 originales
1531 5226 1656 5298 libri
1677 5239 1886 5298 attines.

318 5294 455 5352 Audi
490 5315 639 5355 nunc
694 5302 786 5366 qui
833 5296 1156 5349 Veronensis
1190 5294 1352 5365 hujus
1410 5294 1660 5349 Psalterii
1713 5295 1893 5347 edito:-

320 5378 534 5435 doceat,
565 5383 826 5438 perquam
872 5367 1018 5417 cnim
1051 5380 1171 5416 rare
1205 5366 1581 5438 aliquid‘ultra
1617 5367 1891 5417 variantes

323 5433 581 5493 lectiones
609 5433 813 5500 audet:
863 5456 878 5485 ι
907 5437 1008 5486 Pro
1033 5452 1064 5484 ιι
1098 5451 1174 5485 me
1196 5438 1390 5502 inquit,
1421 5433 1477 5487 S.
1503 5436 1889 5503 Hieronymus,

321 5510 380 5560 in
412 5515 572 5574 epist.
603 5510 727 5572 154,
761 5507 878 5559 vult
908 5521 1163 5556 mecum.»
1199 5504 1351 5558 Falsa
1387 5510 1642 5572 equidem
1677 5520 1739 5555 ac
1771 5519 1894 5572 per-

323 5575 499 5633 ve'rse.
541 5580 908 5646 Hieronymus
938 5590 1116 5642 neque
1161 5577 1434 5629 voculasa
1475 5592 1558 5629 me
1623 5583 1888 5640 respexit,

321 5649 418 5701 sed
480 5664 783 5718 pronomen
827 5657 1012 5707 tuum;
1049 5661 1226 5715 neque
1255 5661 1350 5715 pro
1380 5663 1447 5701 co
1481 5662 1673 5700 mecum
1712 5659 1891 5696 corri-

321 5721 555 5789 gendum
580 5721 738 5784 dixit,
767 5721 859 5773 sed
893 5731 1086 5769 meum.

1981 3235 2166 3276 semen
2192 3219 2383 3284 Jacob,
2415 3218 2758 3288 magnificam
2788 3218 2809 3248 ⁸
2833 3233 2979 3272 eum.

2053 3335 2269 3390 Timent.
2302 3350 2427 3389 eum
2480 3349 2646 3389 onme
2699 3348 2886 3389 semen
2933 3334 3119 3397 Israel,
3157 3336 3416 3406 quoniam
3445 3354 3554 3391 non

1983 3427 2213 3496 sprevit,
2238 3441 2418 3495 neque
2448 3426 2699 3495 despexit
2736 3440 2928 3495 preces
2951 3441 3252 3496 pauperum
3275 3429 3399 3500 lms.
3434 3445 3558 3497 pre-

1983 3535 2102 3573 cem
2139 3518 2418 3589 pauperis]
2452 3536 2466 3570 :
2504 3534 2685 3588 neque
2714 3521 2910 3572 avertit
2942 3519 3140 3574 faciem
3203 3535 3354 3574 suam
3388 3535 3416 3572 a
3447 3537 3554 3581 n.0,

1983 3620 2039 3666 et
2069 3612 2196 3664 dum
2226 3608 2350 3681 [ms.
2381 3608 2532 3680 cum]
2557 3611 2848 3664 clamarem
2878 3611 2942 3664 ad
2975 3627 3122 3674 cum,
3147 3615 3423 3668 exaudivit
3449 3630 3556 3666 mc.

2047 3721 2202 3787 Apud
2233 3732 2282 3774 te
2317 3719 2439 3775 laus
2467 3722 2602 3774 mihi
2641 3721 2696 3775 in
2726 3723 2966 3777 Ecclesia
2997 3739 3190 3792 magna
3217 3734 3371 3782 :vota
3401 3744 3515 3781 mea
3539 3729 3557 3758 ⁹

1990 3810 2219 3865 Domino
2258 3813 2481 3866 reddam
2514 3829 2696 3868 coram
2725 3816 3049 3869 timentibus
3087 3832 3235 3870 eum.

2057 4045 2077 4074 ³
2099 4046 2154 4098 In
2185 4043 2376 4100 Graeco
2399 4043 2875 4114 le‘gebantlSunnia
2902 4060 2965 4100 ac
2994 4043 3206 4099 Fretcla
3235 4047 3554 4115 glor’ﬁcaie.

1986 4116 2193 4188 Super,
2225 4131 2332 4188 qua
2393 4131 2453 4170 re
2527 4117 2715 4169 lethaeo
2778 4115 3009 4188 monuit
3056 4117 3110 4169 S.
3144 4118 3555 4188 Hieronymus:

2059 4186 2080 4238 ί
2109 4186 2431 4250 Sciendum,
2495 4189 2684 4255 inquit,
2716 4187 2857 4254 quod
2921 4187 3235 4252 ubicunque
3263 4189 3316 4240 in
3349 4186 3558 4242 'Gran-o

1987 4258 2249 4325 scriptum
2278 4267 2360 4310 est
2394 4259 2707 4325 glori/irate,
2741 4256 2970 4311 Latinus
3012 4263 3282 4325 interpres
3310 4261 3560 4328 τηειρ»ιὸίὶ-

1987 4338 2103 4395 eote
2137 4329 2494 4392 transtulerit,
2527 4328 2977 4396 secutulutnillud
3007 4331 3150 4396 quod
3184 4329 3237 4380 in
3265 4329 3449 4381 Exodo
3480 4339 3559 4381 it:-

1989 4401 2130 4467 cit'ur
2155 4397 2482 4467 {Cantemus
2513 4395 2752 4459 Domino,
2781 4395 3005 4464 gloriose
3026 4395 3170 4449 enim
3193 4398 3560 4467 magniﬁcatus

1913 4451 1959 4505 ί)
1988 4477 2082 4520 est.
2113 4459 2216 4518 Pr'o
2247 4466 2441 4534 quo-in
2469 4467 2655 4519 Graeco
2685 4451 2944 4520 scribitur
2969 4451 3389 4534 glori/icatus'esi
3408 4481 3428 4522 :
3462 4471 3558 4522 scd

1991 4539 2046 4590 in
2083 4535 2276 4589 Latino
2341 4549 2594 4588 sermone
2651 4538 2695 4589 si
2759 4539 3140 4603 transferatur,
3185 4541 3245 4590 lit
3300 4540 3560 4592 indecora

1992 4605 2296 4658 translatio.
2356 4604 2422 4656 Et
2453 4619 2550 4658 nos
2605 4610 2961 4661 ememlautes
3022 4608 3152 4660 olim
3206 4606 3560 4670 Psalterium,

1993 4678 2314 4747 ubicunque
2351 4688 2546 4727 sensus
2603 4675 2745 4727 idem
2771 4689 2874 4738 cst,
2913 4687 3161 4731 veterum
3201 4682 3562 4747 interpretum

1989 4745 2447 4798 consuetudinem
2472 4754 2682 4797 mutare
2713 4747 3011 4810 noluimus,
3043 4765 3104 4799 ne
3127 4749 3298 4802 nimia
3323 4745 3566 4802 novitate

1989 4815 2208 4869 lectoris
2247 4814 2491 4866 animum
2530 4825 2909 4869 teneremus.»
2946 4819 3019 4871 De
3059 4817 3325 4871 l’szilli't‘lt)
3364 4821 3563 4870 licius-

1993 4901 2083 4948 no,
2111 4885 2163 4936 id
2196 4893 2295 4945 est,
2340 4885 2525 4938 Romae
2578 4888 2894 4951 emendato,
2925 4889 3067 4940 haud
3103 4892 3328 4943 dUDiUIII
3354 4891 3561 4944 interi-

1991 4958 2214 5026 gendus
2258 4955 2362 5007 iste
2399 4954 2568 5026 locus
2603 4956 2700 5026 :Ain
2749 4972 2814 5008 co
2865 4959 3011 5010 enim
3045 4972 3296 5026 superest
3336 4960 3505 5014 vetbu
3532 4977 3564 5010 η

1993 5023 2340 5099 magnificare
2396 5023 2572 5099 Latini
2629 5024 2969 5099 interpretis,
3022 5023 3168 5096 quod
3204 5033 3566 5099 Hieronymus

1997 5105 2208 5146 mutate
2235 5095 2510 5146 noluerat.
2541 5093 2595 5145 In
2632 5093 2921 5160 posteriori
2961 5093 3140 5152 tamen
3175 5093 3566 5153 ("lilt‘lltlallutic

1993 5163 2274 5224 Psalterii,
2315 5164 2631 5216 Bethlehctn
2662 5167 2830 5228 edita,
2860 5167 3150 5236 gloriﬁcate
3182 5175 3570 5238 interpretatus

1992 5244 2077 5287 est
2107 5250 2119 5285 :
2151 5249 2251 5285 nec
2286 5246 2577 5302 prOptcrea
2613 5238 2897 5291 translatio
2927 5243 3151 5292 dicenda
3170 5250 3252 5293 est
3287 5244 3564 5298 illtlt‘CUrll,

1993 5319 2116 5356 Cum
2153 5319 2262 5354 non
2296 5309 2565 5371 pra-cedat
2601 5306 2673 5356 ibi
2705 5309 3027 5361 adverbium
3060 5311 3303 5376 gloriose,
3341 5311 3481 5360 sicut
3516 5325 3566 5358 ill

1994 5376 2265 5426 v'crsirulo
2298 5376 2467 5427 Exodi
2504 5391 2671 5440 supra
2709 5379 2959 5442 recitato,
2997 5384 3085 5432 ubi
3117 5387 3280 5432 nimis
3309 5382 3577 5429 indu-ore

1993 5444 2266 5517 legeretur
2291 5459 2305 5498 :
2342 5444 2577 5498 Gloriosa
2609 5459 2744 5499 etum
2779 5450 3102 5517 glori/iratus
3131 5459 3225 5500 est.
3247 5448 3427 5500 Mstt'r.

2067 5517 2086 5544 ⁹
2109 5514 2334 5568 Ρτειυῑυη
2376 5519 2702 5570 κίθι-υιιεηδίδ
2739 5514 2836 5570 nis.
2878 5514 3068 5575 :Lans
3104 5535 3214 5568 mea
3245 5522 3296 5568 in
3334 5516 3573 5570 Ecclesia

1997 5601 2214 5651 inagna,
2252 5587 2537 5652 con/iubar
2570 5589 2662 5639 tibi
2690 5605 2709 5641 :
2740 5600 2855 5641 uota
2891 5608 3024 5651 mea,
3054 5599 3186 5649 ct.:.,
3219 5591 3586 5656 quemadmo-

1997 5657 2124 5705 dum
2155 5671 2218 5705 es
2245 5660 2450 5724 August
2478 5674 2546 5708 uo
2577 5660 2885 5726 descripsit,
2922 5676 2982 5710 ac
3009 5668 3229 5712 somnii:
3253 5658 3457 5714 Graicis
3487 5661 3579 5711 ha-

2003 5735 2088 5776 ud
2124 5733 2376 5778 Animum
2417 5735 2719 5795 exemplar.
