3898 6172
287 295 384 358 167

1158 295 1219 355 S.
1261 289 1700 352 lllERO-NYMI
1743 287 2009 348 DIV!N:\
2051 289 2586 348 BlBLlOTI—IECA.

3443 278 3543 342 188

345 406 522 458 Dulcis
557 416 603 458 et
639 415 806 459 rectus
855 405 1109 458 Dominus
1140 422 1158 458 :
1201 415 1413 473 propter
1447 404 1538 454 hoc
1560 402 1724 470 legem
1753 401 1852 453 da-
1885 401 1933 458 A
2035 401 2218 455 Dulcis
2257 413 2312 457 et
2365 414 2548 457 rectus
2600 402 2902 457 Dominus:
2955 405 3181 468 propter
3215 393 3319 449 hoc
3368 393 3543 464 legem

271 499 338 549 bit
369 496 794 566 delinquentibus
823 499 875 550 iu
909 497 1017 552 via.

344 587 547 657 Diriget
597 589 993 644 mansuetonin
1028 587 1274 656 judicio:
1310 586 1511 639 docebit
1543 585 1693 640 mites
1744 586 1855 638 tius

275 698 418 733 32108.

347 775 607 828 Universa:
638 774 731 828 via:
791 772 1002 825 Domini
1033 773 1393 825 misericordia
1423 782 1472 824 et
1509 773 1721 831 soritas,
1772 787 1854 821 re-

277 867 597 936 quirentibus
623 873 988 916 testamentum
1018 865 1130 933 ejus
1163 873 1211 915 et
1245 865 1544 916 testimonia
1572 864 1710 933 ejus.

349 957 573 1026 Propter
595 973 780 1008 nomen
833 966 1007 1019 tuum,
1041 955 1282 1017 Domine,
1310 957 1682 1024 propitiaberis
1740 972 1858 1025 pec-

277 1060 392 1102 cato
425 1067 535 1102 meo
569 1064 586 1101 :
630 1049 854 1102 multum
881 1060 953 1102 est
991 1049 1152 1102 enim.

347 1139 472 1204 Quis
501 1150 573 1192 est
603 1143 756 1194 homo
790 1143 878 1210 qui
914 1141 1057 1194 timet
1093 1139 1373 1193 Dominum
1404 1141 1425 1194 .’
1461 1140 1621 1210 legem
1676 1139 1862 1192 statuit

277 1237 323 1287 ei
359 1237 409 1287 in
443 1238 526 1286 ria
561 1250 720 1302 quam
755 1232 932 1302 elegit.

349 1329 536 1380 Anima
564 1326 676 1394 ejus
705 1326 758 1378 in
800 1328 945 1379 bonis
997 1326 1354 1380 demorabitur
1388 1343 1404 1380 :
1451 1338 1499 1380 ct
1537 1344 1716 1382 semei:
1749 1329 1862 1397 ejus

281 1417 610 1470 lut'retlitabit
638 1425 855 1468 terram.

353 1486 767 1561 Firmamentum
802 1517 876 1561 est
909 1506 1168 1562 Dominus
1197 1510 1510 1563 timentibus
1532 1528 1671 1573 eum,
1705 1522 1752 1565 et
1787 1521 1865 1564 te-

280 1608 599 1650 stamentum
633 1598 818 1664 ipsius,
864 1607 921 1650 ut
955 1599 1320 1665 manifestatur
1349 1601 1481 1654 illis.
1817 1579 1834 1585 ἦ

356 1688 505 1741 (lculi
556 1689 656 1741 mei
711 1705 917 1759 semper
980 1690 1047 1742 ad
1082 1689 1410 1744 Dominum:
1446 1695 1698 1760 quoniam
1759 1695 1870 1763 ipse

285 1778 462 1830 evellet
498 1777 561 1830 de
602 1780 791 1848 laqueo
819 1779 973 1848 pedes
1011 1795 1171 1833 meos.

354 1871 562 1938 Respice
599 1872 651 1922 in
688 1888 800 1934 me,
854 1882 899 1924 et
934 1877 1181 1926 miserere
1233 1874 1333 1925 mei
1367 1889 1377 1929 :

287 1979 486 2034 pauper
522 1980 636 2016 sum
674 1981 787 2034 ego.

360 2057 742 2112 Tribulationes
799 2061 973 2112 cordis
1026 2063 1129 2114 mei
1175 2059 1549 2130 multiplicatae
1601 2076 1766 2114 sunt:
1809 2062 1872 2114 de

287 2151 682 2204 necessitatibus
702 2152 828 2204 meis
845 2166 972 2203 erue
999 2168 1100 2205 me.

1438 1875 1565 1940 quia
1599 1873 1785 1928 unicus
1821 1882 1870 1928 ct

365 2346 486 2398 Vide
519 2347 872 2401 lnunilitatem
909 2365 1081 2402 meam
1110 2359 1158 2402 et
1195 2348 1427 2402 laborem
1463 2366 1634 2404 meum
1663 2366 1679 2404 :
1713 2360 1759 2404 et
1796 2354 1875 2406 di-

290 2441 436 2491 mitte
476 2440 720 2491 universa
743 2438 935 2491 delicta
970 2455 1109 2495 mea.

361 2530 574 2596 Respice
594 2530 830 2582 inimicos
857 2546 1020 2594 meos,
1059 2532 1310 2598 quoniam
1343 2531 1684 2600 multiplicati
1710 2542 1832 2586 sunt
1857 2551 1874 2588 .'

285 2634 332 2674 et
364 2622 481 2674 odio
515 2623 696 2691 iniquo
730 2625 951 2676 oderunt
984 2639 1084 2677 me.

360 2713 576 2766 Custodi
603 2716 840 2767 animum
900 2730 1093 2779 meum,
1138 2725 1186 2767 et
1213 2731 1338 2768 erue
1373 2731 1456 2768 me
1482 2730 1504 2770 :
1542 2731 1650 2770 nou
1689 2715 1876 2770 erube-

287 2824 450 2868 scam,
492 2810 743 2877 quoniam
775 2810 984 2877 sperari
1025 2810 1077 2860 in
1106 2818 1174 2862 te.

365 2901 675 2954 lnnocentes
703 2911 750 2954 et
785 2902 914 2954 recti
951 2901 1291 2955 adlurserunt
1321 2903 1448 2955 mitti
1472 2941 1486 2967 ,
1549 2903 1673 2971 quia
1716 2903 1876 2956 susti-

293 2993 383 3044 nui
413 3002 482 3044 te.

1960 493 2149 544 statuit
2177 491 2298 562 lius.
2330 493 2560 560 statuet]
2592 491 3038 568 delinquentibus
3074 490 3127 542 in
3156 489 3261 540 via.

2035 585 2233 652 Dirige!
2258 586 2416 640 mites
2456 587 2507 638 iv.
2530 587 2738 658 judicio
2773 602 2786 640 ε
2826 584 3042 640 docebit
3077 590 3394 634 mansuetos
3419 577 3539 632 vias

1960 695 2109 732 suas.

2035 770 2310 824 Universa:
2335 771 2434 822 vize
2457 769 2670 823 Domini
2705 766 3076 822 misericordia
3110 775 3165 819 et
3198 764 3418 826 veritas,
3457 778 3542 818 re~

1964 863 2312 931 quirentibus
2339 873 2724 915 testatn:;-ntum
2754 864 2872 928 ejus
2903 869 2956 913 et
2987 857 3300 911 testimonia
3331 858 3469 925 ejus.

2036 956 2264 1022 l‘rOpIer
2295 970 2492 1006 notnen
2529 965 2704 1015 tuum,
2727 952 2975 1015 Domine,
3005 948 3389 1017 propi'.ial;eris
3419 961 3543 1015 pec-

1967 1056 2086 1100 cato
2115 1063 2252 1112 meo,
2278 1047 2561 1116 cupiosum
2595 1046 2717 1116 luis.
2755 1042 3010 1112 multum]
3048 1053 3131 1097 est
3161 1041 3329 1094 enim.

2042 1140 2175 1204 Quis
2199 1149 2282 1194 est
2314 1141 2499 1201 homo,
2523 1139 2614 1206 qui
2646 1139 2834 1190 timeat
2859 1133 3198 1189 Dominum?
3234 1133 3408 1199 legem
3436 1140 3549 1183 sta~

1972 1233 2077 1287 luit
2111 1232 2237 1302 [τηε.
2275 1231 2496 1301 statuet]
2532 1230 2579 1284 ei
2620 1230 2672 1282 in
2703 1229 2787 1280 via
2831 1241 2998 1295 quam
3031 1224 3213 1294 elegit.

2040 1326 2233 1377 Anima
2266 1326 2382 1392 ejus
2409 1325 2460 1376 in
2489 1323 2644 1375 bonis
2682 1319 3104 1373 demorabitur:
3140 1326 3195 1369 et
3228 1329 3408 1367 semen
3433 1315 3551 1384 ejus

1976 1417 2342 1471 ltzrreditatem
2377 1415 2499 1487 [ins.
2535 1410 2876 1481 bmrcdilate]
2912 1407 3216 1478 possidebit
3254 1419 3480 1460 terram.

2052 1511 2478 1565 Firmamentum
2507 1517 2590 1561 est
2615 1507 2878 1560 Dominus
2905 1502 3227 1557 timentibus
3252 1516 3371 1553 eum
3401 1499 3416 1528 ‘
3451 1512 3466 1551 :
3501 1507 3553 1550 et

1979 1612 2368 1658 testamentum
2403 1599 2576 1668 ipsius
2603 1597 2727 1666 luis.
2760 1594 2975 1666 ejus]ut
3003 1594 3389 1648 manil‘estetur
3418 1591 3554 1644 illis.

2049 1695 2205 1750 Oculi
2240 1693 2343 1746 mei
2377 1706 2594 1760 semper
2651 1690 2719 1743 ad
2778 1687 3065 1742 Dominum
3096 1702 3110 1738 ε
3144 1684 3406 1754 quoniam
3439 1681 3558 1751 ipse

1912 1773 1950 1826 Β
1981 1790 2178 1846 evellet
2203 1787 2270 1842 de
2301 1787 2498 1855 laqueo
2527 1784 2696 1854 pedes
2728 1798 2904 1837 meos.

2051 1882 2278 1950 Respice
2311 1881 2362 1935 in
2401 1895 2507 1941 me,
2545 1888 2598 1932 et
2630 1877 2893 1930 miserere
2919 1873 3025 1927 mei
3060 1875 3100 1939 ’,
3129 1870 3388 1941 quoniam
3427 1869 3559 1923 uni-

1977 1991 2074 2031 CllS
2109 1986 2161 2032 οι
2195 1987 2400 2042 pauper
2436 1987 2556 2025 sum
2581 1985 2701 2041 ego.

2049 2067 2452 2122 Tribulationes
2480 2063 2664 2118 cordis
2691 2061 2793 2115 mei
2823 2058 3063 2113 dilatata:
3092 2055 3575 2128 [ms.multiplica--

1980 2160 2067 2233 tm]
2094 2168 2221 2215 sunt
2255 2174 2268 2212 :
2306 2157 2372 2213 de
2403 2154 2822 2211 necessitatibus
2850 2152 2986 2204 meis
3015 2151 3166 2218 eripe
3194 2147 3317 2220 luis.
3353 2145 3558 2217 libera]

1978 2269 2064 2308 me
2074 2293 2086 2306 .

2055 2345 2187 2399 Vide
2233 2343 2593 2397 humilitatem
2636 2353 2812 2392 meam
2865 2345 2917 2390 et
2964 2336 3204 2390 laborem
3241 2348 3463 2388 [DCIIII]:
3503 2340 3562 2383 et

1981 2437 2191 2492 dimitte
2222 2435 2404 2490 omnia
2432 2440 2657 2503 peccata
2691 2445 2829 2484 mea.

2053 2529 2283 2598 lleSpice
2329 2528 2581 2580 inimicos
2627 2539 2821 2589 meos,
2884 2522 3146 2591 quoniam
3207 2514 3560 2586 multiplicati

1981 2634 2110 2678 sunt
2141 2643 2153 2678 :
2194 2633 2248 2676 et
2287 2622 2410 2675 odio
2448 2619 2638 2686 iniquo
2671 2616 2911 2672 oderunt
2942 2628 3050 2667 me.

2049 2715 2276 2771 Custodi
2313 2716 2550 2767 animant
2583 2726 2758 2764 meam
2810 2718 2864 2764 et
2903 2709 3055 2776 eripe
3093 2719 3179 2758 me
3211 2705 3270 2756 δε
3311 2701 3567 2765 Domine,

1983 2826 2091 2864 non
2124 2807 2450 2872 confundar,
2477 2805 2734 2875 quoniam
2765 2801 3011 2856 invocavi
3045 2811 3116 2854 te.

2059 2904 2380 2957 lnnoeentes
2429 2909 2482 2954 et
2523 2898 2658 2952 recti
2689 2896 3036 2951 adhaeserunt
3087 2891 3223 2946 mibi
3256 2911 3270 2945 :
3298 2888 3560 2959 quoniam

1987 2997 2228 3050 sustinui
2269 3004 2342 3060 te,
2376 2993 2607 3047 Domine
2633 2987 2675 3043 ‘.

360 3085 575 3153 Libera,
615 3085 773 3152 Deus,
822 3086 993 3140 Israel
1042 3102 1104 3139 ex
1134 3087 1376 3140 omnibus
1429 3087 1867 3140 tribulationibus
1908 3117 1951 3173 α
2061 3089 2289 3142 Redime
2334 3101 2440 3150 me,
2489 3083 2635 3137 Deus
2661 3081 2850 3146 Israel,
2900 3094 2967 3134 ex
2999 3076 3259 3133 omnibus
3285 3071 3562 3144 angustiis

291 3177 426 3230 suis.

1990 3185 2149 3239 meis.

1652 3370 2007 3433 PSALMUS
2050 3371 2228 3430 XXV.

865 3490 1094 3531 PSAUIUS
1131 3492 1309 3532 ωγιυ.

367 3593 558 3646 Judtca
597 3609 695 3654 me,
749 3592 993 3658 Domine,
1060 3593 1310 3660 quoniam
1368 3609 1458 3663 ego
1506 3595 1559 3646 in
1584 3595 1883 3650 innocentia

297 3702 412 3738 mea
450 3687 712 3754 ingressus
751 3702 888 3740 sum.

369 3778 434 3830 Et
470 3779 523 3830 in
561 3777 781 3831 Domino
808 3793 1032 3847 sperans
1069 3794 1171 3830 non
1211 3779 1548 3846 in/irmubor.

371 3869 545 3921 Proba
587 3884 690 3935 me,
739 3867 982 3936 Domine,
1019 3880 1066 3921 et
1101 3879 1247 3923 tenta
1283 3888 1406 3924 me:
1445 3888 1535 3925 ure
1565 3889 1713 3929 renes
1740 3891 1880 3930 meos

296 3973 342 4014 ει
371 3976 459 4011 601⁸
491 3974 682 4012 meum.

373 4053 634 4115 Quoniam
667 4050 1027 4104 misericordia
1075 4059 1165 4105 tua
1195 4063 1317 4105 ante
1355 4052 1534 4106 oculos
1581 4070 1720 4108 meos
1753 4065 1827 4108 est
1866 4071 1884 4106 :

306 4143 666 4211 etcomplucni
709 4144 761 4194 in
788 4142 1010 4197 veritate
1053 4151 1170 4195 tua.

379 4236 495 4288 Non
521 4235 629 4286 sedi
652 4250 771 4286 cum
796 4233 1020 4287 concilio
1047 4235 1302 4287 vanitatis
1329 4248 1346 4287 .'
1380 4245 1428 4287 et
1451 4253 1566 4288 cum
1593 4238 1773 4306 iniqua
1805 4253 1890 4307 ge-

303 4323 540 4375 rentibus
572 4337 674 4374 uon
709 4323 957 4375 introibo.

375 4414 522 4467 Ozlivi
556 4413 827 4468 ecclesiam
865 4417 1278 4486 malignantium
1307 4432 1324 4467 .·
1365 4428 1411 4470 et
1445 4435 1560 4471 eum
1589 4420 1769 4490 impiis
1791 4436 1894 4472 non

305 4506 510 4558 sedebo.

387 4597 593 4647 lnrvubo
625 4599 761 4650 inter
781 4599 1078 4652 innocentes
1138 4619 1324 4654 uiduus
1356 4619 1496 4655 meas
1551 4618 1568 4657 :
1594 4613 1641 4656 et
1667 4603 1893 4656 cireum—

307 4681 444 4732 dabo
469 4682 640 4734 uitare
669 4693 839 4748 tuum,
873 4686 1116 4742 Domine.

393 4906 405 4932 ¹
442 4905 594 4968 Quod
624 4916 706 4958 cst
748 4906 921 4959 Grzeci
955 4907 1156 4958 codicis
1195 4908 1544 4961 Alexandrini
1593 4908 1890 4975 glossema,

318 4978 381 5030 Et
427 4991 613 5026 non-neri
672 4977 878 5028 {femini
936 4980 1238 5030 timentibus
1271 4994 1409 5037 eunt,
1436 4980 1775 5047 Augustinus
1804 4982 1894 5035 hic

315 5047 534 5106 Sullicit,
575 5063 639 5095 ex
674 5063 849 5114 eoque
875 5049 1041 5099 endi-x
1077 5049 1427 5100 Veronensis.

389 5119 408 5146 ²
442 5116 628 5167 Editur
655 5115 982 5168 Veronensis
1002 5118 1248 5170 Psalterii
1279 5134 1580 5184 pronomen
1607 5121 1706 5171 mei
1742 5131 1892 5175 trun-

317 5196 426 5250 cat,
457 5201 555 5239 nec
590 5186 712 5237 laeti
746 5188 1003 5239 lect-orent
1032 5199 1233 5251 ntonei,
1269 5191 1499 5257 autejns
1536 5195 1888 5256 expungendi

317 5274 479 5311 causa
508 5258 674 5317 addit,
709 5272 829 5308 cum
874 5258 1004 5308 illud
1042 5271 1090 5309 ta
1117 5274 1219 5309 non
1257 5259 1554 5325 originales
1600 5270 1780 5312 textus
1828 5281 1890 5317 ac

317 5329 442 5383 libri
479 5329 568 5379 ειιὶί
603 5342 794 5378 omnes
822 5328 1079 5379 ltaiicant.

385 5401 403 5428 ³
432 5399 574 5450 litem
635 5412 733 5450 tus.
782 5396 920 5447 Erue
980 5414 1058 5448 me
1084 5438 1096 5455 .
1132 5415 1234 5450 non
1267 5399 1584 5466 εοηῙιιειίιαν,
1638 5403 1890 5468 quoniam

324 5471 529 5535 sperati
552 5472 601 5520 in
641 5477 708 5527 te,
733 5468 933 5535 iugiter
960 5484 1022 5519 ex
1050 5469 1380 5536 Augustino.

386 5541 405 5566 "
444 5538 675 5591 Verbum
711 5537 855 5590 istud
891 5538 1114 5608 Domine
1146 5539 1418 5607 superﬂue
1450 5539 1504 5592 in
1533 5537 1720 5594 Graeco
1748 5542 1892 5608 posi-

321 5609 589 5678 tumincit
633 5609 1018 5678 l'lieranymus.
1056 5607 1208 5662 Unde
1245 5610 1375 5662 illud
1414 5611 1678 5677 expunxit
1715 5607 1766 5662 in
1798 5627 1886 5665 se-

313 5677 490 5727 cunda
518 5679 921 5731 emendatione.
953 5678 1353 5742 OtttiSSttin,.est
1394 5679 1537 5731 idem
1592 5695 1787 5732 tlottlztn
1833 5682 1888 5734 in

315 5765 409 5799 ms.
450 5744 691 5800 llotnano
727 5748 990 5804 [’saltetio
1035 5750 1374 5818 Sorbouico,
1416 5752 1664 5819 quainris
1709 5752 1759 5805 in
1796 5754 1888 5807 ad-

1927 4477 1974 4533 ο

2409 3493 2640 3536 essurus
2669 3476 2788 3548 luis.
2822 3474 2948 3547 ινδιξ,
2981 3488 3158 3528 nuto.

2061 3599 2252 3654 Judiea
2293 3612 2399 3660 me,
2448 3595 2698 3657 Domine,
2737 3590 2995 3660 quoniam
3029 3603 3130 3659 ego
3165 3586 3218 3639 in
3252 3584 3571 3639 innocentia

1991 3709 2108 3748 mea
2143 3693 2426 3762 ingressus
2458 3703 2574 3742 sum
2587 3726 2603 3740 .

2066 3785 2130 3838 Et
2161 3785 2215 3838 in
2253 3782 2484 3836 Domino
2518 3791 2744 3848 sperans
2780 3777 2801 3807 ⁵
2835 3790 2941 3829 non
2974 3771 3313 3827 inlirmabor.

2061 3876 2238 3932 Proba
2293 3890 2401 3940 me,
2465 3872 2721 3950 Domine,
2785 3878 2841 3924 et
2901 3875 3050 3920 tenta
3087 3881 3172 3920 me
3213 3881 3227 3920 :
3273 3879 3372 3918 ure
3407 3880 3574 3920 renes

1993 3985 2141 4025 ιηοοε
2171 3979 2228 4023 ΕΙ»
2251 3984 2345 4023 COI‘
2383 3981 2587 4020 meum.

2062 4063 2331 4130 Quoniam
2366 4058 2750 4114 misericordia
2775 4068 2866 4111 tua
2900 4063 3025 4110 ante
3060 4054 3250 4110 oculos
3277 4067 3424 4106 meos
3448 4060 3534 4105 est
3566 4069 3584 4104 :

1994 4162 2050 4208 et
2075 4152 2381 4221 complacui
2415 4151 2469 4203 in
2494 4149 2726 4203 veritate
2765 4157 2875 4200 tua.

2070 4245 2186 4298 Non
2222 4244 2336 4297 sedi
2378 4242 2432 4295 in
2470 4242 2697 4296 consilio
2727 4239 2851 4310 [τηε.
2894 4236 3152 4307 concilio]
3180 4235 3479 4290 vanitatis:
3527 4247 3595 4291 et

1998 4352 2121 4391 eum
2154 4336 2342 4404 iniqua
2386 4334 2709 4403 gerentibus
2749 4346 2855 4385 non
2889 4330 3154 4384 introibo.

2071 4429 2231 4486 0divi
2291 4429 2821 4498 “congregationem
2876 4426 3291 4495 malignorum:
3349 4434 3404 4478 et
3452 4439 3586 4478 eum

2001 4527 2181 4595 impiis
2208 4541 2316 4578 non
2368 4524 2591 4578 sedebo.

2071 4614 2288 4668 LG'abo
2323 4615 2466 4668 inter
2502 4616 2823 4671 innocentes
2860 4628 3054 4668 manus
3079 4627 3224 4667 meas
3257 4629 3269 4664 :
3329 4619 3384 4664 et
3455 4611 3585 4666 cir-

1997 4711 2161 4762 cuibo
2193 4709 2362 4761 altare
2395 4721 2567 4773 tuum,
2598 4709 2853 4763 Domine.

1999 4927 2152 4964 versa
2189 4913 2443 4992 columna
2468 4951 2515 4992 ,η
2537 4911 2649 4992 ubi_
2668 4912 2896 4992 Graecus
2916 4921 3208 4966 contextus
3230 4907 3378 4992 _LXX
3407 4907 3590 4992 Inter»

1999 4992 2212 5050 prciutn
2247 4979 2453 5034 Latinis
2485 4982 2683 5035 litteris
2721 4983 3031 5051 descriptus
3071 4991 3174 5045 est,
3230 4982 3438 5051 legatur
3479 4979 3591 5030 hoc

1999 5053 2184 5115 modo,
2223 5053 2454 5118 ipemina
2483 5069 2558 5116 se,
2588 5052 2720 5117 Kre,
2753 5050 3016 5121 ἐπέμὲινὰ
3044 5067 3125 5112 σε.
3166 5052 3355 5116 Κύριε,
3386 5050 3438 5101 id
3479 5058 3594 5112 est,

1994 5125 2226 5174 sustinui
2265 5133 2332 5183 te,
2363 5123 2599 5175 Domine.
2637 5124 2810 5176 MART.

2062 5222 2130 5230 -—-
2149 5194 2203 5244 ὃ.
2228 5195 2344 5260 ipse
2377 5195 2553 5254 Pater,
2576 5195 2738 5260 epist.
2766 5195 2834 5245 ad
2857 5194 3139 5257 Sunniam,
3168 5193 3231 5243 ad
3257 5191 3368 5242 haec
3391 5185 3590 5248 verba,

1997 5263 2121 5330 quia
2155 5264 2381 5315 sustinui
2419 5272 2510 5318 te:
2548 5283 2565 5313 ι
2614 5265 2674 5315 lit
2708 5264 2912 5323 dicitis,
2948 5267 3144 5333 inquit,
3189 5264 3238 5313 in
3275 5260 3461 5333 Graeco
3485 5272 3591 5333 [εξ-

1998 5324 2216 5407 pertsse
2247 5335 2496 5395 Domine,
2537 5336 2679 5407 quod
2714 5335 2992 5401 superﬂuit
3021 5324 3048 5385 it
3107 5343 3208 5385 ρει.
3253 5350 3268 5379 ι
3327 5324 3599 5407 MoXHVc-

1999 5403 2248 5475 rottensis
2280 5419 2378 5456 ins.
2412 5443 2425 5467 ,
2462 5405 2900 5456 tribulationibus
2936 5407 3095 5456 habet
3137 5417 3232 5470 pro
3259 5403 3553 5475 angustiis.
3588 5466 3599 5475 _

2069 5473 2088 5502 ⁵
2116 5471 2282 5526 Unice
2307 5488 2429 5525 cum
2461 5475 2766 5542 Augustino
2801 5475 3105 5528 Veronens.
3138 5469 3268 5535 tuS.,
3306 5469 3599 5522 Ambulavi

1997 5554 2045 5594 et
2073 5543 2123 5593 in
2156 5542 2259 5595 Deo
2293 5561 2403 5596 meo
2443 5561 2684 5613 sperans,
2730 5555 2838 5597 ete.

2072 5615 2091 5642 ⁸
2122 5613 2267 5665 Idem
2315 5629 2417 5667 ms.
2464 5606 2516 5667 et
2553 5621 2782 5682 August.
2816 5617 2934 5668 oa’io
2973 5617 3134 5667 habui
3159 5628 3174 5665 :
3209 5623 3347 5674 tum,
3377 5606 3601 5660 Laeabo

1998 5699 2113 5735 cum
2142 5683 2505 5736 innocentibus
2553 5701 2742 5737 manus
2773 5702 2934 5748 mens,
2983 5697 3029 5738 et
3058 5682 3424 5742 citcttntdttbo,
3475 5688 3589 5730 etc.

1999 5756 2241 5824 Denique
2282 5765 2332 5812 et
2362 5764 2465 5810 tute
2499 5771 2801 5825 pronomen
2861 5767 2978 5826 post
3012 5756 3187 5809 [altilis
3217 5759 3376 5806 tacet.

3609 5130 3622 5164 ἰ

3612 5169 3627 5211 ¹Ι
