3898 6172
138 944 144 949 ,
216 890 324 945 viris
348 888 673 957 sanguinum
702 884 865 937 vitam
898 893 1088 931 meam.

210 322 293 384 169
345 328 351 337 '
1422 302 1657 355 LtBEh
1720 290 2217 350 PbALMUhUM.
3346 276 3449 339 170

266 428 328 486 Ut
355 426 574 479 audiam
608 435 782 475 vocem
808 417 1007 483 laudis,
1064 422 1109 467 et
1141 427 1384 467 enarrem
1410 410 1649 463 universa
1675 404 1773 458 mi—
1802 417 1847 468 Α
1949 400 2019 456 Ut
2044 400 2257 455 audiam
2291 411 2474 453 vocem
2502 395 2679 453 laudis
2737 402 2844 449 tua:
2883 400 2979 449 :et
3031 404 3280 447 enarrem
3334 391 3452 443 uni-

210 522 387 577 rabilia
419 529 512 571 tua
552 518 594 570 ί.
1876 511 2031 552 versa
2064 493 2333 549 mirabilia
2370 502 2488 547 tua.

265 612 511 677 Domine,
545 606 707 673 dilexi
733 608 970 660 decorem
1009 601 1193 655 domus
1221 605 1344 662 tute,
1383 603 1429 649 et
1462 594 1632 647 locum
1684 594 1779 645 Ιια-
1951 587 2201 651 Domine,
2225 583 2391 638 dilexi
2424 583 2677 636 decorem
2740 578 2933 633 domus
2992 585 3122 639 tuae,
3182 582 3237 629 et
3279 571 3458 626 locum

212 704 464 762 litationis
492 667 677 771 plorice
709 707 837 752 tute.
1882 677 2215 735 tabernaculi
2255 678 2380 747 lme.
2421 672 2776 729 habitationis
2808 668 2828 740 ]
2862 667 3050 739 gloriae
3079 674 3206 719 tuae.

267 797 346 853 Ne
374 761 570 866 perdas
633 808 750 845 cum
791 788 967 857 impiis
1020 783 1255 837 animam
1318 791 1509 840 meam,
1565 782 1614 827 et
1668 788 1786 825 cum
1954 770 2034 826 Ne
2065 770 2263 840 perdas
2323 782 2447 822 cum
2496 764 2684 831 impiis
2748 763 2768 793 ’¹
2817 761 3069 814 'animam
3124 770 3350 811 meam:
3409 764 3465 807 et

1885 879 2010 918 cum
2030 863 2166 916 viris
2189 862 2518 930 sanguinum
2550 857 2720 912 vitam
2754 867 2954 919 meam,
2996 852 3053 908 in
3084 863 3318 921 quorum
3345 862 3466 900 ma-

273 981 339 1035 In
416 953 646 1049 quorum
693 973 930 1028 manibus
987 966 1290 1036 iniquitates
1336 971 1505 1017 sunt;
1565 959 1782 1011 dextera
1888 956 2051 1011 nibus
2076 953 2393 1024 iniquitates
2439 960 2586 1005 sunt.

220 1089 378 1126 eorum
434 1068 635 1140 repleta
666 1075 740 1120 est
774 1062 1095 1117 muneribus.

276 1168 380 1233 Ego
402 1172 583 1217 autem
618 1161 673 1212 in
697 1158 999 1213 innocentia
1034 1169 1149 1207 mea
1180 1154 1448 1222 ingressus
1503 1161 1615 1199 sum
1654 1160 1670 1197 :
1706 1159 1785 1196 re—

222 1257 342 1308 dime
358 1269 459 1318 me,
481 1260 535 1307 et
558 1252 806 1304 miserere
826 1250 947 1302 mei.

1970 1139 2202 1193 Dextera
2223 1150 2417 1191 eorum
2443 1133 2650 1202 repleta
2676 1137 2759 1185 est
2784 1128 3104 1183 muneribus
3128 1144 3141 1179 :
3168 1139 3268 1194 ego
3288 1130 3469 1178 autem

1892 1233 1948 1285 in
1976 1230 2291 1285 innocentia
2324 1242 2445 1281 mea
2493 1226 2774 1295 ingressus
2808 1238 2930 1278 sum
2970 1240 2984 1289 ;
3013 1219 3222 1274 redime
3259 1232 3368 1280 me,
3414 1223 3471 1269 et

1897 1326 2160 1377 miserere
2200 1320 2334 1375 mei.

1970 1416 2071 1469 Pes
2097 1415 2243 1468 enim
2298 1427 2453 1466 meus
2483 1410 2633 1466 stetit
2660 1410 2717 1464 in
2773 1408 2861 1462 via
2892 1414 3038 1462 recta
3094 1421 3109 1460 :
3139 1406 3194 1458 in
3228 1399 3474 1457 ecclesiis

1904 1507 2221 1564 benedicam
2252 1504 2563 1558 Dominum.

1543 1653 1897 1717 PSALMUS
1936 1651 2145 1713 XXVI.

488 1775 673 1825 DAVlD,
707 1772 770 1812 οε-
812 1768 1105 1816 PRIUSQUAM
1137 1763 1427 1805 LlNlRETUR
1447 1750 1466 1778 '
1830 1749 1841 1804 ι

1978 1754 2202 1795 essurus
2233 1736 2353 1809 [ms.
2400 1736 2526 1808 IPSI]
2554 1751 2728 1798 DAVID,
2770 1746 3061 1794 PRIUSQUAM
3096 1743 3413 1785 uncenewn

2422 1806 2543 1878 [ms.
2562 1802 2989 1872 scrmnsneronj.

2446 1824 2543 1859 ms.
2562 1818 2943 1860 EGREDERETUR
2954 1813 2989 1872 J.

1978 1903 2242 1958 Dominus
2300 1899 2626 1955 illuminatio
2660 1913 2798 1961 mea,
2826 1905 2881 1952 et
2913 1896 3061 1951 salus
3085 1909 3206 1949 mea
3258 1910 3271 1949 :

1907 2002 2111 2057 timebo
2143 2002 2167 2053 ?

1976 2094 2238 2147 Dominus
2274 2089 2531 2146 defensor
2556 2086 2677 2159 [ms.
2736 2082 3036 2155 protector]
3064 2081 3188 2136 vitae
3229 2094 3365 2136 mea:
3396 2093 3410 2130 :
3440 2091 3469 2128 a

1910 2201 2021 2256 quo
2052 2183 2340 2254 trepidabo
2375 2182 2398 2235 ?

1984 2276 2123 2330 Dum
2164 2274 2491 2344 appropiant
2532 2270 2656 2342 [ηις.
2685 2267 3273 2341 appropinquaverinti
3310 2282 3478 2336 super

1915 2386 2001 2425 me
2031 2376 2315 2431 nocentes,
2350 2376 2411 2421 ut
2439 2366 2604 2421 edant
2660 2380 2863 2420 carnes
2899 2379 3075 2429 meas,
3105 2363 3198 2432 qui
3229 2360 3494 2415 tribulant

1916 2475 2006 2514 me
2046 2460 2068 2492 ⁸
2106 2458 2323 2513 inimici
2353 2454 2461 2511 mei
2500 2473 2514 2511 :
2550 2455 2656 2525 ipsi
2710 2455 2969 2509 inﬁrmati
3012 2462 3160 2517 sunt,
3196 2449 3495 2506 etcecide-

1920 2562 2077 2608 runt.

1992 2645 2051 2699 Si
2087 2643 2390 2699 consistant
2418 2640 2679 2695 adversus
2697 2655 2785 2694 me
2802 2647 2999 2699 castra,
3017 2652 3125 2690 non
3154 2634 3370 2691 timebit
3393 2650 3491 2689 cor

281 1430 375 1484 Pes
402 1446 551 1483 meus
575 1428 717 1482 stetit
734 1427 789 1481 in
813 1424 1041 1478 directo:
1071 1423 1128 1475 in
1154 1419 1380 1475 ecclesiis
1406 1417 1705 1471 benedicam
1730 1427 1793 1469 σί-

226 1537 265 1580 te
294 1527 315 1596 ζ
344 1527 590 1580 Domine.

294 1919 541 1974 Dominus
564 1914 889 1971 illuminatio
935 1928 1077 1975 mea,
1128 1920 1177 1963 et
1223 1907 1372 1963 salus
1431 1920 1599 1960 mea:
1642 1916 1797 1973 quem

238 2010 403 2063 timebo
436 2009 464 2064 2

291 2100 546 2155 Dominus
572 2102 837 2167 protector
852 2093 1141 2147 vitientete:
1160 2107 1191 2145 a
1223 2105 1325 2159 quo
1350 2087 1618 2155 trepidabo
1642 2084 1665 2137 ?

3322 1907 3486 1963 quem

301 2277 433 2332 Dum
480 2274 806 2344 apprOpiant
857 2286 1013 2339 super
1080 2284 1161 2323 me
1213 2275 1475 2334 nocentes,
1531 2274 1589 2319 ut
1652 2266 1809 2319 edant

241 2385 408 2423 carnes
442 2382 617 2419 meas.

302 2463 399 2528 Qui
426 2458 692 2513 tribulant
748 2472 829 2511 me
865 2456 885 2487 ³
942 2454 1144 2508 inimici
1205 2453 1356 2507 mei:
1407 2452 1507 2521 ipsi
1556 2450 1815 2519 infirmati

241 2564 371 2618 sunt,
398 2563 449 2605 et
472 2550 793 2604 ceciderunt.

302 2644 357 2699 Si
404 2644 705 2697 consistant
764 2640 1040 2694 adversum
1093 2652 1176 2690 me
1212 2645 1414 2701 castra,
1477 2649 1583 2706 non
1619 2629 1819 2685 timebit

242 2753 321 2790 cor
358 2750 558 2788 meum.
1924 2750 2106 2790 meum
2138 2754 2153 2793 :
2189 2734 2235 2788 si
2270 2734 2516 2802 insurgat
2547 2735 2603 2786 in
2632 2746 2719 2784 me
2747 2729 3014 2799 prndium,
3043 2729 3098 2781 in
3123 2728 3227 2781 hoc
3254 2741 3355 2795 ego
3373 2740 3497 2794 spes

304 2826 359 2880 Si
400 2821 1005 2893 exsurgat‘adversum
1059 2833 1141 2871 me
1188 2815 1554 2887 prwlium:in
1588 2812 1682 2866 hoc
1730 2826 1823 2882 ego
1927 2828 2080 2882 rabo,
2757 2829 2769 2839 '

244 2918 479 2986 sperabo.

316 3010 488 3065 Unam
517 3007 648 3077 petii
682 3023 715 3059 a
744 3004 994 3069 Domino,
1037 3002 1177 3055 hanc
1231 2998 1501 3067 requiram
1522 3011 1541 3050 :
1587 3004 1644 3049 ut
1674 2994 1828 3047 inita-

2002 3005 2186 3063 Unam
2213 3003 2387 3075 petiia
2408 3002 2660 3067 Domino,
2682 3002 2824 3057 hanc
2854 3000 3169 3070 requiram':
3198 3010 3255 3054 ut
3281 2999 3505 3054 inhabi-

251 3106 395 3159 bitem
444 3103 499 3155 in
534 3100 689 3153 doma
723 3097 940 3152 Domini
980 3093 1219 3149 omnibus
1276 3088 1455 3143 diebus
1514 3089 1636 3143 vita:
1676 3089 1825 3142 mete.

1978 3112 2047 3152 2m
2080 3097 2138 3152 in
2174 3096 2338 3150 domo
2370 3095 2591 3150 Domini
2623 3094 2877 3149 omnibus
2900 3094 3093 3150 diebus
3150 3091 3271 3165 [ms.
3313 3108 3511 3148 omnes

323 3281 387 3338 Ut
427 3281 621 3334 rideam
645 3278 969 3345 voluptatem
999 3271 1245 3327 Domini:
1269 3278 1318 3324 et
1337 3270 1542 3324 visitem
1573 3265 1826 3337 templum

257 3375 383 3443 ejus.

322 3466 589 3530 Quoniam
617 3460 887 3516 abscondit
916 3474 997 3513 me
1048 3458 1103 3510 in
1131 3452 1472 3511 tabernaculo
1506 3468 1622 3519 suo,
1645 3452 1700 3506 in
1751 3451 1832 3504 die

260 3564 519 3611 motorum
551 3554 776 3625 protexit
814 3567 893 3604 me
938 3551 993 3602 in
1026 3547 1326 3603 abscondito
1365 3541 1697 3598 tabernaculi
1727 3543 1831 3596 sui.

329 3648 396 3702 In
418 3660 572 3717 petra
617 3643 865 3698 exultavit
909 3655 1039 3694 me:
1081 3649 1128 3693 et
1185 3654 1320 3692 nunc
1386 3636 1641 3691 exultavit
1676 3644 1834 3705 caput

264 3758 435 3794 meum
476 3753 632 3806 super
667 3736 903 3789 inimicos
937 3747 1100 3785 meos.

328 3829 586 3891 Circuivi,
611 3836 659 3881 et
692 3825 960 3879 immolavi
990 3824 1043 3874 in
1072 3818 1409 3875 tabernaculo
1446 3818 1559 3886 ejus
1611 3816 1838 3871 hostiam

262 3921 659 3991 vociferationis
685 3935 704 3973 :
736 3917 959 3971 cantabo
986 3924 1035 3970 et
1062 3912 1333 3985 psalmum
1353 3913 1528 3966 dicam
1552 3909 1837 3965 Domino.l

334 4100 571 4165 Exaudi,
603 4095 846 4159 Domine,
884 4110 1056 4150 vocem
1111 4108 1306 4157 meam,
1340 4103 1447 4161 qua
1497 4088 1725 4145 cluuiani
1776 4101 1842 4145 -ι-

267 4193 335 4244 ad
372 4206 422 4244 te
464 4192 488 4259 ζ
516 4193 767 4244 miserere
794 4187 914 4251 mei,
945 4197 993 4239 et
1029 4185 1223 4238 exaudi
1251 4199 1351 4239 me.

341 4283 463 4336 Tibi
490 4283 623 4334 dixit
673 4295 763 4333 cor
794 4294 964 4331 meum
992 4292 1011 4330 :
1048 4276 1345 4346 Exquisivit
1369 4276 1390 4307 °
1418 4282 1470 4330 te
1499 4273 1656 4344 [acies
1688 4287 1847 4329 mea:

271 4376 464 4441 fidem
502 4382 673 4437 tuam,
703 4370 946 4437 Domine,
971 4370 1259 4438 requiram.

344 4512 362 4541 ⁸
402 4506 702 4576 Subiungit
730 4504 1015 4560 Palatinus
1040 4520 1145 4558 ms.
1173 4503 1504 4574 Diapsalma.

341 4582 365 4611 ¹
394 4580 456 4631 ιιι
488 4571 661 4630 Ιῖίιιειῐ.
695 4591 796 4629 ms.
831 4577 918 4628 hic
942 4578 1059 4628 sine
1082 4576 1242 4628 obelo
1265 4571 1582 4639 esttitulus,
1609 4571 1855 4627 Psalmus

276 4649 476 4710 David,
500 4650 821 4717 priusquam
854 4654 1195 4717 ungueretur.

345 4720 370 4751 ³
410 4712 638 4771 Videtur
669 4712 760 4768 hic
779 4720 879 4768 sub
918 4712 1177 4767 asterisco
1219 4712 1519 4781 supplenda
1557 4719 1605 4765 et
1635 4713 1858 4779 copula,

277 4787 633 4860 quainipso
665 4784 903 4860 ΔΗιίξιπίιξο
958 4791 1105 4843 137m
1168 4793 1410 4849 resonat,
1468 4792 1523 4836 et
1561 4781 1617 4836 in
1669 4782 1860 4838 Graeco

278 4855 372 4912 εἰς.ιὶ
400 4859 457 4909 οἰ
492 4855 701 4923 ἐχθροί.

345 4929 367 4958 δ
398 4928 477 4979 De
506 4921 659 4976 more
688 4924 922 4978 Palatin.
976 4939 1077 4978 ms.
1134 4922 1571 4992 praepositionem
1602 4921 1858 4984 ὀϐελίζει.

278 4996 337 5052 Si
370 5010 437 5052 -:—
475 5011 535 5047 ex
566 5010 585 5049 ι
636 5003 845 5063 surgat,
872 5003 980 5048 etc.
1016 4991 1181 5047 Paulo
1206 5003 1346 5061 post,
1391 4991 1735 5060 voluntatem,
1774 5008 1869 5061 pro

278 5068 610 5134 voluptatem
645 5065 799 5133 legit.

352 5140 373 5168 '
408 5132 514 5188 ilic
542 5136 826 5211 Palatinus
864 5147 966 5211 ms.
984 5132 1295 5211 Diapsalma
1311 5132 1554 5211 apponit,
1588 5143 1702 5211 tum
1734 5150 1871 5204 pra!-

280 5212 620 5277 positionem
664 5218 726 5277 ea:
747 5204 958 5277 jugulat
994 5216 1054 5257 οι-
1082 5204 1167 5256 Ex
1198 5203 1224 5271 ζ
1268 5203 1391 5277 audi
1426 5218 1444 5256 :
1475 5204 1711 5272 denique
1739 5203 1870 5259 ebe-

283 5274 421 5339 luin,
464 5277 558 5343 qui
598 5275 981 5342 subsequitur,
1026 5287 1297 5345 vocesque
1334 5274 1503 5340 ipsas,
1536 5278 1602 5324 ad
1632 5283 1700 5339 te,
1725 5291 1867 5345 pra:—

282 5342 573 5407 termittit,
606 5360 743 5412 quas
772 5348 948 5397 Larus
978 5346 1101 5399 sine
1133 5342 1293 5395 obelo
1320 5345 1669 5411 ascripserat.

353 5422 376 5450 ⁶
404 5418 637 5469 Praestat
673 5424 722 5466 te
752 5416 1001 5468 voculam
1035 5414 1246 5475 induci,
1295 5414 1751 5479 quemadmodum
1812 5425 1869 5469 et

284 5505 337 5541 in
376 5486 633 5539 Palatino
665 5500 765 5538 ins.
803 5486 1060 5539 secundis
1107 5486 1254 5536 curis
1308 5484 1659 5551 expungitur.
1711 5485 1870 5538 Certe

282 5574 479 5626 neque
538 5562 589 5608 in
624 5555 851 5608 Hebraeo
905 5568 1007 5618 est,
1045 5571 1219 5622 neque
1261 5552 1552 5626 irrGra-cis
1630 5556 1874 5608 melioris

281 5624 439 5681 notas:
469 5626 874 5693 exemplaribus
913 5642 926 5689 ;
982 5639 1147 5692 atque
1168 5627 1267 5691 ipsi
1295 5624 1626 5693 Hieronymo
1656 5626 1871 5680 laudata

286 5700 355 5750 ad
429 5696 699 5751 Suuniam
730 5708 781 5750 et
827 5697 1095 5751 Fretclam
1137 5696 1299 5761 epist.
1338 5697 1700 5765 improbatur.

707 5797 969 5861 PATROL.
1034 5795 1255 5857 XXIX.

1938 3188 2080 3260 dies]
2115 3189 2241 3243 vitae
2267 3191 2424 3243 meae;

2008 3282 2082 3338 Ut
2099 3282 2311 3338 videam
2336 3278 2908 3350 voluntatem'pomini
2931 3295 2947 3335 :
2971 3286 3026 3335 et
3049 3288 3306 3351 protegar
3324 3294 3353 3332 a
3376 3286 3515 3335 tem-

1940 3376 2030 3445 plo
2062 3383 2250 3430 saneto
2278 3374 2397 3445 ejus
2431 3375 2452 3406 ⁹
2484 3412 2498 3427 .

2009 3466 2278 3534 Quoniam
2306 3464 2595 3521 abscondit
2614 3464 2769 3519 mein
2800 3462 3153 3519 tabernaculo
3172 3477 3272 3517 suo
3297 3479 3313 3518 :
3350 3462 3402 3515 in
3428 3461 3517 3515 die

1943 3558 2211 3613 malorum
2236 3556 2471 3626 protexit
2498 3570 2583 3609 me
2602 3554 2658 3609 in
2676 3554 2998 3609 abscondito
3018 3552 3361 3608 tabernaculi
3380 3552 3467 3607 sui
3496 3566 3516 3609 ι

1944 3649 2001 3704 in
2031 3658 2186 3719 petra
2219 3648 2472 3703 exaltavil
2502 3662 2612 3701 me.

2015 3738 2172 3795 Nunc
2196 3750 2379 3794 autem
2401 3737 2657 3793 exaltavit
2677 3746 2837 3806 caput
2862 3752 3040 3792 meum
3078 3751 3245 3805 super
3268 3735 3522 3790 inimicos

1949 3846 2099 3888 meos
2136 3848 2151 3898 ;
2183 3831 2447 3891 eireuibo,
2487 3838 2544 3883 et
2589 3828 2883 3883 immolabo
2909 3828 2965 3882 in
3001 3826 3355 3880 tabernaculo
3401 3826 3524 3896 ejus

1948 3926 2182 3982 hostiam
2230 3921 2587 3995 iubilationis,
2645 3921 2881 3977 cantabo
2903 3929 2958 3977 et
3009 3918 3281 3990 psalmum
3342 3918 3522 3972 dicam

1950 4019 2198 4075 Domino.
3322 4003 3327 4009 ’

2019 4108 2249 4173 Exaudi,
2278 4107 2521 4170 Domine,
2539 4121 2727 4162 vocem
2751 4122 2949 4173 meam,
2997 4121 3101 4176 qua
3146 4103 3439 4161 clamavi”
3455 4103 3526 4157 ad

1956 4210 2008 4258 te
2046 4219 2061 4255 :
2111 4200 2373 4255 miserere
2418 4199 2548 4265 mei,
2583 4208 2637 4253 et
2667 4198 2862 4252 exaudi
2889 4212 2996 4253 me.

2025 4292 2148 4347 Tibi
2188 4292 2326 4346 dixit
2359 4306 2454 4346 cor
2487 4306 2670 4345 meum
2706 4307 2721 4345 :
2749 4290 2985 4356 Quaesivi
3019 4288 3235 4344 vultum
3302 4298 3454 4343 tuum
3513 4304 3529 4344 :

1954 4383 2166 4440 vultum
2197 4393 2375 4447 tuum,
2410 4382 2658 4447 Domine,
2695 4381 2997 4449 requiram.

2031 4515 2052 4546 "
2083 4513 2207 4567 Pari
2264 4513 2427 4566 iidem
2468 4527 2763 4579 consensu,
2805 4510 3213 4579 Necomperdas
3266 4530 3383 4567 cum
3430 4514 3536 4566 im-

1962 4586 2104 4655 piis;
2152 4585 2400 4655 alterum,
2431 4598 2572 4644 cum,
2610 4582 2937 4655 Veronensis
2966 4593 3129 4655 tacet,
3163 4594 3221 4638 ut
3248 4595 3303 4637 et
3325 4594 3536 4652 postre-

1964 4652 2106 4708 mam
2148 4654 2404 4707 versiculi
2428 4668 2632 4717 vocem,
2661 4663 2800 4705 sunt.
2823 4652 3175 4721 Prosequitur
3208 4670 3338 4706 vero
3400 4655 3534 4719 jux-

1967 4733 2018 4778 ta
2072 4723 2453 4790 Augustinum,
2476 4733 2529 4775 et
2553 4726 2767 4775 dextera
2796 4738 2977 4775 eorum
3009 4741 3025 4785 ;
3080 4733 3217 4787 tum,
3247 4724 3538 4785 ambulavi,

1965 4808 2064 4863 pro
2105 4794 2369 4860 ingressus
2400 4802 2618 4852 sum,ut
2659 4796 2945 4863 superius;
2976 4794 3237 4860 denique,
3277 4792 3540 4863 Ifesmens

1963 4862 2108 4917 stetit
2128 4866 2181 4916 in
2206 4864 2534 4924 rectitudine,
2558 4864 2610 4913 in
2627 4863 2854 4914 ecclesiis
2877 4862 3178 4915 benedicam
3200 4875 3267 4927 te,
3296 4862 3536 4917 Domim‘.

2042 4938 2063 4964 '
2098 4935 2318 4987 Rectius
2351 4932 2616 4999 praeponit
2642 4932 2795 4998 juxta
2823 4932 3117 5000 originales
3159 4942 3342 4986 textus
3377 4933 3543 4987 Vero-

1978 5018 2135 5057 nens.
2170 5018 2273 5054 ius.
2309 5013 2356 5053 et
2389 5001 2659 5069 copulam.
2693 5000 2757 5053 Et
2793 5002 2990 5053 inimici
3024 5005 3145 5063 mei,
3179 5016 3289 5055 etc.

2057 5071 2474 5124 ’aneronensi
2511 5085 2613 5122 ms.
2654 5087 2668 5123 :
2706 5070 2766 5125 Ut
2805 5072 3127 5141 contempler
3143 5073 3543 5125 delectationem

1978 5141 2191 5196 Domini
2223 5150 2268 5193 et
2304 5142 2504 5209 protegi
2532 5156 2564 5191 a
2596 5141 2788 5209 templo
2834 5143 2971 5207 ejus,
3035 5158 3063 5194 a
3126 5158 3236 5208 quo
3300 5146 3383 5193 vix
3433 5155 3543 5191 uno

1979 5214 2151 5267 verbo
2191 5210 2463 5277 templum,
2494 5225 2594 5279 pro
2629 5228 2661 5264 a
2694 5212 2905 5280 templo,
2957 5212 3164 5265 dieitur
3204 5214 3542 5280 Augustinus

1981 5282 2264 5337 abludere.
2297 5282 2505 5334 Caetera
2563 5279 2920 5345 adauriuSSiiii,
2957 5292 3019 5335 ut
3066 5292 3149 5335 est
3194 5279 3355 5341 intra,
3396 5279 3543 5346 quod

1975 5355 2125 5407 addit
2153 5367 2411 5414 meorum,
2449 5351 2567 5404 voci
2602 5351 2917 5417 malorum;
2960 5362 3073 5404 tum
3131 5354 3258 5420 legit
3306 5358 3354 5401 et
3403 5364 3544 5400 nunc

1974 5439 2089 5476 ecce
2113 5422 2364 5475 exultavit
2381 5436 2398 5474 .'
2418 5430 2495 5483 et,
2513 5422 2727 5475 circuivi
2747 5432 2794 5474 et
2817 5423 3117 5477 immolavi:
3138 5422 3371 5488 denique
3400 5420 3551 5488 psal-

1977 5495 2106 5556 lam,
2144 5507 2242 5560 pro
2278 5493 2543 5561 psalmum
2578 5494 2777 5546 dicam.

2053 5564 2097 5592 ⁸ο
2124 5566 2266 5615 Idem
2293 5578 2392 5616 ms.
2415 5578 2573 5630 quam
2594 5564 2847 5633 clamavi,
2868 5562 3077 5619 voculis
3101 5578 3219 5633 quae
3239 5570 3552 5631 sequuntur

1980 5636 2047 5687 ad
2075 5643 2143 5698 te,
2177 5634 2585 5703 praetermissis.

3202 5794 3235 5855 6
