3966 6184
432 389 531 464 171

1319 371 1379 432 S.
1424 358 1861 428 IIIERONYMI
1905 352 2176 416 DIVINA
2218 342 2758 410 BlBLlOTHECA.

3561 325 3666 398 172

489 507 574 563 Ne
601 512 809 560 avertas
844 498 1029 569 [aciem
1058 503 1202 549 luant
1231 507 1261 544 a
1292 504 1394 553 me,
1429 501 1489 541 ne
1524 481 1753 537 declines
1820 479 1873 530 in
1900 474 1978 527 ira
2013 478 2061 536 Α
2156 469 2236 524 Ne
2266 476 2483 521 avertas
2512 464 2707 518 faciem
2734 469 2880 513 tuam
2904 451 3257 527 [ms.vultam
3286 443 3462 517 tuum]
3484 460 3514 497 τι
3543 459 3668 499 me:

421 618 453 655 α
490 611 635 652 ιρι·Αό
660 605 770 646 ιῑιο.

490 688 719 757 Adjutor
752 697 893 736 meus
925 684 1052 737 esto,
1084 690 1147 726 ne
1186 667 1521 738 derelinquas
1543 681 1644 728 me,
1700 674 1865 729 neque
1902 658 1997 711 de-

432 777 626 846 spicias
653 788 757 836 me,
787 771 921 823 Deus
954 764 1211 820 salutaris
1232 776 1397 816 meus.

491 866 749 930 Quoniam
782 870 932 929 pater
966 873 1109 910 meus
1153 863 1201 907 et
1232 862 1401 907 mater
1450 864 1564 903 mea
1608 843 1997 913 dereliquerttnt

422 972 501 1009 me
532 972 548 1008 :
587 953 837 1006 Dominus
868 956 1044 1001 autem
1076 944 1361 1013 assumpsit
1389 957 1485 994 me.

492 1046 677 1114 Legem
694 1057 829 1111 pone
848 1041 996 1104 milii,
1050 1038 1287 1100 Domine,
1340 1036 1394 1087 in
1450 1035 1532 1087 via
1585 1037 1678 1084 tua
1707 1043 1725 1083 :
1756 1036 1802 1081 et
1833 1022 2000 1095 dirige

426 1152 507 1189 me
543 1139 596 1189 in
627 1134 872 1187 semitam
900 1139 1095 1183 rectam
1124 1135 1335 1198 propter
1366 1125 1603 1178 inimicos
1627 1135 1790 1174 meos.
1978 1130 1985 1163 ι

505 1314 584 1370 Ne
614 1310 892 1366 tradideris
911 1323 989 1361 me
1006 1307 1059 1361 in
1089 1300 1681 1359 animastribulantium
1711 1310 1788 1348 me
1823 1307 2007 1362 :rquo-

435 1406 581 1460 niam
626 1405 1026 1457 insurrexerunt
1082 1398 1238 1449 inme
1266 1402 1416 1452 testes
1444 1389 1607 1457 iniqui
1640 1401 1658 1440 :
1704 1397 1754 1439 et
1788 1383 2006 1438 mentita

431 1506 505 1551 est
533 1495 788 1565 iniquitas
816 1506 875 1546 ος-
914 1488 1012 1544 sibi
1051 1490 1063 1519 ¹
1093 1500 1110 1541 :

507 1671 677 1726 Credo
707 1670 880 1724 uidere
915 1668 1048 1721 bona
1078 1664 1290 1720 Domini
1316 1664 1368 1715 in
1400 1670 1542 1714 terra
1568 1657 1871 1713 viventium.

510 1765 769 1833 Exspecta
802 1761 1107 1820 Dominum,
1159 1754 1385 1809 viriliter
1416 1766 1512 1821 age
1542 1786 1558 1813 ,
1610 1758 1657 1802 et
1688 1746 2012 1816 confortetur

439 1871 528 1908 cor
578 1865 755 1915 tuum,
780 1859 828 1904 et
855 1848 1053 1902 sustine
1083 1842 1392 1898 Dominum.

2098 572 2154 627 et
2191 574 2260 614 ne
2296 557 2538 612 declines
2562 554 2615 606 in
2641 552 2722 604 ira
2754 564 2784 602 a
2839 560 2997 602 servo
3028 554 3143 597 tuo.

2180 647 2413 715 Adjutor
2429 657 2582 698 meus
2608 648 2748 701 esto.
2779 651 2848 690 ne
2870 633 3216 699 derelinquas
3233 641 3318 681 me
3347 642 3362 681 :
3384 638 3563 694 neque
3580 621 3676 678 de-

2092 738 2307 810 aspicias
2340 751 2448 799 me,
2480 735 2627 788 Deus
2658 726 2922 786 salutaris
2963 738 3138 777 meus.

2172 830 2444 898 Quoniam
2470 836 2626 896 pater
2684 835 2841 877 meus
2876 826 2943 872 et
2979 823 3154 869 mater
3208 826 3328 865 mea
3368 807 3674 877 derelique-

2100 932 2229 979 runt
2269 937 2355 976 me
2392 936 2407 976 :
2446 915 2708 973 Dominus
2763 919 2943 964 autem
3005 902 3299 971 assumpsit
3329 914 3439 954 me.

2171 1015 2370 1083 Legem
2402 993 2862 1064 milti'constitue,
2901 996 3153 1057 Domine,
3187 993 3241 1045 in
3272 991 3378 1053 via,
3409 998 3466 1044 et
3506 985 3677 1055 dirige

2102 1123 2191 1162 me
2226 1107 2279 1158 in
2310 1101 2559 1156 semitam
2585 1104 2787 1151 rectam
2820 1091 2944 1163 [ms.
2996 1086 3191 1142 semita
3242 1078 3416 1151 recta]
3455 1089 3678 1150 prepter

2102 1197 2360 1254 inimicos
2384 1206 2559 1247 meos.
3738 1180 3741 1183 '

2177 1286 2253 1340 Ne
2284 1280 2579 1338 tradideris
2612 1292 2700 1333 me
2740 1277 2797 1331 in
2831 1271 3041 1328 animas
3074 1262 3525 1337 persequentium
3554 1259 3680 1331 [ms.

2107 1371 2507 1443 tribulantium]
2566 1384 2677 1435 me,
2730 1364 2989 1435 quoniam
3038 1360 3458 1413 insurrexerunt
3510 1354 3567 1407 in
3598 1367 3686 1407 me

2109 1468 2234 1541 [ms.
2268 1463 2428 1536 mihi]
2477 1472 2643 1518 testes
2681 1456 2961 1526 iniqui,.et
2995 1450 3216 1506 mentita
3275 1456 3361 1503 est
3431 1444 3689 1515 iniquitas

2117 1560 2249 1615 Silii.

2180 1647 2361 1704 Credo
2396 1644 2583 1700 videre
2602 1642 2747 1698 bona
2780 1634 2998 1693 Domini
3027 1635 3084 1689 in
3119 1642 3261 1687 terra
3294 1627 3620 1684 viventium.

2186 1740 2452 1808 Exspecta
2481 1734 2604 1806 [ms.
2637 1726 2873 1799 sustine]
2898 1725 3207 1783 Dominum,
3238 1728 3294 1773 et
3326 1718 3555 1772 viriliter
3574 1729 3696 1786 age,

2044 1831 2090 1888 B
2117 1840 2175 1887 ct
2208 1828 2547 1885 coniortetur
2577 1838 2669 1879 cor
2704 1830 2880 1885 tuum,
2908 1826 2962 1872 et
2992 1813 3202 1870 sustine
3236 1810 3552 1866 Dominum.

1710 1990 2081 2052 .PSALMUS
2145 1985 2392 2050 XXVII.

838 2110 891 2149 os
919 2104 1150 2147 rsuuus
1180 2102 1274 2144 lPSl
1303 2102 1322 2141 :
1370 2099 1524 2141 omo
1542 2086 1599 2137 “'.

517 2194 598 2247 Ad
616 2201 684 2255 te,
704 2189 945 2250 Domine,
970 2184 1233 2248 clamabo,
1257 2180 1397 2235 Deus
1416 2194 1584 2245 meus,
1604 2191 1666 2231 ne
1684 2174 1841 2230 sileas
1866 2190 1898 2227 a
1917 2188 2019 2237 me,

448 2305 511 2343 ne
537 2285 746 2356 quando
778 2289 951 2333 taceas
970 2294 999 2332 a
1022 2292 1100 2330 me
1122 2277 1144 2345 ζ
1175 2284 1222 2328 et
1246 2271 1582 2328 assimilabor
1598 2264 2021 2323 descendentibus

448 2382 497 2432 in
535 2380 730 2429 lacum.

526 2484 586 2525 -ι-
620 2470 703 2521 Ex
733 2482 752 2520 ε
803 2462 928 2517 audi
956 2473 1129 2513 vocem
1151 2453 1571 2524 ’deprecationis
1598 2464 1747 2513 meae,
1781 2450 1902 2501 dum
1932 2462 2023 2499 oro

454 2562 523 2615 ad
554 2572 628 2627 te,
686 2558 808 2612 dum
827 2553 1015 2610 extollo
1035 2563 1219 2605 manus
1246 2560 1388 2601 meas
1415 2544 1482 2597 ad
1507 2541 1759 2611 templum
1778 2547 2022 2593 sanctum

455 2666 624 2707 tuum.

525 2744 608 2799 Ne
642 2757 705 2798 -ε-
736 2738 896 2796 simul
946 2755 970 2793 -.
1019 2736 1199 2788 trahas
1231 2747 1313 2786 me
1351 2744 1470 2783 cum
1492 2726 1847 2799 peccatoribus
1899 2740 1917 2778 :
1977 2731 2025 2775 et

452 2854 569 2893 eum
596 2834 931 2905 operantibus
962 2826 1293 2897 iniquitatem
1323 2832 1386 2877 σι-
1422 2836 1485 2874 ne
1510 2818 1699 2889 perdas
1728 2834 1807 2871 me
1836 2817 1860 2886 ζ

527 2928 631 2993 Qui
658 2925 945 2995 loquuntur
998 2934 1182 2990 pacem
1219 2931 1338 2969 cum
1395 2912 1636 2982 proximo
1680 2926 1782 2964 suo
1816 2927 1834 2963 :
1882 2905 2027 2961 mala

461 3032 636 3076 autem
661 3021 714 3073 in
740 3015 978 3072 cordibus
1024 3026 1225 3067 eorum.

532 3198 612 3251 Da
638 3196 743 3250 illis
768 3192 1054 3248 secundum
1100 3203 1258 3259 opera
1297 3199 1505 3250 eorum,
1547 3190 1596 3237 et
1628 3178 1911 3235 secundum
1942 3192 2030 3230 ne-

460 3290 681 3359 quitiam
713 3283 1147 3339 adinventionunt
1178 3280 1434 3349 ipsorum.

2580 2084 2704 2125 nunc
2764 2080 2925 2119 υΑνιι)
2952 2064 2971 2094 ⁸
2998 2073 3248 2117 νεΑιιιυε.

2192 2167 2272 2222 Ad
2314 2176 2385 2229 te,
2412 2161 2661 2226 Domine,
2714 2155 2937 2215 clamavi
2976 2196 2990 2221 ,
3024 2153 3165 2207 Deus
3214 2163 3391 2215 meus,
3423 2161 3493 2201 ne
3543 2144 3710 2201 sileas

2126 2276 2155 2315 a
2179 2274 2264 2315 me
2292 2277 2307 2311 :
2354 2252 2739 2312 Cterolsimilis
2770 2228 3305 2304 descendentibusiu
3324 2242 3526 2296 lacum.

2199 2436 2402 2491 Exaudi
2427 2448 2611 2489 vocem
2638 2412 3040 2501 deprecationis
3061 2439 3214 2490 mem,
3243 2423 3371 2477 dum
3396 2434 3493 2475 oro
3518 2419 3585 2474 ad
3614 2428 3668 2475 te
3693 2435 3712 2473 :

2124 2541 2177 2585 et
2238 2530 2359 2601 [ms.
2386 2538 2519 2583 tacet
2548 2525 2624 2597 et]
2664 2526 2791 2579 dum
2828 2521 3034 2577 extollo
3073 2532 3267 2572 manus
3299 2530 3445 2569 meas
3476 2513 3543 2567 ad
3571 2523 3717 2568 tem-

2126 2624 2278 2693 plum
2311 2631 2559 2675 sanctum
2595 2626 2773 2670 tuum.

2198 2714 2275 2768 Ne
2307 2712 2468 2768 simul
2518 2709 2700 2765 tradas
2733 2721 2817 2761 me
2864 2719 2987 2760 cum
3035 2701 3413 2773 peccatoribus
3460 2708 3721 2754 :etcum

2129 2804 2491 2876 operantibus
2518 2801 2867 2869 iniquitatem
2904 2811 2967 2849 ne
2995 2793 3193 2865 perdas
3229 2808 3315 2846 me
3347 2792 3366 2822 ⁷
3399 2828 3415 2844 .

2197 2901 2335 2954 Cum
2354 2898 2440 2953 bis
2470 2897 2562 2967 qui
2603 2896 2902 2966 loquuntur
2927 2905 3117 2961 pacem
3145 2903 3268 2944 cum
3295 2884 3540 2956 proximo
3566 2896 3670 2938 suo
3695 2896 3718 2936 :

2129 2991 2269 3047 maia
2296 3001 2478 3044 autem
2512 2998 2639 3044 sunt
2662 2985 2783 3057 [ms.
2815 2992 2950 3040 tacet
2978 2980 3130 3051 sunt]
3156 2981 3208 3034 in
3232 2977 3492 3033 cordibus
3522 2988 3722 3029 eorum

2131 3079 2260 3152 [ms.
2296 3080 2462 3151 suis].

2200 3173 2277 3225 Da
2303 3172 2429 3235 illis,
2474 3169 2699 3224 Domine
2733 3167 2855 3240 [ηις.
2900 3176 3009 3220 tae.
3077 3160 3354 3231 Domine].
3408 3157 3722 3213 secundum

2132 3278 2298 3333 opera
2322 3277 2514 3318 eorum
2554 3279 2569 3316 :
2600 3270 2656 3316 et
2679 3257 2980 3316 secundum
3008 3255 3281 3327 nequitias
3304 3251 3610 3307 studiorum
3634 3265 3732 3305 re-

531 3375 827 3433 Secundum
855 3386 1018 3437 opera
1048 3383 1305 3424 manuum
1324 3380 1506 3421 eorum
1532 3362 1699 3418 tribue
1717 3360 1826 3416 illis
1847 3375 1865 3415 :
1890 3358 2044 3413 redde
2068 3349 2115 3417 C
2148 3355 2327 3411 tribue
2357 3354 2463 3409 illis
2504 3354 2526 3386 '
2557 3393 2572 3409 .

468 3467 865 3524 retributionent
897 3476 1075 3515 eorum
1111 3459 1266 3526 ipsis.

536 3557 797 3624 Quoniam
821 3571 921 3607 non
948 3550 1321 3607 intellexerunt
1349 3544 1763 3617 operaLDomini,
1782 3552 1832 3598 et
1849 3542 1904 3597 in
1923 3557 2045 3612 ope-

464 3666 527 3703 ra
548 3662 798 3702 manuum
816 3647 928 3713 ejus
953 3645 1185 3697 destrues
1204 3639 1346 3705 illos,
1376 3647 1424 3693 et
1448 3653 1551 3692 non
1584 3635 1867 3703 aadi/‘icabis
1884 3649 1969 3688 eos
1992 3632 2040 3686 ⁵.

537 3742 848 3796 Benedictus
876 3737 1131 3791 Dominus
1157 3749 1175 3789 :
1203 3734 1455 3804 quoniam
1482 3744 1545 3788 -ι-
1572 3729 1837 3786 exaudivit
1867 3741 2039 3784 vocem

467 3832 850 3905 deprecationis
887 3845 1032 3884 meae.

539 4096 795 4150 Dominus
822 4095 1036 4164 adjutor
1067 4109 1210 4147 meus
1240 4101 1289 4145 et
1310 4099 1573 4161 protector
1591 4105 1769 4146 meus:
1802 4090 1859 4143 in
1884 4088 1996 4160 ipso
2027 4089 2048 4120 ³

469 4188 700 4258 speravit
730 4204 819 4241 cor
848 4202 1020 4239 meum
1050 4195 1098 4237 et
1134 4186 1350 4254 adjutus
1384 4200 1520 4237 sum.

546 4438 564 4467 ⁸
601 4434 693 4490 Est
717 4437 771 4491 in
800 4435 1028 4514 Hebraeo
1061 4431 1399 4514 textu,quod
1429 4429 1528 4511 sti),
1552 4429 1668 4488 sibi.
1690 4430 2035 4514 respondeat,

473 4516 631 4570 nam,
688 4504 975 4559 tamenetsi
1031 4506 1133 4557 alia
1199 4501 2039 4571 interpunctioneMassoretba:

2218 3533 2411 3590 Redde
2433 3530 2850 3587 retributionem
2876 3541 3066 3582 eorum
3100 3524 3226 3596 [ms.
3249 3520 3513 3593 ipsorum]
3548 3522 3688 3591 ipsis
3713 3540 3737 3589 ;

2148 3625 2408 3697 quoniam
2445 3637 2555 3676 non
2584 3620 2997 3682 .intellexeruut
3057 3630 3227 3686 opera
3285 3615 3525 3679 Domini,
3563 3625 3621 3668 et
3672 3616 3736 3667 iu

2145 3733 2312 3789 Opera
2345 3730 2601 3770 manuum
2637 3714 2754 3784 ejus
2789 3726 2898 3765 non
2923 3709 3431 3764 consideraverunt.

2215 3812 2446 3864 Destrue
2501 3807 2645 3869 illos,
2680 3820 2783 3858 nec
2821 3802 2942 3874 [ms.
2974 3812 3031 3856 et
3060 3800 3197 3873 non]
3225 3800 3521 3855 azdiﬂcabis
3578 3813 3681 3853 eos
3716 3817 3734 3853 :

2149 3901 2474 3957 benedictus
2505 3897 2791 3965 Dominus,
2827 3897 3087 3967 quoniam
3107 3893 3385 3948 exaudivit
3415 3906 3601 3946 vocem
3632 3891 3738 3946 de-

2148 3993 2478 4065 precationis
2502 4007 2653 4047 meze.
2904 3984 2907 3985 ⁷

2224 4087 2485 4141 Dominus
2523 4086 2741 4154 adjutor
2792 4096 2945 4138 meus
2976 4090 3031 4135 et
3081 4088 3360 4149 pretector
3399 4090 3559 4131 meus
3612 4091 3629 4133 ;
3668 4085 3735 4132 et

2151 4181 2206 4235 in
2241 4179 2360 4248 ipso
2420 4176 2543 4248 [ms.
2614 4178 2697 4248 iu-
2729 4172 2929 4246 ipsum]
2986 4171 3225 4242 speravit
3261 4186 3354 4225 cor
3410 4184 3620 4235 meum,
3675 4179 3739 4223 et

2150 4268 2378 4336 adiutus
2409 4283 2554 4323 sum.

2215 4430 2239 4462 ⁸
2267 4432 2556 4498 Perperam
2611 4432 2666 4484 in
2703 4427 3002 4484 Martianaai
3038 4424 3283 4498 editione
3312 4436 3615 4498 pronomen
3645 4437 3740 4475 eos

2149 4501 2312 4557 obelo
2345 4495 2791 4563 confodiebatur,
2823 4499 2969 4566 quod
3008 4509 3189 4566 tamen
3222 4497 3273 4547 in
3306 4495 3739 4566 Hebraeojeso-

475 4592 596 4633 eam
629 4590 814 4651 Vocem
844 4589 965 4628 cum
996 4559 1360 4651 ξυυεεψξρηιί
1378 4587 1534 4651 νβτευ
1558 4570 1915 4651 εοιιρυειεθηῐ.
1943 4571 2040 4623 (18-
2069 4595 2115 4651 ι)
2150 4580 2245 4651 nat
2280 4578 2429 4630 ων.
2468 4569 2580 4651 Nos
2609 4572 2724 4641 ejus
2757 4559 2897 4651 nota:
2925 4564 3244 4621 amovendw
3274 4564 3486 4651 monuit
3529 4559 3742 4614 Palati-

475 4662 582 4716 que
604 4649 724 4713 ejus
746 4654 890 4698 recta
910 4642 1178 4716 scriptura
1198 4643 1544 4716 dissentiant.
1564 4642 1707 4694 Satis
1730 4640 1833 4693 hoc
1856 4649 2036 4693 tamen

475 4711 583 4778 est,
605 4711 662 4769 ut
682 4720 847 4777 scias,
870 4715 1051 4765 minus
1072 4714 1159 4765 hic
1181 4721 1326 4765 recte
1346 4712 1561 4763 obelum
1587 4711 1848 4777 praeponi,
1878 4724 2039 4778 quem

474 4798 533 4856 et
567 4785 841 4838 Palatinus
875 4798 976 4856 ms.
1005 4782 1238 4851 ignorat,
1290 4790 1345 4834 et
1398 4780 1571 4833 satius
1600 4781 1765 4834 luerit
1821 4780 1887 4832 ad
1927 4779 2043 4850 ejus

478 4854 653 4909 ﬁdenr
696 4854 949 4922 expungi.

551 4926 571 4956 ³
595 4917 999 4977 Ρθιιιιίηιιδῖης.
1036 4922 1243 4990 absque
1274 4919 1454 4983 obelo,
1511 4917 1647 4971 Huic
1687 4917 1856 4990 Dauid
1887 4918 2038 4989 psal-

480 5011 617 5048 mus.
648 4995 985 5047 Astertscum
1018 4989 1236 5061 quoque
1271 4990 1476 5055 verbis,
1529 5005 1592 5061 ne
1625 4989 1833 5058 quando
1869 5000 2045 5042 taceas

480 5082 514 5190 is,
543 5080 644 5187 mle,
678 5063 975 5132 praeﬁxum,
1009 5059 1160 5117 idem
1184 5076 1286 5117 ms.
1324 5061 1416 5114 uni
1457 5060 1573 5113 voci
1629 5061 1840 5129 quando
1897 5059 2052 5112 attri-

522 5150 572 5188 υι
606 5171 620 5186 .

522 5145 620 5188 utt.

553 5204 574 5235 ³
593 5205 866 5285 porruptc
887 5202 1110 5256 omnino
1134 5200 1567 5285 positusgvisitur
1594 5199 1681 5285 hlic
1710 5199 1763 5251 in
1800 5198 2046 5285 editiq‘ne

481 5273 608 5331 Cari
633 5268 933 5328 aster'tscus
953 5288 1076 5326 cum
1097 5268 1316 5326 nomine
1340 5271 1587 5335 Domini,
1614 5270 1821 5321 laxandi
1851 5273 1918 5336 με
1939 5268 2049 5321 Do-

482 5344 885 5426 mine‘;__vocem,
938 5353 1042 5397 etc.
1061 5342 1242 5426 Ripaei
1261 5343 1407 5420 enim
1430 5342 1659 5409 ipsemet
1679 5341 2046 5407 Hieronymus

484 5416 540 5470 id
578 5413 891 5468 addititium
916 5426 1058 5469 esse.
1091 5414 1245 5478 Quod
1295 5413 1481 5479 utique
1541 5423 1728 5461 verum
1784 5415 2045 5479 reperiet,

483 5488 576 5609 (ιἳί
603 5484 806 5609 ginem
831 5482 1156 5537 Hebraicum
1189 5482 1273 5537 vel
1317 5478 1630 5536 Graecorum
1655 5481 1875 5533 codices
1899 5478 2048 5533 adie-

485 5571 530 5609 ri
566 5598 577 5609 .
657 5571 775 5609 nar.

485 5566 577 5609 1⁵η.
606 5566 775 5609 MART.

518 5627 906 5707 .——ldem_ms.
938 5633 1201 5707 atqueei
1226 5621 1487 5704 eo_Carus
1520 5621 1727 5702 addunt
1760 5619 2052 5707 subnaste-

486 5696 627 5748 risco
652 5697 888 5759 Domine,
908 5690 1050 5764 quod
1079 5704 1135 5749 et
1160 5695 1407 5747 Martiali.
1444 5702 1592 5764 notat
1618 5693 1834 5757 ipsimet
1864 5690 2024 5743 Hiero
2042 5719 2054 5729 -

487 5780 650 5834 nymo
678 5770 873 5834 saepius
901 5762 1111 5820 laudata
1144 5767 1301 5834 epist.
1336 5766 1401 5817 ad
1434 5762 1695 5815 Suuuiam
1727 5762 2045 5827 tmptobari.

2147 4647 2299 4702 tinus
2327 4656 2454 4705 ms.,
2486 4641 2579 4709 qui
2614 4633 2669 4694 ἐι
2714 4641 2872 4708 paulo
2896 4649 3024 4690 ante
3058 4641 3271 4689 destrue
3320 4634 3447 4700 legit
3483 4646 3582 4699 pro
3636 4633 3743 4683 de-

2157 4726 2351 4770 strues.

2222 4783 2243 4813 '
2267 4782 2428 4834 Addit
2451 4779 2681 4833 Pa‘atin.
2705 4792 2807 4833 ms.
2833 4789 2881 4832 et
2903 4776 3175 4848 copulam,
3203 4776 3360 4832 obclo
3382 4785 3563 4831 tamen
3591 4786 3746 4839 pra:-

2152 4854 2284 4916 ﬁxo,
2317 4865 2381 4905 -ξ-
2416 4860 2465 4902 et
2494 4851 2550 4903 in
2602 4863 2620 4902 :
2660 4852 2791 4918 ipso,
2828 4861 2934 4903 etc.
3223 4868 3234 4878 -

2227 4924 2248 4954 ⁶
2271 4912 2375 4974 Pro
2410 4920 2566 4974 titulo
2595 4921 2648 4974 in
2680 4912 2983 4973 'Veronensi
3014 4927 3069 4971 et
3093 4917 3493 4983 Augustiniano
3522 4912 3755 4966 Psalte-

2155 4995 2241 5049 rio
2268 5001 2478 5044 tantum
2509 5001 2595 5045 est
2627 4989 2739 5057 Ipsi
2766 4989 2954 5051 David,
2995 4989 3046 5040 in
3079 4989 3281 5057 quibus
3310 4996 3358 5041 et
3402 4985 3583 5057 prium
3616 4994 3753 5035 sta-

2155 5068 2253 5119 tim
2283 5077 2465 5122 versu,
2492 5070 2615 5129 post
2644 5053 2830 5122 verba,
2861 5075 2924 5110 ne
2947 5053 3109 5110 sileas
3137 5074 3168 5109 a
3202 5073 3302 5121 me,
3334 5062 3525 5109 eadem
3561 5053 3754 5106 fet-me

2148 5124 2507 5202 repetuntur,
2529 5130 2829 5202 nequando
2860 5128 3020 5180 sileas
3057 5145 3086 5179 a
3111 5142 3215 5191 me,
3244 5144 3364 5195 qua:
3403 5125 3458 5178 in
3481 5124 3758 5191 opposita

2148 5201 2403 5259 columna
2446 5201 2712 5253 asterisco
2745 5201 3110 5251 illustrantur.

2221 5276 2239 5305 ⁷
2275 5272 2422 5325 Idem
2478 5286 2604 5331 ms.,
2666 5274 2847 5319 tradas
2899 5282 3014 5319 cum
3069 5267 3425 5337 peccatoribus
3502 5264 3763 5315 animum

2152 5359 2345 5403 meum,
2379 5352 2455 5404 et,
2485 5356 2549 5392 ne
2580 5343 2887 5408 comperdas
2941 5353 3041 5391 me.

2223 5414 2244 5444 ⁸
2281 5414 2454 5464 Habet
2488 5414 2647 5464 unice
2670 5404 2795 5459 cum
2835 5409 3140 5475 Augustino
3162 5404 3493 5458 Veronensis
3523 5418 3764 5456 ms.se-

2153 5484 2383 5537 cundum
2418 5481 2803 5548 malignitatem
2829 5479 3167 5546 aﬂectianum
3199 5478 3515 5545 ipsorum,et
3549 5488 3766 5525 secun-

2153 5556 2279 5606 dum
2305 5567 2461 5621 opera
2484 5545 2735 5621 manuum
2761 5545 2977 5603 illorum
2998 5550 3065 5602 da
3090 5550 3163 5601 eis
3190 5564 3207 5602 :
3234 5558 3346 5600 tum
3376 5545 3768 5609 subsequettti

2154 5617 2346 5684 versu,
2370 5637 2472 5675 non
2506 5619 2877 5673 intellexerunt
2902 5621 2954 5670 in
2986 5634 3147 5687 Opera
3190 5617 3423 5680 Domini,
3455 5625 3593 5677 etc.,
3644 5627 3771 5681 po-

2154 5693 2377 5748 stremis
2410 5693 2613 5756 verbis,
2645 5706 2745 5743 non
2779 5691 3263 5753 considernrerunt,
3299 5690 3455 5756 plane
3493 5690 3767 5739 omissis.
