3958 6176
272 354 372 417 173

1493 345 1727 408 LIBER
1784 338 2281 417 PSALMORUM.

3401 318 3503 383 ιτι

338 470 407 525 Et
446 469 683 541 reﬂoruit
712 484 837 523 caro
864 483 979 523 mea
1013 483 1029 522 :
1060 474 1108 523 et
1134 481 1198 522 ex
1220 465 1491 519 voluntate
1513 479 1629 519 mea
1663 463 1829 531 con/i-
1861 465 1903 524 Α
2009 460 2073 514 Et
2104 452 2350 512 reﬂoruit
2377 464 2503 507 caro
2534 459 2651 501 mea
2685 462 2702 498 :
2731 453 2786 499 et
2824 456 2889 498 ex
2920 439 3198 496 voluntate
3225 450 3343 491 mea
3381 451 3511 491 con-

264 566 413 619 tebor
439 562 512 616 ei.

335 653 592 709 Dominus
615 650 873 719 fortitudo
902 648 1063 717 plebis
1082 662 1192 702 sure
1225 662 1245 701 :
1288 658 1336 703 et
1366 653 1630 716 protector
1655 644 1835 699 salva-

264 752 466 804 tionum
501 746 701 803 Christi
718 748 802 799 sui
838 753 935 798 est.

335 837 552 893 Saluum
582 837 669 906 {ac
696 834 947 906 populum
971 840 1124 887 tuum
1147 832 1163 863 ¹
1182 844 1244 887 -ι-
1266 830 1485 885 Domine
1533 846 1553 886 :
1589 838 1637 885 et
1666 828 1821 883 bene—

262 931 346 983 dic
371 927 669 982 hatreditati
712 935 817 981 tua:
838 939 859 979 :
890 934 940 979 et
953 939 1073 996 rege
1100 939 1208 989 eos,
1233 931 1285 978 et
1308 922 1501 978 extolle
1522 922 1640 977 illos
1673 935 1835 992 usque

262 1021 319 1074 in
342 1028 618 1073 teternum.

1940 551 2133 607 ﬁtebor
2162 546 2258 602 illi.

2010 642 2284 697 Dominus
2312 634 2575 694 fortitudo
2604 631 2781 703 plebis
2813 644 2927 686 sua:
2962 644 2976 684 :
3025 636 3081 683 et
3110 631 3386 697 protector
3420 636 3512 677 sa-

1940 734 2200 790 lutarium
2230 728 2432 786 Christi
2463 725 2547 781 sui
2574 732 2678 779 est.

2012 823 2233 880 Salvum
2268 820 2353 875 fac
2384 816 2646 889 populum
2680 821 2858 879 tuum,
2921 808 3171 872 Domine,
3228 815 3289 861 et
3344 804 3517 859 bene-

1939 914 2027 967 die
2077 910 2448 966 brereditatem
2507 914 2705 959 tuam:
2768 909 2825 956 et
2853 913 2980 970 rege
3010 911 3128 963 eos,
3191 904 3247 952 et
3318 892 3545 977 extolle_

1935 1005 2059 1061 illos
2090 1017 2260 1079 usque
2287 1002 2342 1057 in
2363 998 2643 1083 saeculum.

1554 1174 1805 1234 PSALM
1816 1169 1914 1232 US
1950 1164 2229 1229 XXVIII.

282 1283 520 1327 ‘PSALIUS
539 1282 701 1322 DAVID
725 1267 746 1297 ⁸
775 1279 840 1324 ’δ’
872 1281 925 1320 IN
951 1280 1379 1321 CONSUIIAHONE
1401 1281 1786 1321 TLBERNACULI.

330 1386 526 1455 Aﬁerte
544 1383 789 1450 Domino,
826 1395 890 1437 -ι-
921 1380 1023 1449 ﬁlii
1052 1381 1173 1446 Dei,
1231 1379 1412 1451 afferte
1444 1378 1669 1433 Domino
1702 1393 1721 1434 :
1768 1378 1837 1446 ﬁ-

260 1479 359 1531 lios
400 1479 647 1531 arietum.

330 1571 534 1639 AIerte
575 1568 797 1631 Domino
828 1564 1053 1635 gloriam
1086 1575 1139 1618 et
1169 1564 1418 1618 honorem
1442 1580 1462 1617 :
1505 1564 1692 1633 aﬂ'erte
1733 1561 1844 1615 Do-

260 1663 406 1713 mino
442 1659 672 1729 gloriam
707 1658 904 1712 nomini
936 1656 1047 1725 ejus
1083 1670 1102 1710 ε
1170 1656 1391 1710 adorate
1448 1652 1735 1708 Dominunt
1789 1652 1843 1706 in

261 1753 400 1806 atrio
418 1758 599 1811 sancto
618 1764 686 1805 as-
720 1746 857 1815 ejus.

340 1841 450 1895 Vox
482 1841 699 1913 Domini
719 1855 879 1910 super
904 1854 1096 1909 aquas,
1157 1836 1297 1891 Deus
1342 1836 1638 1907 majestatis
1693 1836 1836 1890 into-

264 1936 377 1987 nuit
404 1948 425 1987 :
461 1933 716 1986 Dominus
739 1947 895 2001 super
924 1946 1091 1998 aquas
1121 1929 1337 1983 multas.

345 2023 459 2077 Vox
494 2024 705 2077 Domini
731 2024 786 2076 in
822 2023 1056 2077 uirtute:
1087 2035 1187 2075 vos:
1212 2020 1429 2075 Dontini
1484 2022 1539 2074 in
1595 2016 1841 2089 magniﬁ-

266 2113 461 2169 centia.

345 2207 457 2261 Vox
485 2206 698 2261 Domini
732 2205 1107 2277 confringentis
1128 2203 1398 2273 cedros,et
1411 2204 1702 2276 confringet
1732 2202 1839 2259 Do-

268 2305 438 2355 minus
464 2300 646 2354 cedros
679 2298 891 2353 Libani.

334 2390 407 2444 Et
436 2392 755 2445 comminuet
793 2406 905 2455 eas,
951 2397 1210 2459 tanquam
1258 2389 1487 2444 nitidum
1540 2387 1730 2444 Libani
1744 2396 1839 2456 ;et

268 2484 512 2547 dilectus,
542 2484 986 2554 quemadmodum
1013 2482 1160 2551 ﬁlius
1192 2484 1548 2539 unicornium.

349 2575 461 2631 Vox
492 2575 704 2629 Domini
728 2574 1084 2629 intercidentis
1112 2578 1387 2647 ﬂammam
1409 2576 1543 2644 ignis
1569 2592 1588 2630 :
1607 2591 1707 2630 eoa:
1737 2574 1843 2631 Do-

270 2670 400 2723 mini
429 2668 776 2722 concutientis
804 2667 1087 2734 desertum,
1117 2677 1168 2723 et
1196 2668 1537 2723 commovebit
1584 2666 1842 2722 Dominus

269 2763 527 2814 desertum
562 2758 751 2816 Cades.

342 2918 451 2971 Vox
478 2916 689 2971 Domini
716 2918 1076 2987 praparqntis
1103 2933 1302 2981 ceruos,
1343 2925 1395 2973 et
1430 2917 1685 2973 reuelabit
1715 2932 1843 2972 con-

266 3013 428 3066 densa
456 3027 476 3064 :
507 3020 555 3063 et
584 3011 641 3063 in
672 3011 866 3079 templo
887 3010 1001 3079 ejus
1037 3027 1213 3065 omnes
1237 3011 1411 3067 dicent
1433 3010 1454 3041 ³
1475 3010 1724 3081 gloriam.

2129 1270 2360 1313 ΡεΛιιωδ
2396 1267 2574 1315 ωνιυ,
2617 1266 2672 1305 ΙΝ
2705 1262 2865 1305 ειιτυ
2890 1258 3242 1300 τΑιεκιηΛουιι
3266 1241 3312 1297 ιι

2014 1371 2221 1429 Ασετιθ
2261 1370 2513 1445 Domino,
2542 1365 2638 1421 lilii
2676 1363 2771 1419 Dei
2803 1378 2824 1419 ι
2866 1360 3059 1417 aﬂerte
3091 1358 3320 1415 Domino
3375 1356 3517 1411 alios

1944 1463 2200 1520 arietum.

2013 1555 2217 1611 Aﬂerte
2230 1553 2458 1608 Domino
2474 1552 2704 1623 gloriam
2720 1544 3271 1611 etlionorem,aﬂerte
3292 1538 3518 1594 Domino

1944 1646 2173 1718 gloriam
2211 1643 2417 1702 nomini
2464 1644 2582 1715 ejus
2632 1662 2647 1703 :
2689 1644 2916 1700 adorate
2950 1638 3237 1694 Dominum
3292 1634 3352 1713 in
3394 1631 3521 1686 aula

1874 1735 1918 1792 Β
1945 1745 2135 1793 sancta
2184 1738 2324 1807 ejus.

2010 1830 2123 1907 Vox
2155 1827 2565 1907 Dominisuper
2611 1840 2802 1905 aquas,
2858 1824 3007 1881 Deus
3034 1823 3336 1907 majestatis
3371 1820 3519 1877 into-

1940 1921 2059 1977 nuit
2086 1938 2102 1987 ;
2134 1920 2396 1974 Dominus
2427 1932 2595 1987 super
2624 1931 2797 1986 aquas
2824 1916 3045 1970 multas.

2010 2006 2127 2062 Vox
2154 2005 2370 2062 Domini
2399 2006 2453 2061 in
2478 2006 2706 2071 virtute;
2737 2018 2842 2060 vox
2868 2003 3086 2059 Domini
3145 2005 3200 2059 in
3264 2003 3519 2073 magniﬁ-

1940 2099 2144 2154 centia.

2012 2188 2131 2245 Vox
2165 2186 2379 2244 Domini
2410 2186 2814 2258 conlringentis
2864 2186 3085 2252 cedros,
3114 2196 3172 2243 et
3208 2188 3523 2259 confringet

1942 2280 2208 2338 Dominus
2238 2283 2261 2315 ⁸
2292 2278 2490 2336 cedros
2528 2278 2748 2346 Libani,
2785 2287 2843 2334 et
2865 2278 3204 2335 comminuet
3245 2295 3361 2347 eas,
3398 2295 3528 2335 tan—

1941 2388 2107 2444 quam
2181 2372 2413 2428 vitulum
2474 2371 2707 2431 Libani:
2760 2381 2818 2428 et
2870 2371 3130 2437 dilectus,
3174 2373 3319 2428 sicut
3372 2372 3524 2427 illius

1944 2464 2400 2522 unicornuorum.

2014 2554 2131 2612 Vox
2163 2554 2381 2612 Domini
2412 2555 2794 2613 intercidentis
2812 2554 2942 2627 {ms.
2976 2554 3344 2627 praecideritis]
3364 2554 3523 2609 ﬂam-

1942 2662 2090 2704 mam
2122 2649 2266 2719 ignis
2297 2664 2313 2704 :
2350 2662 2461 2704 vox
2490 2648 2710 2704 Domini
2741 2650 3108 2705 concutieutis
3134 2646 3257 2719 [ms.
3277 2662 3524 2704 commo-

1944 2739 2168 2812 ventis]
2193 2740 2547 2797 solitudinem
2576 2758 2593 2797 :
2632 2748 2690 2797 et
2716 2742 3090 2798 commovebit
3122 2741 3389 2797 Dominus
3412 2740 3515 2796 de-

1944 2840 2155 2888 sertum
2187 2831 2386 2888 Gades.

2020 2922 2139 2980 Vox
2168 2923 2388 2982 Domini
2449 2922 3024 2996 preparantiscervos
3057 2926 3100 2991 ⁸,
3143 2933 3207 2981 et
3258 2924 3524 2995 revelabit

1940 3016 2220 3074 condensa
2254 3032 2270 3074 :
2304 3028 2361 3073 et
2385 3017 2441 3073 in
2468 3016 2668 3087 templo
2686 3017 2808 3088 ejus
2838 3030 3034 3074 omnes
3050 3016 3243 3074 dicent
3270 3019 3524 3089 gloriam.

341 3102 602 3156 Dominus
623 3102 876 3156 dilueium
908 3103 1208 3159 inhabitare
1235 3104 1389 3174 facit,
1420 3111 1471 3157 et
1499 3102 1697 3157 sedebit
1733 3101 1844 3157 Do-
1871 3083 1918 3144 c
2021 3108 2287 3164 Dominus
2318 3083 2915 3165 diluvium—inhabitat:
2939 3119 2996 3165 et
3024 3107 3238 3166 sedebit
3261 3083 3527 3175 Dominus

267 3197 442 3250 minus
472 3211 567 3249 rex
596 3197 648 3247 in
668 3203 949 3250 mternum.

340 3288 597 3342 Dominus
636 3290 881 3342 uirtutem
912 3288 1105 3360 populo
1123 3306 1221 3344 suo
1251 3291 1441 3347 dabit:
1472 3292 1728 3347 Dominus
1757 3293 1843 3346 be-

267 3383 472 3437 aedicet
503 3382 697 3455 populo
730 3396 826 3435 suo
846 3383 899 3437 in
950 3399 1098 3454 pace.

1948 3215 2049 3257 rex
2076 3201 2133 3257 in
2165 3209 2453 3257 mternum.

2027 3294 2291 3349 Dominus
2351 3292 2615 3349 virtutem
2656 3294 2864 3365 populo
2904 3309 3006 3351 suo
3061 3294 3254 3353 dabit:
3287 3303 3343 3351 et
3399 3294 3523 3369 [ms.

1955 3384 2245 3459 Dominus]
2273 3386 2567 3443 benedicet
2616 3388 2877 3457 populum
2917 3403 3078 3444 suum
3104 3389 3159 3444 in
3194 3403 3349 3460 pace.

1590 3547 1949 3610 PSALMUS
1984 3549 2204 3611 XXIX.

409 3656 641 3697 PSALIUS
678 3654 885 3695 CANINI
918 3656 970 3696 IN
1000 3655 1347 3698 DE‘DICA'I'IONE
1372 3655 1539 3707 DOMUS
1560 3656 1738 3697 ωινιι).

341 3758 608 3814 Exaltabo
656 3767 724 3823 te,
781 3757 1020 3823 Domine,
1072 3760 1322 3826 quoniam
1372 3758 1646 3829 suscepisti
1710 3774 1795 3813 me
1827 3797 1843 3824 ,

264 3870 368 3909 nec
393 3851 671 3906 delectasti
695 3851 935 3905 inimicos
963 3866 1101 3904 meos
1130 3866 1289 3921 super
1314 3867 1415 3906 me.

340 3944 565 3999 Domine
585 3943 728 3998 Deus
776 3958 944 4005 meus,
981 3943 1210 3997 clamavi
1231 3944 1301 3997 ad
1333 3953 1404 4009 te,
1435 3952 1485 3998 et
1514 3944 1718 3998 sanasti
1740 3961 1839 3999 me.

338 4034 585 4100 Domine,
614 4034 841 4089 eduxisti
869 4034 936 4087 ab
964 4034 1168 4103 inferno
1193 4036 1432 4087 animam
1492 4049 1661 4089 meam
1685 4049 1704 4088 :
1736 4033 1847 4089 sal-

266 4132 406 4185 sasti
427 4146 509 4184 nte
537 4147 571 4183 a
602 4127 1028 4185 descendentibus
1051 4129 1111 4181 in
1131 4126 1329 4183 lacum.

348 4311 569 4365 Psallite
598 4308 843 4372 Domino,
868 4306 1041 4360 sancti
1070 4305 1184 4376 ejus
1207 4319 1227 4358 .'
1250 4314 1307 4359 et
1350 4305 1684 4374 conﬁtemini
1739 4323 1847 4361 me-

269 4406 454 4459 morie
481 4400 781 4457 sanctitatis
807 4400 946 4469 ejus.

2056 3659 2522 3701 psauuscmnm
2548 3660 2602 3699 ιη
2626 3649 2983 3701 υευιαλτίοκε.
3001 3660 3176 3705 nouus
3208 3662 3367 3701 num
3400 3647 3442 3699 ⁷.

2024 3758 2287 3814 Exaltabo
2340 3766 2414 3818 te.
2460 3756 2710 3831 Domine,
2754 3755 3012 3826 quoniam
3060 3758 3351 3827 suscepisti
3386 3774 3472 3815 me
3510 3776 3527 3817 ε

1955 3863 2058 3904 nec
2091 3846 2369 3904 delectasti
2402 3847 2653 3902 inimicos
2694 3861 2845 3901 meos
2884 3846 3052 3916 super
3081 3862 3189 3901 me.

2029 3941 2256 3996 Domine
2306 3938 2453 3996 Deus
2486 3952 2664 4006 meus,
2701 3938 2930 3994 clamavi
2988 3938 3055 3993 ad
3085 3947 3155 4003 te,
3210 3946 3268 3994 et
3323 3946 3526 4019 sanasti

1957 4047 2045 4089 me
2072 4032 2361 4099 :Domine,
2410 4031 2726 4088 abstraxisti
2753 4030 2878 4103 [ms.
2919 4030 3178 4104 eduxisti]
3208 4032 3277 4093 ab
3329 4034 3525 4095 inferis

1954 4126 2191 4180 animam
2222 4139 2421 4191 meam,
2458 4125 2677 4182 salvasti
2734 4139 2822 4181 me
2868 4139 2899 4178 a
2965 4124 3427 4182 descendentibus
3468 4128 3528 4181 in

1952 4218 2161 4273 lacum.

2022 4310 2247 4367 Psallite
2274 4308 2528 4377 Domino,
2552 4309 2729 4366 sancti
2760 4309 2920 4379 ejus;
2958 4318 3011 4365 et
3042 4309 3382 4366 conﬁtemini
3418 4326 3532 4367 me-

1956 4402 2143 4457 moriae
2170 4401 2480 4457 sanctitatis
2516 4402 2662 4471 ejus.

340 4496 607 4561 Quoniam
629 4495 712 4549 ira
732 4494 786 4546 in
810 4491 1174 4562 indignatione
1202 4490 1341 4563 ejus,
1393 4500 1443 4546 et
1484 4493 1595 4547 vita
1633 4494 1691 4547 in
1751 4509 1840 4549 τοι·
1872 4488 1920 4547 1)
2019 4492 2288 4560 Quoniam
2317 4493 2398 4547 ira
2429 4493 2868 4565 inindignatione
2892 4494 3119 4565 ejus;et
3136 4500 3245 4556 vita
3266 4500 3322 4556 in
3340 4498 3534 4555 volun.

270 4589 476 4642 luntate
509 4592 646 4653 ejus.

338 4682 418 4735 Ad
436 4694 707 4749 vesperum
740 4676 1099 4732 demorabitur
1122 4675 1308 4746 ﬂetus,
1337 4686 1387 4733 et
1407 4678 1481 4733 ad
1530 4678 1848 4735 matutinum

270 4770 479 4825 (iutilia.

349 4864 459 4934 Ego
498 4872 676 4919 autem
718 4866 831 4919 dixi
867 4867 924 4920 in
961 4865 1292 4921 abundantia
1325 4879 1479 4919 mea:
1518 4862 1641 4917 Non
1681 4878 1852 4918 move-

262 4958 362 5019 bar
386 4962 440 5011 in
493 4968 784 5012 ceternum.

338 5206 358 5236 ¹
395 5204 573 5275 ῌίιιυε
601 5205 694 5263 hic
721 5205 860 5261 bene
894 5205 1037 5260 idem
1058 5220 1165 5261 ms.
1201 5205 1421 5262 obelum
1452 5204 1840 5275 pmtermittit.

341 5276 361 5307 ³
384 5272 615 5330 Obelum
659 5280 713 5329 in
742 5276 902 5329 titulo
925 5276 1207 5331 Palatinus
1239 5292 1342 5330 ms.
1395 5272 1640 5329 omittit:
1676 5290 1706 5328 e
1756 5288 1846 5327 re-

258 5345 423 5416 gione
446 5354 626 5399 autem
657 5345 887 5399 secundi
919 5361 1108 5401 versus
1137 5347 1259 5414 plus
1295 5344 1459 5400 habet
1502 5344 1839 5415 Diapsalma.

334 5414 356 5444 ⁸
388 5413 587 5469 llinori
616 5431 849 5469 numero
906 5414 1050 5469 idem
1086 5431 1188 5470 ms.
1229 5417 1397 5469 omnis
1419 5414 1579 5470 dicet.
1628 5414 1839 5470 Grmce.

258 5486 373 5547 πᾶς
406 5485 580 5551 λέγει.
616 5485 858 5557 Rursum
893 5500 1023 5541 vero
1051 5485 1371 5557 Diapsalma
1402 5485 1469 5539 ad
1498 5453 1841 5555 subsequent-’-

258 5564 372 5608 tem
415 5569 631 5609 versum
660 5556 906 5625 apponit.

332 5624 355 5653 ⁸
387 5627 444 5679 ln
480 5624 777 5698 Veronensi
804 5638 861 5680 et
889 5626 1289 5698 augustiniano
1327 5626 1591 5681 Psalterio
1646 5626 1840 5680 illSt'l‘l-

254 5695 435 5817 bitlur,
467 5694 720 5750 Psalmus
756 5698 859 5765 ipsi
890 5694 1063 5753 Daiid
1093 5698 1560 5755 consummationis
1596 5698 1838 5751 taberna-

254 5779 323 5817 ea
348 5784 387 5817 ι.

250 5779 387 5821 ειη.

1958 4597 2068 4644 tate
2116 4587 2287 4658 ipsius
2311 4586 2433 4659 [ms.
2469 4583 2633 4659 ejus].

2027 4677 2111 4732 Ad
2150 4693 2435 4748 vesperum
2460 4677 2584 4750 [ms.
2613 4677 2865 4751 vespera]
2893 4679 3268 4739 demorabitur
3316 4682 3480 4739 ﬂetus
3515 4703 3533 4749 ;

1956 4778 2015 4825 et
2041 4770 2110 4824 ad
2151 4768 2479 4823 matutinum
2512 4767 2697 4822 laetitia
2725 4767 2848 4841 [ms.
2877 4771 3176 4826 exsultatio
3206 4773 3249 4844 ].

2024 4859 2141 4928 Ego
2171 4867 2351 4913 autem
2388 4857 2501 4913 dixi
2528 4858 2582 4911 in
2614 4872 2733 4912 mea
2762 4858 3097 4917 abundantia
3134 4880 3147 4916 :
3180 4862 3294 4917 Non
3352 4880 3535 4919 move-

1953 4951 2055 5007 bor
2080 4952 2134 5006 in
2171 4962 2462 5007 aeternum.
2770 4940 2775 4943 ⁷

2028 5206 2047 5236 ⁵
2080 5203 2140 5258 In
2177 5202 2331 5268 iisd.,
2355 5206 2669 5260 conterentis
2703 5206 2904 5273 cedros,
2938 5216 2985 5262 et
3003 5216 3234 5264 conteret
3258 5208 3537 5263 Dominus.

2025 5273 2357 5348 °_Mendose,
2395 5276 2599 5342 c‘edros,
2623 5289 2723 5346 pro
2758 5292 2932 5332 cervos
2964 5280 3181 5348 scripsit
3212 5280 3539 5334 Veronensis

1952 5345 2339 5419 antiquarios:
2368 5359 2585 5409 caetera,
2617 5345 2673 5419 ut
2704 5356 2811 5412 est,
2836 5345 3177 5418 perﬁcien'tis,
3207 5363 3305 5419 pro
3328 5363 3539 5419 praepa-

1951 5416 2125 5491 rantis
2142 5423 2199 5470 et
2220 5414 2380 5491 silvas
2404 5432 2502 5485 pro
2526 5417 2808 5491 condensa.
2833 5414 3073 5491 denique
3090 5429 3145 5491 et
3163 5414 3336 5491 omnis
3350 5414 3539 5488 quique

1950 5486 2088 5564 sive,
2116 5488 2475 5566 unusquisque
2505 5487 2631 5540 dicit
2663 5488 2939 5558 gloriam,‘
2962 5486 3033 5546 ex
3081 5486 3386 5560 Augustino
3443 5486 3540 5544 de-

1952 5564 2200 5623 scripsit.
3142 5576 3145 5583 λ

2030 5625 2399 5698 "_lnseribitur
2448 5627 2504 5681 in
2568 5626 2972 5698 Augustiniano
3024 5639 3081 5685 ut
3130 5638 3186 5686 et
3232 5628 3535 5685 Veronensi

1949 5695 2240 5768 Psalterio,
2274 5695 2339 5750 In
2392 5695 2865 5768 ﬁnem,>p'salmus
2927 5701 3124 5754 cantici
3185 5700 3536 5756 dedicationis

1950 5775 2057 5821 etc.
2086 5766 2146 5820 lu
2182 5776 2351 5839 textu,
2383 5777 2429 5822 et
2456 5784 2561 5822 non
2589 5766 2917 5837 jucundasti,
2942 5784 3049 5843 pro
3090 5787 3181 5826 nec
3240 5773 3533 5828 delectasti.
