3958 6176
305 254 401 313 ιῖῖ

1525 252 1761 313 LIBER
1825 254 2321 320 PSALMORUM.

3437 254 3535 317 178

370 364 615 418 Miserere
632 366 753 432 mei,
776 366 1012 431 Domine,
1032 366 1277 435 quoniam
1302 366 1559 421 tribulor:
1583 369 1866 424 conturba-
1893 372 1941 434 Α
1968 386 2151 440 meos:
2207 373 2463 427 miserere
2496 372 2599 428 mei
2627 371 2748 443 [ms.
2781 378 2915 427 tacet
2939 369 3092 441 mei],
3138 369 3385 437 Domine,
3407 387 3543 441 qui»

296 466 385 509 ειη
404 466 476 509 est
499 457 553 509 in
578 458 660 511 ira
710 457 891 511 oculus
948 473 1113 525 meus,
1163 459 1347 514 anima
1402 476 1538 527 utea,
1600 470 1648 514 et
1694 470 1869 516 venter

298 564 468 604 ππεκδ.

370 724 632 793 Quoniam
666 729 853 799 defecit
884 730 937 784 in
966 729 1148 785 dolore
1180 732 1287 785 vita
1325 746 1443 784 mea
1479 747 1496 783 :
1527 738 1575 785 et
1606 731 1734 787 anni
1766 732 1867 785 mei

294 823 353 875 in
383 824 678 892 gemitibus.

370 915 655 982 Inﬁrmata
688 923 762 968 est
792 915 847 968 in
878 922 1189 984 paupertate
1233 917 1397 969 virtus
1457 930 1617 970 mea:
1652 924 1699 970 et
1749 932 1869 971 ossa

294 1024 409 1060 mea
433 1007 751 1061 conturbata
778 1015 925 1060 sunt.

363 1098 531 1161 Super
559 1099 987 1152 omnesinimicos
1012 1115 1149 1153 meos
1177 1099 1348 1167 Iactus
1368 1116 1483 1154 sum
1502 1098 1858 1168 approbrium,

295 1198 343 1243 et
374 1190 389 1220 ³
434 1190 616 1244 vicinis
652 1189 782 1243 meis
827 1189 1000 1256 valde,
1040 1199 1087 1244 et
1112 1194 1270 1244 timor
1300 1192 1432 1245 notis
1470 1192 1617 1244 meis.

364 1360 468 1428 Qui
498 1362 746 1417 videbant
771 1379 872 1430 me,
890 1365 1041 1432 [oras
1083 1363 1329 1433 fugerunt
1375 1382 1406 1418 a
1440 1380 1521 1418 me
1550 1381 1567 1417 :
1620 1363 1866 1418 oblivioni

292 1458 448 1510 datus
482 1472 597 1509 sum
626 1463 877 1525 tanquam
903 1466 1138 1509 mortuus
1176 1474 1208 1509 a
1243 1456 1421 1510 corde.

365 1548 565 1603 Factus
606 1566 725 1602 sum
768 1558 1021 1619 tanquam
1087 1565 1177 1605 vas
1236 1550 1502 1619 perditum
1546 1562 1563 1601 :
1615 1551 1866 1620 quoniam

294 1644 472 1697 audiri
503 1644 935 1714 vituperationem
990 1641 1275 1696 multorum
1318 1645 1760 1698 commorantium
1804 1646 1859 1698 in

297 1734 549 1786 circuitu.

360 1817 431 1873 In
468 1835 528 1873 eo
568 1822 588 1851 ⁸
642 1822 769 1874 dum
827 1823 1161 1877 convenirent
1214 1820 1375 1876 simul
1398 1823 1671 1877 adversum
1733 1833 1862 1874 me:

293 1913 527 1982 accipere
562 1912 802 1967 animam
849 1930 1021 1968 meam
1050 1915 1474 1970 consiliatisunt.

365 2092 475 2163 Ego
527 2103 705 2149 autem
749 2094 805 2149 in
858 2102 905 2149 te
934 2098 1163 2167 speravi,
1202 2096 1466 2163 Domine;
1524 2097 1680 2151 dixi:
1725 2096 1864 2151 Deus

294 2201 434 2238 meus
468 2202 521 2239 es
544 2197 622 2249 tu,
654 2187 711 2239 in
745 2188 984 2241 manibus
1015 2189 1119 2241 tuis
1163 2198 1328 2242 sortes
1362 2204 1510 2242 meaz.

362 2274 527 2348 Eripe
561 2296 641 2332 me
673 2279 737 2333 de
772 2296 935 2334 manu
958 2282 1285 2335 inimicorum
1321 2296 1576 2346 meorum,
1600 2285 1652 2332 et
1677 2296 1709 2333 a
1744 2295 1862 2350 per-

292 2376 626 2443 sequentibus
658 2391 757 2429 me.

364 2465 586 2521 lllustra
618 2468 809 2536 faciem
846 2476 990 2521 tuam
1020 2484 1178 2539 super
1208 2484 1412 2521 servum
1446 2465 1861 2521 tuum.°'salvum

294 2574 376 2611 me
402 2560 486 2628 {ac
514 2560 570 2614 in
607 2561 964 2615 misericordia
1021 2570 1150 2615 tua:
1190 2560 1430 2626 Domine,
1482 2577 1588 2615 non
1640 2560 1862 2630 confun-

286 2653 395 2705 dar
426 2652 471 2720 ³,
520 2656 771 2723 quoniam
810 2654 1043 2709 invocavi
1073 2663 1141 2709 te.

366 2831 688 2885 Erubescant
746 2833 929 2902 impii,
992 2841 1042 2884 et
1070 2831 1399 2885 deducantur
1436 2831 1491 2884 in
1542 2829 1807 2899 infernum
1843 2846 1863 2892 ;

289 2933 441 2976 muta
472 2924 603 2992 ﬁant
637 2924 779 2978 labia
810 2924 1014 2977 dolosa.
1775 2929 1782 2936 ”

364 3017 495 3081 Quae
529 3018 813 3088 loquuntur
868 3019 1116 3073 adversus
1153 3017 1359 3085 justum
1411 3015 1765 3085 iniquitatem,
1808 3016 1864 3067 in
1891 3022 1947 3108 ολ

287 3110 536 3177 superbia
568 3120 615 3163 et
643 3111 912 3167 abusione.

368 3198 542 3262 Quam
568 3217 759 3269 magna
788 3200 1066 3253 multitudo
1097 3198 1389 3253 dulcedinis
1427 3207 1552 3263 tuw,
1586 3209 1651 3253 -ι-
1686 3194 1866 3249 Domi-

287 3310 358 3345 ne
382 3292 405 3323 ⁸
436 3294 460 3359 ζ
513 3310 668 3361 quam
698 3294 1011 3347 abscondisti
1039 3293 1333 3346 timentibus
1366 3299 1434 3344 te.

370 3384 639 3453 Perfecisti
671 3386 745 3439 eis
774 3386 864 3450 qui
893 3394 1106 3454 sperant
1138 3387 1190 3439 in
1230 3394 1296 3448 te,
1328 3384 1382 3436 in
1430 3394 1701 3452 conspectu
1724 3382 1869 3452 ﬁlio-

289 3495 415 3529 rum
445 3478 733 3532 hominum.

370 3573 662 3625 Abscondes
694 3587 777 3625 eos
806 3572 859 3625 in
901 3570 1201 3624 abscondito
1251 3567 1401 3636 faciei
1443 3576 1624 3632 Μίκκα
1659 3577 1869 3622 contur-

287 3669 509 3721 batione
538 3667 823 3719 hominum.

371 3759 612 3827 Proteges
640 3774 724 3811 eos
755 3761 805 3811 in
860 3756 1199 3811 tabernaculo
1234 3765 1343 3822 tuo,
1383 3771 1415 3808 a
1452 3752 1871 3807 contradictione

290 3850 628 3919 linguarum.

371 3963 681 4017 Benedictus
734 3963 1009 4025 Dominus,
1047 3963 1297 4032 quoniam
1327 3959 1628 4028 miriﬁcavit
1654 3957 1868 4012 miseri-

288 4056 533 4109 cordiam
560 4072 711 4109 suam
752 4055 877 4109 mihi
910 4057 963 4110 in
998 4056 1205 4109 civitate
1234 4057 1458 4108 munita.

366 4165 484 4230 Ego
513 4174 688 4217 autem
734 4164 845 4217 dixi
891 4166 912 4198 ⁸
933 4165 988 4218 in
1022 4179 1229 4218 excessu
1258 4165 1447 4218 mentis
1486 4179 1654 4219 mem:
1684 4161 1870 4231 Proje-

290 4268 408 4309 ctus
450 4273 565 4309 sum
599 4273 630 4308 a
655 4256 788 4324 [acie
814 4255 1084 4309 oculorum
1120 4264 1357 4309 tuorum.

364 4367 495 4421 Ideo
519 4369 778 4422 exaudisti
807 4384 980 4423 vocem
1007 4369 1263 4422 orationis
1304 4383 1451 4437 meae,
1502 4368 1627 4422 dum
1659 4366 1866 4423 clama-
1893 4385 1949 4446 Β

288 4476 408 4512 rem
436 4460 505 4512 ad
533 4468 601 4511 te.

366 4685 383 4712 ι
420 4678 487 4732 Et
519 4679 764 4746 COpulam
798 4677 943 4732 idem
978 4691 1079 4731 ms.
1103 4684 1260 4731 tacet.

369 4760 394 4791 ι
435 4748 662 4802 Obelum
693 4748 901 4801 voeulis
928 4749 980 4800 in
1004 4747 1271 4813 eo,Carus
1298 4756 1353 4804 et
1377 4746 1548 4803 Palat.
1570 4760 1670 4801 ms.
1695 4748 1872 4816 pretii-

285 4826 471 4891 guns,
493 4818 636 4870 haud
667 4827 843 4871 tamen
880 4828 1047 4891 recte.

368 4890 390 4919 ³
416 4888 565 4940 Idem
595 4901 721 4949 ms.,
758 4903 822 4940 ne
850 4886 1166 4955 confundar.

366 4959 389 4989 ⁸
428 4956 666 5010 Rursum
697 4958 753 5011 in
795 4957 986 5011 eodem
1028 4972 1143 5031 ms.
1176 4956 1490 5030 Diapsalma
1519 4957 1612 5013 bic
1646 4959 1872 5027 apponi-

284 5041 407 5085 tur.

366 5097 670 5151 ‘Testatur
691 5095 834 5151 idem
892 5095 950 5167 δ.
1010 5096 1232 5165 Doctor,
1271 5098 1374 5153 hoc
1413 5098 1565 5167 juxta
1623 5097 1871 5152 Grzecum

283 5168 682 5227 transtulisse,
736 5167 865 5234 quia
913 5166 1141 5221 Latinus
1198 5184 1379 5223 sermo
1408 5166 1567 5221 aliter
1613 5168 1871 5219 ἔκστασιν

283 5241 612 5306 exprimere
654 5250 770 5307 non
829 5245 1027 5303 potest.
1080 5240 1217 5290 Ante
1268 5240 1443 5307 ipsum
1476 5237 1773 5307 legebatur
1815 5237 1870 5291 in

288 5305 516 5361 Latinis
563 5305 885 5371 codicibus,
938 5307 991 5357 in
1050 5323 1240 5370 pavore
1277 5305 1408 5362 meo.
1460 5306 1614 5371 Quod
1648 5306 1870 5374 quidem

284 5387 518 5431 insulare
562 5375 740 5428 noluit.
788 5376 844 5429 in
877 5390 975 5429 sua
1008 5377 1175 5446 priori
1206 5378 1592 5432 emendatione
1623 5376 1871 5430 Psalmo-

286 5464 447 5502 rum.
479 5446 649 5498 MART.

368 5516 391 5545 ⁶
432 5516 484 5567 In
512 5517 701 5591 eodem
733 5531 836 5569 ms.
870 5522 930 5567 ut
958 5522 1011 5591 et
1044 5530 1209 5584 penes
1269 5518 1649 5587 Augustinum,
1708 5518 1870 5591 Inﬁr-

282 5596 469 5641 ntatus
503 5594 575 5637 est
602 5586 654 5637 in
691 5595 917 5651 egestate
946 5587 1086 5655 vigor
1108 5604 1273 5642 meus.

370 5658 391 5677 "
431 5656 671 5710 Rursum
706 5656 869 5710 iidem
891 5654 1039 5720 libri,
1091 5658 1285 5712 oblitus
1331 5677 1467 5726 sum,
1535 5675 1631 5728 pro
1677 5662 1868 5729 excidi,

1889 1714 1938 1774 B

1971 463 2117 517 niam
2152 464 2399 518 tribulor.
2899 512 2904 517 .

2041 555 2419 610 Conturbatus
2440 564 2529 610 est
2569 556 2622 611 in
2642 554 2720 610 ira
2742 555 3133 620 oculus'meus,
3163 552 3343 608 anima
3395 566 3539 615 mea,

1971 653 2027 700 et
2054 656 2243 701 venter
2268 661 2444 701 meus.

2039 732 2307 801 Quoniam
2338 734 2539 790 deiecit
2578 735 2632 789 in
2660 734 2846 791 dolore
2877 735 2986 789 vita
3003 747 3162 789 mea:
3191 740 3249 789 et
3273 733 3405 788 anni
3432 732 3542 786 mei

1972 826 2028 881 in
2058 827 2373 896 gemitibus.

2040 916 2313 972 Inﬁrmata
2336 927 2422 974 est
2450 919 2505 974 in
2551 926 2869 989 paupertate
2904 920 3078 975 virtus
3110 932 3229 973 mea
3255 919 3276 950 '
3297 934 3312 972 :
3336 926 3391 973 et
3416 932 3540 973 ossa

1969 1025 2091 1065 mea
2115 1011 2434 1066 conturbata
2469 1020 2616 1067 sunt.

2044 1102 2223 1171 Super
2260 1117 2450 1156 omnes
2474 1103 2727 1158 inimicos
2760 1115 2912 1156 meos
2942 1100 3119 1156 iactus
3174 1115 3296 1155 sum
3330 1115 3535 1169 oppro-~

1968 1194 2142 1249 brium
2168 1192 2292 1264 [ms.
2317 1193 2535 1265 add.et]
2551 1193 2746 1249 vicinis
2772 1191 2907 1250 meis
2928 1192 3154 1246 nimium
3176 1190 3297 1262 [ηιε.
3322 1188 3535 1261 nimis],

1969 1292 2022 1337 et
2050 1281 2215 1336 timor
2254 1282 2397 1336 notis
2425 1282 2584 1339 meis.

2037 1376 2141 1441 Qui
2177 1374 2436 1431 videbant
2469 1390 2577 1440 me,
2612 1375 2759 1431 foras
2786 1374 3068 1446 fugiebant
3094 1390 3125 1430 a
3148 1390 3274 1436 me;
3309 1373 3487 1430 excidi
3517 1373 3536 1403 ⁷

1968 1473 2227 1533 tauquam
2268 1476 2518 1521 mortuus
2549 1482 2580 1522 a
2625 1468 2811 1533 corde,
2863 1475 2918 1523 et
2972 1466 3148 1522 factus
3215 1481 3338 1521 sum
3396 1466 3541 1521 sicut

1969 1572 2063 1612 vas
2102 1544 2398 1628 perditum.

2041 1653 2303 1720 Quoniam
2352 1652 2534 1708 audivi
2566 1653 3027 1723 vituperationem
3074 1652 3377 1707 multorum
3424 1649 3540 1705 cir-

1965 1746 2479 1801 cumbahitantium.

2035 1835 2093 1889 ln
2133 1851 2199 1891 eo
2230 1836 2359 1891 dum
2394 1846 2864 1908 congregarentur
2894 1848 3089 1892 omnes
3142 1831 3311 1889 simul
3348 1830 3540 1887 adver-

1966 1944 2057 1984 sus
2092 1942 2179 1982 me
2213 1944 2227 1980 :
2292 1936 2352 1982 ut
2381 1929 2695 1999 acciperent
2737 1930 2977 1984 animam
3023 1940 3227 1989 meam,
3261 1923 3539 1981 consiliati

1965 2029 2116 2075 sunt.

2040 2110 2153 2175 Ego
2186 2123 2319 2163 vero
2378 2106 2432 2161 in
2466 2118 2517 2162 te
2561 2108 2799 2177 speravi,
2859 2107 3124 2173 Domine;
3157 2106 3312 2163 dixi:
3347 2106 3427 2161 Tu
3476 2121 3536 2161 es

1964 2199 2109 2271 Deus
2139 2214 2315 2263 meus,
2352 2200 2417 2259 in
2457 2200 2708 2255 manibus
2741 2200 2847 2255 tuis
2878 2209 3121 2269 tempora
3156 2214 3297 2254 mea.

2035 2289 2230 2343 Libera
2258 2304 2343 2343 me
2374 2288 2417 2354 ⁸,
2450 2297 2504 2344 et
2531 2289 2681 2358 eripe
2710 2305 2796 2344 me
2816 2290 2883 2345 de
2914 2290 3167 2346 manibus
3189 2289 3537 2345 inimicorum

1966 2397 2237 2448 meorum,
2268 2392 2321 2438 et
2348 2397 2377 2437 a
2410 2384 2866 2452 persequentibus
2892 2397 3003 2438 me.

2038 2473 2288 2529 lllumina
2327 2471 2448 2545 [ms.
2502 2473 2755 2545 inlustra]
2816 2474 3011 2529 faciem
3047 2483 3193 2530 tuam
3230 2489 3393 2544 super
3425 2489 3541 2531 ser-

1965 2582 2093 2622 vum
2124 2574 2300 2632 tuum,
2332 2575 2387 2620 et
2430 2565 2554 2641 [ms.
2590 2574 2725 2619 tacet
2758 2565 2836 2637 et]
2864 2566 3078 2620 salvum
3113 2581 3199 2620 me
3229 2570 3314 2621 fac
3348 2567 3401 2620 in
3442 2578 3536 2620 tua

1964 2657 2379 2717 misericordia:
2432 2658 2681 2723 Domine,
2727 2673 2839 2713 non
2893 2657 3236 2725 conluudar,
3273 2659 3529 2727 quoniam

1964 2749 2209 2805 invocavi
2245 2748 2335 2815 te.)

2036 2840 2376 2895 Erubescant
2410 2840 2587 2909 impii,
2632 2849 2686 2895 et
2720 2840 3066 2896 deducantur
3094 2840 3149 2893 in
3203 2838 3477 2894 infernum
3516 2855 3533 2892 :

1965 2936 2114 2982 muta
2144 2929 2446 2984 elIiciantur
2479 2930 2619 2984 labia
2664 2928 2870 2994 dolosa,
2934 2945 3055 2998 quae
3083 2931 3387 2998 loquuntur
3435 2928 3533 2981 ad-

1966 3035 2158 3076 versus
2199 3022 2406 3091 justum
2439 3020 2805 3091 iniquitatem,
2837 3023 2892 3076 in
2920 3020 3180 3092 superbia
3209 3030 3265 3075 et
3294 3029 3539 3075 contem-

1966 3120 2082 3180 ptu.

2036 3204 2210 3269 Quam
2262 3219 2453 3275 magna
2499 3203 2625 3275 (ms.
2655 3204 2848 3278 multa]
2905 3204 3197 3259 multitudo
3230 3201 3539 3258 dulcedinis

1966 3303 2093 3358 ture,
2124 3296 2349 3351 Domine
2382 3313 2397 3352 :
2442 3312 2605 3366 quam
2641 3297 2979 3352 abscondisti
3023 3296 3343 3350 timentibus
3378 3302 3451 3358 te,
3480 3302 3537 3346 et

1967 3387 2244 3456 perfecisti
2294 3389 2314 3419 ⁹
2350 3402 2471 3441 eam
2539 3387 2888 3458 sperantibus
2931 3387 3085 3452 inte,
3133 3388 3190 3441 in
3242 3391 3543 3454 conspectu

1969 3478 2205 3533 ﬁliorum
2238 3479 2524 3534 hominum
2552 3482 2567 3534 l
3244 3476 3247 3479 “

2038 3573 2353 3629 Abscondes
2386 3588 2481 3629 eos
2518 3574 2574 3628 in
2602 3573 2792 3630 abdito
2823 3573 3007 3630 vultus
3042 3573 3142 3641 tui,
3175 3588 3205 3627 a
3239 3572 3538 3628 conturba-

1950 3656 2117 3720 rtione
2147 3665 2452 3721 hominum.

2038 3758 2297 3825 Proteges
2333 3773 2427 3815 eos
2465 3759 2518 3814 in
2555 3758 2912 3814 tabernaculo
2942 3766 3037 3812 tuo
3096 3755 3226 3828 [τηε.
3256 3765 3360 3810 tac.
3395 3766 3489 3810 tuo
3496 3756 3539 3826 J,

1968 3864 1997 3903 a
2024 3849 2453 3906 contradictione
2483 3851 2791 3921 linguarum
2828 3851 2852 3918 ζ

2038 3964 2368 4020 Benedictus
2395 3966 2682 4031 Dominus,
2729 3963 2989 4035 quoniam
3024 3962 3338 4018 miriﬁcavit
3373 3961 3542 4018 mise-

1970 4052 2268 4110 ricordiam
2292 4072 2448 4112 suam
2483 4057 2538 4111 in
2583 4057 2808 4113 civitate
2835 4056 3285 4112 circumstantiae.

2037 4167 2149 4239 Ego
2170 4177 2353 4223 autem
2388 4171 2499 4225 dixi
2543 4172 2599 4227 in
2653 4187 2854 4241 pavore
2886 4186 3007 4229 meo
3040 4186 3055 4225 :
3101 4170 3384 4241 Proiectus
3417 4184 3538 4224 sum

1970 4275 2000 4315 a
2028 4263 2181 4317 vultu
2206 4263 2492 4319 oculorum
2524 4271 2764 4319 tuorum.

2057 4375 2182 4430 Ideo
2206 4377 2481 4432 exaudisti
2508 4392 2695 4433 vocem
2726 4376 3126 4446 deprecationis
3153 4390 3289 4432 meae
3321 4376 3385 4441 ιο,
3409 4374 3539 4429 dum

1972 4466 2262 4523 clamarem
2289 4470 2356 4524 ad
2394 4478 2467 4524 te.

1974 4695 2084 4740 tum
2112 4686 2387 4757 et_copula
2409 4687 2800 4755 prmtermissa,
2829 4688 2999 4755 factus
3025 4703 3140 4739 sum
3165 4696 3415 4757 tanquam
3434 4706 3547 4755 vas,

1971 4765 2078 4810 etc.
2114 4797 2128 4820 ,
2154 4755 2372 4819 deinde,
2402 4758 2589 4810 Audivi
2620 4758 3025 4825 vituperationes
3083 4755 3370 4811 multorum
3401 4760 3551 4812 habi-

1973 4829 2200 4880 tantium
2231 4826 2285 4879 in
2310 4827 2557 4881 circuitu.
2591 4827 2731 4879 Dum
2749 4839 3190 4896 congregarentur
3225 4830 3327 4897 ipsi
3362 4829 3550 4896 simul;

1972 4904 2080 4950 etc.

2044 4966 2066 4996 ⁸
2095 4966 2151 5019 In
2186 4964 2379 5021 iisdem
2417 4964 2595 5035 libris,
2626 4967 2796 5022 semel
2827 4973 3034 5021 tantum
3067 4976 3173 5034 est,
3204 4968 3348 5021 Erue
3375 4984 3457 5021 me
3485 4969 3550 5022 de

1974 5037 2242 5096 manibus,
2286 5047 2396 5090 etc.

2044 5105 2218 5177 _'_Pari
2242 5120 2535 5177 consensu,
2571 5114 2618 5161 et
2643 5108 2838 5176 copula
2869 5111 3258 5177 praetermissa,
3287 5110 3450 5164 iidem
3472 5110 3548 5163 li-

1972 5175 2055 5229 bri
2085 5175 2305 5251 babent,
2325 5176 2605 5251 Perfecisti
2624 5175 2955 5251 sperantibus
2976 5183 3124 5234 inte:
3156 5195 3303 5247 mox,
3340 5183 3394 5233 in
3418 5180 3541 5232 abs-

1973 5246 2201 5310 condito,
2239 5261 2336 5314 pro
2363 5248 2560 5301 abdito.

2050 5316 2090 5345 ¹⁰
2121 5314 2652 5390 gont‘inenterjuxta
2694 5320 3055 5390 Augustinum
3077 5324 3394 5378 .Veronens.
3427 5335 3540 5390 Ams.

1972 5384 2093 5463 Ego.
2115 5386 2225 5438 dixi
2251 5386 2303 5439 in
2329 5384 2542 5441 excessu
2586 5384 2935 5463 mentis'ntea:
2967 5409 2983 5445 :
3032 5393 3308 5463 Projectus
3334 5408 3363 5440 α
3406 5388 3548 5456 [acie

1975 5455 2247 5508 oculorum
2299 5473 2551 5523 meorum,
2600 5462 2717 5512 idco
2768 5463 3054 5524 cxuudisti,
3106 5455 3341 5519 Domine,
3371 5455 3546 5511 vocem

1976 5527 2231 5597 orationis
2262 5543 2410 5591 metu,
2442 5545 2580 5595 cum,
2622 5538 2728 5584 etc.
2793 5532 3007 5585 \‘idesis
3040 5542 3093 5587 et
3149 5530 3544 5597 Hieronymum

1978 5594 2034 5650 in
2063 5596 2223 5665 epist.
2250 5598 2317 5653 ad
2354 5598 2616 5653 Suuniam
2649 5608 2703 5654 et
2741 5598 3030 5656 Fretelam.
