3898 6172
379 162 483 228 179

1274 177 1333 238 S.
1376 178 1812 242 HIERONYMI
1851 181 2114 243 DIVINA
2160 179 2716 244 BIBLIOTHECA.‘

3522 179 3625 242 Ῑὲῦ

444 277 664 350 Diligite
691 280 993 350 Dominum,
1026 301 1202 340 omnes
1225 291 1397 343 sancti
1412 291 1546 359 ejus,
1578 305 1639 345 +
1668 293 1948 361 quoniam:
1985 305 2028 356 Α
2130 291 2346 363 Diligite
2382 292 2692 357 Dominum,
2728 304 2919 345 omnes
2959 289 3132 344 sancti
3163 290 3280 360 ejus
3313 306 3326 344 :
3365 289 3622 359 quoniam

372 372 621 427 veritates
654 373 670 404 ¹
711 377 936 445 requiret
969 376 1222 432 Dominus
1259 395 1275 432 :
1311 389 1361 432 et
1392 382 1638 435 retribuet
1672 383 1948 438 abundan-

375 471 457 518 ter
471 465 780 535 facientibus
809 469 1132 538 superbiam.

455 555 693 611 Viriliter
732 561 888 629 agite,
940 569 988 613 et
1011 562 1332 631 confortetur
1369 581 1461 621 cor
1489 575 1735 634 vestrum,
1761 584 1941 624 omnes

370 646 461 715 qui
491 649 714 718 speratis
737 650 792 702 in
831 648 1077 704 Domino.

2055 383 2340 439 veritatem
2385 384 2629 454 requiret
2663 381 2787 451 [ms.
2841 381 3096 453 requirit]
3137 382 3418 445 Dominus,
3448 389 3502 434 et
3539 395 3625 434 re-

2054 476 2256 530 tribuet
2283 475 2367 530 his
2398 475 2490 544 qui
2530 474 2876 528 abundanter
2907 472 3114 528 laciunt
3143 472 3479 541 superbiam.

2122 564 2368 620 Viriliter
2401 565 2562 634 agite,
2596 573 2650 619 et
2677 565 3020 620 confortetur
3075 578 3170 618 cor
3209 572 3472 624 vestrum,
3504 574 3624 615 om-

2050 673 2167 724 nes,
2209 657 2301 728 qui
2343 658 2580 727 speratis
2605 656 2657 711 in
2689 658 2920 713 Domino
2949 655 3075 728 [ms.
3101 652 3443 725 Dominum].

1692 819 2045 881 PSALMUS
2084 819 2305 880 XXXI.

660 927 728 993 )1
759 939 879 982 nunc
914 927 935 996 ζ
972 944 1130 984 num
1165 931 1208 995 ¹,
1247 945 1622 988 ικτειιερτυε.

435 1040 830 1111 Beatiquorum
855 1045 1087 1100 remissce
1117 1051 1236 1100 sunt
1266 1047 1596 1117 iniquitates,
1631 1059 1679 1102 et
1713 1065 1936 1118 quorum

367 1141 498 1185 tecta
535 1146 656 1186 sunt
686 1147 926 1204 peccata.

431 1226 626 1281 Beatus
656 1229 739 1282 vir
769 1232 853 1283 cui
876 1248 978 1285 non
1019 1233 1300 1298 imputavit
1334 1232 1591 1288 Dominus
1620 1243 1934 1305 peccatum:

362 1336 454 1372 nec
473 1329 545 1374 est
574 1323 628 1374 in
659 1323 852 1392 spiritu
882 1325 995 1395 ejus
1029 1325 1200 1382 dolus.

432 1498 695 1562 Quoniam
753 1506 918 1566 tacui,
979 1506 1405 1562 inveteraverunt
1449 1525 1567 1564 ossa
1607 1525 1722 1563 mea
1749 1550 1764 1576 ,
1807 1513 1931 1565 dum

363 1592 650 1645 clamarem
679 1604 787 1648 tota
820 1597 920 1650 die.

2145 950 2245 989 res:
2265 949 2446 1000 nsvm,
2479 947 2838 988 INTBLLECTUS
2870 930 2989 1003 [ms.
3026 927 3474 1002 mutuam-ru].

2114 1046 2264 1102 Beati
2305 1063 2537 1117 quorum
2567 1048 2813 1102 remissae
2840 1055 2967 1102 sunt
2990 1043 3308 1116 iniquitates
3336 1063 3350 1100 :
3386 1055 3440 1102 et
3469 1061 3616 1116 quc-

2039 1154 2160 1192 rum
2189 1146 2328 1192 tecta
2371 1147 2501 1194 sunt
2544 1146 2789 1208 peccata.

2112 1228 2314 1284 Beatus
2340 1230 2442 1295 vir,
2497 1229 2588 1284 cui
2640 1244 2750 1284 non
2787 1227 3077 1300 imputavit
3110 1227 3237 1298 [ms.
3298 1228 3616 1302 imputabit}

2037 1319 2306 1375 Dominus
2358 1329 2643 1390 peccatum
2671 1335 2684 1374 :
2715 1335 2816 1376 nec
2843 1318 2969 1391 [ms.
2996 1317 3132 1390 non]
3158 1325 3246 1374 est
3288 1320 3343 1374 in
3375 1335 3469 1374 ore
3489 1320 3612 1390 ejus

2036 1409 2192 1465 dolus
2220 1411 2280 1478 '.l

2101 1500 2368 1568 Quoniam
2405 1502 2572 1568 tacui,
2603 1503 3054 1559 inveteraverunt
3087 1503 3271 1558 omnia
3295 1518 3420 1559 ossa
3453 1516 3609 1561 mea:

2033 1592 2160 1648 dum
2182 1593 2476 1648 clamarem
2514 1603 2624 1649 tota
2652 1595 2760 1650 die.

435 1683 699 1748 Quoniam
722 1687 740 1718 ³
775 1689 860 1740 die
890 1707 950 1743 ac
981 1701 1128 1744 nocte
1157 1702 1380 1762 gravata
1405 1702 1480 1747 est
1509 1710 1671 1764 super
1711 1711 1790 1748 me
1813 1711 1918 1748 ma-

2105 1683 2373 1749 Quoniam
2403 1686 2492 1742 die
2519 1702 2584 1742 ac
2631 1697 2792 1743 nocte
2815 1695 3034 1758 gravata
3059 1694 3143 1742 est
3169 1701 3336 1757 super
3369 1703 3455 1742 me
3489 1704 3604 1742 ma-

361 1794 458 1830 nus
490 1788 580 1832 tua
615 1795 632 1832 :
672 1798 947 1836 conversus
975 1800 1090 1837 sum
1132 1782 1190 1838 in
1222 1801 1460 1840 wrumna
1498 1800 1561 1843 σι-
1597 1803 1709 1840 mea
1750 1788 1771 1856 ζ
1807 1787 1932 1840 dum

360 1871 643 1941 eunﬁgitur
671 1876 848 1944 spina.
875 1890 933 1930 -ι-
974 1876 1270 1932 DIAPSALHA
1295 1881 1342 1947 ζ.

430 1964 690 2019 Delictum
710 1984 879 2020 meum
903 1971 1167 2035 cognitum
1196 1985 1256 2025 -ε-
1287 1971 1380 2024 tibi
1415 1973 1436 2040 ζ
1478 1973 1600 2041 (cci,
1633 1980 1682 2025 et
1709 1974 1927 2042 injusti-

357 2056 482 2108 tiam
519 2073 688 2110 meam
724 2075 824 2111 non
857 2059 1115 2114 abscondi.

428 2146 552 2200 Dixi
583 2165 600 2202 :
629 2149 924 2216 Conﬁtebor
964 2165 1026 2206 οι»-
1066 2154 1345 2207 adversum
1379 2172 1458 2208 me
1488 2156 1509 2186 ⁸
1546 2157 1566 2224 ζ
1603 2157 1926 2224 injustitiam

347 2249 530 2291 meam
575 2239 797 2294 Domino
828 2258 846 2296 :
883 2253 929 2295 et
966 2256 1022 2296 tu
1074 2245 1320 2299 remisisti
1354 2248 1671 2314 impietatem
1723 2250 1928 2318 peccati

355 2329 478 2381 mei.
513 2329 836 2385 Dupsxuu.

428 2419 531 2473 Pro
566 2424 662 2475 hac
696 2425 870 2478 orabit
900 2425 970 2479 ad
1003 2435 1051 2480 te
1093 2427 1264 2482 omnis
1315 2437 1552 2497 sanctus,
1583 2430 1638 2484 in
1693 2439 1924 2501 tempore

353 2527 665 2582 opportuno.

439 2605 810 2662 Verumtamen
850 2608 902 2662 in
942 2610 1140 2666 diluvio
1188 2629 1450 2684 aquarum
1485 2613 1797 2682 multarum,
1855 2616 1924 2669 ad

351 2713 469 2750 eum
511 2713 611 2752 non
649 2703 1114 2769 approximabuur.

429 2787 508 2841 Tu
539 2806 590 2843 es
623 2793 885 2862 refugium
917 2811 1088 2848 meum
1128 2811 1160 2848 a
1181 2795 1522 2850 tribulatione
1551 2814 1666 2868 qua'
1696 2799 1921 2852 circum-

351 2879 494 2930 dedit
521 2896 598 2932 me
629 2897 646 2934 :
672 2881 956 2936 exsultatio
984 2899 1119 2951 mea,
1159 2901 1280 2938 erue
1310 2902 1392 2939 me
1414 2903 1446 2939 a
1473 2887 1920 2943 circumdantibus

350 2985 452 3021 me.
494 2968 810 3027 DIAPSALMA.

423 3055 754 3111 Intellectum
790 3060 884 3112 tibi
914 3061 1068 3126 dabo,
1115 3069 1166 3116 et
1213 3064 1477 3118 instruam
1511 3073 1559 3118 te
1603 3065 1657 3118 in
1688 3068 1772 3120 via
1823 3068 1920 3121 hac

350 3163 456 3216 qua
493 3149 752 3217 gradieris
780 3167 798 3204 :
831 3151 1057 3218 ﬁrmabo
1090 3171 1247 3225 super
1275 3165 1324 3210 te
1349 3157 1523 3210 oculos
1551 3173 1712 3211 meos.

420 3237 595 3294 Nolite
613 3239 734 3309 ﬁeri
759 3243 892 3297 sicut
918 3261 1078 3312 equus
1135 3257 1183 3302 et
1228 3248 1424 3316 mulus,
1480 3250 1666 3320 quibus
1706 3267 1807 3304 non
1841 3262 1917 3306 est

349 3328 668 3387 intellectus.

423 3421 487 3474 In
512 3426 660 3477 canio
689 3434 739 3478 et
769 3426 919 3494 freno
975 3429 1228 3484 maxillas
1256 3445 1437 3486 eorum
1467 3434 1781 3504 constringe,
1827 3435 1918 3505 qui

347 3528 454 3566 non
482 3517 854 3584 approximant
888 3519 959 3572 ad
994 3529 1065 3575 te.

419 3699 593 3754 Multa
631 3704 848 3774 ﬂagella
899 3705 1232 3774 peccatoris:
1262 3720 1562 3778 sperantem
1589 3709 1610 3741 ⁵
1645 3693 1820 3765 ἆιιιεηι
1860 3712 1913 3764 in

347 3794 575 3849 Domino
603 3799 959 3854 misericordia
989 3801 1356 3857 circumdabit.

416 3965 703 4023 Lwtamini
729 3973 784 4026 in
818 3971 1067 4042 Domino,
1108 3985 1157 4029 et
1190 3979 1470 4044 exsultate,
1508 3980 1643 4049 justi
1675 3995 1693 4033 :
1736 3983 1916 4053 etglo-

345 4061 560 4116 riamini
583 4103 598 4132 ,
643 4080 822 4121 omnes
846 4069 976 4122 recti
1004 4070 1180 4124 corde.

2031 1789 2136 1828 nus
2169 1784 2282 1840 tua,
2318 1791 2616 1832 conversus
2646 1793 2766 1833 sum
2803 1780 2854 1834 in
2900 1792 3165 1846 aerumna,
3199 1777 3328 1833 dum
3376 1777 3604 1849 conﬁgi-

2031 1873 2121 1919 tur
2152 1867 2171 1898 '
2199 1867 2375 1935 spina.
2411 1869 2737 1924 DIAPSALMA.

2108 1956 2376 2010 Delictum
2409 1974 2588 2012 meum
2617 1959 2891 2031 cognitum
2923 1961 3019 2015 tibi
3047 1960 3148 2016 feci
3179 1976 3194 2014 :
3222 1969 3276 2014 et
3304 1959 3601 2029 injustitias

2029 2064 2180 2103 meas
2213 2064 2317 2103 non
2339 2051 2557 2120 operui.

2102 2140 2219 2193 Dixi
2247 2157 2261 2197 :
2287 2141 2660 2197 Pronuntiabo
2698 2141 2962 2198 adversus
2991 2158 3075 2197 me
3116 2141 3413 2212 injustitias
3447 2154 3596 2193 meas

2028 2231 2260 2287 Domino
2291 2251 2304 2287 :
2335 2243 2390 2288 et
2417 2245 2473 2288 tu
2507 2235 2762 2290 remisisti
2796 2235 2919 2307 [ms.
2945 2233 3230 2305 dimisisti]
3257 2234 3591 2303 impietatem

2025 2325 2208 2381 cordis
2237 2327 2363 2381 mei.
2409 2326 2729 2383 Blaesum.

2096 2419 2200 2475 Pro
2244 2412 2344 2475 hac
2370 2421 2551 2476 orabit
2583 2422 2647 2475 ad
2686 2432 2738 2477 te
2767 2424 2948 2478 omnis
2983 2431 3207 2477 sanctus
3251 2421 3304 2475 in
3350 2430 3599 2490 tempore

2024 2523 2781 2583 Opportunozverumlamen
2830 2516 2885 2570 in
2937 2514 3142 2570 diluvio
3172 2528 3435 2585 aquarum
3458 2513 3599 2566 mul-

2023 2611 2222 2670 tarum,
2251 2605 2317 2660 ad
2351 2620 2480 2661 eum
2508 2621 2615 2663 non
2649 2607 3106 2678 approximabunt
3136 2606 3184 2663 ⁸.

2097 2784 2178 2841 Tu
2206 2801 2266 2841 es
2291 2786 2421 2842 mihi
2459 2787 2730 2859 refugium
2749 2801 2778 2842 a
2799 2802 3053 2858 pressura
3076 2801 3196 2856 quae
3228 2784 3595 2840 circumdedit

2022 2893 2109 2933 me
2141 2894 2155 2935 :
2197 2879 2489 2934 exsultatio
2517 2894 2658 2946 mea,
2707 2879 2915 2935 redime
2942 2894 3028 2933 me
3057 2894 3087 2932 a
3126 2875 3594 2932 circumdantibus

1946 3003 1988 3061 ο
2021 2986 2130 3026 me.
2158 2971 2476 3026 Dupsauu.

2101 3062 2437 3117 Intellectum
2472 3063 2616 3118 dabo
2657 3063 2780 3126 tibi,
2803 3071 2857 3118 et
2894 3063 3157 3117 instruam
3202 3071 3253 3116 te
3285 3063 3336 3116 in
3365 3065 3447 3114 via
3491 3061 3595 3113 hac

2026 3167 2134 3222 qua
2161 3130 2425 3223 gradieris
2454 3171 2468 3208 :
2505 3153 2735 3209 ﬁrmabo
2761 3155 2781 3186 θ
2807 3170 2971 3224 super
3001 3163 3054 3209 te
3082 3155 3271 3208 oculos
3303 3168 3470 3207 meos.

2061 3243 2238 3298 Nolite
2273 3243 2384 3297 fieri
2431 3245 2571 3300 sicut
2614 3261 2788 3316 equus
2845 3260 2900 3300 ct
2949 3247 3171 3311 mulus,
3221 3246 3418 3315 quibus
3440 3259 3550 3296 non

2024 3344 2108 3390 est
2129 3335 2458 3392 intellectus.

2099 3427 2156 3480 In
2183 3426 2338 3482 freno
2397 3437 2452 3483 et
2483 3444 2636 3485 camo
2701 3430 2947 3485 maxillas
3004 3445 3192 3484 eorum
3245 3425 3590 3494 constringes

2027 3518 2148 3590 [ms.
2182 3519 2514 3593 confringe],
2543 3523 2636 3592 qui
2673 3539 2782 3578 non
2816 3523 3196 3592 approximant
3221 3520 3345 3591 [ms.
3389 3533 3589 3586 appro-

2021 3613 2308 3686 pinquant]
2356 3620 2420 3669 ad
2464 3624 2534 3670 te.

2101 3704 2262 3760 Multa
2288 3707 2492 3778 ﬂagella
2529 3718 2875 3776 peccatorum
2911 3707 3031 3779 [ms.
3056 3703 3379 3776 peccatoris]
3417 3721 3432 3756 :
3461 3718 3587 3771 spe-

2023 3807 2204 3854 rantes
2250 3810 2432 3854 autem
2490 3799 2544 3853 in
2573 3801 2804 3856 Domino
2844 3800 3221 3857 misericordia
3279 3797 3587 3852 circumda-

2016 3891 2113 3946 bit.

2093 3984 2377 4040 Lartamini
2410 3987 2462 4040 in
2505 3985 2752 4049 Domino,
2784 3997 2840 4040 et
2868 3986 3159 4051 exsultate,
3186 3983 3316 4057 justi
3345 3992 3439 4037 :et
3468 3982 3587 4051 glo-

2020 4077 2259 4143 riamini,
2285 4092 2475 4134 omnes
2504 4079 2638 4134 recti
2672 4080 2856 4135 corde.

1628 4236 1979 4300 PSALMUS
2039 4240 2290 4304 XXXII.

835 4350 900 4417 ᾖς(
935 4366 1161 4406 essurus
1201 4367 1356 4406 mvm
1393 4351 1414 4418 ζ

415 4434 718 4506 Exsultate,
745 4442 916 4509 justi,
957 4442 1011 4494 in
1044 4442 1310 4498 Domino:
1351 4452 1513 4497 rectos
1541 4445 1680 4498 decet
1711 4446 1916 4501 collau-

340 4535 509 4587 datio.

411 4669 426 4700 ¹
456 4667 648 4722 Minori
673 4682 904 4724 numero
929 4669 1159 4726 Palatia.
1186 4687 1288 4728 ms.
1312 4683 1367 4728 et
1388 4673 1508 4730 Cari
1527 4679 1694 4733 editio
1715 4682 1910 4736 verita-

339 4747 464 4791 tem.

361 4754 664 4890 fn’hlterum
690 4809 920 4890 Palatia.
944 4827 1043 4868 ms.
1074 4821 1130 4867 et
1151 4814 1323 4868 Carus
1353 4817 1556 4886 absque
1587 4819 1767 4887 obclo,
1793 4819 1906 4890 Ipsi

340 4875 534 4938 David,
561 4889 668 4932 etc.
706 4881 1021 4947 praeferunt.

415 4947 436 4977 ⁸
462 4948 628 5027 [idem
661 4950 840 5027 pbelis
869 4953 1145 5027 jugulant_
1171 4972 1350 5023 voces,
1380 4960 1654 5027 quoniam,
1699 4969 1749 5012 et
1779 4976 1899 5014 mox

339 5027 430 5068 tua
455 5056 470 5081 ,
533 5018 676 5072 haud
720 5018 1060 5099 recte'::ttl_m
1095 5018 1344 5099 plurium
1384 5018 1896 5099 nuniero,'sequiori

330 5098 516 5210 niuem
558 5103 741 5156 manu,
781 5106 881 5147 ms.
919 5093 1221 5161 Injustitias
1278 5115 1418 5152 meas
1473 5116 1575 5152 nou
1633 5093 1898 5166 abscondi,

336 5172 368 5210 ε
395 5171 445 5208 c.

403 5225 751 5308 fPerperam
803 5231 855 5284 in
899 5232 1192 5308 Martianazi
1250 5238 1489 5293 editione
1535 5241 1625 5308 hic
1655 5249 1772 5293 erat
1807 5256 1903 5308 pro

335 5299 600 5378 asterisco
633 5298 843 5369 obelus,
872 5317 993 5358 cum
1023 5307 1155 5360 satis
1185 5317 1363 5362 tamen
1379 5318 1564 5378 aperte
1591 5306 1643 5362 in
1676 5298 1902 5364 Hebraeo

360 5370 454 5452 ’5?
485 5391 779 5468 _advers_um
816 5411 915 5460 me,
977 5409 1215 5468 resonet.
1259 5400 1476 5454 Poterat
1515 5416 1644 5454 vero
1687 5409 1739 5454 et
1785 5400 1900 5468 ipse

332 5460 627 5530 asteriscus
655 5463 884 5530 abesse;
917 5465 1012 5519 sed
1055 5482 1155 5522 nos
1185 5469 1251 5523 de
1285 5485 1350 5524 eo
1385 5470 1768 5525 substituendo
1799 5460 1899 5525 l‘a-

335 5527 537 5582 lalinus
570 5547 671 5584 ms.
698 5527 927 5586 monuit.

406 5599 425 5625 "
459 5598 699 5655 Plurium
734 5619 959 5660 numero
992 5608 1129 5662 idem
1174 5608 1334 5664 habet
1367 5625 1464 5666 ms.
1498 5621 1787 5681 sperantes.

1939 4360 1986 4416 D

2421 4373 2653 4413 PSALIIUS
2693 4359 2812 4426 [ms.
2843 4355 2965 4429 IPSI]
3017 4373 3196 4413 anno.

2082 4448 2327 4503 Laudate
2356 4450 2480 4518 [ms.
2513 4446 2837 4519 Exsultate],
2881 4449 3035 4518 justi,
3065 4450 3118 4504 in
3187 4447 3459 4504 Domino:
3500 4464 3588 4504 re-

2008 4553 2126 4598 ctos
2153 4543 2310 4596 decet
2333 4541 2685 4599 collaudatio.

2081 4679 2101 4710 ⁸
2131 4677 2291 4760 Solus
2351 4678 2712 4760 Symmachus
2741 4680 2924 4760 posuit
2952 4679 3010 4759 ξν
3045 4678 3123 4748 τῷ
3150 4679 3379 4760 tarditati
3410 4677 3582 4760 αὑτοῦ

2003 4749 2174 4812 δόλος,
2206 4752 2260 4802 in
2293 4749 2524 4818 ore—ejus
2576 4749 2754 4804 dolus.
2784 4750 2974 4803 Caeteri
2999 4764 3189 4804 omnes
3228 4750 3582 4818 interpretes,

2002 4821 2057 4874 in
2085 4821 2300 4889 spiritu,
2341 4821 2562 4884 habent,
2601 4836 2696 4890 pro
2736 4822 2789 4872 in
2830 4836 2939 4873 ore.
2975 4819 3152 4872 illam.

2083 4912 2102 4942 ⁷
2128 4913 2368 4965 Rursum
2420 4911 2759 4980 Augustinus
2790 4919 2846 4964 et
2886 4910 3214 4963 Veronensis
3240 4925 3340 4980 ms.
3385 4926 3417 4960 a
3468 4908 3583 4960 cla-

2011 4981 2204 5034 mando
2261 4998 2390 5036 me:
2445 4979 2569 5035 mox
2611 4980 2979 5048 conﬁgeretur,
3017 4994 3115 5045 pro
3161 4979 3461 5047 conﬁgitur,
3519 4980 3581 5030 li-

2012 5051 2177 5106 brarii
2200 5051 2346 5104 extim
2372 5051 2630 5105 mendum
2656 5050 2908 5116 est,quod
2939 5048 3101 5100 habet
3128 5049 3426 5103 Veroneus.
3453 5065 3583 5100 cono

2009 5124 2346 5194 fringeretur.
2393 5123 2530 5194 Tum
2572 5130 2849 5194 peccatum
2891 5134 3063 5170 meum
3096 5120 3338 5194 cognovi,
3358 5128 3406 5170 et
3437 5118 3581 5194 inju-

2004 5191 2209 5248 stitiam
2265 5207 2435 5245 meam
2488 5193 2711 5262 (minori
2749 5204 3002 5255 numero,
3045 5201 3103 5240 ut
3131 5199 3185 5243 et
3215 5191 3376 5259 paulo
3429 5191 3576 5257 post)

2000 5279 2104 5318 non
2123 5263 2337 5335 operui.
2555 5333 2561 5335 _
2724 5332 2731 5335 _
2999 5331 3008 5335 _
3142 5330 3154 5335 _
3467 5326 3479 5335 .
3508 5325 3541 5335 ..

2072 5335 2093 5364 ⁸
2123 5331 2313 5394 Iidem,
2343 5332 2864 5404 appropinquabant,
2926 5331 3010 5404 cui
3041 5330 3208 5384 verbo
3258 5343 3382 5382 cum
3415 5325 3572 5380 addit

2001 5403 2336 5459 Veronensis
2381 5403 2493 5458 ms.
2535 5403 2872 5472 lh‘apsalma,
2903 5403 3125 5470 dignum
3171 5409 3360 5454 uolatu
3409 5405 3567 5450 erat:

1998 5473 2143 5548 quod
2173 5488 2203 5524 a
2231 5475 2446 5548 caeteris
2473 5473 2627 5529 libris
2657 5473 2902 5548 abludat.
2940 5543 2950 5548 Α
3403 5540 3412 5548 ,
3522 5534 3531 5543 _

2068 5546 2086 5576 ’
2120 5543 2175 5595 ln
2209 5547 2396 5597 eodem
2432 5560 2533 5600 ms.
2569 5554 2626 5596 ut
2649 5555 2700 5596 ct
2727 5543 3048 5613 Augustino,
3074 5553 3306 5598 statuant
3326 5550 3371 5595 te
3397 5543 3449 5592 in
3483 5550 3568 5589 vta

1997 5632 2098 5684 qua
2133 5615 2438 5684 ingredieris
2473 5632 2490 5670 :
2525 5614 2813 5683 afﬁrmabo,
2851 5625 2958 5669 etc.
