3898 6172
192 278 286 347 181
1421 281 1658 341 LIBER
1720 282 1805 340 PS

1945 282 2227 344 llORUM.
2388 288 2393 300 '
2870 298 2871 301 ‘
3345 269 3448 337 182

255 394 599 464 Con/itemini
644 392 869 447 Domino
904 393 963 446 in
993 392 1202 448 cithara
1235 407 1253 447 :
1291 394 1347 447 in
1392 393 1642 464 psalterio
1682 392 1770 448 de-
1798 398 1841 455 Α
1941 397 2286 453 Conﬁtemini
2325 394 2557 451 Domino
2594 394 2649 449 in
2683 393 2895 448 cithara
2926 407 2939 446 :
2972 390 3024 444 in
3060 378 3317 459 psalterio
3346 390 3445 443 tle-

185 503 302 545 ccm
327 489 652 542 chordarum
673 485 888 556 psallite
911 484 1019 539 illi.
1871 504 1986 545 cem
2024 489 2357 544 chordarum
2398 487 2521 559 [ms.
2579 481 2948 555 decachordo]
2986 479 3197 551 psallite
3232 479 3282 534 ei
3321 478 3443 549 [ms.

1872 590 1981 637 tae.
2022 580 2117 653 ei].

259 669 490 727 Cantate
518 671 568 723 ei
598 670 864 723 canticum
888 682 1077 723 nouum
1113 683 1132 722 :
1170 667 1297 721 bene
1320 666 1531 737 psallite
1573 679 1635 722 -ει
1673 668 1766 736 ei:
1944 671 2172 727 Cantate
2205 670 2326 743 [ms.
2376 668 2577 740 canite]
2611 668 2660 723 ei
2700 664 2975 722 canticum
3017 676 3219 719 novum
3248 674 3263 714 :
3309 659 3448 714 bene

187 764 242 819 in
263 762 665 831 vociferatione;
1873 761 2090 832 psallite
2124 762 2171 817 ei
2206 763 2261 816 in
2283 762 2630 831 jubilatione.

258 854 399 920 Quia
435 863 638 907 rectum
674 851 984 908 estuerbum
1003 849 1220 905 Domini
1251 869 1264 907 :
1293 859 1343 907 et
1392 850 1573 905 omnia
1605 867 1767 921 opera
1946 852 2215 919 Quoniam
2278 860 2464 907 rectus
2500 860 2585 907 est
2639 864 2820 905 sermo
2861 844 3079 903 Domini
3111 860 3125 897 :
3168 852 3224 900 et
3261 844 3445 898 omnia

190 948 303 1017 ejus
332 949 382 999 in
406 944 535 1013 ﬁde.
1874 960 2039 1014 opera
2076 945 2195 1015 ejus
2227 944 2282 999 in
2313 944 2438 999 ﬁde.

252 1037 441 1105 Diligit
477 1036 900 1090 misericordiam
948 1046 999 1090 et
1041 1035 1306 1107 judicium
1342 1048 1361 1088 :
1402 1032 1769 1087 misericordia
1950 1036 2139 1107 Diligit
2160 1035 2592 1091 misericordiam
2621 1044 2676 1090 et
2708 1030 2977 1103 judicium
3008 1042 3024 1085 τ
3073 1026 3449 1084 misericordia

194 1125 406 1182 Domini
453 1128 611 1194 plena
660 1134 737 1180 est
777 1136 945 1181 terra.
1518 1152 1519 1155 η
1739 1114 1748 1123 ’
1880 1129 2095 1184 Domini
2128 1130 2283 1199 plena
2318 1138 2401 1183 est
2434 1138 2598 1182 terra.

264 1218 433 1272 Verbo
469 1219 683 1271 Domini
732 1218 846 1271 caeli
875 1216 1081 1285 ﬁrmati
1115 1227 1234 1271 sunt
1267 1232 1285 1269 :
1328 1223 1378 1269 et
1427 1215 1618 1285 spiritu
1663 1214 1772 1268 oris
1950 1217 2133 1274 Verbo
2174 1219 2385 1272 Domini
2409 1218 2534 1273 coeli
2572 1215 2769 1270 firmati
2808 1221 2955 1279 sunt,
2988 1223 3042 1269 ct
3098 1213 3292 1283 spiritu
3339 1211 3453 1264 oris

192 1310 303 1377 ejus
331 1311 505 1362 omnis
538 1308 707 1362 uirtus
738 1324 937 1361 eorum.
1878 1311 1998 1381 ejus
2032 1310 2209 1365 omnis
2243 1311 2419 1365 virtus
2443 1324 2653 1364 eorum.

254 1422 621 1492 Congregans,
656 1422 792 1475 sicut
824 1422 878 1475 in
914 1430 1050 1485 utre,
1105 1436 1275 1491 aquas
1332 1421 1497 1474 maris
1526 1434 1547 1475 :
1581 1435 1777 1489 ponens
1950 1424 2320 1492 Congregans,
2340 1422 2481 1477 sicut
2510 1422 2563 1476 in
2592 1431 2790 1486 utrem,
2810 1436 2979 1490 aquas
3006 1419 3172 1473 maris
3198 1434 3213 1472 :
3241 1432 3453 1488 ponens

196 1516 246 1568 in
275 1516 543 1568 thesauris
574 1516 807 1585 abyssos.
1885 1516 1939 1571 in
1975 1515 2250 1570 thesauris
2279 1514 2530 1583 abyssos.

273 1626 478 1679 Timent
508 1625 790 1678 Dominum
818 1625 989 1677 omnis
1028 1632 1171 1678 terra
1200 1640 1219 1679 :
1248 1624 1312 1678 ab
1339 1640 1397 1679 eo
1425 1633 1602 1678 autem
1633 1640 1780 1679 com-
1957 1629 2172 1682 Timeat
2205 1627 2498 1681 Dominum
2536 1624 2713 1680 omnis
2746 1632 2893 1678 terra
2932 1638 2948 1677 :
3007 1621 3075 1675 ab
3104 1621 3222 1690 ipso
3272 1629 3455 1674 autem

202 1726 515 1771 moveantur
550 1732 729 1769 omnes
763 1717 1119 1772 inhabitantes
1148 1716 1345 1775 orbem.
1806 1732 1851 1793 Β
1881 1728 2330 1777 commoveantur
2378 1718 2620 1773 universi
2660 1717 2707 1783 ⁵,
2743 1724 2800 1771 et
2831 1727 3023 1770 omnes
3055 1713 3148 1783 qui
3205 1710 3458 1765 habitant

1886 1812 2099 1868 orbem.

275 1916 546 1982 Quoniam
584 1918 694 1989 ipse
723 1917 877 1988 dixit,
901 1928 950 1972 et
972 1918 1117 1988 facta
1153 1927 1275 1973 sunt
1299 1935 1317 1972 :
1347 1919 1458 1988 ipse
1483 1918 1781 1985 mandavit,

1955 1926 2224 1994 Quoniam
2257 1927 2376 1995 ipse
2409 1924 2633 1988 dixit,et
2666 1921 2806 1977 iacta
2842 1929 3012 1976 sunt:
3037 1918 3154 1989 ipse
3182 1916 3460 1971 mandavit

206 2016 250 2060 et
280 2016 462 2060 creata
491 2017 636 2062 sunt.
1884 2030 1941 2078 et
1974 2029 2161 2079 creata
2191 2030 2340 2078 sunt.

274 2118 535 2173 Dominus
569 2120 796 2189 dissipat
842 2119 1068 2174 consilia
1103 2119 1379 2190 gentium,
1422 2120 1671 2189 reprobat
1719 2133 1779 2174 -ξ-

1957 2136 2223 2191 Dominus
2272 2135 2505 2206 dissipat
2537 2134 2661 2206 [ms.
2714 2130 3023 2203 dissipavit]
3054 2127 3286 2185 consilia
3328 2140 3462 2195 geu-

208 2213 434 2283 autem:
477 2215 821 2283 cogitationes
871 2214 1186 2284 populorum
1238 2231 1257 2269 :
1310 2227 1372 2268 σι-
1428 2222 1477 2266 et
1531 2212 1779 2283 reprobat

1945 2242 2046 2289 um,
2091 2226 2345 2295 reprobat
2389 2233 2571 2279 autem
2619 2223 2978 2294 cogitationes
3012 2220 3136 2293 [ms.
3179 2216 3465 2288 cogitatio-

210 2303 427 2356 consilia
461 2303 763 2371 principum
795 2302 844 2372 ζ.
1889 2313 2040 2386 nem]
2076 2315 2447 2385 populorum:
2483 2322 2536 2367 et
2571 2314 2828 2383 reprobat
2867 2310 3097 2368 consilia
3124 2307 3459 2378 principum.

280 2414 666 2482 Consiliumx
701 2423 878 2469 autem
914 2414 937 2484 ζ
974 2413 1188 2468 Domini
1217 2414 1553 2469 inmeritum
1588 2422 1789 2478 manet,

1958 2429 2261 2485 Consilium
2297 2444 2425 2483 vero
2458 2425 2673 2481 Domini
2706 2434 2888 2479 manet
2939 2424 2995 2477 in
3021 2431 3297 2487 aeternum,
3327 2435 3344 2474 :
3375 2432 3466 2473 co-

211 2508 562 2577 cogitationes
595 2507 768 2562 cordis
794 2508 906 2579 ejus
946 2508 1002 2562 in
1037 2508 1376 2579 generatione
1406 2515 1457 2561 et
1486 2507 1790 2578 generatio-
1890 2520 2179 2593 gimiones
2199 2522 2385 2576 cordis
2413 2521 2530 2592 eius
2586 2520 2640 2575 in
2671 2520 2931 2574 saeculum
2982 2514 3167 2572 smn“
3207 2512 3331 2585 [ms.
3367 2525 3468 2565 εκ.

213 2613 355 2650 nem.
1660 2644 1663 2645 ,

1945 2615 2014 2670 ila
2041 2612 2411 2685 saeculorum].

280 2710 462 2766 Beata
493 2729 618 2783 gens
652 2714 804 2782 cujus
838 2715 905 2781 Χ
937 2722 1013 2767 est
1048 2713 1064 2744 ¹
1107 2714 1129 2784 ζ
1161 2712 1420 2767 Dominus
1451 2711 1587 2765 Deus
1625 2711 1740 2780 ejus
1772 2725 1793 2763 :

1958 2730 2123 2783 Beata
2157 2742 2312 2797 gens,
2338 2727 2495 2795 cujus
2528 2735 2610 2778 est
2648 2724 2911 2777 Dominus
2940 2723 3084 2777 Deus
3105 2734 3297 2775 eorum
3325 2736 3341 2773 :
3372 2731 3470 2787 po-

215 2805 466 2875 populus,
502 2822 659 2877 quem
689 2807 843 2877 elegit
879 2810 934 2861 in
969 2808 1332 2860 lttereditatem
1363 2806 1485 2859 sibi.

1945 2821 2076 2883 Jlus,
2107 2834 2268 2888 quem
2301 2816 2465 2885 elegit
2493 2813 2755 2868 Dominus
2795 2813 2848 2866 iu
2875 2811 3252 2865 haereditatem
3301 2808 3429 2864 sibi.

290 2919 368 2973 De
390 2920 521 2973 caelo
556 2920 779 2985 respexit
824 2918 1075 2972 Dominus
1105 2933 1126 2971 ι
1163 2918 1288 2971 vidit
1318 2934 1493 2971 omnes
1531 2915 1671 2982 ﬁlios
1699 2916 1793 2970 ho-
1948 2935 2039 2988 De
2059 2934 2198 2988 εωιο
2228 2930 2506 3000 prospexi;
2537 2929 2658 2999 ιηιε,
2689 2922 2953 2995 respexit]
2988 2922 3273 2986 Dominus,
3309 2929 3369 2975 ει
3390 2923 3472 2975 vi.

217 3029 447 3067 mtuum.

1899 3027 1980 3081 dit
2000 3040 2190 3080 onmes
2227 3024 2366 3077 ﬁlios
2390 3021 2701 3081 hominum,
2728 3017 2793 3071 de
2822 3023 3126 3085 praeparato
3155 3013 3473 3068 habitaculo

286 3106 365 3157 De
394 3116 698 3175 prteparato
749 3104 1052 3158 habitacula
1104 3118 1199 3156 suo
1228 3142 1244 3166 ,
1299 3102 1521 3170 respexit
1591 3116 1745 3169 super
1775 3101 1795 3131 ²
1826 3076 1869 3135 (ἶ
1901 3134 2024 3185 δυο,
2058 3117 2297 3186 respexit
2322 3129 2488 3185 super
2518 3125 2711 3169 omnes
2734 3107 2830 3179 qui
2856 3106 3104 3162 habitant
3124 3105 3312 3160 orbem
3345 3105 3473 3178 [ms.

220 3213 395 3252 omnes
427 3200 517 3268 qui
556 3199 797 3252 habitant
834 3208 1057 3251 terram.
1903 3208 2158 3281 terram].
2443 3232 2459 3246 .
3076 3192 3089 3203 ⁸

290 3311 395 3377 Qui
424 3312 583 3381 finxit
613 3310 928 3380 singillatim
957 3310 1116 3363 corda
1172 3323 1373 3372 eorum,
1401 3306 1489 3373 qui
1552 3302 1801 3373 intelligit
1974 3324 2075 3389 Qui
2101 3322 2252 3377 ﬁnxit
2281 3321 2599 3392 singillatim
2634 3320 2805 3377 corda
2838 3334 3031 3375 eorum
3087 3331 3103 3370 ε
3136 3314 3231 3386 qui
3272 3311 3475 3369 inlem.

221 3404 398 3455 omnia
440 3416 597 3469 opera
627 3418 830 3457 eorum.

1945 3415 1979 3468 it
2000 3416 2053 3469 in
2084 3413 2206 3485 [ms.
2238 3424 2344 3468 tac.
2374 3411 2453 3485 in]
2481 3413 2662 3468 omnia
2695 3427 2859 3482 Opera
2888 3426 3110 3466 eorum.

297 3515 421 3571 Non
460 3518 701 3571 solvatur
726 3532 816 3571 rex
847 3529 941 3583 per
979 3514 1205 3571 multum
1235 3521 1518 3566 uirtutem:
1562 3519 1613 3564 et
1654 3510 1802 3579 gigas

1973 3529 2093 3585 Non
2122 3527 2433 3583 salvabitur
2466 3542 2560 3581 rex
2602 3541 2700 3597 per
2740 3525 2969 3580 multam
2997 3522 3256 3576 virtutem
3284 3533 3478 3574 suam:

225 3623 327 3661 non
359 3607 660 3662 salsabitur
684 3611 739 3661 in
771 3607 1112 3661 multitudine
1146 3605 1358 3658 uirtutis
1385 3605 1453 3671 κ(
1484 3616 1595 3656 suae
1632 3600 1655 3669 ζ

1945 3600 2010 3676 ec
2041 3620 2193 3692 gigas
2243 3620 2431 3674 salvus
2478 3617 2586 3671 erit
2636 3617 2691 3671 in
2732 3613 3090 3670 niuititudine
3144 3606 3484 3665 fortitudinis

1906 3713 2087 3770 sum“.

298 3809 504 3863 Fallax
532 3824 697 3879 equus
725 3808 793 3861 ad
815 3807 1036 3862 salutem
1077 3822 1095 3860 :
1123 3806 1179 3860 in
1244 3804 1572 3858 abundantia
1606 3807 1803 3872 .‘autem

1984 3826 2178 3881 Falsus
2209 3839 2387 3895 equus
2407 3822 2476 3878 ad
2506 3823 2740 3876 salutem
2769 3836 2784 3876 :
2838 3818 2895 3873 in
2928 3811 3265 3872 abundantia
3299 3819 3482 3867 autem

222 3902 441 3956 virtutis
473 3917 584 3955 sua:
602 3916 707 3953 non
730 3898 1045 3953 salvabitur.

1908 3917 2130 3976 virtutis
2160 3932 2270 3974 sua:
2312 3932 2417 3971 non
2445 3916 2554 3971 crit
2584 3914 2791 3969 salvus.

301 4021 438 4072 Ecce
461 4018 605 4071 oculi
632 4015 847 4069 Domini
873 4030 1031 4081 super
1065 4022 1353 4069 metuentes
1397 4029 1535 4074 eum,
1593 4025 1654 4066 -ε-
1705 4021 1750 4065 et
1782 4012 1804 4079 ζ

224 4112 281 4163 iu
314 4112 387 4163 eis
416 4112 503 4178 qui
533 4118 753 4179 sperant
793 4109 814 4140 ³
846 4124 1001 4175 super
1021 4108 1382 4162 misericordia
1416 4108 1552 4172 eius.

305 4202 372 4256 Ut
404 4213 555 4255 eruat
587 4218 621 4255 a
649 4210 815 4253 morte
833 4202 1041 4255 animus
1090 4216 1271 4255 eorum
1311 4209 1409 4255 :et
1471 4197 1585 4252 alat
1620 4214 1709 4252 eos
1755 4198 1809 4252 in

1987 4036 2131 4089 Ecce
2167 4033 2313 4089 oculi
2368 4028 2585 4086 Domini
2646 4042 2813 4098 super
2868 4025 3126 4081 timentes
3173 4036 3325 4087 eum,
3366 4033 3487 4088 spe-

1912 4135 2098 4181 rantes
2127 4135 2311 4179 autem
2364 4124 2419 4178 in
2461 4118 2844 4177 misericordia
2898 4118 3020 4188 ejus
3058 4131 3071 4169 :
3110 4126 3172 4171 ut
3224 4114 3421 4185 eripiat
3453 4127 3485 4167 a

1914 4225 2093 4273 morte
2123 4216 2335 4272 animas
2364 4229 2553 4270 eorum
2609 4222 2665 4267 et
2694 4211 2802 4266 alat
2823 4224 2920 4265 eos
2956 4209 3009 4262 in
3038 4207 3204 4263 tame.

3522 5067 3529 5091 Υ

228 4304 388 4366 tame.

304 4415 497 4467 Anima
527 4418 711 4464 nostra
742 4407 967 4461 sustinet
994 4405 1275 4459 Dominum
1304 4418 1325 4457 :
1345 4406 1412 4472 )a(
1443 4405 1691 4472 quoniam
1724 4404 1745 4435 ⁸
1782 4405 1805 4473 ζ

1992 4407 2183 4474 Anima
2212 4428 2397 4471 autem
2444 4423 2632 4468 nostra
2686 4413 2920 4465 sustinet
2972 4406 3284 4470 Dominum,
3346 4417 3489 4473 quo-

229 4505 453 4572 adjutor
499 4513 545 4556 et
577 4510 839 4571 protector
860 4509 1038 4553 noster
1065 4509 1165 4550 est.

1945 4513 2064 4567 tiam
2096 4510 2311 4576 adiutor
2343 4515 2398 4563 et
2426 4513 2701 4576 protector
2731 4512 2912 4557 uoster
2938 4510 3021 4555 est
3067 4514 3081 4553 :
3118 4494 3486 4570 eths.quia]

298 4596 441 4659 Quia
480 4595 608 4647 ineo
639 4593 907 4646 lwtabitur
943 4606 1033 4643 cor
1064 4603 1349 4642 nostrum:
1382 4598 1431 4642 et
1484 4591 1537 4642 in
1600 4590 1805 4644 nomine

1945 4619 1974 4657 n
2003 4604 2124 4672 ipso
2147 4599 2419 4655 laetabitur
2440 4613 2533 4652 cor
2565 4606 2832 4661 nostrum,
2869 4606 2924 4647 et
2955 4593 3007 4645 in
3045 4589 3267 4644 nomine
3299 4597 3491 4643 sancto

229 4698 421 4742 sancto
448 4688 564 4757 ejus
590 4687 944 4754 speravimus.
1920 4694 2041 4763 ejus
2062 4690 2430 4762 speravimus.

304 4800 439 4854 Ῑὲαι
468 4798 967 4862 ηιίεετίεονάίαιπαι
1005 4796 1245 4862 Doluit”.-
1291 4811 1453 4864 δηρεν
1486 4812 1603 4859 ηοε»
1632 4812 1811 4866 quern-
1998 4804 2140 4870 Fiat,
2177 4803 2431 4868 Domine,
2458 4797 2832 4856 misericordia
2878 4806 2968 4850 tua
3000 4808 3165 4861 super
3215 4806 3315 4847 nos
3352 4792 3496 4847 sicut

233 4894 523 4946 admodum
554 4890 882 4961 speravimus
916 4888 970 4940 in
1003 4897 1072 4941 te.
1924 4897 2267 4966 speravimus
2296 4895 2350 4949 in
2380 4904 2454 4949 te.

311 5129 333 5161 ¹
374 5130 677 5195 Utrumque
718 5135 859 5183 tacet
909 5126 1079 5181 Palat.
1132 5125 1291 5198 liber,
1332 5125 1550 5198 orbclum
1581 5124 1812 5193 scilicet,
2000 5132 2019 5163 ⁸
2051 5132 2281 5198 August.
2313 5136 2369 5182 et
2391 5127 2725 5198 Veronensis
2752 5126 2895 5181 liber
2927 5141 3113 5187 voces,
3149 5125 3399 5198 universi,
3425 5134 3494 5191 et,

232 5211 408 5271 atque
434 5208 511 5253 est
533 5201 788 5264 verbum;
810 5198 976 5252 sedet
997 5196 1255 5266 superius
1283 5199 1335 5251 in
1361 5197 1512 5252 hisce
1541 5210 1817 5264 apponen-
1924 5196 2347 5270 praetermittunt
2376 5197 2644 5271 :_addunt
2674 5212 2806 5250 vero
2831 5208 3008 5271 terrae,
3044 5205 3168 5271 post
3191 5197 3385 5271 orbem.

231 5265 333 5324 Ilis-
356 5272 497 5325 notis
529 5284 641 5325 non
667 5271 836 5324 semel
866 5265 1081 5336 peccat;
1926 5265 1941 5270 ’
2000 5272 2019 5301 δ
2052 5272 2126 5324 Ex
2148 5273 2376 5337 August.
2412 5266 2712 5321 Veronens.
2748 5282 2853 5321 ms.
2914 5265 3252 5321 Non’salrus
3285 5265 3373 5337 ﬁet
3404 5279 3497 5337 rea:

309 5342 334 5373 ⁸
357 5340 455 5395 Hic
475 5355 607 5394 vero
631 5334 957 5393 adverbium
989 5338 1357 5404 superhobelo
1378 5337 1522 5392 idem
1550 5348 1654 5388 ms.
1684 5350 1816 5392 con-
1924 5347 1976 5399 in
2014 5334 2355 5395 multitudine
2376 5339 2583 5391 virtutis
2609 5376 2625 5401 ,
2669 5348 2749 5401 et,
2812 5338 2869 5390 in
2917 5337 3251 5392 multitudine
3280 5334 3495 5386 virtutis

230 5409 394 5465 Ῐοάἰι
425 5394 447 5462 =7
478 5420 637 5465 eleSl
659 5418 843 5463 tamen
883 5409 937 5462 in
980 5394 1271 5468 lle'brltm.
1922 5394 2055 5469 sure.
2095 5408 2332 5462 Mendax
2365 5424 2547 5474 equus,
2590 5394 2698 5461 etc.
2738 5394 2915 5461 'Paulo
2956 5416 3099 5474 post,
3144 5415 3191 5457 et
3222 5410 3495 5474 sperantes

308 5480 332 5509 ³
355 5480 530 5532 Aliter
564 5480 737 5551 Palat.
777 5494 880 5532 ms.
921 5480 1103 5541 habet,
1136 5490 1193 5535 et
1223 5494 1279 5534 σε·
1320 5480 1376 5533 in
1401 5480 1475 5533 eis
1516 5478 1540 5545 ζ
1591 5477 1681 5543 qui
1703 5492 1815 5547 δρα·
1923 5496 2079 5551 super
2110 5473 2471 5551 misericordia
2493 5479 2605 5548 ejus
2628 5485 2682 5529 ut
2706 5486 2857 5551 eruat
2888 5473 3131 5551 arnorte,
3163 5484 3305 5551 etc.;
3334 5473 3496 5526 deni-

231 5558 523 5620 rant_._etc.
539 5549 700 5620 εἰσεπιιά
730 5556 913 5603 tamen
947 5558 1117 5603 recte.
1527 5543 1534 5545 ὴ
1718 5543 1739 5609 γ’

1945 5543 2053 5620 me,
2108 5550 2302 5602 Anima
2359 5543 2538 5603 nostra
2599 5550 2809 5615 pariens
2854 5549 2962 5616 erit
3042 5543 3303 5608 Domino,
3361 5558 3515 5619 quo-_

308 5622 332 5647 ⁵
368 5617 552 5696 δεῖίιαε
588 5618 692 5696 hpc
725 5620 861 5675 bene
892 5627 996 5684 εει,
1037 5619 1180 5688 quod
1220 5622 1362 5676 hunc
1390 5620 1607 5674 obclum
1635 5606 1807 5676 l’alat.
1926 5606 2089 5685 niam,
2121 5628 2223 5675 etc.

232 5704 350 5743 ms.
398 5688 720 5743 dissimulat.
