3898 6172
322 231 424 301 183
1205 239 1264 300 S.
1310 236 1750 301 HIERONYMI
1788 238 2059 301 DIVINA
2100 237 2641 302 lllBLIOTIIECA.
3461 235 3559 301 ISQ

1622 421 1976 483 PSALMUS
2016 422 2302 484 XXXIII.

316 554 495 611 nuto,
533 554 642 598 cun
672 543 689 574 ¹
726 555 1020 598 quursvn-
1051 556 1261 595 vumuu
1311 556 1450 596 suuu
1480 557 1655 598 censu
1698 556 1885 596 satus-
1916 547 1961 603 Α
1989 557 2222 597 psscuus
2248 556 2428 605 nmo,
2454 558 2560 597 cun
2597 540 2722 617 [ms.
2770 540 2871 596 lPSl
2903 548 3061 596 DAVID
3093 536 3326 612 QUANDO]
3371 552 3578 594 conuu-

598 626 755 679 anu,
806 628 871 667 nr
906 626 1106 666 ntulsrr
1128 626 1257 678 sunt,
1305 628 1373 666 ετ
1400 627 1566 666 smn.
2065 629 2130 665 τΑ

2065 628 2223 666 τΑνιτ
2281 628 2486 666 ινιτιτωι
2522 628 2662 668 δυωί
2692 627 2869 667 CORAM
2918 624 3234 676 ABIMELECH,
3265 625 3331 663 ΕΤ
3386 620 3582 664 ῡιιιιδιτ

2072 697 2205 745 non,
2231 699 2296 736 ετ
2322 699 2485 737 sum.

392 795 709 850 Benedicam
729 795 1014 850 Dominum
1030 794 1083 849 in
1108 796 1249 851 omni
1280 804 1749 865 tempore:semper
1773 796 1889 850 laus
2072 793 2402 848 Bcnedicam
2433 793 2731 849 Dominum
2762 793 2819 848 in
2855 792 3008 850 omni
3042 801 3289 862 tempore
3319 809 3335 851 :
3368 808 3585 864 semper

321 890 437 957 ejus
463 889 517 941 in
546 902 637 941 ore
662 902 794 940 meo.
1994 884 2117 939 laus
2143 886 2264 956 ejus
2298 885 2352 939 in
2383 900 2478 939 ore
2513 898 2658 939 meo.

394 976 458 1030 In
485 976 709 1030 Domino
741 974 1052 1029 laudabitur
1084 977 1266 1030 anima
1295 994 1412 1032 mea
1448 994 1466 1032 :
1498 976 1724 1032 audiant
1745 994 1893 1032 man-
2065 976 2123 1032 lu
2149 979 2381 1033 Domino
2410 976 2731 1032 laudabitur
2761 977 2942 1033 anima
2976 991 3098 1032 mea
3127 993 3143 1031 :
3173 977 3400 1033 audiant
3430 992 3583 1033 man-

322 1070 480 1134 sueti,
514 1078 562 1122 et
593 1070 861 1123 lwtentur.
1998 1071 2165 1138 sueti,
2196 1080 2252 1126 et
2278 1071 2558 1126 iactentur.

389 1159 735 1230 Magniﬁcate
772 1160 1051 1215 Dominum
1078 1177 1279 1217 mecum
1311 1179 1333 1229 ;
1368 1170 1419 1218 et
1456 1164 1754 1217 exaltemus
1804 1176 1893 1216 no-
2069 1162 2411 1233 Magniﬁcate
2442 1162 2741 1217 Dominum
2763 1176 2989 1217 mecum
3030 1180 3044 1218 :
3073 1172 3127 1219 et
3168 1161 3469 1219 exaltemus
3488 1176 3587 1217 no-

321 1270 439 1306 men
470 1253 586 1323 ejus
617 1253 671 1306 in
694 1253 944 1322 idipsum.
2000 1271 2125 1311 men
2146 1256 2265 1326 ejus
2303 1256 2358 1309 in
2385 1255 2616 1310 invicem
2645 1251 2768 1319 luis.
2811 1256 3033 1327 unum].
3614 1266 3617 1267 '

393 1359 455 1402 σε·
488 1344 571 1399 Ex
600 1347 833 1416 :quisivi
857 1346 1165 1414 Dominum,
1203 1357 1257 1403 et
1282 1350 1555 1404 exaudivit
1585 1367 1663 1405 me
1699 1367 1720 1417 ;
1754 1361 1802 1407 et
1834 1366 1900 1405 ea:
2071 1346 2333 1417 lnquisivi
2358 1346 2672 1413 Dominum,
2712 1356 2768 1403 et
2794 1347 3081 1403 exaudivit
3110 1363 3197 1404 me
3228 1356 3325 1405 tet
3354 1363 3423 1402 ex
3463 1363 3583 1403 om—

322 1437 563 1492 omnibus
594 1438 1025 1492 tribulationibus
1053 1445 1179 1495 meis
1214 1441 1407 1509 eripuit
1434 1458 1515 1495 me
1542 1444 1585 1498 '.
2004 1439 2167 1494 nibus
2186 1438 2627 1493 tribulationibus
2645 1438 2783 1492 meis
2821 1436 3023 1505 eripuit
3061 1434 3189 1508 [ms.
3220 1434 3388 1507 eruit]
3415 1450 3525 1490 me.

387 1531 635 1584 Accedite
667 1533 736 1583 ad
758 1547 898 1597 eum,
946 1540 997 1585 et
1026 1531 1413 1587 illuminamini
1450 1549 1469 1588 :
1506 1542 1557 1589 et
1618 1536 1781 1606 facies
1817 1552 1903 1591 ve-
2094 1529 2365 1588 Accedite
2396 1529 2464 1585 ad
2526 1544 2677 1598 eum,
2711 1538 2768 1585 et
2833 1528 3226 1584 illuminamini
3256 1536 3272 1582 ξ
3300 1538 3357 1584 et.
3404 1528 3589 1584 Vtilius

322 1628 447 1674 stne
477 1634 579 1671 non
604 1620 1023 1689 confundantur.
1606 1612 1611 1615 δ
2009 1624 2181 1681 vestri
2216 1638 2323 1678 non
2349 1620 2705 1677 erubescent.

391 1710 499 1765 Iste
518 1727 719 1780 pauper
744 1711 1015 1779 clamavit,
1078 1721 1128 1767 et
1185 1714 1442 1769 Dominus
1473 1716 1744 1770 exaudivit
1784 1717 1805 1748 ³
1839 1718 1907 1783 Β(
2098 1718 2206 1773 Iste
2228 1731 2435 1787 pauper
2482 1712 2613 1788 [ms.
2649 1714 2835 1787 inops]
2894 1714 3168 1781 clamavit,
3222 1722 3277 1767 et
3325 1712 3591 1769 Dominus

327 1821 448 1859 eum
481 1804 503 1873 ζ
541 1813 591 1857 et
625 1803 691 1857 de
733 1804 973 1859 omnibus
1038 1805 1472 1862 tribulationibus
1521 1808 1637 1876 ejus
1676 1807 1907 1862 salvavit
1943 1874 1956 1876 ᾼ
2012 1810 2294 1866 exaudivit
2324 1823 2452 1865 eum
2488 1816 2669 1863 :etex
2702 1808 2961 1863 omnibus
2991 1805 3440 1863 tribulationibus
3473 1805 3590 1876 ejus

330 1914 471 1952 eum.
1545 1874 1555 1876 ἡ
1937 1874 1979 1931 Β
2009 1903 2265 1960 liberavit
2301 1900 2423 1974 [ms.
2449 1899 2659 1955 salvum
2696 1898 2846 1971 fecit]
2877 1913 3025 1954 eum.

390 1991 650 2046 Immittet
704 1990 924 2062 angelus
956 1990 1167 2045 Domini
1224 1992 1282 2045 in
1318 1992 1545 2045 circuitu
1606 1993 1905 2048 timentium
2068 1994 2329 2051 Immittet
2360 1992 2585 2063 angelus
2614 1992 2827 2046 Domini
2853 1991 2979 2061 Ima.
3011 1989 3261 2061 angelum
3291 1986 3587 2059 Dominus]

330 2097 447 2137 eum
478 2092 569 2138 :et
598 2083 783 2153 eripiet
820 2099 921 2138 eos.
2011 2090 2066 2144 in
2123 2086 2363 2144 circuitu
2438 2084 2749 2141 timentium
2831 2099 2957 2141 eum
3014 2099 3028 2135 :
3082 2092 3137 2137 et
3195 2081 3395 2152 eripiet
3441 2078 3590 2151 [πω.

2010 2179 2190 2251 eruet]
2218 2194 2331 2235 eos.

388 2262 635 2330 Gustate,
658 2270 707 2319 et
738 2264 929 2331 videte,
978 2263 1231 2333 quoniam
1286 2266 1463 2319 suavis
1489 2264 1507 2296 ⁸
1539 2278 1601 2319 στ-
1628 2274 1702 2319 est
1743 2264 1767 2333 ζ
1800 2264 1909 2318 Do-
2090 2273 2336 2335 Gustate,
2370 2279 2419 2327 et
2456 2269 2658 2334 videte,
2688 2270 2945 2339 quoniam
2973 2270 3156 2325 suavis
3189 2265 3587 2323 estDomi‘nus:

336 2358 508 2411 minus
536 2372 553 2409 :
578 2356 759 2410 beatus
786 2358 869 2410 uir
915 2358 1004 2426 qui
1038 2366 1217 2425 sperat
1259 2357 1311 2409 in
1345 2373 1424 2411 eo.
2014 2369 2207 2423 beatus
2237 2366 2317 2419 vir
2343 2364 2436 2433 qui
2467 2363 2724 2433 speratin
2757 2376 2825 2416 eo
2860 2359 2984 2432 [ms.
3018 2358 3196 2430 eum].

404 2450 600 2505 Timete
620 2449 901 2503 Dominum
945 2462 1004 2504 οι-
1038 2465 1213 2502 onmes
1238 2449 1258 2517 ζ
1280 2450 1449 2503 sancti
1480 2449 1591 2519 ejus
1618 2465 1634 2503 :
1659 2449 1909 2519 quoniam

2078 2460 2301 2523 ,Timcte
2326 2457 2615 2511 Dominum
2634 2470 2824 2511 omnes
2854 2453 2981 2525 [ms.
3022 2464 3124 2509 lac.
3160 2450 3390 2525 omnes]
3418 2448 3592 2505 sancti

335 2559 439 2596 non
471 2551 544 2596 est
581 2543 763 2611 inopia
797 2541 1096 2596 timentibus
1126 2558 1266 2595 euin-
2022 2552 2165 2621 ejus,
2204 2550 2458 2618 quoniam
2486 2548 2623 2601 nihil
2644 2546 3136 2603 deesttimenlibus
3162 2559 3311 2599 eum.

408 2637 607 2690 Divites
644 2644 899 2706 eguerunt
954 2644 1003 2687 et
1035 2635 1332 2687 esurierunt
1390 2650 1409 2689 :
1464 2636 1788 2704 inquirentes
1816 2650 1911 2687 au-
2092 2643 2594 2711 Divites‘eguerum
2622 2648 2677 2694 ει
2703 2640 3018 2694 esuriem“;
3062 2654 3075 2693 ;
3117 2636 3470 2706 inquit-emes
3502 2648 3594 2686 au.

338 2738 441 2782 tem
469 2730 489 2761 ⁵
546 2726 849 2788 Dominum,
874 2740 978 2777 non
1016 2725 1319 2778 minuentur
1350 2727 1494 2778 omni
1520 2725 1675 2779 bono.
1701 2738 1763 2780 -ι-
1789 2723 1916 2778 Du.
2019 2745 2125 2790 ιρηι
2146 2734 2434 2789 Dominum
2463 2748 2571 2787 ηοη
2600 2731 2857 2787 deﬁcient
2889 2729 2909 2801 [
2934 2747 3032 2785 ηις,
3074 2724 3416 2797 minuentur]
3445 2724 3593 2779 omni

338 2837 557 2876 rsum.
2019 2827 2189 2882 bono.
2220 2826 2540 2880 Durssuss.

417 2912 620 2978 Venite,
654 2912 775 2981 ﬁlii,
806 2912 989 2965 audite
1027 2926 1107 2965 me
1140 2925 1157 2963 :
1188 2911 1430 2964 timorem
1476 2908 1693 2963 Domini
1728 2909 1917 2963 docebo

2098 2917 2313 2983 Venite,
2352 2919 2469 2983 lilii,
2501 2916 2686 2972 audite
2713 2930 2798 2971 me
2829 2914 2957 2987 [ms.
2995 2923 3103 2970 tac.
3134 2912 3243 2985 me]
3280 2911 3572 2968 :timorem

339 3024 451 3063 vos.
2023 3010 2236 3065 Domini
2260 3010 2470 3065 docebo
2507 3024 2628 3063 vos.

407 3096 537 3161 Quis
571 3105 646 3151 est
675 3097 849 3163 homo,
890 3095 981 3164 qui
1007 3094 1119 3148 vult
1149 3094 1315 3148 vitam
1355 3111 1373 3150 :
1402 3094 1581 3165 diligit
1602 3096 1711 3149 dies
1750 3095 1921 3148 videre

2083 3104 2217 3169 Quis
2250 3114 2334 3157 est
2370 3102 2533 3156 homo
2563 3099 2654 3169 qui
2691 3095 2806 3153 vul't
2840 3098 3008 3153 vitam
3045 3114 3059 3153 :
3088 3105 3143 3151 ct
3174 3096 3325 3165 cupit
3353 3092 3479 3166 [ms.
3518 3091 3601 3146 di-

344 3190 504 3242 bonos
530 3187 555 3241 7
1468 3260 1475 3267 .
1949 3207 1994 3270 ρ
2025 3194 2167 3265 ligit]
2198 3194 2379 3249 videre
2402 3193 2514 3247 dies
2538 3191 2753 3261 bonos?

409 3277 634 3331 Prohibe
666 3277 906 3347 linguam
958 3285 1105 3331 tuam
1159 3295 1191 3331 a
1222 3277 1362 3331 malo
1393 3295 1411 3333 :
1437 3287 1487 3332 et
1530 3277 1671 3332 labia
1721 3287 1815 3332 tua
1858 3296 1921 3333 ue
2096 3284 2301 3340 Cohibe
2321 3286 2560 3353 linguam
2595 3282 2957 3338 tuamamalo
2990 3281 3446 3336 :etl‘abiatuaue
3480 3276 3603 3351 [τηε.

345 3370 633 3439 loquantur
660 3369 862 3425 dolum.
2031 3387 2091 3433 ut
2125 3374 2258 3449 non]
2296 3376 2594 3445 loquantur
2616 3374 2824 3427 dolum.

420 3461 631 3515 Diverte
662 3476 694 3514 a
728 3462 869 3514 malo
897 3468 946 3515 et
982 3460 1069 3530 fac
1094 3460 1331 3515 bonum:
1366 3473 1429 3516 -ι-
1467 3463 1521 3515 in
1555 3464 1576 3531 ζ
1613 3464 1762 3533 quire
1822 3480 1917 3532 pa-
2102 3472 2323 3526 Diverte
2348 3483 2377 3522 a
2414 3468 2575 3533 malo,
2601 3467 2759 3523 etiac
2784 3469 2989 3523 bonum
3024 3485 3038 3521 :
3074 3466 3292 3537 inquire
3308 3479 3496 3535 pacem
3523 3464 3546 3495 ⁸
3569 3503 3585 3530 ,

347 3570 478 3618 cem,
509 3564 555 3609 et
576 3568 879 3623 persequere
916 3551 1104 3608 eam.‘.
2028 3571 2084 3619 et
2122 3575 2350 3631 sequere
2380 3574 2525 3615 eam.

417 3646 570 3702 Oculi
600 3646 814 3700 Domini
842 3662 1000 3717 super
1023 3646 1199 3715 justas
1234 3662 1252 3701 :
1280 3656 1327 3704 et
1362 3664 1517 3705 aures
1562 3651 1677 3719 ejus
1718 3652 1772 3704 in
1801 3665 1919 3721 pre-
2093 3653 2248 3709 Oculi
2268 3652 2484 3706 Domini
2512 3665 2675 3720 super
2700 3658 2878 3722 iustos
2909 3666 2923 3702 :
2950 3658 3005 3704 et
3036 3663 3197 3703 aures
3227 3648 3343 3718 ejus
3376 3646 3442 3700 ad
3484 3644 3604 3717 [ms.

350 3754 430 3793 ces
456 3754 658 3792 eorum.
2032 3742 2113 3815 in]
2147 3757 2338 3813 preces
2367 3756 2581 3796 eorum.

428 3828 609 3886 Vultus
637 3845 697 3886 οξ-
725 3832 956 3901 autem:
1000 3832 1210 3886 Domini
1254 3848 1413 3903 super
1445 3834 1697 3902 facientes
1754 3831 1926 3897 mala,
2110 3835 2308 3891 Vultus
2338 3842 2521 3888 autem
2578 3832 2796 3887 Domini
2847 3848 3014 3902 super
3050 3831 3323 3887 iacientes
3377 3829 3515 3884 mala
3554 3838 3618 3884 ut

355 3934 410 3979 ut
443 3925 628 3996 perdat
654 3925 717 3979 de
749 3933 892 3979 terra
920 3927 1228 3980 memoriam
1259 3942 1462 3981 eorum.
2030 3927 2224 3999 perdat
2258 3925 2326 3979 de
2355 3934 2497 3980 terra
2523 3923 2837 3977 memoriam
2862 3937 3074 3977 eorum.

421 4021 800 4076 Clamaverunt
832 4033 895 4075 αε-
928 4018 1067 4087 justi
1102 4021 1124 4089 ζ
1157 4031 1205 4073 ct
1245 4020 1503 4074 Dominus
1536 4022 1806 4077 exaudivit
1828 4022 1925 4078 7+
2099 4020 2489 4075 Clamaverunt
2521 4014 2677 4084 justi,
2704 4025 2751 4068 et
2788 4014 3052 4069 Dominus
3085 4010 3491 4068 exaudiviteos
3516 4025 3531 4065 :
3557 4020 3615 4065 et

356 4134 444 4173 eos
481 4116 667 4186 :etex
697 4112 940 4167 omnibus
984 4113 1422 4169 tribulationibus
1471 4130 1653 4167 eorum
1696 4115 1934 4169 liberavit
2037 4128 2103 4169 ex
2131 4110 2388 4165 omnibus
2430 4104 2878 4164 tribulationibus
2930 4118 3121 4160 eorum
3171 4102 3428 4160 liberavit
3485 4100 3608 4173 [ms.

356 4228 463 4266 eos.
2035 4203 2206 4276 eruit]
2239 4218 2357 4260 eos.

427 4323 597 4379 Juxta
625 4330 702 4377 est
732 4321 988 4376 Dominus
1019 4320 1120 4386 bis,
1149 4319 1240 4389 qui
1293 4319 1541 4373 tribulato
1577 4331 1697 4375 sunt
1755 4324 1934 4387 corde,
2091 4318 2253 4375 Juxta
2275 4326 2363 4374 est
2391 4315 2754 4371 Dominushis
2784 4313 2878 4384 qui
2914 4313 3175 4370 tribulato
3210 4320 3339 4368 sunt
3360 4310 3569 4367 corde”
3596 4325 3613 4376 ;

360 4428 409 4473 et
430 4416 657 4471 humiles
680 4416 868 4484 spiritu
901 4412 1147 4467 salvabit.
2040 4422 2096 4468 et
2121 4410 2355 4465 humiles
2382 4408 2579 4478 spiritu
2618 4408 2863 4462 salvavit.

436 4510 619 4565 Multa:
654 4507 1019 4562 tribulatiaues
1037 4505 1312 4573 justorum
1348 4513 1435 4567 ;et
1459 4506 1520 4559 de
1574 4506 1811 4561 omnibus
1860 4509 1938 4563 bis
1972 4511 2017 4571 D
2109 4503 2291 4558 Multa:
2323 4499 2706 4558 tribulationes
2727 4499 3001 4567 justorum
3029 4513 3046 4552 :
3079 4508 3135 4553 et
3156 4498 3223 4553 de
3249 4496 3336 4551 his
3362 4493 3620 4550 omnibus

362 4604 612 4659 liberabit
642 4618 727 4655 eos
762 4598 1038 4653 Dominus-
2045 4595 2299 4652 liberavit
2322 4593 2448 4665 [ms.
2474 4589 2644 4663 eruit]
2665 4606 2758 4646 eos
2786 4592 3070 4646 Dominus.

439 4694 681 4751 Custodit
710 4705 772 4746 ψ
795 4689 1054 4745 Dominus
1087 4690 1109 4758 ζ
1142 4690 1317 4744 omnia
1364 4705 1485 4743 ossa
1514 4706 1692 4744 eorum
1718 4708 1737 4746 :
1768 4708 1933 4749 unum
2124 4686 2389 4741 Dominus
2410 4684 2653 4737 custodit
2681 4682 2863 4736 omnia
2915 4697 3040 4737 ossa
3070 4696 3261 4737 eorum
3297 4694 3313 4735 :
3347 4696 3525 4735 unum
3548 4695 3615 4735 ex

367 4807 430 4845 ex
454 4790 519 4843 iis
544 4803 648 4843 non
671 4790 987 4839 conteretur.
2048 4782 2131 4837 eis
2169 4780 2293 4852 [mm
2327 4776 2461 4850 illis]
2484 4793 2592 4832 non
2614 4784 2954 4832 conteretur.

444 5015 462 5044 ί
495 5012 553 5066 In
593 5009 766 5064 Palat.
813 5018 914 5061 ms.
956 5003 1199 5057 Psalmus
1246 5001 1443 5066 David,
1478 5019 1618 5066 cum,
1671 5013 1804 5067 etc.,
1862 5006 1941 5058 in-
2126 5003 2146 5033 ⁸
2174 5002 2233 5056 In
2265 5000 2442 5055 Palat.
2471 5013 2577 5053 ms.
2611 5007 2660 5052 et
2693 5013 2909 5069 sequere
2950 5012 3092 5063 eam,
3124 4993 3410 5052 recentior
3427 5009 3623 5050 manus

370 5082 659 5141 scribitur.
699 5077 874 5133 Carus
901 5077 970 5131 ab
1024 5073 1279 5150 Hebraici
1340 5075 1614 5150 alphabeti
1649 5076 1939 5150 elementis
2054 5073 2294 5150 scripsit.
2704 5140 2714 5150 _
2748 5140 2760 5150 .
3070 5138 3119 5150 η
3345 5134 3379 5150 μ
3419 5136 3431 5148 ,

372 5134 619 5224 singulos
656 5150 774 5222 ejus
838 5162 1031 5204 versus
1096 5146 1249 5215 juxta
1319 5134 1569 5199 ordinem
1627 5144 1947 5213 auspicatus
2134 5134 2926 5265 i'ldembms.tpra*positionem
2965 5138 3122 5193 verbi
3188 5134 3454 5191 exaudivit
3489 5151 3623 5191 veru

372 5236 475 5267 ρει,
2062 5224 2317 5267 transver
2356 5228 2449 5266 era
2481 5250 2495 5264 .

371 5236 788 5364 ceriapsalma
819 5292 912 5347 bis
947 5289 1050 5345 loci
1092 5288 1235 5343 idem
1261 5301 1366 5342 ms.
1394 5285 1638 5364 apponit.
1813 5354 1844 5364 __
1884 5356 1895 5364 _
2058 5224 2536 5364 frgl‘éggttiﬁemer
2556 5298 2619 5364 ex
2655 5284 2885 5364 August.
2917 5289 2977 5335 ut
3009 5288 3065 5333 et
3092 5287 3288 5332 caetera
3314 5277 3518 5364 qumvin
3558 5276 3627 5331 li-

449 5347 767 5420 3_De'more
808 5362 1255 5432 prznpositionem
1320 5370 1385 5407 ea:
1432 5347 1590 5409 'v'erbi
1651 5354 1940 5419 exaudivit,
2058 5353 2293 5432 bri_albo
2339 5347 2768 5432 annotavimusf
2808 5350 3109 5406 Veronens.
3162 5364 3263 5406 ms.
3321 5347 3542 5432 Declina
3589 5364 3622 5398 α

377 5439 526 5497 idem
564 5449 667 5488 ms.
690 5423 964 5504 jugulati,
1097 5499 1108 5504 Α
1134 5499 1147 5504 _
1543 5503 1546 5504 ν
1684 5495 1694 5504 _
1752 5495 1763 5504 .
2056 5425 2297 5504 malo_,_et
2331 5423 2414 5504 {ac
2431 5426 2567 5492 quod
2590 5424 2780 5503 bonum
2807 5432 2883 5504 est
2912 5438 2930 5474 :
2958 5436 3135 5504 qurere
3160 5434 3367 5504 p‘acem,
3407 5425 3515 5504 etc.

452 5488 661 5560 illunc
690 5488 821 5560 vero
847 5503 1067 5559 obelum
1097 5499 1240 5553 idem
1281 5512 1390 5551 ms.
1420 5495 1811 5563 przetermittit.
2128 5495 2148 5525 ’
2176 5496 2353 5562 Atque
2386 5488 2490 5546 hoc
2513 5494 2671 5548 unice
2704 5508 2828 5547 cum
2847 5492 3154 5563 Augustino
3189 5488 3488 5563 Veronam.
3516 5500 3620 5563 ms.

453 5580 473 5608 ⁸
504 5555 966 5638 ἧδξέιῐίξ-αἶλίεῖιίς
1001 5587 1122 5637 qua:
1148 5578 1205 5623 et
1233 5569 1286 5622 in
1324 5555 1659 5638 IchIretvxlu
1704 5573 1945 5638 resonat,
2054 5566 2133 5618 his
2160 5555 2598 5638 qui-obtriverat
2631 5580 2722 5618 cor
2756 5580 2772 5618 :
2802 5555 3148 5630 tutufsalvos
3181 5559 3358 5627 faciet,
3391 5572 3489 5626 pro
3517 5555 3629 5611 sal-

382 5659 444 5703 ut
474 5654 527 5699 et
558 5632 889 5712 Diapsalma,
914 5632 1060 5714 quod
1125 5638 1281 5694 obclo
1316 5636 1649 5702 confoditur,
1714 5636 1941 5693 l’alatiu.
2055 5635 2213 5701 vavil,
2252 5634 2367 5691 sive
2393 5632 2641 5688 salvabit.
3266 5650 3269 5657 λ
3309 5666 3314 5671 ς

384 5734 488 5773 ms.
526 5716 756 5787 ignorat.
