3898 6172
270 247 373 309 185

262 455 535 524 delinquen
545 464 586 509 t.

332 548 572 602 Redimet
601 547 858 603 Dominus
897 546 1105 601 animas
1130 561 1401 600 servorum
1432 561 1649 601 suorum
1676 555 1725 599 et
1745 562 1849 600 non

263 640 531 710 delinquet
571 640 589 672 ⁸
624 655 802 694 omnes
843 640 931 709 qui
963 646 1179 709 sperant
1206 639 1260 692 in
1290 654 1386 701 eo.

1511 245 1752 305 LIBER
1800 245 1935 305 PSA
1952 245 2309 308 LMORUM.

338 362 493 416 Mors
514 368 856 432 peccatorum
880 360 1107 431 pessima
1140 374 1157 412 :
1194 368 1241 412 et
1278 357 1366 425 qui
1397 358 1620 411 oderunt
1645 356 1847 424 justum
1880 360 1923 415 Α

3433 254 3535 325 ιδθ

2030 359 2174 414 Mors
2221 366 2577 428 peccatorum
2632 363 2865 431 pessima
2898 363 3123 436 eSt[ms.
3166 375 3277 423 tae.
3304 371 3443 443 est}:
3478 383 3535 429 et

1961 453 2053 522 qui
2088 451 2554 523 oderuntjustum
2586 453 2914 525 delinquent
2977 456 3101 527 [ms.
3157 459 3530 536 delinquunt].

2035 544 2292 598 Redimet
2328 546 2592 602 Dominus
2656 550 2868 603 animas
2922 564 3203 605 servorum
3261 568 3530 611 suorum:

1955 646 2135 695 etnon
2151 636 2675 707 delinquentomnes
2698 643 3026 712 quieperant
3053 642 3108 699 in
3130 659 3195 701 eo
3212 644 3334 719 [ms.
3356 647 3529 719 eum]

1560 822 1920 888 PSALMUS
1964 823 2237 888 XXXIV.

829 954 998 998 +1951
1038 946 1060 1011 ζ
1097 956 1279 998 ωνιι).

330 1055 547 1121 Iudico,
598 1056 842 1123 Domine,
880 1063 1121 1111 nocentes
1178 1072 1261 1110 me
1292 1072 1311 1112 :
1347 1071 1590 1127 expugna
1613 1058 1633 1089 ¹
1667 1056 1846 1125 impu-

262 1162 484 1220 gnantes
518 1167 624 1204 me.

332 1243 685 1312 Apprehende
705 1259 859 1299 arma
889 1251 938 1299 et
964 1253 1169 1298 scutum
1203 1282 1219 1309 ,
1256 1252 1307 1298 et
1333 1253 1555 1315 exsurge
1583 1246 1639 1298 in
1690 1238 1844 1314 adju-

262 1336 458 1388 torium
481 1336 631 1391 milii.

342 1427 578 1497 Eﬂ'unde
601 1430 888 1498 frameam,
919 1439 970 1484 et
1026 1430 1277 1486 conclude
1327 1431 1577 1485 adversus
1615 1446 1701 1484 eos
1755 1429 1850 1500 qui

260 1535 650 1594 persequuntur
707 1541 854 1592 me;
910 1525 995 1580 dic
1030 1528 1223 1582 anima:
1255 1540 1382 1580 mea:
1437 1542 1455 1583 :
1516 1522 1676 1581 Salus
1742 1534 1841 1579 tua

269 1631 363 1686 ego
395 1633 536 1672 sum.

336 1708 747 1780 Confundantur
778 1719 829 1767 et
858 1719 1219 1778 revertantur,
1244 1711 1572 1789 quaerentes”
1604 1711 1843 1765 animam

263 1819 452 1859 meum.

331 1897 656 1953 Arertantur
688 1907 997 1966 retrorsum,
1029 1906 1079 1954 et
1112 1898 1528 1969 confundantur,
1555 1899 1842 1968 cogitantes

266 1989 391 2042 mihi
428 1992 615 2045 mala.‘

328 2080 494 2136 Fiant
526 2092 785 2156 tanquam
808 2086 979 2155 pulvis
1001 2095 1128 2141 ante
1155 2088 1345 2158 faciem
1375 2086 1551 2141 venti:
1594 2096 1643 2142 et
1678 2103 1841 2159 ange-

266 2173 345 2225 lus
388 2174 606 2229 Domini
643 2187 924 2233 coarctans
960 2193 1019 2234 -ι-
1042 2196 1129 2234 eos
1158 2182 1178 2248 ζ

344 2265 476 2320 Fiat
502 2270 585 2322 via
636 2269 858 2323 illorum
900 2270 1125 2326 tenebrae
1167 2279 1216 2326 et
1249 2272 1510 2328 lubricum
1547 2288 1567 2329 :
1604 2281 1655 2326 et
1683 2288 1844 2342 ange-

263 2363 345 2410 lus
381 2357 594 2411 Domini
626 2376 941 2431 persequens
971 2378 1082 2417 eos.

333 2450 601 2515 Quonim
665 2455 834 2523 gratis
910 2455 1285 2509 absconderant
1365 2457 1493 2511 mihi
1565 2458 1841 2510 interitum

267 2541 445 2610 laquei
514 2546 598 2597 sui
660 2560 679 2598 .'
732 2562 1053 2616 supervacue
1105 2548 1551 2618 exprobrauerunt
1603 2550 1841 2602 animam

263 2643 439 2691 meum
450 2678 463 2690 .
1559 2710 1563 2714 ι

339 2728 535 2783 Veniat
559 2731 640 2785 illi
664 2732 900 2801 laqueus,
934 2751 1086 2803 quem
1115 2738 1346 2807 ignorat,
1382 2745 1433 2792 et
1460 2739 1660 2807 captio,
1681 2755 1839 2807 quam

261 2823 557 2889 abscondit,
584 2827 942 2894 apprehendat
974 2832 1112 2901 geum
1168 2846 1187 2884 :
1233 2844 1294 2886 -t—
1330 2840 1379 2884 et
1426 2831 1447 2898 ζ
1484 2832 1539 2887 in
1592 2832 1839 2903 laqueum

259 2919 425 2970 cadat
456 2920 510 2973 in
542 2921 716 2988 ipsum
743 2922 789 2976 ‘.

333 3011 536 3065 Anima
568 3022 742 3066 autem
774 3030 889 3068 mea
928 3015 1216 3070 exsultabit
1246 3016 1301 3069 in
1335 3014 1581 3084 Domino,
1621 3027 1672 3072 et
1696 3018 1839 3073 dele-

260 3105 499 3156 ctabitur
527 3121 686 3173 super
712 3108 940 3160 salutari
966 3125 1083 3162 suo.

329 3195 526 3252 Omnia
582 3215 699 3254 ossa
754 3217 870 3256 mea
920 3203 1092 3257 dicent
1129 3218 1148 3258 :
1182 3203 1426 3266 Domine,
1486 3206 1603 3273 quis
1647 3203 1837 3259 similis

261 3288 449 3343 tibi“?

329 3383 579 3452 Eripiens
631 3385 839 3451 inopem
886 3386 950 3439 de
994 3404 1158 3441 manu
1203 3388 1479 3457 fortior-um
1516 3391 1648 3459 ejus,
1718 3408 1837 3461 ege-

260 3490 388 3525 num
430 3482 478 3526 et
520 3490 807 3544 pauperem
858 3492 889 3539 ᾳ
923 3476 1290 3543 diripientibus
1337 3494 1476 3531 eum.
1514 3477 1837 3548 Surgentes“

260 3574 419 3619 testes
450 3568 620 3637 iniqui
658 3584 774 3636 qua:
804 3568 1117 3637 ignorabam
1140 3570 1547 3640 interrogabant
1574 3587 1678 3625 me.

330 3659 702 3713 Retribuebant
734 3661 861 3715 mihi
907 3659 1054 3716 mala
1106 3676 1200 3732 pro
1232 3661 1379 3716 bonis
1424 3679 1443 3715 :
1490 3663 1834 3718 sterilitatem

260 3753 457 3807 anima:
490 3769 639 3808 meae.

335 3935 443 4005 Ego
472 3945 651 3991 autem
682 3953 800 3991 cum
840 3940 968 3993 mihi
996 3938 1202 3993 molesti
1230 3946 1420 4003 essent,
1487 3938 1746 3994 induebar
1769 3943 1838 3995 ci-

261 4026 403 4079 ficio.

333 4120 694 4175 Humiliabam
724 4122 781 4175 in
805 4121 1018 4192 jejunio
1049 4123 1289 4177 animam
1315 4139 1491 4178 meam
1523 4139 1542 4179 :
1580 4134 1627 4179 et
1664 4126 1836 4180 oratio

263 4229 377 4265 mea
406 4216 457 4266 in
488 4216 609 4268 sinu
634 4229 747 4266 meo
785 4224 1131 4271 convertetur.

2557 961 2682 1001 HUIC
2714 961 2892 1004 DAVID.

2024 1051 2513 1123 Judica,Domine,
2564 1068 2829 1115 nocentes
2878 1075 3012 1117 me:
3046 1076 3299 1134 expugna
3347 1064 3527 1137 impu-

1951 1154 2179 1212 gnantes
2208 1141 2334 1218 [ms.
2368 1151 2769 1223 expugnantes]
2792 1169 2900 1209 mc.

2021 1236 2389 1307 Apprebende
2420 1258 2571 1298 arma
2604 1254 2659 1299 et
2697 1255 2917 1301 scutum
2948 1264 2963 1302 :
2995 1256 3053 1306 et
3086 1264 3319 1320 exsurge
3343 1252 3405 1307 in
3426 1254 3523 1309 ad-

1939 1328 2204 1398 jutorium
2248 1331 2401 1390 mihi.

2016 1423 2249 1480 Etfuude
2268 1426 2554 1497 frameam,
2585 1439 2640 1485 et
2670 1432 3248 1504 concludeladversus
3296 1452 3392 1493 eos
3425 1440 3519 1509 qui

1947 1530 2035 1570 me
2092 1524 2662 1590 persequunturzdie
2723 1528 2919 1585 animae
2990 1545 3146 1598 meae,
3211 1531 3372 1588 Salus
3430 1543 3520 1588 tua

1877 1632 1920 1688 Β
1945 1623 2048 1679 ego
2081 1625 2227 1667 sum.

2020 1702 2441 1762 Confundantur
2472 1717 2529 1765 et
2559 1727 2923 1771 revereantur
2960 1716 3170 1774 inimici
3215 1720 3320 1775 mei
3346 1720 3388 1787 ⁸,
3423 1722 3518 1792 qui

1946 1806 2203 1864 quaerunt
2224 1800 2460 1856 animam
2489 1818 2690 1861 meam.

2017 1889 2356 1947 Avertantur
2380 1904 2709 1966 retrorsum,
2757 1912 2815 1957 et
2843 1903 3193 1972 erubescant,
3220 1906 3317 1977 qui
3369 1909 3520 1980 cOgi-

1949 1991 2067 2041 tant
2095 1984 2216 2059 [ms.
2246 1990 2575 2062 cogitantes]
2603 1995 2732 2049 mihi
2750 1998 2911 2053 mala.
2993 2033 3015 2054 .

2016 2076 2175 2134 Fiant
2206 2089 2466 2152 tanquam
2500 2087 2677 2156 pulvis
2706 2099 2832 2145 ante
2890 2091 3085 2147 faciem
3114 2093 3285 2160 venti,
3334 2104 3388 2150 et
3418 2111 3518 2150 an-

1946 2170 2101 2238 gelus
2135 2173 2355 2231 Domini
2385 2177 2629 2250 aﬂligens
2659 2197 2753 2237 eos
2771 2187 2814 2239 '.

2017 2263 2177 2321 Fiant
2219 2270 2319 2323 via.-
2371 2285 2563 2327 eorum
2615 2276 2854 2331 tenebrae
2886 2288 2941 2333 et
2983 2277 3255 2334 lubricum
3287 2292 3303 2334 :
3336 2290 3392 2337 et
3419 2297 3519 2337 an-

1944 2357 2097 2425 gelus
2128 2359 2341 2415 Domini
2392 2379 2733 2435 persequens
2762 2384 2878 2424 eos.

2015 2448 2282 2514 Quoniam
2305 2456 2477 2522 gratis
2502 2459 2913 2517 absconderunt
2939 2463 3071 2517 mihi
3099 2464 3399 2533 interitumf
3440 2467 3520 2523 la-
3544 2480 3559 2487 '

1943 2540 2173 2608 queisui
2199 2558 2211 2592 :
2238 2560 2378 2601 vane
2410 2550 2882 2617 cxprobraverunt
2912 2554 3150 2610 animam
3180 2572 3377 2612 meam.

2017 2634 2211 2690 Veniat
2241 2636 2345 2693 illis
2396 2639 2625 2709 laqueus
2650 2658 2815 2712 quem
2850 2644 3129 2714 ignorant,
3194 2657 3250 2702 et
3308 2648 3513 2718 captio.

1942 2739 2105 2793 quam
2127 2730 2567 2795 occultaverunt,
2592 2737 2968 2803 apprehendat
2986 2735 3108 2807 [ms.
3160 2738 3521 2807 comprehen-

1943 2817 2037 2872 dat
2059 2818 2177 2891 eos]
2212 2836 2228 2878 :
2271 2829 2326 2876 et
2348 2823 2402 2876 in
2434 2823 2689 2893 laqueum
2723 2827 2965 2881 incidant
2995 2829 3048 2882 in
3081 2829 3339 2897 idipsum.

2016 2911 2209 2967 Anima
2260 2924 2441 2970 autem
2500 2933 2621 2972 mea
2673 2921 2969 2975 exsultabit
3035 2922 3088 2976 in
3154 2923 3427 2980 Domino:
3463 2935 3520 2980 et

1943 2998 2305 3058 delectabitur
2333 3020 2500 3077 super
2530 3010 2769 3065 salutare
2800 3012 2920 3081 ejus
2950 3013 3019 3066 ιο.

2018 3097 2210 3152 Omnia
2233 3114 2353 3155 ossa
2376 3117 2494 3158 mea
2528 3103 2716 3159 dicent
2746 3120 2761 3157 :
2797 3105 3049 3173 Domine,
3077 3109 3198 3178 quis
3227 3110 3517 3184 similisti-

1943 3183 1997 3237 bi
2031 3184 2456 3260 ?eripiens[ms.
2492 3192 2723 3264 eruens]
2754 3192 2973 3263 inopem
3005 3197 3073 3250 de
3118 3213 3281 3252 manu
3319 3199 3514 3253 fortio-

1944 3280 2020 3332 ris
2041 3279 2159 3348 ejus
2195 3298 2209 3335 :
2254 3296 2487 3351 egenum
2509 3293 2564 3337 et
2592 3300 2886 3355 pauperem
2912 3303 2942 3343 a
2986 3289 3328 3361 rapientibus
3387 3307 3514 3348 eum

1943 3369 2061 3443 [ms.
2091 3372 2525 3448 diripientibus].

2013 3464 2383 3537 Exsurgcntes
2405 3470 2528 3541 [ms.
2568 3473 2947 3548 lnsurgentes].
2974 3484 3139 3533 testes
3172 3477 3370 3549 iniqui,
3392 3495 3518 3550 quae

1941 3556 2255 3628 ignorabam
2287 3563 2699 3633 interrogabant
2729 3584 2814 3623 me
2845 3588 2859 3625 :
2886 3579 2941 3625 et
2983 3569 3107 3641 [ms.
3134 3581 3237 3624 tae.
3258 3570 3336 3643 et]
3358 3575 3517 3627 retri—

1940 3651 2183 3707 buebant
2211 3654 2344 3707 mibi
2381 3656 2519 3709 mala
2550 3671 2648 3726 pro
2677 3658 2860 3725 bonis,
2914 3670 2969 3714 et
3018 3660 3367 3717 sterilitatem
3397 3666 3516 3717 anis

1939 3760 2042 3797 ma:
2064 3759 2219 3799 meai.

2012 3833 2126 3901 Ego
2169 3845 2351 3890 autem
2387 3837 2511 3890 dum
2554 3838 2679 3910 [ms.
2715 3841 2864 3912 cum]
2901 3841 3031 3896 mibi
3056 3841 3268 3897 molesti
3303 3850 3510 3905 essent,

1940 3925 2232 3981 induebam
2257 3944 2345 3982 me
2378 3930 2557 3985 cilicio
2594 3929 2723 4002 [ms.
2751 3932 3035 4004 cilicium],
3068 3940 3123 3987 et
3154 3933 3510 3989 humiliabam

1942 4017 1995 4072 in
2018 4017 2228 4089 jejunio
2274 4021 2509 4075 animam
2540 4038 2737 4089 meam,
2771 4032 2825 4079 et
2854 4025 3032 4080 oratio
3088 4040 3210 4081 mea
3265 4027 3320 4081 in
3387 4026 3511 4083 sinu

1938 4128 2061 4169 meo
2096 4112 2216 4185 [ms.
2267 4113 2445 4168 sinum
2481 4114 2686 4187 meum]
2720 4117 3161 4174 convertebatur.

2015 4205 2172 4262 Sicut
2229 4208 2559 4277 proximum,
2584 4218 2639 4263 et
2674 4208 2795 4280 [ms.
2824 4222 2929 4263 tac.
2997 4210 3078 4281 et]
3111 4210 3251 4264 sicut
3295 4210 3511 4265 fratrem

334 4307 495 4370 Quasi
528 4309 853 4376 proximum,
892 4316 939 4361 et
963 4308 982 4338 ⁷
1027 4309 1178 4378 quasi
1213 4309 1435 4377 fratrem
1466 4319 1727 4377 nostrum,
1761 4312 1837 4364 sic

1988 4309 2222 4365 ostrum,
2250 4302 2323 4355 ita
2338 4302 2744 4372 complacebam
2774 4321 2788 4358 :
2812 4314 3069 4368 tanquam
3091 4305 3283 4374 lugens
3306 4314 3361 4358 et
3377 4320 3513 4359 eon-

264 4400 677 4466 eomplacebam;
746 4400 900 4470 quasi
937 4401 1114 4469 lugens
1150 4413 1197 4454 et
1239 4402 1613 4465 contristatus,
1637 4404 1711 4456 sic
1739 4404 1839 4457 ltu-

266 4491 530 4544 miliabar.

343 4655 357 4725 ξ
387 4652 619 4725 Temere
642 4653 699 4707 in
730 4652 977 4709 Palatino
1011 4656 1138 4710 cod.
1169 4657 1392 4725 sequior
1422 4670 1614 4714 manus
1643 4659 1842 4715 rescri-

264 4723 370 4792 psit
394 4724 742 4791 derelinquet.

265 4796 351 4915 ἐξ
398 4794 852 4864 Ρι-ωροείιίοηεω
884 4812 947 4850 ea:
980 4795 1048 4851 de
1077 4810 1231 4852 more
1284 4795 1520 4852 Palatin.
1553 4811 1657 4853 ms.
1717 4799 1839 4852 ὀδε-

268 4878 294 4915 Α
322 4882 419 4915 εει.

268 4863 419 4925 λίζει.

343 4934 579 5008 'lterum
640 4936 897 4993 secundis
939 4937 1089 4993 curis
1146 4937 1444 5008 repositum
1497 4936 1553 4991 in
1599 4937 1837 4996 Palatin.

265 5020 363 5058 ms.
396 5007 482 5074 qui
518 5012 783 5074 quaerant.

340 5075 561 5149 fCarus
588 5075 807 5129 obelum
838 5076 1024 5149 verbis
1074 5079 1129 5133 in
1160 5081 1333 5146 ipsum
1359 5089 1746 5149 praeposuerat.
1780 5081 1840 5135 ln

268 5145 499 5221 Palatin.
532 5155 721 5198 autem
778 5147 901 5202 cod.
938 5145 1224 5219 rescripsit
1280 5145 1507 5221 sequior
1561 5165 1755 5205 manus
1784 5154 1839 5205 in

268 5234 402 5270 τωο.

286 5233 477 5342 pimus.
518 5288 799 5343 Palatinus
837 5295 948 5359 quis
974 5291 1162 5345 similis
1196 5293 1321 5346 tui?

341 5359 571 5413 “Denuo
598 5370 805 5413 temere
859 5364 1009 5429 prior
1039 5380 1063 5416 s
1096 5364 1273 5417 littera
1344 5363 1395 5415 in
1442 5362 1679 5418 Palatin.
1728 5379 1830 5419 ms.

264 5428 501 5503 deletur,
534 5440 595 5503 ut
622 5433 836 5499 legatur
862 5428 976 5486 alio
1000 5446 1185 5497 sensu,
1219 5440 1483 5503 urgentes.

340 5500 359 5530 ⁷
380 5500 435 5553 in
472 5500 664 5555 eodem
689 5516 788 5555 ms.
823 5512 873 5556 et
894 5504 1084 5569 copula
1117 5500 1479 5558 desideratur.

350 5570 368 5601 ³
392 5569 603 5626 Tacent
635 5572 688 5627 in
712 5571 1011 5630 Vcroncnsi
1050 5589 1149 5629 ms.
1183 5585 1239 5629 ut
1292 5584 1347 5630 et
1377 5575 1519 5644 apud
1576 5577 1837 5646 Augusti-

1942 4395 2211 4460 tristatus,
2245 4394 2316 4447 ita
2352 4394 2698 4449 bumiliabar.

2021 4489 2063 4519 “
2098 4487 2373 4543 Adversus
2406 4502 2492 4542 me
2524 4486 2688 4540 luetati
2718 4495 2846 4541 sunt
2881 4526 2899 4551 ,
2982 4496 3039 4541 et
3089 4497 3469 4543 convenerunt
3498 4527 3515 4552 ,

1943 4672 2073 4713 num
2111 4669 2273 4731 voces
2296 4653 2506 4731 inimici
2531 4655 2668 4731 .me‘i.
3158 4719 3170 4731 .
3286 4719 3298 4730 δ

2013 4732 2033 4762 ³
2094 4726 2264 4780 Iidem
2296 4726 2419 4777 libri
2472 4723 2735 4776 tribulans
2770 4738 2858 4777 eos
2896 4739 2913 4777 :
2948 4731 3060 4778 tum
3100 4723 3298 4773 minori
3328 4736 3517 4774 nume-

1944 4815 2027 4862 ro,
2054 4797 2176 4850 Fiat
2227 4796 2310 4848 via
2341 4810 2522 4846 eorum
2559 4810 2577 4847 :
2617 4802 2672 4847 et
2727 4794 2887 4860 paulo
2946 4802 3091 4860 post,
3135 4794 3559 4843 absconderant.

1945 4870 2074 4924 mihi
2106 4864 2501 4934 corruptionem
2566 4863 2882 4934 muscipula:
2931 4878 3062 4934 sum,
3098 4862 3244 4927 quod
3314 4877 3513 4915 nomen

1945 4954 2045 5009 pro
2080 4932 2275 5005 laqueo
2301 4932 2916 5009 subsequentibus'locis
2952 4932 3160 5009 iterum
3203 4934 3518 5009 iterumque

1943 5002 2164 5064 servant
2192 5020 2206 5058 :
2241 5005 2533 5074 muscipula
2560 5018 2716 5073 quam
2741 5005 2987 5073 ignorant
3011 5014 3029 5053 :
3057 5014 3113 5059 et
3144 5004 3199 5056 in
3221 5002 3518 5071 muscipula

1944 5080 2174 5133 incident
2206 5077 2343 5144 ipsa.

2015 5151 2057 5182 ³ο
2101 5143 2329 5201 Librarii
2381 5143 2577 5197 mendo
2630 5154 2777 5197 tuum
2844 5144 2974 5214 legit
3042 5143 3343 5200 Veronens.
3410 5155 3510 5195 ius.

1943 5236 2044 5292 pro
2078 5234 2254 5292 suum,
2290 5222 2349 5268 ut
2384 5216 2633 5292 cstapud
2658 5217 3054 5292 Augustinum.

2019 5277 2615 5354 “Continenterjuitta
2643 5277 2872 5355 Aug'nst.
2912 5286 3217 5340 Vcronens.
3274 5296 3375 5336 ins.
3443 5277 3513 5330 Et

1943 5364 2194 5417 adversus
2230 5370 2309 5409 me
2359 5355 2527 5407 ltetati
2559 5367 2704 5419 sunt,
2738 5366 2785 5410 et
2804 5368 3162 5429 convenerunt
3215 5356 3267 5405 in
3328 5365 3515 5429 uuuulf,

1943 5438 2259 5502 congregata
2290 5437 2411 5479 sunt
2445 5429 2499 5479 in
2534 5427 2889 5502 meﬂagella.
2924 5438 2970 5481 ct
2996 5428 3387 5502 iguoravcrunt.
3429 5419 3519 5471 Di-

1941 5497 2088 5558 scissi
2119 5497 2238 5555 sunt
2274 5514 2291 5552 :
2322 5512 2435 5553 tum
2467 5508 2515 5552 et
2551 5500 3013 5554 subsuunavcrunt
3083 5509 3160 5549 mc
3214 5497 3489 5545 subsauua

1944 5577 2161 5636 tionem,
2194 5581 2299 5626 etc.
