3898 6172
350 258 455 329 187

1268 251 1330 314 S.
1370 246 1810 312 IHERONYMI
1849 243 2121 307 DIVINA
2163 238 2673 303 BIBLIOTHECA

3502 224 3613 293 HS

417 375 486 429 Et
539 373 814 427 adversum
872 384 953 422 me
1006 366 1171 421 (artati
1222 373 1366 427 sunt,
1400 376 1448 417 et
1501 370 1854 417 convenerunt
1894 362 2073 422 :Aet
2142 360 2617 426 congregavcrunt
2670 350 2723 404 in
2784 362 2869 402 me
2930 346 3159 416 ﬂagella,
3224 352 3281 399 et
3329 342 3613 413 ignorave-

346 473 665 533 congregata
697 468 819 516 sunt
850 474 1007 527 super
1032 473 1112 511 me
1140 456 1381 526 ﬂagella,
1424 460 1471 506 et
1509 455 1771 523 ignoravi.

420 555 675 621 Dissipati
725 562 867 613 sunt,
921 567 1015 604 nec
1066 549 1382 616 compuncti,
1434 554 1769 600 tentaverunt
1821 563 1920 613 me,

347 649 802 702 subsannaverunt
843 659 921 695 me
951 640 1367 696 subsannatione
1395 655 1414 692 :
1455 639 1801 708 [renduerunt
1831 656 1925 693 su-

348 753 443 806 per
475 755 553 791 me
584 738 821 790 dentibus
850 736 982 787 suis.

428 832 667 889 Domine,
688 828 899 899 quando
919 828 1161 894 respicies
1180 826 1205 878 Ρ
1226 824 1462 878 Restitue
1487 826 1723 879 animum
1751 839 1924 878 meam

350 940 382 977 a
415 920 743 990 malignitate
770 934 974 981 eorum,
1007 934 1037 970 a
1078 916 1310 970 leonibus
1341 917 1553 970 unicam
1580 931 1775 969 meam.

421 1076 723 1145 Conﬁtebor
757 1076 849 1130 tibi
878 1079 931 1129 in
964 1074 1183 1129 ecclesia
1215 1088 1448 1145 magna:
1480 1073 1532 1127 in
1557 1072 1752 1143 populo
1773 1074 1925 1144 gravi

351 1169 577 1222 laudabo
604 1176 672 1221 te.

424 1258 547 1311 Non
588 1257 1014 1327 supergaudeant
1067 1257 1216 1319 mihi,
1252 1256 1343 1327 qui
1393 1254 1748 1310 adversantur
1796 1255 1926 1310 mihi

348 1353 527 1421 inique
552 1369 572 1406 :
600 1355 690 1422 qui
717 1356 940 1405 oderunt
972 1365 1055 1403 me
1080 1351 1271 1420 gratis,
1310 1357 1359 1403 et
1388 1358 1631 1402 annuunt
1664 1346 1853 1401 oculis.

422 1513 691 1579 Quoniam
722 1511 851 1565 mihi
871 1511 1081 1582 quidem
1108 1507 1326 1577 paciﬁce
1357 1507 1708 1577 loquebantur
1737 1543 1755 1570 ,
1796 1513 1847 1557 et
1873 1506 1928 1558 in

352 1604 724 1674 iracundiax
759 1613 915 1657 teme
960 1603 985 1674 ζ
1039 1600 1337 1673 loquentes'
1404 1600 1553 1655 dolos
1598 1598 1924 1669 cogitabant.

431 1764 498 1818 Et
544 1764 899 1818 dilataverunt
950 1779 1109 1830 super
1157 1778 1236 1815 ine
1276 1778 1333 1816 os
1387 1777 1563 1824 suum,
1625 1761 1872 1815 dixerunt
1908 1775 1929 1815 :

358 1854 524 1924 Euge,
565 1870 707 1922 euge.
751 1852 992 1906 viderunt
1023 1851 1161 1904 oculi
1190 1853 1377 1905 nostri.

430 1946 643 2009 Vidisti,
680 1945 924 2010 Domine,
958 1960 1020 1997 ne
1059 1945 1220 1997 sileas
1254 1960 1272 1997 :
1313 1943 1559 2004 Domine,
1587 1955 1654 1995 ne
1686 1940 1928 1996 discedas

353 2057 385 2093 a
414 2058 512 2094 me.

428 2132 688 2202 Exsurge,
718 2140 765 2185 et
810 2130 1021 2184 intende
1059 2131 1262 2201 judicio
1298 2145 1410 2184 meo
1443 2142 1461 2183 :
1494 2128 1636 2183 Deus
1677 2142 1845 2193 meus,
1880 2131 1931 2180 et

360 2221 617 2277 Dominus
656 2227 837 2276 meus'
868 2224 923 2277 in
958 2239 1175 2277 causam
1212 2239 1408 2276 meam.

324 2451 347 2470 ⁹
425 2382 619 2438 Indica
653 2401 730 2438 me
755 2386 1035 2439 secundum
1057 2386 1325 2456 justitiam
1349 2391 1519 2448 tuam,
1548 2381 1767 2438 Domine
1791 2381 1931 2437 Deus

358 2491 520 2539 meus,
560 2486 609 2529 et
648 2493 751 2529 non
785 2479 1211 2548 supergandeant
1249 2480 1400 2537 mihi.

428 2565 550 2619 Non
579 2566 754 2621 dicant
787 2569 842 2621 in
873 2569 1113 2623 cordibus
1143 2575 1249 2626 suis
1276 2586 1295 2626 :
1331 2572 1500 2643 Euge,
1530 2588 1658 2642 euge
1673 2571 1714 2639 ³,
1742 2570 1935 2626 animos

358 2671 551 2713 nostra:
581 2675 601 2724 ;
634 2676 726 2714 nec
752 2660 933 2714 dicant
966 2678 986 2716 :
1016 2662 1404 2719 Devoravimus
1438 2680 1579 2721 eum.

432 2820 784 2885 Erubescant,
830 2829 879 2875 et
916 2831 1263 2875 revereantur
1292 2821 1477 2889 simul,
1514 2822 1606 2893 qui
1644 2822 1936 2894 gratulan-

362 2926 450 2969 tur
483 2914 637 2967 malis
663 2915 811 2967 meis.

431 3004 733 3059 Induantur
784 3006 1091 3075 confusione
1141 3017 1190 3061 et
1244 3011 1562 3077 reverentia,
1615 3009 1708 3081 qui
1740 3026 1937 3081 magna

358 3096 687 3160 loquuntur‘
721 3112 883 3165 super
918 3114 1019 3152 me.

431 3186 732 3251 Exsultent,
759 3200 807 3242 et
839 3189 1085 3244 leuentur
1107 3191 1195 3259 qui
1226 3189 1406 3246 uolunt
1430 3191 1699 3260 justitiam
1723 3208 1892 3247 meam
1919 3208 1940 3257 ;

359 3292 407 3336 et
438 3284 617 3337 dicant
649 3300 853 3354 semper
878 3299 901 3341 :
931 3285 1307 3358 Magniﬁcetur
1347 3286 1625 3355 Dominus,
1650 3289 1740 3360 qui
1761 3288 1941 3343 volunt

362 3392 547 3445 pacem
575 3377 714 3430 servi
743 3378 877 3446 ejus.

435 3466 505 3519 Et
536 3467 717 3537 lingua
740 3485 857 3523 mea
893 3469 1235 3525 meditabitur
1266 3470 1541 3543 justitiam
1583 3480 1765 3538 tuam,
1826 3480 1939 3528 tota

365 3558 451 3614 dit.
480 3560 694 3615 laudem
730 3572 900 3618 tuum.

2030 459 2180 506 runt.

2095 538 2359 595 Dissoluti
2393 547 2542 599 sunt,
2583 548 2686 590 nec
2711 530 3027 600 compuncti
3063 534 3213 590 sunt,
3252 531 3617 578 tentavernnt

2028 650 2136 698 me,
2167 642 2221 686 et
2250 630 2561 685 deriserunt
2586 624 2775 680 derisu
2808 639 2823 677 :
2861 621 3166 677 stridet-unt
3197 617 3252 671 in
3297 632 3383 670 tne
3429 615 3617 670 denti-

2026 724 2131 779 bus
2172 721 2314 775 suis.

2100 814 2350 878 Domine,
2413 809 2633 880 quando
2703 796 3306 875 respieies?Restitue
3370 800 3617 855 animam

2028 920 2203 960 meam
2231 920 2263 960 a
2316 902 2618 957 malefactis
2664 900 2791 972 [ms.
2832 898 2900 954 ab
2946 893 3187 967 astutiis]
3223 910 3438 959 eorum,
3497 903 3613 947 eta

2026 998 2283 1053 leonibus
2313 996 2528 1050 unicam
2566 1009 2763 1049 meam.

2097 1088 2415 1145 Conﬁtebor
2443 1087 2563 1149 tibi,
2590 1085 2837 1150 Domine,
2866 1082 2920 1138 in
2953 1080 3187 1137 ecclesia
3224 1093 3420 1148 magna
3476 1075 3609 1150 [ms.

2029 1179 2223 1253 multa]
2259 1199 2275 1237 :
2314 1181 2368 1233 in
2404 1178 2605 1249 p0pulo
2643 1175 2797 1247 gravi
2822 1172 3063 1228 laudabo
3100 1181 3174 1226 te.

2094 1274 2161 1330 Ut
2185 1272 2307 1343 [ms.
2341 1281 2478 1325 tacet
2513 1268 2592 1341 ut]
2627 1284 2733 1323 non
2777 1265 3119 1321 insultentin
3156 1278 3244 1317 me
3284 1261 3406 1332 [ms.
3430 1258 3614 1330 mihi].

2029 1367 2121 1435 qui
2182 1364 2546 1419 adversantur
2602 1345 2747 1414 .mihi
2800 1359 3029 1427 inique;
3080 1356 3172 1426 qui
3235 1355 3470 1408 oderunt
3524 1367 3619 1406 me

2029 1457 2218 1527 gratis.
2247 1464 2300 1509 et
2331 1454 2647 1509 annuebant
2669 1453 2793 1523 [ms.
2829 1446 3164 1520 annuentes]
3189 1446 3387 1500 oculis.

2104 1548 2380 1615 Quoniam
2442 1545 2581 1599 mihi
2627 1543 2844 1614 quidem
2906 1538 3290 1611 paciﬁcefms.
3359 1534 3616 1608 paciﬁca]

2031 1639 2396 1709 loquebantur
2422 1652 2439 1695 :
2467 1644 2521 1691 et
2552 1650 2719 1705 super
2745 1632 2882 1688 iram
2928 1630 3057 1703 [ms.
3089 1630 3145 1684 in
3170 1628 3270 1698 ira]
3303 1629 3486 1682 dolose
3515 1640 3619 1681 co-

2070 1732 2305 1785 itabant.

2072 1751 2305 1785 uanam.

2034 1751 2065 1803 g
2105 1816 2522 1876 Dilataverunt"
2556 1816 2609 1872 in
2646 1831 2734 1870 me
2761 1829 2822 1869 os
2861 1827 3049 1877 suum,
3079 1809 3339 1865 dixerunt
3388 1823 3402 1861 :
3442 1805 3617 1876 Euge,

2031 1924 2188 1978 euge,
2220 1907 2475 1961 viderunt
2531 1902 2676 1958 oculi
2726 1900 2934 1956 nostri:
2968 1897 3172 1964 vidisti,
3224 1894 3449 1950 Domine
3481 1935 3495 1960 ,
3545 1908 3621 1947 ne

2033 2001 2194 2056 sileas
2226 1998 2511 2058 :Domine,
2538 2010 2607 2050 ne
2626 1992 2879 2049 discedas
2902 2007 2932 2046 a
2960 2006 3068 2045 me.

2104 2139 2374 2208 Exsurge,
2430 2134 2684 2199 Domine,
2728 2139 2785 2187 et
2837 2130 3060 2186 intende
3113 2125 3381 2198 judicium
3430 2138 3616 2179 meum

2037 2232 2163 2306 [ms.
2192 2230 2401 2303 judicio
2434 2225 2604 2300 meo],
2631 2227 2774 2281 Deus
2794 2240 2968 2289 meus,
2993 2232 3048 2277 et
3071 2220 3340 2275 Dominus
3387 2216 3616 2271 meusin

2033 2340 2257 2382 causam
2310 2337 2513 2377 meam.

2109 2416 2308 2474 Judica
2348 2430 2436 2469 me
2481 2410 2785 2469 secundum
2861 2422 3109 2479 magnam
3172 2400 3612 2459 misericordiam

2036 2520 2185 2566 tuam
2215 2509 2237 2541 ⁸
2270 2548 2285 2575 ,
2316 2507 2546 2564 Domine
2578 2505 2725 2560 Deus
2752 2516 2927 2563 meus,
2987 2508 3048 2553 ut
3077 2513 3185 2553 non
3241 2495 3508 2549 insultent
3558 2494 3618 2547 in

2036 2619 2125 2659 tne
2176 2601 2385 2657 inimici
2440 2600 2596 2666 mei;
2636 2611 2735 2651 nec
2796 2595 2982 2648 dicant
3032 2592 3085 2644 in
3126 2588 3387 2644 cordibus
3424 2586 3540 2640 suis
3584 2602 3605 2637 :

2037 2699 2208 2767 Euge,
2237 2710 2398 2764 euge.
2431 2694 2640 2748 anima:
2674 2700 2892 2753 nostrae,
2924 2701 3025 2741 nec
3047 2684 3234 2739 dicant
3263 2698 3277 2737 :
3317 2678 3622 2737 Obsorbui-

2039 2805 2162 2845 [IIIIS
2193 2804 2261 2844 eu
2272 2804 2319 2842 Ill
2332 2826 2347 2843 ο
3362 2824 3365 2825 ν

2112 2883 2478 2944 Erubescant,
2511 2891 2568 2937 et
2599 2875 3182 2942 revereantur'simul,
3208 2872 3303 2944 qui
3330 2870 3615 2942 gratulany

2048 2985 2135 3030 tur
2165 2975 2323 3030 malis
2389 2974 2527 3028 meis
2562 2990 2578 3027 :
2628 2972 2928 3027 induantur
2966 2968 3175 3036 pudore
3200 2974 3251 3021 et
3294 2960 3624 3027 reverentia.

1966 3047 2009 3105 ο
2044 3066 2135 3136 qui
2164 3081 2360 3136 magna
2393 3065 2699 3135 loquuntur
2728 3062 3022 3117 adversum
3053 3074 3163 3115 me.

2116 3201 2487 3258 Exsultent'et
2511 3201 2766 3258 laetentur
2789 3199 2880 3269 qui
2904 3193 3371 3267 voluntjustitiam
3400 3203 3573 3245 meam
3604 3202 3624 3245 :

2046 3296 2301 3352 etdicant
2332 3310 2551 3364 semper
2584 3312 2599 3349 :
2643 3292 3027 3363 Magniﬁcetur
3064 3288 3348 3353 Dominus,
3374 3284 3465 3355 qui
3529 3297 3629 3335 vo-

2038 3388 2161 3445 lunt
2190 3403 2377 3460 pacem
2405 3389 2548 3443 servi
2576 3386 2716 3457 ejus.
2749 3385 2853 3441 Sed
2883 3384 3007 3456 [ms.
3042 3387 3177 3434 tacet
3209 3376 3337 3449 sed]
3358 3386 3412 3431 et
3436 3377 3629 3445 lingua

2043 3495 2162 3537 mea
2195 3478 2833 3551 meditabiturjustitiam
2880 3488 3031 3531 tuam
3066 3488 3083 3529 :
3114 3480 3224 3527 tota
3276 3469 3365 3524 die
3402 3467 3627 3522 laudem

2047 3578 2225 3625 tuam.

1661 3693 2015 3756 PSALMUS
2059 3697 2292 3761 XXXV.

683 3799 738 3839 Ill
772 3783 988 3851 πεῖρεν,
1021 3798 1186 3840 senvo
1220 3799 1406 3840 unum:
1441 3799 1619 3839 DAVID.

436 3943 582 3999 Dixit
606 3944 859 4015 injustas,
898 3954 952 4000 ut
977 3945 1249 4014 delinquat
1279 3947 1335 3999 in
1360 3945 1639 4014 semetipso
1675 3957 1694 3997 .'
1724 3958 1829 3997 non
1864 3948 1940 3997 est

369 4038 526 4093 timor
566 4038 662 4092 Dei
693 4048 815 4093 ante
853 4038 1031 4093 oculos
1071 4039 1206 4108 ejus.

439 4131 703 4194 Quoniam
750 4132 926 4184 dolose
954 4131 1058 4200 egit
1100 4133 1154 4184 in
1189 4138 1464 4201 conspectu
1497 4133 1613 4202 ejus
1650 4145 1669 4183 :
1706 4138 1763 4184 ut
1794 4130 1943 4184 inve-

370 4223 550 4275 niatur
572 4222 827 4291 iniquitas
858 4223 979 4288 ejus
1008 4222 1078 4275 ad
1107 4222 1305 4275 odium.

451 4313 615 4369 Verba
640 4318 745 4371 oris
776 4316 890 4387 ejus
917 4317 1168 4386 iniquitas
1200 4324 1247 4369 et
1274 4312 1424 4368 dolus
1462 4329 1479 4369 :

369 4425 511 4479 gere,
552 4416 609 4460 ut
635 4408 760 4462 bene
785 4416 981 4479 ageret.

442 4501 783 4570 Iniquitatem
821 4501 1103 4554 meditatus
1135 4513 1209 4555 est
1244 4503 1297 4555 in
1328 4504 1487 4557 cubili
1530 4521 1627 4559 suo

1523 4313 1696 4368 noluit
1736 4312 1941 4367 intelli-

1673 4519 1691 4557 :
1734 4502 1905 4556 astitit
1924 4503 1945 4534 ⁸

449 4657 464 4685 ί
536 4655 767 4710 Videtur
808 4654 989 4722 ipsum
1061 4670 1279 4724 quoque
1322 4655 1550 4710 verbum
1620 4655 1888 4719 loquentes
1928 4700 1942 4722 ,

376 4728 647 4779 asterisco
730 4722 1333 4794 illustrandumfsive
1401 4726 1503 4794 ipsi
1565 4727 1944 4793 postponemla

331 4797 553 4851 'limléa
606 4803 881 4864 puncta”:
940 4793 1022 4864 iu‘
1065 4793 1269 4849 Graecis
1337 4796 1483 4849 enim
1543 4794 1949 4864 exemplaribus

372 4870 680 4948 S-uuimunis
751 4862 1011 4918 editionis
1070 4877 1367 4934 utrumque
1418 4862 1787 4928 desideratur,
1844 4869 1950 4938 γῆς

375 4938 669 4997 ὶαιοῦντες
690 4973 704 4987 .

377 5014 461 5131 df
495 5005 550 5059 In
588 5002 837 5061 Palatino
871 5018 971 5058 ms.
1032 5019 1335 5076 pronomen
1368 5022 1511 5061 meus
1557 5005 1719 5063 obelo
1754 5006 1949 5063 conlo-

420 5089 547 5131 ηυγ.

420 5089 547 5132 itur.

444 5150 463 5179 ³
528 5152 775 5224 Alterum
817 5168 948 5224 euge
1003 5153 1059 5207 in
1114 5152 1355 5209 Palatin.
1418 5168 1519 5207 ms.
1575 5165 1710 5224 veru
1768 5148 1947 5224 praeli-

367 5236 495 5301 xum
522 5222 683 5277 habet
725 5239 738 5278 :
777 5220 1283 5279 tum'devorabimus
1312 5237 1413 5293 pro
1458 5220 1820 5278 devoravimus
1874 5220 1952 5274 le-

367 5302 534 5359 gitur.

440 5367 457 5391 ⁵
503 5365 658 5423 Haud
710 5369 856 5431 bene
912 5367 965 5422 in
1025 5367 1218 5423 eodem
1267 5368 1661 5436 ms.,maligna
1720 5362 1951 5433 loquun-

370 5441 455 5485 tur
477 5473 519 5508 ,ῳ
536 5453 635 5503 pro
659 5454 878 5508 magna,
914 5447 1025 5493 etc.

444 5503 808 5578 {Carusipsi
844 5510 1125 5562 Palatinus
1162 5521 1265 5561 ms.
1299 5506 1568 5575 prteponit
1598 5503 1873 5558 Psalmus.

448 5573 468 5602 ⁶
506 5573 779 5635 Palatinus
823 5593 924 5633 ms.
961 5578 1109 5633 hunc
1144 5588 1195 5633 et
1227 5573 1319 5646 qui
1382 5578 1623 5646 proxime
1666 5573 1952 5642 subsequi-

2048 3801 2101 3842 tl
2155 3801 2345 3851 I'INEI,
2413 3800 2584 3841 δειλγο
2625 3800 2808 3841 nouis:
2866 3799 3021 3840 eum
3093 3783 3215 3855 [ms.
3269 3799 3367 3841 IPSI
3435 3782 3620 3853 πλην]

2712 3871 2963 3911 PSALMUS.

2115 3949 2261 4003 Dixit
2294 3948 2549 4019 injustus,
2586 3957 2646 4002 ut
2708 3948 2989 4017 delinquat
3044 3947 3096 4001 iu
3131 3946 3466 4017 semetipso:
3508 3960 3620 4000 non

2049 4050 2136 4099 est
2162 4042 2329 4097 timor
2358 4041 2450 4096 Dei
2473 4051 2601 4096 ante
2634 4041 2826 4096 oculos
2865 4040 3005 4112 ejus.

2110 4133 2375 4199 Quoniam
2402 4133 2589 4188 dolose
2625 4133 2735 4203 egit
2756 4133 2809 4186 in
2838 4140 3135 4202 conspectu
3167 4130 3285 4203 ejus
3339 4146 3354 4188 :
3385 4140 3446 4187 ut
3472 4129 3629 4186 inve-

2048 4225 2195 4280 niret
2221 4226 2563 4295 iniquitatem
2589 4240 2741 4280 suam
2770 4234 2825 4279 et
2854 4224 3038 4279 odium
3068 4225 3089 4257 ⁹
3120 4266 3136 4284 .

2122 4314 2302 4371 Verba
2329 4315 2442 4369 oris
2466 4316 2586 4385 eius
2610 4315 2870 4385 iniquitas
2905 4326 2961 4369 et
2992 4316 3172 4382 dolus,
3205 4315 3383 4371 noluit
3416 4314 3631 4370 intelli-

2049 4424 2197 4481 gere,
2222 4418 2282 4463 ut
2312 4410 2450 4464 bene
2471 4417 2693 4481 ageret:
2725 4406 3069 4463 iniquitatem
3107 4408 3406 4463 meditatus
3447 4415 3536 4461 est
3575 4407 3630 4460 in

2048 4501 2217 4559 cubili
2252 4515 2372 4557 suo.

2048 4670 2163 4725 tur,
2212 4660 2399 4715 ohelos
2454 4656 2821 4727 praetermittit
2863 4671 2879 4721 ;
2925 4664 3041 4727 tum
3092 4654 3157 4709 ad
3187 4666 3404 4727 _versus
3468 4651 3634 4706 linem

2050 4724 2363 4810 Diapsal‘ma
2400 4724 2628 4810 apponit
2652 4739 2948 4810 ut‘ilumque
2972 4726 3155 4810 minus
3187 4724 3347 4810 bene.

2121 4792 2227 4854 "In
2255 4792 2565 4869 Augustino
2615 4806 2672 4869 et
2703 4792 3033 4869 Veronensi
3066 4808 3193 4859 ms.,
3245 4792 3313 4845 Et
3344 4793 3637 4869 dilatave:

2050 4880 2175 4926 runt
2209 4885 2227 4925 :
2263 4862 2376 4925 tum
2415 4869 2556 4923 idem
2588 4866 2713 4937 plus
2769 4867 2932 4937 habet
2970 4864 3231 4919 Dixerunt
3285 4865 3432 4927 mihi,
3460 4862 3638 4937 ⁸ψιψί

2050 4954 2354 5013 pronomen
2382 4954 2561 5013 neque
2591 4933 2842 5013 :Gnecus
2891 4935 3007 5004 ipse
3039 4942 3240 4998 textus,
3296 4949 3397 4987 nec
3460 4933 3586 4986 libri
3622 4969 3637 4996 ,

2051 5009 2191 5083 quos
2238 5010 2375 5083 sc_i_o,
2401 5010 2494 5063 alii
2527 5009 2755 5083 habent.

2121 5083 2144 5115 ⁸
2178 5082 2232 5135 In
2287 5071 2588 5133 Veronensi
2630 5091 2786 5145 reque
2817 5085 2981 5142 atque
3015 5072 3420 5145 Augustiniano
3484 5071 3646 5126 Psal-

2052 5152 2220 5213 terio,
2241 5150 2433 5205 Judica
2462 5165 2564 5213 me,
2591 5144 2832 5209 Domine,
2860 5144 3416 5214 secundumjustitiam
3436 5157 3639 5197 meam.

2054 5224 2277 5293 Domine
2313 5221 2446 5273 Deus
2482 5234 2646 5293 meus,
2677 5234 2780 5293 non
2818 5215 3095 5293 insultent,
3120 5213 3279 5293 etc‘.,_
3302 5229 3405 5266 non
3443 5213 3639 5293 dicunt

2053 5295 2108 5347 in
2137 5280 2290 5345 corde
2308 5305 2421 5352 suo,
2441 5297 2496 5344 et
2526 5280 2889 5342 absorbuimus
2915 5300 3014 5355 pro
3036 5285 3407 5355 obsorbuimus
3430 5298 3448 5338 :
3475 5280 3646 5355 deni-

2055 5377 2164 5432 que
2221 5360 2384 5432 paulo
2440 5367 2604 5428 post,
2636 5352 2981 5432 gratulantur
3010 5355 3166 5409 malis
3202 5355 3349 5421 meis,
3394 5352 3637 5406 induan-

2057 5428 2142 5485 tur
2171 5428 2525 5495 confusionem
2578 5437 2624 5482 et
2660 5428 3025 5481 reverentiam.

2126 5492 2334 5554 “Iidem
2387 5503 2547 5553 iniice
2622 5499 2767 5551 inter
2832 5512 2890 5551 se
2944 5493 3355 5550 consentientes
3395 5492 3523 5548 libri
3579 5500 3628 5544 et

2062 5572 2250 5627 odisset
2283 5586 2298 5623 :
2328 5572 2405 5625 sic
2447 5571 2588 5626 inira
2633 5568 2951 5621 odiolmbuit
2986 5582 3081 5637 pro
3110 5565 3271 5619 odivi.
