3898 6172
225 222 336 291 189

1464 216 1695 279 LIBER
1735 211 2254 282 lPSALMORUM.

3378 212 3481 280 190

215 339 281 403 »ζ
308 334 451 390 omni
487 334 508 404 ζ
543 332 642 387 vite
680 344 787 385 non
825 330 992 394 bonae,
1032 328 1299 382 malitiam
1332 340 1393 381 σε·
1421 338 1598 380 autem
1638 327 1660 393 ζ
1692 342 1796 379 non
1827 337 1874 390 Α
1975 326 2161 381 Astitit
2219 322 2368 379 omni
2402 321 2504 377 viae
2556 335 2663 376 non
2691 321 2851 376 bona:
2886 337 2900 375 :
2963 320 3229 376 malitiam
3295 337 3477 381 autem

213 424 399 480 edicit.

285 518 537 582 Domine,
566 517 622 570 in
643 517 769 573 ctelo
804 514 1167 577 misericordia
1208 522 1300 567 tua
1461 524 1509 568 et
1542 514 1564 583 ζ
1607 514 1799 566 veritas

217 623 310 666 tua
348 626 514 680 usque
542 612 612 664 ad
645 612 828 664 nubes.

280 703 504 758 Iustitia
535 712 630 755 tua
658 703 795 755 sicut
824 710 1022 757 montes
1049 701 1146 756 Dei
1181 714 1199 753 :
1224 700 1432 771 judicia
1455 707 1546 752 tua
1582 699 1797 768 abyssns

213 797 407 853 multa.

285 888 550 944 Homines
570 896 618 942 et
640 889 894 959 jumenta
918 885 1171 947 salvabis,
1220 882 1441 936 Domine
1471 898 1489 936 :
1529 880 1789 953 quemad-

217 982 423 1037 modum
452 979 831 1051 multiplicasti
852 977 1267 1032 misericordiam
1299 985 1470 1039 tuam,
1505 976 1690 1029 Deus!

283 1159 418 1214 Filii
443 1168 630 1213 autem
661 1157 959 1223 hominum,
995 1155 1051 1209 in
1091 1155 1318 1224 tegmine
1345 1151 1556 1207 alarum
1583 1162 1799 1209 tuarum

218 1254 532 1309 sperabunt.

278 1272 532 1308 emunt.

244 1272 712 1396 Plnebriabuntur
739 1339 804 1392 ab
838 1338 1075 1393 ubertate
1105 1334 1290 1391 domus
1319 1343 1447 1402 tute,
1488 1343 1540 1389 et
1569 1341 1802 1389 torrente

221 1435 501 1503 roluptatis
524 1436 542 1466 ί
579 1444 687 1487 tute
719 1432 926 1500 potabis
951 1446 1060 1485 eos.

291 1530 561 1597 Quoniam
595 1528 739 1597 apud
778 1535 825 1579 te
849 1533 925 1579 est
953 1526 1072 1595 fons
1094 1525 1234 1588 vitae,
1286 1527 1352 1592 >ε<
1380 1532 1431 1577 et
1467 1523 1491 1594 ζ
1521 1523 1575 1577 in
1603 1521 1804 1576 lumine

223 1633 311 1677 tuo
341 1622 637 1677 videbimus
674 1622 871 1674 lumen.

1902 435 2009 473 non
2041 418 2234 472 odivit.

1974 509 2223 573 Domine,
2281 507 2336 562 in
2374 506 2515 562 coelo
2548 504 2926 562 misericordia
2990 514 3126 561 tua:
3176 516 3228 562 et
3285 509 3487 563 veritas

1902 611 1994 659 tua
2017 616 2188 670 usque
2222 600 2287 654 ad
2313 601 2511 653 nubes.

1967 693 2188 748 Justitia
2243 700 2334 746 tua
2371 692 2513 747 sicut
2547 700 2760 747 montes
2809 688 2951 745 Dei:
3009 698 3065 745 et
3120 689 3332 760 judicia
3393 702 3485 746 tua

1902 788 2130 858 abyssus
2169 786 2338 840 multa
2365 787 2388 817 ⁵
2416 824 2432 840 .

1972 878 2236 932 Homines
2291 885 2347 931 et
2409 876 2654 946 jumenta
2718 876 2897 930 salvos
2950 876 3136 940 facies,
3200 873 3427 928 Domine
3465 888 3487 927 ε-

1902 969 2366 1042 quemadmodum
2418 968 2797 1036 multiplicasti
2840 967 3253 1023 misericordias
3315 974 3437 1019 tuas
3466 1007 3484 1032 ,

1902 1065 2046 1119 Deus
2082 1064 2095 1117 l

1975 1155 2098 1209 Filii
2153 1162 2336 1210 autem
2416 1154 2701 1208 hominum
2779 1151 2831 1205 in
2868 1151 3212 1221 protectione
3268 1150 3483 1205 alarum

1902 1256 2120 1301 tuarum
2155 1247 2453 1317 sperabunt
2482 1263 2497 1300 :
2539 1244 2963 1301 inebriabuntur
2994 1244 3064 1297 ab
3106 1243 3357 1298 ubertate
3383 1245 3487 1296 do-

1902 1353 2025 1395 mus
2058 1347 2165 1395 tum
2192 1379 2209 1407 ,
2241 1350 2298 1396 et
2328 1348 2574 1396 torrente
2606 1339 2904 1408 voluptatis
2933 1347 3039 1391 tuae
3084 1337 3300 1406 potabis
3325 1350 3447 1391 eos.

1975 1522 2244 1589 Quoniam
2272 1520 2418 1591 apud
2477 1532 2528 1576 te
2557 1529 2641 1575 est
2668 1518 2788 1573 fons
2814 1516 2937 1572 vita:
2969 1529 2985 1570 :
3016 1525 3069 1571 et
3097 1514 3222 1587 [τηε.
3249 1522 3386 1568 tacet
3406 1512 3486 1588 et]

1911 1612 1968 1666 in
2006 1613 2214 1668 lumine
2248 1623 2340 1667 tuo
2371 1611 2681 1666 videbimus
2713 1610 2925 1664 lumen.

292 1714 570 1769 Prwtende
601 1712 1019 1767 misericordiam
1045 1719 1197 1764 tuam
1224 1710 1504 1764 scientibus
1539 1718 1606 1773 te,
1639 1717 1688 1760 et
1710 1708 1805 1778 juc
1839 1680 1883 1737 Β
1984 1704 2269 1759 Practende
2296 1702 2728 1758 misericordiam
2757 1710 2904 1753 tuam
2936 1695 3241 1752 scientibus
3275 1704 3329 1749 te
3361 1711 3379 1750 τ
3428 1703 3486 1750 et

223 1808 421 1860 stiriam
459 1814 609 1858 tuam
641 1805 722 1859 bis
744 1805 836 1873 qui
870 1809 1008 1855 recto
1038 1808 1160 1854 sunt
1186 1801 1362 1854 corde.

290 1898 408 1952 Non
436 1900 613 1951 veniat
640 1896 768 1950 mihi
795 1910 883 1966 pes
909 1894 1164 1965 superbia:
1187 1908 1204 1947 :
1233 1901 1282 1946 et
1304 1908 1493 1947 manus
1522 1891 1813 1963 peccatoris

227 2006 328 2042 non
354 1998 563 2042 ηιουεαε
597 2004 701 2041 me.

289 2078 375 2134 Ibi
408 2079 713 2133 ceciderunt
746 2079 838 2149 qui
860 2086 1149 2149 operantur
1176 2077 1511 2146 iniquitatem
1542 2090 1561 2130 :
1603 2074 1811 2144 expulsi

226 2181 369 2235 sunt,
400 2186 494 2224 nec
512 2179 804 2238 potuerunt
838 2179 1009 2226 stare.

1904 1800 2175 1870 justitiam
2202 1806 2351 1851 tuam
2379 1796 2462 1850 his
2493 1794 2584 1863 qui
2624 1802 2777 1847 recto
2816 1801 2945 1846 sunt
2976 1792 3166 1846 corde.

1977 1892 2095 1946 Non
2135 1889 2318 1945 veniat
2341 1887 2475 1941 mihi
2505 1900 2600 1955 pes
2641 1884 2949 1955 superbire:
2983 1891 3041 1936 et
3071 1895 3263 1935 manus
3291 1894 3488 1949 pecca-

1908 1987 2086 2034 torum
2108 1994 2217 2033 non
2252 1984 2465 2030 moveat
2490 1973 2613 2045 [ms.
2649 1960 2924 2041 moveant]
2962 1985 3068 2024 me.

1979 2072 2059 2125 lbi
2085 2069 2612 2125 cecideruntomncs
2641 2066 2735 2134 qui
2765 2071 3067 2132 operantur
3090 2060 3439 2129 iniquitatem
3468 2072 3483 2113 :

1908 2163 2123 2234 expulsi
2156 2172 2311 2228 sunt,
2342 2174 2446 2216 nec
2480 2168 2780 2231 potuerunt
2808 2166 2980 2211 stare.

1522 2326 1659 2386 PSA
1673 2325 1883 2389 LMUS
1921 2320 2193 2419 XXX‘VI.

756 2446 825 2512 ὶί(
859 2458 957 2497 IPSI
992 2442 1016 2512 ζ
1049 2444 1269 2498 υλνιυι.

300 2559 498 2629 Aleplt.
547 2557 674 2612 Noli
719 2555 967 2613 temulari
1014 2557 1073 2609 in
1122 2553 1541 2626 malignantibus
1577 2591 1594 2620 ,
1646 2569 1814 2623 neque

227 2652 481 2706 selareris
515 2650 767 2720 facientes
791 2650 1155 2717 iniquitatem.
1545 2699 1549 2704 ,

302 2743 570 2808 Quoniam
655 2751 908 2809 tanquam
952 2740 1134 2809 fenum
1184 2739 1717 2802 aelociterarescent,
1766 2744 1815 2791 et

228 2835 671 2906 quemadmodum
702 2832 853 2887 olera
882 2832 1174 2887 herbarum
1209 2833 1353 2886 cito'
1383 2832 1644 2885 deciderit.

296 2929 461 2985 Betb.
490 2927 659 2994 Spera
689 2928 744 2981 in
775 2926 1021 2991 Domino,
1044 2933 1094 2978 et
1121 2926 1205 2995 fac
1235 2924 1521 2977 bonitatem
1551 2937 1569 2975 :
1600 2926 1666 2993 )t(
1698 2931 1747 2976 et
1772 2922 1795 2992 ζ

232 3024 472 3077 inhabita
503 3034 721 3087 terram,
756 3028 806 3074 et
833 3018 1065 3089 pasceris
1089 3020 1144 3072 in
1172 3017 1375 3072 divitiis
1394 3016 1535 3085 ejus.

306 3196 582 3251 Delectare
612 3197 668 3250 in
708 3195 971 3261 Domino;
1000 3204 1047 3250 et
1078 3194 1223 3249 dabit
1264 3193 1359 3247 tibi
1387 3192 1663 3262 petitiones
1694 3208 1813 3246 cor-

236 3290 312 3342 dis
339 3292 440 3343 uti.

300 3380 498 3436 Gimel.
538 3377 725 3433 Revela
787 3377 1012 3431 Domino
1042 3378 1183 3431 viam
1230 3384 1417 3454 tuam,
1463 3384 1514 3431 et
1552 3393 1710 3447 spera
1755 3377 1811 3430 in

236 3490 315 3541 eo,
346 3484 393 3530 et
427 3476 539 3545 ipse
568 3474 746 3543 faciet.

308 3653 379 3707 Et
408 3656 590 3709 educet
614 3656 769 3724 quasi
793 3653 967 3709 lumen
984 3655 1258 3726 justitiam
1284 3662 1456 3720 tuam,
1484 3662 1531 3707 ct
1548 3653 1814 3722 judicium

241 3754 497 3818 tanquam
530 3749 796 3802 meridiem
808 3784 823 3801 .

310 3840 523 3895 Daleth.
558 3841 807 3896 Subditus
842 3850 949 3897 esto
985 3841 1229 3908 Domino,
1269 3850 1319 3896 et
1359 3858 1455 3896 ora
1481 3857 1623 3900 eum.

313 3931 442 3986 Noli
468 3933 723 3987 σημαιανί
752 3935 807 3988 in
841 3950 901 3987 eo
931 3936 1022 4004 qui
1062 3944 1411 4006 prosperatur
1459 3936 1514 3988 in
1561 3933 1650 3987 eia
1679 3948 1778 3985 sua
1796 3946 1817 3996 ;

238 4025 295 4078 in
316 4025 524 4079 homine
548 4027 775 4095 laeiente
800 4027 1113 4097 injustitias.

314 4206 410 4261 lle.
466 4206 659 4261 Desine
706 4206 771 4259 ab
805 4207 912 4270 ira,
944 4216 992 4261 et
1037 4205 1342 4279 derelinque
1378 4206 1615 4276 furorem
1657 4223 1676 4261 :
1708 4207 1821 4262 noli

245 4300 510 4366 cmulari,
543 4310 601 4353 ut
638 4300 966 4369 maligneris.

320 4479 585 4544 Quoniam
659 4479 751 4548 qui
810 4477 1201 4548 molignantur,
1251 4476 1752 4531 exterminabunlur
1801 4494 1819 4532 :

242 4574 555 4625 sustinentes
595 4580 774 4623 autent
810 4568 1116 4636 Dominum,
1150 4569 1251 4638 ipsi
1281 4568 1670 4623 Ittzretlitabunt
1715 4576 1824 4622 ter-

244 4681 379 4718 rant.

324 4801 418 4855 ‘In
452 4800 710 4855 Palatino
739 4815 875 4864 ms.,
906 4798 1219 4853 voluntatis.

320 4873 338 4903 ¹
377 4872 534 4926 Hunc
564 4872 837 4939 psalmum
860 4879 1108 4924 recenset
1151 4870 1511 4940 Hieronymus
1547 4868 1601 4923 in
1632 4870 1822 4925 Prolo-

247 4958 320 5012 κο
348 4938 759 5011 Scripturarum
796 4943 937 4995 inter
966 4954 1062 5012 eos
1096 4941 1190 5009 qui
1221 4938 1414 5008 viginti
1440 4942 1672 5012 duarum
1723 4942 1822 4995 Iit-

251 5009 490 5068 ierarum
548 5022 811 5065 texuntur
876 5010 1169 5079 alphabeto
1236 5026 1249 5063 :
1313 5025 1482 5079 quare
1559 5009 1820 5077 litteras,

246 5087 368 5209 in:
424 5096 622 5136 earum
678 5081 902 5135 nomina
963 5080 1296 5134 retinuimus
1340 5082 1395 5133 in
1437 5080 1542 5135 hoc
1586 5080 1820 5148 psalmo.

370 5170 422 5207 τ.

370 5170 422 5207 τ.

320 5220 1195 5291 —Hebraicialphabetilitteras
1238 5219 1614 5290 cuiquejuxta
1675 5222 1823 5276 ordi-

247 5310 374 5349 nem
392 5295 573 5349 versui
618 5294 939 5361 praepositas
969 5291 1247 5346 Palatinus
1278 5306 1380 5343 ms.
1415 5296 1646 5360 ignorat.

322 5366 346 5395 ⁸
375 5366 467 5417 Hic
495 5364 723 5418 obelum
778 5361 1012 5417 Palatia.
1050 5377 1154 5416 ms.
1199 5365 1317 5416 voci
1348 5366 1451 5415 cito
1489 5364 1716 5432 praeﬁgit
1749 5404 1763 5428 ,
1792 5378 1821 5416 a

245 5437 645 5505 quorsequenti
670 5448 803 5487 vero
829 5442 877 5486 et
914 5432 1166 5500 copulam
1196 5431 1409 5505 etimit.

318 5506 341 5534 δ
370 5501 737 5560 Ρηέιει-ηιίεεδ
765 5514 815 5557 et
839 5506 1059 5572 copula,
1086 5502 1376 5555 unanimes
1430 5501 1693 5557 continuo
1749 5503 1823 5557 le-

246 5584 388 5641 gant
409 5577 747 5645 Augustinus
774 5587 830 5629 et
853 5573 1158 5645 Veronens.
1192 5587 1294 5625 ms.
1317 5572 1527 5645 Iudicia
1555 5584 1661 5645 tua
1679 5576 1819 5626 sicut

248 5648 467 5715 abyssus
496 5643 686 5700 inulta.
718 5646 970 5702 Homines
1004 5653 1050 5699 ct
1080 5643 1327 5713 jumenta
1354 5644 1604 5711 salvabis,
1637 5644 1818 5699 Domi-

1852 4338 1898 4394 l)

2378 2448 2503 2493 ιιυιε
2533 2432 2656 2504 [ms.
2678 2446 2774 2485 res:
2798 2427 2817 2502 ]
2850 2443 3031 2483 navm.

1979 2550 2170 2621 Aleplt.
2201 2548 2323 2604 Noli
2358 2545 2604 2602 aemulari
2637 2546 2658 2577 ⁸
2688 2543 2831 2598 inter
2887 2539 3270 2609 malignantes,
3302 2548 3490 2605 neque

1910 2645 2195 2699 aemulatus
2230 2642 2402 2696 fueris
2435 2639 2696 2695 facientes
2728 2633 3094 2705 iniquitatem.

1982 2737 2251 2803 Quoniam
2280 2745 2536 2801 tanquam
2553 2731 2739 2785 fenum
2778 2726 3041 2781 velociter
3100 2728 3354 2775 arescent
3389 2735 3404 2772 :
3436 2726 3495 2772 et

1909 2829 2055 2885 sicut
2093 2828 2240 2882 olera
2260 2824 2555 2880 herbarum
2581 2822 2692 2875 cito
2722 2817 2945 2873 cadent.

1980 2921 2133 2976 Beth.
2201 2918 2373 2990 Spera
2406 2916 2460 2970 in
2518 2914 2773 2978 Domino,
2819 2919 2875 2964 et
2910 2908 2995 2963 lac
3048 2905 3349 2960 bonitatem
3387 2921 3402 2958 :
3436 2908 3495 2960 et

1835 2999 1878 3058 ο
1915 3014 2161 3069 inhabita
2190 3022 2415 3074 terram,
2447 3015 2503 3063 et
2573 3002 2819 3076 pasceris
2845 3003 2900 3055 in
2953 2998 3160 3054 divitiis
3191 2996 3329 3068 [ms.
3355 2995 3494 3051 divi-

1917 3108 2066 3162 tibus
2099 3104 2119 3177 ]
2160 3105 2305 3176 ejus.

1991 3195 2352 3253 Delectareir.
2383 3188 2659 3247 Domino:
2707 3194 2763 3242 et
2797 3182 2953 3239 dabit
3014 3180 3111 3237 tibi
3154 3178 3480 3251 petitionem

1916 3289 2103 3349 cordis
2136 3286 2240 3343 tui.

1988 3379 2178 3438 Gimel.
2223 3375 2425 3432 Revela
2455 3372 2686 3430 Domino
2710 3367 2842 3442 [ms.
2897 3366 2966 3422 ad
2997 3364 3318 3434 Dominum]
3344 3363 3491 3417 viam

1919 3482 2090 3536 tuam.
2145 3480 2200 3526 et
2252 3481 2412 3539 spera
2469 3464 2524 3520 in
2574 3460 2689 3533 co[
2731 3476 2832 3515 ms.
2882 3454 3176 3529 eumjzet
3226 3455 3342 3524 ipse
3404 3450 3483 3506 ta-

1916 3568 2024 3624 ciet
2046 3568 2068 3599 ⁸
2088 3603 2104 3620 .

1989 3661 2055 3713 Et
2076 3657 2272 3712 educet
2315 3664 2572 3721 tanquam
2600 3649 2620 3721 [
2656 3664 2753 3702 ms.
2777 3644 2960 3715 sicut]
2989 3644 3176 3698 lumen
3200 3638 3477 3712 justitiam

1920 3762 2062 3808 tuam
2100 3759 2189 3816 ;et
2219 3747 2487 3819 judicium
2510 3752 2686 3806 tuum,
2728 3741 2872 3793 sicut
2897 3736 3210 3790 meridiem.

1994 3845 2200 3898 Daletlt.
2224 3839 2489 3895 Subditns
2520 3845 2637 3890 esto
2670 3831 2921 3892 Domino,
2955 3837 3010 3881 et
3038 3826 3271 3881 obsecra
3303 3838 3429 3879 eum
3477 3839 3493 3876 :

1920 3951 1989 3992 ne
2014 3933 2304 3990 aemulatus
2354 3929 2527 3984 fueris
2560 3924 2682 3998 [πω.
2708 3915 3135 3990 subaemnleris]
3179 3931 3332 3978 eum.
3401 3916 3499 3984 qui

1920 4036 2272 4096 prosperatur
2300 4021 2355 4075 in
2378 4019 2459 4074 via
2483 4032 2603 4083 sua,
2632 4015 2687 4069 in
2718 4011 2942 4067 homine
2986 4007 3224 4062 faciente
3294 4002 3503 4073 iniqui-

1921 4121 2111 4168 tatem.

1995 4201 2100 4260 lle.
2127 4201 2326 4257 Desine
2368 4199 2438 4254 ab
2468 4196 2574 4263 ira,
2606 4200 2664 4249 et
2693 4190 3015 4259 derelinque
3053 4185 3179 4259 [ms.
3218 4179 3498 4254 relinque]

1926 4296 2194 4361 furorem,
2237 4308 2306 4348 ne
2339 4287 2621 4348 aemuleris
2658 4284 2781 4357 [ms.
2816 4276 3241 4347 subxmulerisj,
3284 4285 3343 4330 ut
3390 4289 3517 4363 ne:

1927 4388 2108 4460 quiter
2139 4386 2306 4441 facias
2344 4384 2387 4439 ".

1999 4478 2268 4545 Quoniam
2314 4475 2410 4546 qui
2441 4473 2697 4543 nequiter
2728 4476 2915 4542 agunt,
2947 4460 3503 4521 exterminabuntur:

1929 4572 2023 4640 qui
2054 4583 2185 4624 vero
2217 4574 2538 4639 exspectant
2565 4562 2878 4626 Dominum,
2912 4556 3015 4629 ipsi
3037 4552 3356 4609 inmeditate
3382 4563 3506 4619 pos-

1930 4661 2186 4716 sidebunt
2217 4668 2443 4714 terram.

1932 4816 2015 4864 ne,
2043 4802 2179 4854 sicut
2216 4796 2575 4868 multiplicata
2622 4804 2693 4868 est
2710 4786 3071 4868 misericordia
3120 4794 3283 4868 tua)"

1929 4850 2393 4938 et'insequentisr
2416 4850 2671 4922 versiculi
2702 4865 2829 4926 line,
2860 4866 3144 4912 torrentem
3180 4850 3507 4906 deliciarum

1935 4950 2153 4993 tuarum
2182 4942 2386 5009 potabis
2420 4952 2529 5009 eos.

2006 5010 2027 5041 ⁵
2052 5010 2151 5065 Ms.
2183 4999 2531 5063 subwmulari
2566 5008 2621 5060 in
2652 4999 3062 5073 malignantibus
3125 5009 3290 5073 neque
3344 5004 3510 5073 temu-

1934 5081 2079 5143 leris,
2105 5090 2246 5145 etc.;
2282 5090 2393 5132 tum
2421 5079 2581 5133 unice
2608 5090 2736 5130 cum
2761 5066 3091 5140 Kugustino,
3116 5070 3217 5121 cito
3247 5066 3507 5121 arescent,

1932 5161 1980 5204 et
2013 5151 2148 5202 sicut
2180 5154 2330 5203 olera
2355 5150 2495 5218 prati
2523 5149 2626 5201 cito
2664 5148 2878 5218 cadent.

2003 5223 2025 5253 ⁸
2059 5221 2213 5285 Quod
2236 5209 2454 5289 pra-fert
2486 5214 2818 5289 Veronensis
2841 5228 2946 5289 tus.
2982 5212 3067 5289 {ac
3092 5209 3509 5289 bonitatentLpto

1932 5293 2043 5361 ipse
2070 5270 2459 5358 Tdcietjiacile
2489 5270 2557 5343 de
2585 5270 2856 5361 superiori
2872 5270 3120 5353 proiime
3150 5288 3308 5335 versu
3333 5270 3504 5324 libra-

1934 5358 2049 5417 rius
2086 5362 2230 5414 aliud
2270 5374 2437 5428 agens
2459 5358 2768 5429 supposuit.
2863 5424 2875 5429 _
2928 5421 2947 5429 _
3149 5418 3180 5429 η
3338 5408 3370 5429 εε

2006 5408 2048 5462 ἶ
2066 5408 2816 5498 iiii—‘niqﬁs’iér'iﬁiz'atque
2863 5421 3004 5476 infra
3050 5418 3279 5498 maligne

1933 5503 2055 5557 libri
2094 5490 2391 5571 prmierunt
2424 5516 2436 5551 :
2470 5511 2581 5553 tum
2632 5490 2945 5551 sustinentes
2979 5500 3157 5571 autem
3199 5490 3512 5571 Dontttttfflf.

1932 5588 2055 5628 cum
2087 5551 2385 5631 Gallicana,
2411 5551 2649 5638 quocum
2675 5578 2917 5626 rursum,
2941 5572 2989 5615 et
3019 5560 3188 5613 adhuc
3225 5551 3511 5623 pusillum;

1931 5654 2064 5711 etc.,
2096 5652 2143 5695 et
2187 5656 2289 5694 non
2316 5641 2566 5694 invenies.
