3898 6172
360 258 454 326 191

1184 232 1191 237 “
1250 262 1330 326 's.
1369 260 1804 326 IIIEIlONYMI
1855 264 2115 324 DIVINA
2163 258 2691 325 BIBLIOTHECA.
3504 256 3609 324 :92

419 371 550 427 Vav.
590 373 656 428 Et
685 368 854 429 adhuc
885 372 1158 443 pusillum,
1192 381 1238 426 et
1272 391 1376 427 non
1406 376 1503 428 erit
1544 386 1786 445 peccator
1816 391 1833 430 :
1861 386 1909 430 et
1942 383 1987 438 Α
2093 376 2219 431 Van.
2264 375 2527 430 Pusillum
2573 376 2773 437 adhuc,
2828 383 2883 429 et
2929 390 3034 429 non
3070 373 3177 430 erit
3224 383 3479 445 peccator
3509 391 3525 431 :
3550 388 3610 431 et

344 480 549 535 (μαννεδ
591 465 763 520 locum
797 468 930 535 ejus,
963 477 1135 519 etnon
1166 468 1420 521 invenies.

422 557 690 612 Mansueti
721 569 897 611 autem
930 557 1320 610 Iiwreditabunt
1349 566 1549 614 terram
1576 576 1594 614 :
1618 569 1667 615 et
1696 559 1925 614 delecta-

347 651 544 705 buntur
572 654 627 705 in
672 652 1013 704 multitudine
1049 654 1215 721 pacis.

417 743 573 797 Zain.
626 743 932 798 Observabit
988 752 1233 812 peccator
1284 745 1490 812 justum
1523 763 1541 800 :
1589 752 1638 798 et
1688 746 1928 799 stridebit

345 852 501 904 super
534 852 652 888 eum
673 836 914 888 dentibus
933 839 1039 889 suis
1071 839 1109 890 ί.

422 926 675 979 Dominus
709 940 771 980 -:—
800 929 1024 997 autem:
1063 930 1297 985 irridebit
1317 945 1435 984 eum
1465 930 1751 999 :quoniam
1806 946 1926 999 pro.

347 1015 501 1079 spicit
523 1018 660 1084 quod
692 1020 855 1069 ueniet
874 1018 982 1071 dies
1014 1035 1145 1087 ejus.

425 1106 586 1158 lleth.
620 1107 872 1160 Gladium
912 1111 1324 1179 evaginaverunt
1360 1122 1708 1178 peccatores:
1753 1112 1929 1165 inten-

349 1193 539 1246 derunt
565 1212 752 1247 arcum
783 1213 962 1251 suum.

426 1284 493 1338 Ut
530 1286 785 1354 deficiunt
809 1291 827 1318 ’
856 1300 1146 1359 pauperem
1190 1301 1238 1345 et
1280 1292 1489 1361 inopem
1527 1306 1544 1347 :
1577 1307 1633 1349 ut
1666 1295 1929 1349 trucident

353 1385 519 1428 rectos
559 1381 730 1433 corde.

427 1471 585 1523 Tell».
622 1472 845 1526 Gladius
893 1491 1072 1529 eorum
1125 1479 1289 1533 intret
1344 1482 1398 1535 in
1447 1482 1605 1536 corda
1643 1483 1931 1553 ipsorum:

354 1572 402 1614 et
434 1580 586 1617 arcus
622 1581 802 1620 eorum
832 1571 1237 1639 confringatur.

429 1654 619 1710 Melius
652 1667 726 1711 est
748 1660 765 1689 ³
804 1662 1063 1715 modicum
1103 1664 1272 1733 justo,
1302 1682 1461 1736 super
1494 1666 1714 1721 divitias
1746 1681 1931 1737 pecca-

357 1758 528 1800 torum
551 1750 771 1805 multas.

427 1842 687 1905 Quoniam
717 1845 930 1899 brachia
951 1856 1283 1914 peccatorum
1319 1860 1657 1905 conterentur
1687 1869 1704 1907 :
1740 1856 1931 1923 conﬁr-

358 1943 466 1986 mat
494 1945 669 1989 autem
690 1937 861 2005 justas
895 1939 1168 1995 Dominus.

426 2025 551 2079 Jod.
578 2026 729 2079 Novit
766 2028 1017 2083 Dominus
1048 2032 1154 2086 dies
1200 2033 1665 2088 immaculatorum
1698 2049 1713 2089 :
1742 2042 1787 2089 et
1827 2038 1931 2090 lue-

359 2117 555 2169 reditas
578 2133 759 2171 eorum
791 2120 845 2173 in
872 2121 893 2150 ⁴
924 2131 1183 2177 wternum
1214 2127 1331 2179 erit.

431 2207 553 2261 Non
584 2211 971 2279 confundentur
1000 2214 1055 2268 in
1105 2224 1335 2286 tempore
1366 2217 1506 2272 malo
1532 2234 1549 2271 :
1588 2227 1635 2272 et
1672 2221 1725 2273 in
1753 2220 1930 2274 diebus

358 2300 516 2367 famis
548 2305 951 2357 saturabuntur.

430 2390 604 2460 Caph.
644 2392 781 2457 Quia
806 2404 1106 2463 peccatores
1137 2400 1396 2459 peribunt.

431 2482 641 2538 Inimici
669 2503 788 2539 vero
818 2488 1030 2541 Domini
1062 2508 1182 2544 mox
1214 2505 1269 2545 ut
1292 2496 1311 2525 ⁵
1348 2495 1686 2562 Itonori/icati
1735 2497 1931 2566 fuerint

358 2585 406 2628 ct
441 2576 669 2630 exaltati
707 2591 728 2632 :
772 2578 1070 2640 deﬁcientes
1097 2587 1544 2652 quemadmodum
1592 2590 1769 2657 fumus
1803 2590 1932 2657 defi-

360 2668 516 2721 cient.

428 2759 651 2814 Lamed.
692 2761 1022 2817 Mutuabitur
1050 2775 1314 2834 peccator,
1334 2776 1382 2820 et
1411 2786 1514 2823 non
1531 2769 1691 2825 solvet
1716 2772 1931 2841 :juslus

360 2861 537 2904 autem
572 2855 870 2919 miseretur,
902 2865 950 2907 et
986 2858 1176 2911 tribuet
1196 2860 1239 2913 ⁸.

431 2948 568 3008 Quia
602 2948 957 3001 benedicentes
994 2950 1041 3001 ei
1077 2951 1462 3007 Itwreditabunt
1510 2964 1709 3009 terram

362 3037 637 3092 ledirentes
668 3049 843 3092 autem
878 3043 923 3093 ei
948 3043 1300 3109 disperibttnt.

437 3133 593 3184 Mem.
624 3133 778 3201 Apud
804 3132 1087 3186 Dominum
1110 3152 1319 3204 gressus
1353 3140 1576 3193 hominis
1603 3142 1934 3211 dirigentur:

362 3232 407 3273 et
440 3222 579 3273 viam
624 3222 735 3289 ejus
767 3223 921 3277 volet.

433 3314 564 3367 Cum
605 3315 872 3376 ceciderit,
942 3331 1045 3368 non
1093 3316 1373 3371 collidetur

363 3407 609 3473 supponit
645 3422 857 3459 manum
891 3423 1067 3460 suam.
1092 3409 1109 3442 τ

388 3522 401 3533 κ
438 3497 579 3551 Non.
631 3496 821 3551 Iunior
871 3498 968 3569 fui,
1018 3502 1210 3554 etenim
1244 3504 1440 3556 senui:
1475 3512 1523 3557 et
1565 3521 1666 3557 non
1702 3506 1807 3559 vidi
1853 3507 1941 3571 ju-

366 3600 504 3641 stum
536 3590 863 3654 derelictum,
897 3608 989 3645 nec
1015 3609 1189 3646 semen
1220 3596 1332 3663 ejus
1366 3612 1606 3663 quivrens
1624 3614 1834 3665 pauent.

438 3682 565 3734 Tota
602 3683 687 3735 die
713 3684 1011 3746 miseretur,
1038 3694 1087 3739 et
1127 3688 1424 3740 commodat
1452 3708 1469 3744 :
1510 3699 1557 3741 et
1589 3705 1763 3742 semen
1800 3690 1942 3743 illius

366 3776 417 3827 in
450 3776 799 3829 benedictione
825 3791 885 3831 —:—
920 3780 1018 3830 erit
1056 3779 1077 3847 ζ

440 3867 692 3920 Samech.
730 3868 947 3922 Declina
973 3888 1003 3924 α
1030 3871 1189 3934 malo,
1221 3882 1268 3926 et
1300 3876 1385 3943 fac
1419 3874 1609 3929 bonum
1648 3892 1663 3930 :
1697 3886 1745 3930 et
1791 3877 1943 3931 inha-

371 3961 476 4015 bita
505 3960 559 4013 in
594 3962 880 4014 sa'culum8
917 3976 976 4015 -:—
1006 3963 1185 4017 siccati
1226 3966 1247 4033 ζ

1752 2972 1768 3009 .'
1818 2975 1933 3013 ma-

1430 3336 1449 3375 :
1504 3322 1631 3389 quia
1681 3321 1939 3377 Dominus

441 4114 457 4144 ¹
494 4112 662 4169 Addit
692 4112 781 4166 hic
814 4112 986 4175 Palat,
1018 4129 1125 4168 ms.
1166 4114 1502 4182 Diapsalrna.

442 4188 461 4217 ³
501 4186 671 4237 Palat.
727 4200 831 4238 ms.
867 4184 1153 4252 decipiant,
1189 4200 1350 4252 quem
1398 4201 1643 4241 errorem
1684 4186 1949 4243 discimus

371 4256 536 4309 etiam
576 4253 908 4307 Veronensis
946 4254 1196 4307 l’salterii
1228 4256 1465 4309 scribam
1509 4271 1748 4311 errasse.

441 4327 461 4355 ³
503 4322 670 4377 'l‘acet
720 4325 862 4377 idem
912 4338 1014 4377 ms.
1066 4326 1298 4379 verbum
1333 4337 1428 4392 est,
1481 4327 1628 4395 quod
1657 4342 1838 4397 neque
1894 4328 1945 4382 in

370 4395 559 4448 Graeco
590 4404 829 4448 resonat.

442 4435 951 4532 ΓΙῖιπιῖθῖιῖινέὶιίοιιειιιι
983 4465 1037 4518 in
1080 4464 1311 4519 Palatin.
1345 4480 1450 4521 ms.
1479 4474 1535 4521 et
1565 4464 1740 4521 Carus
1788 4466 1949 4521 obclo
1979 4435 2028 4495 ι)

434 4536 637 4585 aulam.

434 4536 517 4585 "nl
599 4545 637 4586 t.

367 4536 464 4637 iuri
502 4552 647 4658 liiiim
715 4619 819 4657 ms.
860 4610 915 4655 ut
963 4604 1157 4656 vocula
1215 4605 1609 4671 praetermissa,
1663 4606 1836 4661 verba
1898 4618 1949 4661 et

371 4676 616 4737 exaltati,
651 4675 819 4726 minio
850 4672 1052 4726 infecta
1088 4686 1470 4740 reprtesentat.

444 4747 463 4775 ⁶
499 4747 731 4812 Sequior
766 4758 960 4796 manus
996 4743 1050 4795 in
1080 4744 1272 4796 eodem
1306 4744 1431 4799 cod.
1471 4744 1761 4814 rescripsit
1794 4749 1951 4801 retri-

372 4818 512 4869 buel.

441 4889 460 4917 ⁷
497 4886 698 4937 lterum
730 4885 820 4938 hic
857 4883 1341 4952 Diapsalmaaddit
1376 4886 1606 4941 Palatin.
1643 4902 1744 4939 ms.
1778 4906 1789 4949 ;
1827 4896 1941 4941 tum

370 4956 691 5009 adverbium
724 4956 909 5008 etenim
941 4972 1003 5008 ex
1032 4966 1186 5024 parte
1242 4957 1474 5020 ὸὸεὶλζει
1518 4971 1577 5011 σξ-
1616 4966 1664 5009 ει
1696 4960 1835 5009 enim
1870 4974 1952 5011 se-

373 5026 487 5087 nui,
522 5034 629 5079 etc.

450 5096 471 5124 ⁸
512 5097 690 5163 Atque
726 5096 818 5150 hic
850 5097 1035 5151 minus
1066 5095 1209 5151 bene
1257 5097 1535 5152 Palatinus
1584 5111 1681 5151 ms.
1731 5096 1949 5151 obelum

372 5166 597 5227 omittit,
647 5182 749 5220 nec
796 5168 911 5235 ipse
959 5170 1080 5236 ejus
1115 5169 1238 5221 libri
1287 5169 1467 5222 editor
1511 5169 1653 5223 cavit
1685 5168 1953 5237 decipiant

369 5250 475 5306 pro
501 5237 771 5305 dejiciant.
802 5240 1010 5293 Caetera
1036 5240 1321 5306 Augustini
1356 5244 1536 5292 omnia
1575 5248 1726 5291 sunt.

445 5310 463 5338 '
510 5308 637 5360 l’lus
669 5310 831 5359 habet
863 5307 1164 5361 Veronens.
1200 5325 1301 5361 tns.
1337 5309 1598 5361 mansueti
1628 5319 1802 5362 autem
1834 5308 1953 5376 {ipsi

375 5376 681 5430 luereditute
704 5378 1061 5445 possidebunt,
1088 5389 1221 5442 elc.,
1263 5378 1437 5431 fertile
1470 5388 1651 5430 autem
1688 5394 1810 5431 eum
1842 5381 1954 5431 Au—

413 5449 611 5501 ustino.

374 5460 682 5587 “inﬁniti”,
720 5534 845 5583 n.5,,
880 5519 1062 5574 statim
1093 5527 1148 5571 ut
1184 5516 1640 5587 glori/imbuatur,
1667 5528 1713 5570 ct
1742 5518 1953 5571 exalta-

380 5585 574 5639 buntur
611 5608 627 5654 ;
662 5609 687 5644 a
720 5608 829 5659 quo
875 5608 983 5644 uno
1027 5585 1218 5651 verbo,
1261 5588 1655 5655 gloriabuntur,
1690 5591 1953 5655 Augusti-

381 5668 490 5709 nus
536 5660 767 5716 abludit.
827 5661 1032 5714 Castera
1097 5660 1383 5727 fccneratar
1424 5667 1688 5723 peccator,
1743 5668 1789 5709 et
1849 5676 1949 5710 non

379 5727 564 5792 solvet;
598 5739 708 5784 tum
742 5732 1095 5787 benediceutcs
1125 5745 1261 5795 cum,
1307 5728 1609 5783 lut'rcditate
1652 5729 1757 5799 (vel
1824 5731 1949 5783 luc-

2028 482 2239 536 qnzeres
2270 467 2449 521 locum
2489 468 2630 537 ejus,
2670 482 2770 521 nec
2801 467 3069 521 invenies.

2096 554 2364 610 Mansueti
2396 558 2416 586 ’
2452 568 2633 610 autem
2666 556 3029 625 possidebunt
3061 567 3261 612 terram
3296 572 3311 614 :
3371 566 3427 613 et
3453 556 3612 613 dele—

2026 648 2321 702 ctabantur
2348 648 2402 700 in
2427 648 2775 703 multitudine
2812 649 2981 716 pacis.

2098 738 2255 792 Zain.
2284 737 2608 793 Observabit
2640 748 2895 809 peccator
2917 741 3150 813 justum.
3180 749 3238 795 et
3260 740 3456 797 fremet
3485 742 3612 813 [ms.

2028 830 2246 901 stridet]
2278 846 2445 902 super
2472 846 2596 885 eum
2634 830 2898 887 dentibus
2947 833 3099 887 suis:
3142 830 3399 888 Dominus
3427 843 3615 888 autem

2031 921 2286 976 irridebit
2320 936 2468 989 eum,
2502 924 2763 993 quoniam
2796 923 3060 995 prospicit
3093 924 3239 994 quod
3279 924 3461 980 veniet
3494 924 3617 980 dies

2027 1012 2170 1083 ejus.

2098 1106 2255 1159 lletlt.
2313 1106 2563 1162 Gladium
2630 1106 3063 1177 evaginaverunt
3122 1108 3246 1180 [ms.
3302 1109 3620 1164 eduxerunt

2032 1208 2351 1267 peccatores
2380 1216 2392 1252 :
2445 1198 2795 1254 tetenderunt
2827 1198 2948 1271 [ms.
2983 1198 3373 1273 extenderunt]
3422 1218 3616 1256 arcum

2032 1304 2214 1355 suum,
2252 1302 2312 1343 ut
2346 1289 2607 1360 dejiciant
2642 1291 2861 1361 inopem
2905 1301 2960 1348 et
2988 1308 3305 1364 pauperem,
3342 1304 3400 1349 ut
3444 1295 3617 1351 trucl-

2032 1380 2160 1435 dent
2195 1394 2372 1437 rectos
2395 1384 2580 1439 corde.

2108 1472 2255 1528 Tetti.
2305 1474 2531 1530 Gladius
2584 1475 2709 1549 [ms.
2742 1475 2969 1549 framea]
3010 1492 3202 1533 eorum
3232 1472 3401 1535 intret
3431 1478 3485 1534 in
3516 1495 3618 1535 eor

2035 1566 2278 1635 ipsorum
2305 1583 2318 1619 :
2356 1576 2412 1620 et
2435 1582 2596 1623 arcus
2624 1582 2814 1622 eorum
2840 1578 3183 1624 conteratur.

2101 1657 2292 1712 Melius
2331 1669 2413 1713 est
2444 1658 2719 1714 modicum
2754 1658 2927 1726 justo,
2974 1675 3138 1731 super
3168 1660 3389 1717 divitias
3412 1676 3613 1731 pecca-

1965 1728 2004 1784 Β
2036 1755 2214 1802 torum
2248 1750 2469 1805 multas.

2104 1841 2372 1907 Quoniam
2402 1842 2625 1897 brachia
2650 1853 3000 1912 peccatorum
3052 1852 3447 1903 conterentur:
3479 1860 3613 1902 con-

2036 1932 2216 1986 ﬁrmat
2236 1941 2417 1988 autem
2441 1934 2618 2005 justos
2644 1936 2932 1993 Dominus.

2104 2024 2225 2079 Jod.
2251 2026 2412 2081 Novit
2444 2028 2705 2083 Dominus
2734 2028 2847 2084 vias
2877 2031 3347 2088 immaculatorum
3372 2047 3387 2088 :
3419 2041 3473 2086 et
3498 2032 3615 2086 ha:-

2036 2117 2240 2172 reditas
2271 2133 2463 2173 eorum
2492 2120 2545 2173 in
2578 2129 2842 2175 aeternum
2883 2122 3009 2176 erit.

2104 2209 2220 2264 Non
2272 2210 2679 2265 confundentur
2712 2210 2766 2267 in
2815 2220 3059 2282 tempore
3093 2214 3235 2269 malo
3265 2233 3277 2268 :
3326 2221 3380 2269 et
3410 2214 3464 2269 in
3492 2215 3613 2270 dic-

2034 2299 2137 2355 bus
2162 2300 2318 2355 famis
2346 2302 2742 2358 saturabuntur
2774 2304 2815 2334 ¹⁰
2846 2303 2969 2375 [ms.
3005 2305 3247 2377 manet].

2101 2391 2271 2461 Capit.
2304 2392 2567 2459 Quoniam
2601 2403 2917 2463 peccatores
2948 2395 3225 2464 peribunt.

2106 2484 2315 2539 Inimici
2349 2496 2530 2539 autem
2562 2485 2773 2539 Domini
2800 2502 2925 2539 mox
2948 2496 3007 2541 ut
3033 2486 3284 2541 honorati
3318 2489 3611 2545 ctexallati

2035 2572 2240 2627 iuerint
2271 2572 2633 2630 :‘delicientes
2667 2584 2727 2629 ut
2756 2576 2959 2641 fumus,
2989 2576 3267 2633 deﬁcient.

2110 2750 2331 2805 Lamed.
2367 2752 2643 2807 Mutuatur
2684 2763 2960 2823 peccator,
2984 2764 3039 2809 et.
3069 2770 3178 2809 non
3210 2756 3401 2811 solvit:
3429 2758 3612 2826 justus

2036 2856 2215 2899 autem
2266 2845 2581 2911 miseretur,
2614 2854 2671 2899 et
2708 2848 3043 2900 commodat.

2108 2937 2374 3002 Quoniam
2408 2937 2795 2992 benedicentes
2825 2955 2949 2994 eum
2983 2939 3337 3007 possidebunt
3365 2951 3559 2995 terram
3592 2961 3607 2996 :

1962 3067 2005 3126 ε
2039 3029 2428 3084 maledicentes
2468 3037 2650 3083 autem
2684 3030 2832 3085 illum
2867 3030 3189 3100 disperient.

2115 3123 2348 3177 Mem.A
2412 3122 2641 3178 Domino
2720 3138 2940 3193 gressus
2996 3126 3232 3181 hominis
3304 3127 3616 3197 diriguntur

2044 3214 2165 3286 [ms.
2196 3214 2483 3285 dirigetur]
2524 3228 2537 3268 :
2575 3224 2627 3268 et
2658 3215 2797 3268 viam
2830 3218 2947 3287 ejus
2974 3216 3119 3272 volet
3149 3219 3217 3273 ¹¹.

2046 3355 2055 3365 ,
2111 3310 2243 3360 Cum
2272 3307 2531 3360 ceciderit
2551 3307 2730 3376 justus
2765 3308 2830 3371 ¹’,
2858 3324 2967 3363 non
2990 3309 3409 3364 eonturbabitur
3436 3326 3449 3365 :
3482 3312 3613 3381 quia

2042 3400 2307 3453 Dominus
2342 3400 2524 3451 [irruat
2550 3414 2770 3467 manum
2802 3401 2940 3471 ejus.

2114 3491 2256 3545 Nun.
2286 3491 2550 3545 Juvenior
2590 3492 2689 3556 fui,
2727 3500 2782 3547 et
2820 3493 3016 3548 senui:
3056 3506 3109 3549 et
3140 3510 3245 3550 non
3278 3496 3384 3552 vidi
3407 3497 3618 3566 justum

2046 3582 2390 3646 derelictum,
2422 3597 2521 3635 nec
2561 3596 2745 3636 semen
2777 3584 2896 3653 ejus
2919 3598 3085 3653 egens
3117 3601 3277 3653 pane.

2111 3673 2248 3727 Tota
2274 3673 2362 3727 die
2387 3672 2702 3738 miseretur,
2733 3682 2789 3727 et
2817 3674 3125 3729 commodat
3153 3693 3167 3731 :
3204 3685 3261 3731 et
3289 3691 3476 3732 semen
3497 3677 3619 3748 ejus

2048 3766 2100 3820 in
2142 3764 2522 3820 benedictione
2545 3765 2671 3819 erit.

2122 3858 2361 3913 Santeclt.
2402 3860 2621 3914 Declina
2651 3875 2681 3914 a
2715 3861 2856 3916 malo
2883 3871 2937 3917 et
2976 3861 3064 3918 fac
3090 3862 3331 3920 bonum:
3368 3873 3424 3919 et
3465 3864 3623 3919 inha-

2049 3949 2158 4003 bita
2189 3950 2245 4006 in
2285 3952 2543 4007 sacculum
2583 3954 2766 4008 saeculi
2806 3952 2925 4025 [ms.
2955 3955 3153 4011 saecula
3187 3956 3540 4030 saeculorum]
3571 3973 3587 4012 :

2051 4106 2346 4183 reditatem)
2394 4108 2729 4176 possidebunt
2796 4117 3013 4177 terram,
3063 4110 3227 4167 unice
3266 4126 3332 4167 ex
3375 4114 3621 4183 ejusdem

2050 4179 2430 4232 emendatione
2461 4188 2609 4231 sunt.

2124 4250 2163 4279 ”
2208 4249 2267 4301 ln
2308 4248 2455 4301 edito
2487 4246 2634 4313 Cari,
2668 4248 2821 4316 cupit
2872 4250 3049 4303 nimis.
3086 4250 3214 4305 Mss.
3256 4268 3384 4305 vero
3409 4253 3623 4310 Carnu-

2054 4318 2220 4373 tensis
2258 4326 2311 4371 et
2366 4316 2726 4381 Sorbonicus,
2769 4319 2859 4385 qui
2924 4320 3231 4374 Romanum
3290 4320 3622 4380 Psalterium

2054 4390 2259 4463 habent
2292 4387 2648 4463 descriptum,
2677 4388 2868 4463 legunt
2891 4390 3050 4463 rotet,
3076 4391 3193 4445 sine
3225 4393 3378 4446 nimis
3417 4409 3435 4454 ;
3470 4398 3620 4463 quod

2059 4458 2274 4530 quidem
2304 4456 2631 4530 expunxisse
2655 4458 2867 4511 videtur
2891 4458 3267 4528 Hieronymus,
3303 4463 3429 4530 quia
3463 4456 3624 4520 addi-

2063 4539 2174 4604 tum
2213 4529 2341 4581 illud
2369 4527 2717 4604 agnoscebat,
2756 4542 2852 4581 nec
2896 4527 3257 4599 baberiapud
3286 4527 3620 4604 quemquam

2062 4600 2445 4653 interpretum.
2475 4597 2653 4650 Mser.

2131 4671 2174 4703 ¹²
2206 4667 2381 4741 γΤίιςοι
2411 4667 2551 4721 idern
2604 4682 2705 4741 ms.
2751 4670 2953 4741 justus,
2990 4669 3134 4735 quod
3181 4681 3237 4725 et
3283 4672 3624 4741 superﬂuum

2060 4748 2163 4792 est.
2205 4740 2331 4814 Plus
2356 4751 2482 4814 vero
2521 4752 2646 4789 mox
2682 4738 2866 4814 habet,
2901 4741 3180 4814 confirmat
3228 4738 3443 4795 manum
3483 4746 3621 4814 ejus.

2060 4809 2273 4863 Juvcnis
2306 4807 2401 4875 fui,
2439 4816 2485 4859 et
2522 4823 2634 4859 ecce
2665 4809 2851 4871 senui;
2886 4807 3084 4882 deinde
3132 4826 3369 4882 quwrens
3398 4807 3618 4882 panem,

2060 4896 2159 4949 pro
2196 4894 2348 4946 egens
2382 4892 2538 4949 pone,
2575 4887 2629 4930 et
2659 4893 2755 4945 pro
2788 4879 3105 4941 commodat,
3138 4880 3381 4945 fenerat;
3414 4879 3623 4939 celi-bri

2062 4950 2152 5003 illa
2189 4948 2457 5002 sententia
2491 4949 2827 5015 Augustinus
2861 4958 3046 5001 tuetur
3080 4949 3130 5001 in
3166 4954 3623 5009 enarrationibus

2061 5021 2126 5073 ad
2164 5020 2307 5071 hunc
2330 5019 2545 5073 locum;
2583 5016 2915 5069 (Feneralur
2948 5020 3163 5085 quidem
3196 5020 3385 5075 Latine
3418 5025 3627 5078 dicitur

2060 5101 2114 5144 et
2146 5088 2237 5158 qui
2286 5088 2382 5142 dat.
2414 5096 2686 5159 mutuum,
2733 5097 2789 5140 et
2828 5089 2921 5155 qtti
2953 5090 3158 5159 accipit
3210 5107 3221 5143 :
3263 5092 3477 5159 planius
3517 5095 3626 5147 hoc

2062 5155 2242 5213 autem
2279 5159 2500 5221 dicitur,
2538 5158 2582 5211 si
2630 5157 2900 5220 dicamus,
2946 5155 3196 5215 Fenerat.
3232 5155 3369 5224 Quid
3411 5164 3477 5215 ad
3520 5180 3626 5218 nos

2062 5230 2191 5299 quid
2243 5228 2581 5299 grammatici
2616 5228 2845 5299 velint?
2910 5227 3106 5299 melius
3156 5233 3206 5283 in
3276 5230 3625 5287 barbarismo

2064 5296 2265 5355 nostro
2284 5314 2377 5352 vos
2402 5296 2724 5363 intelligilis,
2750 5312 2913 5364 quam
2945 5297 2999 5349 in
3024 5308 3208 5352 nostra
3232 5300 3624 5358 disertitudine

2063 5385 2157 5423 vos
2189 5370 2378 5423 diserti
2407 5369 2581 5422 eritis.
2614 5368 2755 5435 Ergo
2782 5367 2963 5434 jUslllS
2997 5371 3119 5432 iste,
3156 5382 3263 5423 tota
3291 5370 3370 5425 die
3402 5373 3624 5425 misere-

2063 5449 2147 5491 tur
2201 5449 2247 5492 et
2291 5441 2511 5507 fenerat.
2552 5455 2571 5487 ι
2630 5437 2748 5491 Νυιι
2804 5437 2962 5489 latuit
3017 5440 3312 5493 \‘eronens.
3371 5443 3625 5498 Psalterii

2060 5511 2332 5565 editorem
2364 5510 2452 5562 hic
2499 5508 2652 5561 locus
2692 5524 2704 5558 :
2752 5522 2853 5561 nec
2897 5516 3076 5561 tamen
3108 5511 3290 5564 doceri
3328 5522 3435 5565 tam
3467 5518 3625 5566 lucu-

2062 5583 2214 5635 lento
2266 5578 2579 5633 testimonio
2628 5579 2827 5651 botuit,
2859 5594 2980 5631 eam
3039 5594 3160 5647 qua:
3208 5584 3277 5633 ila
3313 5583 3617 5651 prtel‘erret,

2061 5650 2512 5719 Augustinianam
2537 5649 2919 5722 recensione-nt
2952 5666 3088 5711 esse,
3126 5667 3232 5705 non
3272 5649 3536 5722 vett-tetu,
3563 5666 3623 5707 et

2063 5738 2223 5792 quam
2262 5722 2373 5793 ipse
2405 5736 2503 5791 pro
2536 5719 2665 5775 Ital-.1
2697 5720 2963 5786 obtrudit,
2999 5723 3317 5778 editionem.
