3898 6172
257 332 360 394 17'3

1488 336 1723 395 LIBER
1780 332 2277 392 I’SALMOBUM.

3372 312 3499 386 ’194

327 452 459 513 Quia
494 450 751 503 Dominus
790 464 934 504 amat
960 454 1244 521 judicium,
1279 465 1323 505 et
1370 470 1469 505 non
1500 454 1823 521 derelinquat
1855 455 1902 513 Α
2000 451 2265 515 Quoniam
2302 446 2562 502 Dominus
2603 454 2747 498 amat
2775 441 3067 515 judicium,
3097 448 3153 494 et
3187 453 3294 493 non
3336 439 3501 493 dere-

254 550 467 593 sunctos
491 558 614 594 suos
644 558 661 600 ς
696 544 748 594 in
779 554 1031 596 a‘ternum
1066 546 1530 597 consci'vabuutur.

334 646 393 687 σι-
427 632 619 701 lnjusti
651 637 941 702 punientur
968 638 991 703 ζ
1033 646 1079 688 et
1112 652 1287 689 semen
1310 637 1591 704 impiorum
1622 635 1828 702 peribit.

326 814 467 867 Iusti
504 828 568 868 -ξ-
613 822 789 867 autem
829 816 851 882 ζ
886 815 1266 867 Inereditabunt
1297 824 1494 867 terram
1523 854 1537 877 ,
1597 825 1645 868 et
1680 815 1833 869 iulia-

263 903 499 955 bitabunt
529 903 583 955 in
605 903 855 955 sa’culum
880 916 942 956 αε-
974 902 1157 955 swculi
1196 902 1217 969 ζ
1248 919 1403 972 super
1423 920 1564 956 eam.

330 1074 464 1128 Plie.
497 1075 570 1127 0s
611 1076 749 1143 justi
786 1078 1466 1147 meditabitursapientiam
1496 1121 1510 1145 ,
1561 1090 1609 1133 et
1658 1080 1837 1148 lingua

265 1166 373 1231 ejus
402 1166 651 1232 loquetur
679 1167 965 1231 judicium.

334 1255 440 1307 Lex
477 1256 581 1308 Dei
602 1260 715 1324 ejus
738 1261 797 1309 in
822 1260 977 1311 corde
1000 1261 1161 1328 ipsius
1199 1277 1261 1317 -:—
1297 1269 1344 1315 et
1385 1263 1408 1331 ξ
1447 1278 1548 1315 non
1585 1279 1840 1331 sappinu-

268 1348 523 1400 tabuntur
550 1364 763 1416 gressus
787 1349 921 1416 ejus.

338 1438 501 1491 Sade.
564 1440 876 1493 (lonsiderat
933 1451 1178 1509 peccator
1241 1445 1469 1511 justum,
1535 1451 1582 1496 et
1655 1444 1842 1511 quwrit

272 1529 527 1593 morti/ica
537 1547 589 1583 re
622 1547 766 1583 eum.

341 1620 597 1674 Dominus
630 1637 687 1676 σξ-
724 1634 899 1676 autem
941 1620 964 1693 ξ
1006 1642 1109 1678 non
1145 1624 1473 1693 derelinquct
1508 1642 1623 1679 eum
1647 1628 1698 1679 in
1726 1644 1843 1680 ma-

273 1713 426 1764 nibus
467 1714 601 1781 ejus,
658 1730 748 1766 nec
777 1716 1051 1770 damnabit
1094 1733 1212 1769 eum
1259 1735 1376 1771 cum
1419 1718 1749 1787 judicabitur
1780 1732 1841 1771 -t-

274 1804 353 1855 itti
396 1804 420 1870 ;

348 1895 524 1964 ϐορὴ.
560 1895 821 1965 Exspecta
848 1899 1151 1963 Dominum,
1194 1911 1242 1953 et
1294 1904 1495 1954 custodi
1530 1904 1665 1955 viam
1704 1900 1844 1968 ejus,

278 2001 321 2042 et
355 1989 619 2041 exaltabit
655 2000 723 2053 te,
763 1998 820 2041 ut
851 1992 1161 2045 hazi-editate
1208 1993 1389 2062 capias
1419 2002 1619 2045 terram
1667 2007 1682 2043 :

278 2085 527 2151 perierint
554 2093 875 2150 peccatores,
908 2085 1125 2137 videbis.

352 2174 470 2227 Vidi
522 2176 741 2244 impium
788 2176 1265 2245 superexaltatum,
1315 2190 1364 2232 et
1411 2179 1669 2234 eleuatum
1716 2180 1851 2233 sicut

281 2267 461 2318 cedi-os
488 2265 704 2319 Libani.

360 2358 486 2417 Res.
524 2356 592 2410 Et
639 2359 880 2422 transivi,
938 2369 985 2413 et
1040 2376 1156 2414 ecce
1208 2378 1312 2415 non
1364 2374 1523 2425 erat;
1554 2374 1601 2416 et
1649 2368 1859 2433 quirsiri

285 2467 427 2513 eum,
455 2460 631 2503 etnon
669 2461 743 2503 est
772 2454 1013 2504 inventus
1051 2467 1111 2506 4-
1157 2452 1298 2506 locus
1329 2455 1443 2520 ejus
1478 2455 1498 2521 ζ

355 2541 476 2594 Sin.
520 2540 736 2595 Custodi
786 2544 1165 2609 innocentiam,
1227 2554 1273 2597 et
1321 2548 1438 2598 vide
1489 2548 1789 2617 (equitatem
1843 2567 1857 2605 ;

286 2633 537 2700 quoniam
565 2644 686 2686 sunt
723 2634 966 2703 reliquite
999 2635 1198 2688 homini
1224 2636 1473 2703 paciﬁca.

365 2808 563 2879 lnjusti
610 2820 787 2864 autem
824 2811 1156 2877 disperibunt
1193 2812 1370 2876 simul,
1405 2812 1638 2881 reliquie:
1676 2813 1863 2879 impio-

288 2919 413 2955 rum
443 2901 732 2955 interibunt

360 2994 476 3049 Van
503 2993 659 3048 Tliau
710 2996 754 3047 ¹.
805 2992 962 3049 Salus
1008 3004 1183 3048 autent
1234 2993 1505 3062 justorum
1546 3015 1577 3050 a
1620 2997 1861 3064 Domino,

292 3102 352 3143 τε·
402 3097 448 3139 et
483 3089 505 3156 ζ
546 3095 808 3155 protector
857 3103 1036 3140 eorum
1099 3088 1153 3140 in
1187 3097 1417 3157 tempore
1454 3086 1862 3146 “tribulationis.

364 3268 433 3321 Et
489 3268 764 3338 adjuvabit
831 3283 917 3319 eos
985 3267 1282 3334 Dominus,
1332 3278 1379 3321 et
1428 3269 1667 3323 liberabit
1726 3287 1811 3325 eos
1842 3290 1860 3338 ,-

290 3376 341 3417 ει
381 3364 405 3430 ζ
439 3374 585 3417 eruet
620 3379 704 3417 eos
737 3381 768 3417 a
819 3364 1171 3432 peccatoribus
1221 3371 1269 3417 et
1323 3363 1547 3418 salvabit
1587 3382 1690 3431 eos,
1744 3367 1867 3435 quia

288 3469 633 3527 speraverunt
670 3459 727 3511 in
761 3472 842 3510 eo.

1569 3621 1922 3681 PSALMUS

488 3726 722 3765 ΡεΑωιυε
760 3725 938 3772 ΒΔῊΙ),
980 3725 1031 3763 IN
1070 3722 1593 3764 (ΣΟΜΜΕΜΟΒΔΤΙΟΝΕΜ
1625 3723 1686 3764 -ξ-

856 3795 923 3834 DE
961 3784 1257 3834 ssuss'rno'
1300 3781 1321 3848 ζ

379 3894 614 3957 Domine,
645 3908 714 3947 ne
764 3910 821 3947 tu
872 3893 1049 3961 furore
1076 3904 1165 3946 tuo
1197 3909 1392 3962 arguas
1432 3908 1513 3946 me
1539 3930 1554 3959 ,
1610 3908 1771 3962 neque
1814 3894 1868 3946 iu

303 3988 386 4041 ira
421 3996 512 4040 tua
534 3986 793 4053 corripias
826 4000 928 4039 me.

372 4076 636 4142 Quoniam
668 4076 882 4144 sagittw
914 4088 1017 4129 tua:
1046 4076 1225 4143 infixa:
1259 4085 1380 4129 sunt
1412 4078 1559 4141 milii,
1611 4085 1661 4129 et
1682 4076 1876 4143 con/ir-

310 4169 461 4221 snasti
494 4183 659 4233 super
699 4182 778 4219 me
804 4182 1022 4219 manum
1056 4177 1225 4221 tuam.

378 4258 494 4311 Non
522 4270 601 4312 est
629 4260 831 4311 sanitas
876 4258 932 4311 in
972 4274 1133 4311 carne
1171 4274 1284 4311 mea
1332 4277 1362 4313 a
1419 4260 1555 4327 facie
1590 4262 1684 4314 ira:
1724 4270 1827 4315 tua:
1856 4278 1875 4315 :

313 4367 409 4404 non
432 4362 510 4404 est
539 4366 650 4419 pars
675 4351 874 4403 ossibus
897 4352 1020 4404 meis
1043 4367 1074 4403 a
1099 4349 1236 4419 facie
1261 4367 1591 4420 pecca.orum
1620 4370 1876 4407 meorum.

375 4530 640 4594 Quoniam
662 4530 964 4599 iniquitates
998 4544 1125 4584 mete
1152 4544 1511 4598 supergressa:
1562 4538 1683 4583 sunt
1720 4542 1875 4599 caput

311 4640 476 4676 meum
502 4638 522 4675 :
572 4622 593 4653 ³
624 4624 760 4675 sicut
800 4638 928 4675 onus
957 4639 1116 4691 grave
1141 4633 1378 4691 gravata:
1415 4632 1535 4676 sunt
1577 4640 1736 4692 super
1776 4641 1876 4679 me.

380 4761 397 4790 ¹
440 4758 649 4813 Locum
686 4759 891 4813 ultimae
934 4759 1130 4814 littera:
1179 4759 1459 4827 alpliabeti
1512 4768 1747 4827 occupat
1776 4776 1874 4814 vav

310 4828 485 4893 istud;
521 4846 646 4883 nam
685 4831 738 4883 in
773 4828 1003 4883 Hebraeo
1056 4845 1181 4883 cum
1241 4838 1467 4891 nmium
1513 4828 1875 4883 Uthschuliatlt

314 4899 547 4966 legatur,
599 4900 653 4952 id
704 4907 808 4964 est,
866 4915 959 4951 vav
999 4909 1125 4951 ante
1179 4899 1318 4964 thav,
1370 4900 1531 4952 initio
1578 4900 1875 4962 versiculi;

315 4972 486 5036 prima
514 4969 765 5035 ejusdem
808 4983 1001 5023 versus
1029 4984 1139 5022 non
1174 4970 1351 5036 potuit
1386 4970 1474 5022 edi
1510 4969 1715 5030 littera,
1746 4969 1879 5036 quin

314 5054 401 5092 ναν
437 5040 804 5092 scriberetur.
855 5038 977 5091 Mss.
1015 5050 1195 5091 tamen
1246 5040 1364 5091 tlmv
1415 5038 1759 5093 solummodo
1801 5040 1881 5092 lc-

315 5118 465 5176 gunt,
497 5109 649 5174 quod
680 5116 732 5160 et
765 5122 863 5159 nos
890 5109 945 5160 in
980 5108 1204 5161 Canone
1231 5109 1426 5162 imitati
1453 5123 1662 5160 sumus.
1695 5107 1871 5162 MART.

316 5206 378 5217 -—
404 5178 621 5231 Videsis
655 5178 723 5231 de
754 5186 1027 5247 postrema
1058 5186 1158 5232 hac
1190 5181 1393 5239 littera,
1424 5193 1545 5245 qua:
1571 5177 1639 5229 ad
1670 5179 1879 5231 versio-

319 5262 436 5300 nem
512 5263 583 5300 ex
643 5246 813 5301 Hebr.
876 5248 1135 5301 diximus.
1190 5248 1458 5302 Caeterum
1522 5248 1695 5300 Palat.
1770 5262 1875 5303 ms.

316 5320 525 5371 obelum
571 5319 797 5388 praeﬁgit
825 5319 943 5373 voci
972 5327 1170 5371 autent.

386 5391 405 5419 ³
452 5386 824 5457 Hieronymus
876 5390 942 5441 ad
994 5389 1272 5457 Algasium
1330 5386 1576 5440 scribens
1629 5387 1881 5440 meminit

315 5457 474 5526 hujus
514 5458 678 5511 tituli.
714 5458 888 5511 MART.
922 5488 982 5499 —
1010 5460 1154 5511 Idem
1183 5473 1281 5510 nis.
1318 5457 1415 5510 Die
1445 5457 1686 5522 Sabbati,
1716 5458 1877 5511 obelo

316 5532 708 5594 praetermisso,
773 5529 945 5597 legit;
1004 5528 1151 5582 haud
1203 5530 1366 5591 bene,
1416 5536 1475 5579 nt
1522 5537 1614 5597 est
1657 5542 1878 5595 quoque

314 5598 447 5675 illud
482 5598 628 5664 quod
661 5595 849 5666 primi;
869 5599 1056 5653 statim
1093 5599 1366 5653 versiculo
1394 5595 1707 5663 Diapsalma
1737 5602 1877 5651 sub-

340 5678 513 5719 utiuti.

340 5686 513 5719 υιισιι.

311 5686 330 5736 ⁸
387 5706 617 5791 ’θΑιιιεο
671 5739 1095 5810 praeponebatur
1144 5748 1193 5792 et
1243 5737 1459 5807 copula,
1506 5753 1697 5806 quam,
1750 5753 1872 5792 cum

1934 540 2146 606 linquet
2170 553 2382 591 saucios
2418 554 2547 591 suos
2575 554 2586 587 :
2617 536 2670 587 in
2704 548 2968 588 internum
3005 529 3504 584 conservabuntur.

2005 631 2195 699 lnjusti
2217 642 2398 682 autem
2427 630 2725 696 punientur
2749 642 2762 679 :
2791 636 2847 679 et
2873 638 3061 678 semen
3088 623 3382 693 impiorum
3414 638 3508 690 pe-

1934 723 2090 776 ribit.

2006 811 2143 866 Justi
2198 825 2325 863 vero
2378 808 2503 879 [ms.
2548 818 2683 861 tacet
2712 805 2871 876 vero]
2902 805 3215 859 luereditate
3269 801 3513 872 posside-

1938 904 2073 957 bunt
2111 912 2305 955 terram
2336 918 2351 956 :
2400 911 2455 954 et
2490 901 2878 955 inliabitabunt
2934 900 2989 953 in
3021 897 3280 952 smculum
3326 893 3511 948 surculi

1942 1010 2105 1061 super
2137 1008 2281 1045 eam.

2018 1082 2149 1135 l’lie.
2188 1082 2259 1135 Os
2302 1081 2431 1147 justi
2470 1079 2826 1134 meditabitur
2858 1078 3203 1148 sapientiam,
3252 1083 3306 1130 et
3332 1074 3515 1143 lingua

1942 1175 2063 1243 ejus
2083 1174 2337 1240 loquetur
2360 1172 2650 1241 judicium.

2013 1264 2121 1317 Lex
2158 1262 2249 1316 Dei
2279 1262 2398 1330 ejus
2434 1263 2486 1315 in
2526 1262 2691 1316 corde
2715 1262 2926 1332 ipsius:
2960 1270 3015 1315 et
3045 1276 3153 1313 non
3201 1258 3519 1326 supplanta-

1942 1356 2145 1410 buntur
2175 1369 2397 1423 gressus
2440 1354 2580 1423 ejus.

2018 1445 2176 1501 Sade.
2208 1443 3051 1513 Consideratpeccatorjustum,
3087 1450 3142 1494 et
3173 1439 3364 1508 qumrit
3395 1453 3520 1505 pcr-

1946 1536 2078 1590 dere
2112 1536 2235 1605 [ms.
2286 1535 2642 1604 mortiﬁcare]
2687 1550 2812 1588 eum
2844 1550 2856 1585 :
2892 1534 3156 1587 Dominus
3190 1540 3370 1582 autem
3416 1544 3520 1582 non

1947 1626 2287 1694 derelinquet
2336 1642 2459 1679 eum
2511 1626 2565 1678 in
2625 1626 2879 1679 manibus
2919 1625 3059 1693 ejus,
3110 1637 3211 1677 nec
3242 1618 3526 1675 damnabit

1947 1731 2095 1781 eum,
2132 1716 2622 1785 cumjudicabitur
2658 1716 2759 1770 illi.

2024 1892 2182 1961 Capti.
2238 1893 2498 1961 Exspecta
2537 1892 2852 1957 Dominum,
2902 1904 2955 1947 et
3004 1893 3216 1948 custodi
3249 1893 3359 1949 vias
3384 1894 3523 1964 ejus,

1732 2006 1848 2042 cum
1953 1992 2010 2038 et
2058 1984 2320 2037 exaltabit
2350 1994 2423 2047 te,
2452 1994 2511 2037 ut
2550 1983 2825 2038 inliabites
2867 1993 3065 2039 terram
3106 1999 3274 2040 :cum
3317 1986 3530 2051 perient

1955 2087 2269 2144 peccatores
2293 2076 2337 2141 ι,
2372 2076 2605 2131 videbis.
3274 2067 3289 2089 ⁸

2028 2168 2153 2223 Vidi
2194 2169 2424 2237 impium
2464 2170 2951 2237 supereraltatum,
2973 2178 3029 2224 et
3058 2169 3329 2224 elevalum
3361 2184 3530 2238 super

1957 2259 2154 2313 cedros
2190 2258 2404 2313 Libani.

2033 2350 2157 2407 Res.
2185 2351 2458 2418 Transivi,
2490 2362 2545 2407 et
2578 2368 2702 2409 ecce
2734 2368 2840 2407 non
2865 2364 3021 2409 erat:
3056 2352 3280 2424 quaesivi
3312 2368 3457 2420 eum,
3479 2362 3534 2408 et

1960 2456 2068 2496 non
2102 2451 2183 2497 est
2210 2444 2465 2498 iuventus
2500 2445 2649 2499 locus
2689 2446 2830 2514 ejus.

2034 2535 2146 2589 Sin.
2176 2537 2400 2592 CnStodi
2429 2539 2716 2591 veritatem
2745 2538 2869 2608 [ms.
2896 2534 3311 2606 innocentiam].
3331 2546 3386 2589 et
3412 2535 3533 2589 vide

1963 2634 2320 2702 aequitatem:
2370 2632 2630 2698 quoniam
2676 2640 2804 2683 sunt
2851 2629 3100 2698 reliquize
3142 2628 3343 2682 homini
3380 2628 3535 2695 paci-

1964 2723 2090 2776 ﬂeo.

2034 2811 2228 2881 lnjusti
2265 2821 2445 2865 autem
2472 2812 2789 2881 disperient,
2825 2813 2986 2868 simul
3014 2813 3261 2881 reliquiae
3293 2814 3313 2843 ⁸
3339 2811 3537 2880 impio-

1967 2918 2088 2956 rum
2118 2902 2395 2970 peribunt.

2050 2992 2163 3046 Van
2215 2994 2380 3047 Thau.
2418 2993 2575 3048 Salus
2602 3004 2787 3048 autem
2829 2995 3100 3063 justorum
3128 3008 3157 3047 a
3188 2991 3423 3048 Domino
3454 3002 3540 3046 est

1970 3086 1986 3158 Ι
1998 3105 2093 3140 ms.
2127 3095 2264 3140 tacet
2294 3085 2400 3157 est]
2437 3104 2451 3141 :
2486 3096 2539 3141 et
2562 3095 2839 3142 protector
2866 3084 3058 3142 eoru'm
3092 3098 3176 3142 est
3211 3088 3263 3140 in
3296 3096 3541 3154 tempore

1894 3158 1935 3213 C
1971 3181 2366 3235 tribulationis.

2050 3275 2118 3328 Et
2168 3274 2450 3344 adjuvabit
2499 3288 2594 3328 eos
2628 3272 2912 3337 Dominus,
2943 3282 2997 3328 et
3031 3274 3284 3329 liberabit
3319 3287 3413 3327 eos
3445 3288 3460 3327 ;
3487 3282 3543 3325 et

1977 3366 2175 3435 eripiet
2197 3381 2293 3420 eos
2313 3381 2342 3419 a
2366 3366 2761 3435 peccatoribus,
2789 3375 2843 3419 et
2864 3366 3041 3420 salvos
3076 3366 3237 3421 faciet
3267 3382 3381 3431 eos,
3409 3381 3545 3435 quo-

1978 3461 2127 3513 niam
2156 3469 2516 3528 speraverunt
2545 3460 2600 3514 in
2636 3473 2702 3514 eo
2741 3457 2864 3529 [ms.
2894 3458 3067 3529 eum].

1981 3620 2284 3684 XXXVII.

1979 3726 2213 3765 rssLuus
2236 3726 2397 3781 navit)
2468 3710 2589 3781 [ms.
2624 3722 2719 3762 IPSI
2751 3710 2951 3781 num],
2995 3724 3046 3762 IN
3095 3724 3551 3764 nesieuonnious

2310 3780 2430 3851 [ms.
2459 3780 2929 3850 neconnsrioxeu]
2963 3794 3229 3831 saeuum.

2048 3894 2297 3959 Domine,
2324 3908 2395 3947 ne
2421 3893 2475 3945 in
2507 3891 2586 3945 ira
2610 3901 2697 3945 tua
2727 3906 2923 3960 arguas
2956 3906 3041 3945 me
3067 3890 3087 3921 ⁶
3124 3906 3140 3946 :
3169 3906 3344 3961 neque
3377 3892 3431 3946 in
3463 3892 3549 3947 fu-

1980 4004 2102 4045 rore
2133 3996 2229 4041 tuo
2254 3985 2523 4054 corripias
2559 4000 2665 4039 me.

2048 4079 2317 4146 Quoniam
2366 4077 2585 4147 sagittae
2634 4088 2740 4131 tua:
2774 4076 2952 4130 inlisa:
2993 4084 3121 4130 sunt
3156 4074 3313 4143 mibi,
3342 4084 3397 4129 et
3419 4089 3551 4129 con-

1981 4172 2207 4226 firmasti
2237 4184 2403 4240 super
2436 4184 2523 4224 me
2548 4185 2767 4223 manum
2803 4178 2975 4223 tuam.

2050 4262 2163 4318 Nec
2198 4261 2324 4334 [ms.
2360 4260 2496 4333 non]
2538 4270 2622 4316 est
2668 4262 2872 4315 sanitas
2903 4261 2959 4315 in
2990 4275 3150 4315 carne
3185 4274 3302 4315 mea
3337 4276 3367 4315 a
3394 4262 3550 4318 vultu

1980 4358 2078 4411 ira:
2102 4363 2230 4418 tuae,
2252 4364 2308 4407 et
2338 4350 2464 4423 [ms.
2494 4360 2628 4404 tacet
2661 4349 2740 4421 et]
2768 4367 2874 4404 non
2904 4359 2985 4404 est
3009 4364 3113 4418 pax
3140 4350 3357 4404 ossibus
3389 4352 3551 4414 meis,

1910 4475 1952 4528 ι)
1981 4466 2011 4502 a
2042 4449 2177 4503 facie
2218 4456 2564 4516 peccatorum
2612 4459 2882 4499 meorum.

2054 4538 2323 4604 Quoniam
2368 4535 2686 4604 iniquitates
2719 4548 2852 4588 mea:
2887 4541 3359 4603 superposuerunt
3393 4545 3557 4603 caput

1981 4644 2198 4684 meum:
2233 4628 2376 4682 sicut
2404 4640 2543 4680 onus
2581 4640 2743 4695 grave
2767 4635 3002 4690 gravata:
3042 4635 3169 4680 sunt
3199 4640 3366 4694 super
3391 4640 3478 4678 me
3508 4625 3553 4677 ⁷.

1980 4775 2160 4828 neque
2189 4760 2246 4812 in
2274 4759 2439 4813 Hebr.
2474 4772 2651 4826 neque
2676 4757 2865 4828 Graeco
2888 4757 3008 4824 ipso
3033 4768 3180 4813 textu
3213 4768 3452 4821 resonet,
3481 4760 3550 4813 ad

1980 4827 2219 4885 Palatini
2250 4845 2357 4883 ms.
2390 4829 2551 4881 iidem
2588 4827 2976 4894 expunximus.

2051 4898 2073 4930 ’⁵
2120 4899 2453 4953 Veronensis
2483 4913 2586 4952 ms.
2633 4910 2689 4950 et
2734 4899 3109 4965 Augustinus,
3145 4906 3205 4951 ut
3250 4898 3554 4952 ha-reditate

1980 4971 2273 5039 possideas,
2307 4977 2526 5030 terram,
2582 4983 2699 5018 cum
2783 4978 2998 5033 pereunt
3052 4978 3395 5039 peccatores;
3440 4978 3555 5020 tum

1993 5038 2386 5110 superexaltari
2415 5047 2463 5089 et
2506 5039 2712 5110 elevari
2742 5051 2920 5110 super,
2952 5049 3061 5092 etc.
3124 5038 3192 5091 Et
3236 5039 3477 5102 transiri,
3507 5049 3561 5089 et

1982 5106 2096 5163 ecce
2130 5125 2233 5161 non
2263 5117 2377 5161 erat
2409 5122 2428 5159 :
2463 5118 2509 5159 et
2550 5106 2784 5175 quwsivi,
2816 5116 2925 5159 etc.

2059 5181 2079 5210 ⁵
2126 5176 2296 5231 Unice
2327 5191 2450 5231 cum
2481 5177 2784 5247 Augustino
2818 5177 2959 5229 idem
2999 5191 3101 5229 ms.
3126 5219 3140 5241 ,
3188 5178 3469 5247 disperient
3501 5176 3558 5228 in

1981 5250 2235 5318 idipsum,
2267 5258 2313 5300 et
2344 5249 2582 5316 reliquid:
2615 5246 2901 5314 impiorum
2942 5246 3280 5304 interibunt.’
3323 5250 3414 5300 Sic
3461 5260 3560 5318 po-

1986 5315 2196 5373 stremo
2226 5333 2407 5384 versu,
2459 5315 2613 5371 eruet
2638 5333 2744 5381 eos,
2764 5324 2811 5368 et
2841 5318 3028 5371 eximet
3057 5334 3140 5371 eos
3169 5333 3234 5369 ex
3267 5315 3560 5386 peccatori-

1983 5391 2100 5444 bus.

2052 5460 2073 5490 ⁸
2110 5457 2473 5527 Augustinus,
2501 5473 2663 5527 quem
2695 5458 3000 5513 Vcronens.
3030 5473 3134 5510 ms.
3163 5453 3453 5527 describit,
3481 5457 3558 5509 [Ve

1982 5528 2038 5581 in
2067 5526 2435 5599 indignatione
2480 5526 2572 5581 tua
2625 5544 2820 5599 arguas
2858 5544 2957 5593 me,
3011 5541 3174 5593 neque
3214 5526 3267 5578 in
3321 5526 3404 5579 ira
3460 5535 3556 5580 tua

1981 5600 2339 5669 emendaverit;
2373 5597 2469 5669 [aL
2504 5597 2767 5667 emendes]
2805 5614 2902 5651 me.

2060 5669 2075 5697 ⁷
2126 5668 2291 5721 Iidem
2329 5664 2492 5722 unice
2526 5673 2666 5721 inter
2684 5664 3131 5722 sea—concinentes
3165 5664 3317 5727 libri.
3355 5664 3563 5736 Iniqui-

1986 5750 2118 5793 tatcs
2156 5755 2306 5803 mea:
2366 5738 2689 5793 sustulerunt
2738 5746 2892 5805 caput
2970 5754 3166 5805 meum,
3224 5739 3356 5791 sicut
3409 5737 3566 5807 [ascia
