3898 6172
342 316 447 381 195

1232 316 1300 376 S.
1343 312 1790 375 HIERONYMI
1829 315 2102 379 DIVINA
2141 317 2672 381 BIBLIOTIIECA.

3486 331 3586 394 196

404 430 729 485 Putruerunt
752 437 1075 501 etcorrupta.’
1095 439 1218 484 sunt
1240 431 1513 483 cicatrices
1538 429 1902 499 mew,a[acie
1934 441 1976 496 Α
2077 429 2548 502 Comptilruerunt
2576 477 2589 499 ,
2647 446 2703 490 et
2753 436 3238 494 deterioravernnt
3297 440 3588 500 cicatrices

334 520 654 590 insipientia
680 539 827 577 meas.

410 610 578 666 Miser
605 614 771 682 factus
788 628 903 666 sum
928 622 977 666 et
1004 618 1250 665 curvatus
1283 626 1401 664 sum
1429 625 1589 680 usque
1620 612 1672 664 in
1698 610 1858 679 ﬁnem
1884 627 1905 667 τ

335 712 445 755 tota
470 704 553 757 die
584 706 923 757 contristatus
948 704 1303 773 ingrediebar.

396 793 652 858 Quoniam
692 794 851 850 lumbi
888 798 989 850 mei
1045 795 1248 865 impleti
1280 804 1401 849 sunt
1434 794 1766 848 illusionibus
1799 810 1817 848 :
1852 804 1903 849 et

332 903 433 939 non
468 898 541 941 est
563 889 767 943 sanitas
793 890 844 941 in
868 905 1027 942 carne
1058 905 1196 945 mea.

410 980 642 1049 Aﬂlictus
663 997 802 1044 sum,
833 994 880 1035 et
898 982 1209 1035 humiliatus
1232 997 1348 1035 sum
1378 981 1535 1035 nimis
1566 996 1583 1034 :
1633 980 1902 1049 rugiebam

330 1089 363 1125 α
393 1074 591 1143 gemitu
624 1074 796 1127 cordis
826 1076 949 1128 mei.

408 1165 645 1230 Domine,
672 1178 794 1219 ante
810 1174 861 1219 te
882 1182 1032 1220 omne
1050 1166 1365 1219 desiderium
1392 1180 1598 1219 meum:
1615 1174 1662 1219 et
1680 1167 1902 1235 gemitus

327 1273 470 1310 meus
503 1275 534 1309 a
571 1266 619 1309 te
644 1273 749 1310 non
786 1267 863 1310 est
891 1258 1256 1313 absconditus.

410 1347 514 1400 Cor
544 1364 712 1400 meum
745 1351 1117 1403 conturbatum
1154 1357 1251 1412 est,
1284 1348 1571 1418 dereliquit
1603 1365 1687 1403 me
1732 1350 1901 1405 virtus

324 1453 466 1502 mea,
489 1449 537 1491 et
568 1438 752 1490 lumen
790 1436 1069 1491 oculorum
1104 1453 1362 1503 meorum,
1404 1448 1454 1493 et
1486 1440 1658 1507 ipsum
1690 1450 1901 1492 nonest

325 1544 434 1583 mec
440 1546 470 1581 ιι
478 1546 527 1581 ιιι
534 1567 550 1583 ο

400 1623 573 1675 Amici
593 1625 711 1684 mei,
734 1634 781 1675 et
801 1622 1028 1691 proximi
1054 1623 1175 1688 mei,
1198 1622 1475 1674 adversum
1505 1637 1585 1674 me
1605 1620 1897 1691 appropin-

321 1723 639 1781 quaverunt,
669 1723 715 1766 et
745 1722 1024 1767 steterunt.

399 1806 467 1858 Et
499 1806 586 1875 qui
611 1806 769 1873 juxta
803 1822 884 1858 me
915 1815 1086 1870 erant,
1122 1805 1183 1858 de
1208 1805 1364 1875 longe
1393 1814 1646 1860 steterunt
1677 1816 1766 1861 :et
1791 1810 1893 1861 vim

320 1894 585 1963 faciebant
613 1896 703 1966 qui
728 1895 1037 1964 quwrebant
1068 1897 1303 1948 quintam
1343 1913 1536 1950 meam.

394 1984 459 2038 Et
480 1987 570 2055 qui
590 1987 927 2055 inquirebant
946 1985 1088 2039 mala
1116 1988 1264 2052 mihi,
1284 1988 1443 2040 locuti
1462 1996 1582 2040 sunt
1603 1987 1891 2053 vanitates,

316 2086 365 2133 et
390 2076 534 2131 dolos
559 2088 668 2132 tota
702 2080 785 2131 die
811 2078 1231 2133 meditabantur.

389 2170 500 2240 Ego
538 2180 713 2223 autem
737 2180 993 2241 tanquam
1010 2170 1199 2224 surdus
1223 2186 1327 2224 non
1345 2171 1649 2239 audiebant,
1674 2182 1730 2225 et
1756 2172 1892 2225 sicut

322 2274 497 2315 mutus
527 2280 632 2317 non
658 2265 895 2331 aperiens
924 2280 977 2316 os
1012 2278 1188 2317 suum.

391 2443 460 2495 Et
498 2444 669 2513 factus
731 2458 846 2494 sum
889 2442 1024 2495 sicut
1065 2442 1218 2495 homo
1250 2457 1351 2494 non
1388 2441 1608 2495 audiens
1634 2458 1657 2496 :
1706 2453 1754 2496 et
1787 2459 1889 2497 non

324 2536 511 2589 ‘tabcns
543 2538 597 2589 in
631 2552 719 2588 ore
743 2535 1279 2604 suoredurgutiones.
1309 2534 1325 2564 ¹

386 2625 646 2691 Quoniam
698 2628 749 2679 in
792 2633 862 2689 te,
918 2624 1157 2687 Domine,
1218 2623 1451 2692 speravi,
1503 2632 1561 2677 tu
1613 2626 1886 2692 exaudies,

316 2719 538 2772 Domine
565 2718 697 2771 Deus
726 2733 885 2771 meus.

394 2807 531 2873 Quia
566 2808 711 2860 diri:
742 2806 821 2860 Ne
856 2806 1069 2877 quando
1094 2806 1527 2876 supergaudeant
1550 2807 1678 2860 milii
1700 2821 1759 2862 -ε-
1785 2809 1887 2861 ini-

310 2902 429 2954 mici
483 2901 583 2954 mei
618 2901 641 2969 ζ
705 2911 753 2953 et
807 2899 931 2952 dum
956 2908 1355 2953 commoventur
1381 2898 1533 2967 pedes
1575 2901 1695 2965 mei,
1730 2917 1889 2971 super

311 3008 391 3049 me
428 3008 620 3062 magna
651 2990 814 3043 locuti
850 3000 996 3045 sunt.

2012 537 2147 577 mea:
2170 567 2187 590 ,
2227 539 2257 578 a
2290 525 2431 582 facie
2458 526 2787 597 insipientia:
2815 546 2970 586 meae.

2080 618 2317 673 Miseriis
2342 620 2580 675 alllictus
2626 636 2771 685 sum,
2802 631 2856 677 et
2889 632 3147 679 curvatus
3174 641 3294 681 sum
3323 643 3501 699 usque
3528 631 3583 685 in

2008 709 2171 764 linem
2209 725 2221 761 :
2260 717 2372 764 tota
2403 710 2491 764 die
2522 712 2875 766 contristatus
2908 714 3256 784 ingrediebar
3294 717 3339 773 δ.

2080 800 2351 867 Quoniam
2398 800 2580 855 anima
2615 819 2732 858 mea
2767 807 3037 875 completa
3077 819 3160 863 est
3191 808 3579 869 illusionibus:

2007 900 2061 945 et
2093 908 2200 946 non
2230 902 2315 946 est
2349 894 2557 946 sanitas
2587 893 2638 946 in
2669 909 2837 949 carne
2872 913 3014 952 mea.

2076 983 2401 1039 incurvatus
2431 998 2551 1037 sum
2576 995 2630 1037 et
2653 984 2980 1043 humiliatus
3006 1006 3127 1045 sum
3158 1007 3577 1065 usquequaque,

2008 1073 2291 1142 rngiebam
2320 1090 2346 1128 a
2372 1077 2578 1143 gemitu
2605 1077 2789 1133 cordis
2811 1081 2914 1134 mei
2946 1097 2962 1137 ς
2992 1093 3045 1136 et
3072 1096 3198 1137 ante
3232 1093 3281 1138 te
3307 1097 3392 1139 est
3417 1102 3582 1144 omne

2006 1164 2342 1218 desiderium
2379 1181 2560 1221 meum
2588 1207 2602 1231 .
2653 1181 2706 1223 et
2732 1171 2968 1239 gannitus
3004 1188 3159 1228 meus
3188 1189 3219 1228 a
3253 1184 3304 1229 te
3337 1191 3445 1229 non
3498 1190 3583 1233 est

2005 1256 2391 1313 absconditus.

2072 1348 2180 1402 Cor
2208 1365 2389 1405 meum
2438 1354 2833 1410 conturbatum
2878 1368 2966 1413 est
3004 1358 3058 1413 in
3095 1374 3201 1427 me,
3235 1370 3290 1415 et
3334 1362 3582 1418 deseruit

2005 1453 2091 1492 me
2134 1439 2402 1496 fortitudo
2433 1458 2551 1497 mea
2587 1460 2601 1498 :
2634 1454 2693 1500 et
2742 1446 2924 1502 lumen
2985 1448 3272 1504 oculorum
3331 1466 3575 1507 meorum

2000 1538 2110 1580 non
2142 1537 2227 1581 εει
2249 1544 2487 1584 mecum.

2076 1618 2249 1675 Amici
2283 1622 2417 1685 mei,
2448 1634 2500 1678 et
2529 1626 2764 1693 proximi
2791 1626 2921 1693 mei,
2957 1628 3221 1685 adversus
3254 1647 3342 1688 me
3374 1648 3578 1702 appro.

2002 1708 2294 1778 piaverunt
2347 1712 2470 1783 [ηις.
2509 1718 3116 1794 appropinquaverunt]
3145 1762 3160 1787 ,
3193 1733 3248 1778 et
3276 1734 3572 1791 steterunt,

2002 1811 2056 1855 et
2088 1803 2318 1869 proximi
2352 1807 2459 1860 mei
2493 1826 2520 1860 ιι
2548 1808 2709 1878 longe
2744 1820 3037 1866 steterunt.

2074 1896 2140 1948 Et
2165 1895 2271 1949 vim
2300 1896 2574 1953 faciebant
2601 1902 2693 1969 qui
2726 1904 3045 1970 qurerebant
3077 1905 3313 1959 animam
3346 1924 3522 1963 meam
3553 1926 3568 1964 :

1997 1997 2054 2042 et
2084 1991 2176 2056 qni
2206 1990 2559 2059 inquirebant
2591 1994 2730 2046 mala
2756 1995 2913 2059 mihi,
2939 1996 3103 2051 locuti
3127 2007 3256 2051 sunt
3280 2002 3568 2067 vanitates,

1990 2093 2048 2137 et
2073 2082 2230 2137 dolos
2269 2094 2378 2139 tota
2414 2086 2502 2139 die
2531 2088 2930 2141 meditabantur
2961 2089 3003 2143 ⁸.

2065 2175 2179 2243 Ego
2239 2188 2421 2230 autem
2488 2180 2638 2231 velut
2685 2182 2885 2233 surdus
2941 2196 3049 2234 non
3106 2183 3448 2239 audiebam:
3511 2194 3569 2240 et

1992 2263 2134 2320 sicut
2170 2278 2374 2333 mutus,
2437 2268 2528 2338 qui
2588 2285 2697 2323 non
2761 2271 2942 2340 aperit
2994 2270 3122 2343 luis.~
3182 2275 3464 2347 aperiens]
3501 2293 3563 2333 os

1992 2372 2174 2413 suum.

2061 2450 2127 2504 Et
2160 2448 2338 2507 factus
2366 2467 2487 2507 sum
2525 2464 2587 2507 ut
2643 2456 2809 2512 homo
2863 2473 2973 2514 non
3021 2460 3291 2529 audiens,
3351 2474 3409 2521 et
3454 2481 3566 2524 non

1992 2537 2206 2598 habens
2237 2541 2292 2595 in
2329 2556 2426 2597 ore
2454 2558 2555 2597 suo
2596 2544 3002 2615 increpat-ionica
3032 2547 3152 2622 [ms.
3176 2553 3534 2628 argutiones].

2063 2628 2340 2694 Quoniam
2392 2633 2444 2687 in
2500 2643 2571 2700 te,
2625 2637 2877 2705 Domine,
2933 2643 3173 2710 speravi,
3205 2644 3315 2700 dixi
3372 2647 3394 2678 ⁸
3426 2663 3443 2708 :
3478 2646 3560 2703 Τιι

1990 2722 2245 2775 esandies
2279 2738 2387 2785 me,
2423 2724 2651 2779 Domine
2685 2724 2824 2779 Deus
2856 2742 3030 2783 meus.

2061 2810 2200 2875 Quia
2225 2811 2337 2868 dixi
2369 2825 2386 2868 ;
2416 2812 2496 2869 Ne
2526 2814 2821 2884 aliquando
2855 2818 3115 2875 insultent
3148 2823 3202 2877 in
3236 2838 3319 2879 me
3352 2825 3557 2883 inimici

1990 2902 2117 2964 mei,
2159 2910 2216 2955 et
2246 2902 2372 2956 dum
2426 2915 2911 2960 commoverentur
2964 2908 3130 2976 pedes
3189 2912 3320 2976 mei,
3380 2913 3434 2967 in
3472 2929 3559 2968 me

1988 3007 2184 3063 magna
2216 2993 2385 3049 locuti
2418 3006 2567 3053 sunt.

376 3081 636 3146 Quoniam
668 3097 760 3150 ego
790 3081 844 3133 iu
882 3081 1093 3149 ﬂagella
1128 3092 1352 3149 paratus
1401 3096 1517 3136 sum
1540 3083 1561 3112 '
1602 3100 1616 3139 :
1652 3093 1700 3137 et
1733 3084 1884 3140 dolor
1911 3115 1953 3173 ο
2058 3085 2331 3150 Quoniam
2357 3103 2463 3158 ego
2502 3091 2569 3144 ad
2611 3090 2823 3161 ﬂagella
2855 3101 3084 3162 paratus
3117 3108 3281 3153 sum:
3316 3108 3371 3155 et
3399 3100 3558 3157 dolor

311 3190 455 3225 meus
503 3175 556 3225 in
596 3182 876 3239 conspectu
911 3188 1022 3225 meo
1051 3188 1277 3243 semper.

376 3265 639 3331 Quoniam
689 3266 1020 3335 iniquitatem
1058 3282 1225 3319 meum
1251 3268 1635 3327 annuntiabo:
1676 3284 1734 3326 -ε-
1774 3280 1822 3325 et
1855 3273 1878 3342 ζ

304 3359 541 3426 cogitabo
567 3374 660 3424 pro
688 3364 900 3427 peccato
933 3374 1068 3411 meo.

380 3450 587 3503 lnintici
639 3459 808 3502 autem
850 3452 949 3503 mei
984 3452 1183 3517 uiuunt,
1226 3462 1273 3505 et
1307 3453 1615 3520 conﬁrmati
1650 3471 1775 3511 sunt
1814 3472 1877 3512 σί-

298 3558 460 3612 super
499 3543 629 3610 me:
690 3551 737 3595 el
769 3543 1111 3613 multiplicati
1159 3554 1303 3609 sunt,
1362 3549 1451 3615 qui
1503 3548 1726 3602 oderunt
1799 3567 1879 3607 me

307 3637 511 3705 inique.

377 3726 482 3791 Qui
516 3729 814 3782 retribuunt
848 3730 991 3783 mala
1020 3746 1116 3800 pro
1149 3730 1296 3784 bonis
1327 3731 1670 3789 detrahebant
1706 3734 1833 3789 milii
1857 3749 1877 3787 :

299 3818 551 3888 quoniam
574 3824 829 3887 sequebar
849 3822 1157 3875 bonitatem.
1183 3820 1203 3851 ³

290 4042 469 4112 gravis
491 4053 727 4117 grauata:
749 4052 870 4096 sunt
890 4060 1047 4108 super
1095 4060 1193 4100 me.
1227 4045 1669 4114 Computuerunt,
1694 4058 1745 4102 et
1771 4067 1871 4117 pu-

296 4120 521 4189 trierunt
583 4115 771 4189 livores
800 4117 900 4165 mei
924 4130 944 4169 :
982 4124 1192 4168 tantum
1229 4120 1434 4169 rectius
1460 4118 1603 4186 apud
1632 4115 1863 4189 Augtist.

292 4183 558 4235 scribitur
596 4182 1060 4250 Computruerunt.
1112 4195 1160 4236 et
1203 4182 1509 4252 putuerunt:

368 4252 509 4304 bliic
566 4253 764 4304 iterum
826 4252 1141 4323 Diapsalina
1177 4256 1244 4308 de
1281 4270 1378 4309 suo
1415 4256 1703 4312 Palatinus
1759 4273 1863 4312 ms.

288 4321 465 4375 addit.

361 4394 381 4423 ³
431 4388 657 4465 Rectius
714 4390 859 4465 idem
920 4408 1021 4447 ms.
1052 4394 1295 4465 iverbum
1335 4409 1452 4447 sum
1508 4404 1648 4451 tacet
1689 4413 1703 4451 :
1744 4398 1864 4465 plus

290 4476 424 4515 vero
489 4461 654 4515 habet
707 4463 1063 4531 subsequenti
1126 4480 1311 4530 versu,
1376 4480 1469 4534 ego
1505 4461 1861 4537 annuntiabo,

289 4541 398 4585 etc.

367 4602 388 4631 ³
415 4602 666 4679 libraunl
700 4600 1011 4679 Dittpsa‘lma
1065 4601 1154 4656 hic
1200 4601 1345 4657 idem
1383 4619 1485 4659 ms.
1521 4606 1809 4679 subiungit
1843 4627 1855 4663 :

284 4679 407 4724 tum
439 4672 586 4738 legit,
620 4669 740 4723 Non
766 4670 1126 4739 derelinquas,
1156 4682 1264 4727 etc.

364 4742 385 4771 ⁴⁵
422 4742 541 4793 l‘ari
583 4755 855 4794 consensu
903 4743 1243 4807 Augustinus
1280 4750 1336 4796 et
1382 4743 1717 4803 Veronensis
1751 4765 1855 4807 ms.

282 4808 493 4888 liabent
530 4810 874 4863 ambulabam
905 4826 1004 4888 pro
1034 4812 1361 4880 ingrediebar
1387 4830 1409 4878 ;
1437 4827 1490 4868 et
1520 4818 1682 4888 paulo
1710 4831 1853 4888 post,

278 4882 592 4947 inﬁrmatus
631 4896 748 4933 sum
783 4896 884 4950 pro
919 4883 1245 4950 incurvatus,
1288 4894 1347 4936 et
1377 4882 1537 4953 usque
1577 4882 1733 4941 nimis
1758 4882 1857 4959 pro

279 4966 672 5019 usquequaque.

354 5021 871 5093 {Augustinianum
904 5030 960 5074 et
989 5020 1327 5093 Veronense,
1383 5024 1529 5093 quod
1567 5026 1710 5082 idem
1746 5039 1852 5093 est.

280 5088 626 5156 Psalterium,
680 5093 768 5159 qui
796 5092 1104 5159 quaerebant
1144 5094 1285 5146 mala
1329 5088 1466 5160 mea,
1521 5097 1683 5151 locuti
1729 5088 1854 5154 sunl

196 5196 199 5197 ν
280 5163 592 5234 vanitatem,
624 5171 683 5234 et
713 5163 893 5214 dolum
933 5171 1047 5216 tota
1077 5164 1162 5215 die
1196 5166 1615 5234 meditabantur,
1660 5171 1853 5225 vitiose

276 5235 426 5283 enim
457 5232 577 5299 ejus
604 5233 779 5284 editor
809 5234 1030 5299 pt'aiiert
1058 5234 1470 5290 meditabantur.

353 5303 373 5330 ⁸
403 5302 908 5366 ιὶιαηνειιιυιιιάὶπὶ,
943 5313 1057 5357 ιυιιι
1083 5318 1165 5355 me
1196 5320 1494 5371 pronomen
1530 5307 1694 5363 iidem
1722 5324 1849 5364 cum

272 5369 554 5426 Gallicano
579 5382 914 5445 praetereunt
942 5389 957 5428 :
989 5388 1110 5426 mox
1136 5369 1269 5445 vero
1291 5376 1437 5443 quod
1466 5392 1563 5445 pro
1590 5380 1851 5432 insultent

278 5446 466 5518 inme,
503 5446 719 5518 praefert
776 5442 1075 5518 Veronens.
1121 5442 1378 5518 exsultent
1437 5442 1587 5508 mihi.
1624 5456 1850 5518 propius

276 5515 499 5580 quidem
522 5516 709 5569 tit-aeuo
739 5514 1068 5583 ἐπιχαίρωσί
1097 5530 1186 5581 μοι
1216 5517 1382 5586 haeret
1404 5530 1419 5567 :
1442 5518 1510 5568 ab
1540 5514 1849 5586 Augustino

268 5594 483 5639 autem.
511 5597 560 5637 ut
588 5588 801 5653 nequid
832 5586 1261 5644 dissimulemns,
1296 5585 1349 5636 in
1388 5585 1845 5654 vulgatisSaltem

262 5656 701 5719 esetnpiaribus,
765 5655 995 5715 abludit,
1032 5655 1120 5705 ubi
1174 5662 1326 5706 vetus
1365 5655 1528 5710 lectio
1585 5659 1847 5714 insultant

277 5739 329 5775 t-t.’
367 5740 463 5784 me,
503 5734 789 5779 retinetur.
823 5725 981 5778 ιε’..ιεο
1011 5728 1193 5793 itaque
1226 5723 1562 5782 Veronensis
1594 5733 1709 5799 ejus
1737 5748 1839 5786 ms.

1989 3189 2144 3232 meus
2174 3189 2301 3234 ante
2343 3195 2429 3236 me
2461 3192 2546 3237 est
2580 3198 2817 3254 semper.

2058 3272 2328 3334 Quoniam
2361 3274 2704 3344 iniquitatem
2748 3294 2923 3335 meam
2955 3296 3057 3351 ego
3092 3285 3393 3353 pronuntio
3428 3303 3442 3340 :
3498 3296 3557 3343 es

1985 3362 2236 3431 cogitabo
2265 3378 2365 3434 pro
2392 3377 2617 3434 peccato
2640 3384 2792 3423 meo.

2055 3452 2271 3507 Inimici
2335 3456 2441 3510 mei
2498 3468 2681 3513 autem
2712 3464 2926 3529 vivunt,
2986 3472 3042 3519 et
3069 3466 3361 3523 conlortati
3426 3481 3555 3526 sunt

1983 3557 2147 3611 super
2179 3560 2264 3598 me
2297 3561 2310 3599 ;
2343 3554 2398 3600 et
2429 3549 2772 3621 multiplicati
2796 3564 2928 3609 sunt
2951 3556 3043 3625 qui
3068 3557 3304 3614 oderunt
3330 3577 3416 3617 me
3444 3563 3551 3618 ini-

1982 3650 2088 3704 que
2132 3637 2169 3691 ⁷.
3394 3666 3401 3673 ·

2051 3729 2154 3793 Qui
2216 3730 2599 3788 rctribnebant
2656 3736 2788 3791 mihi
2847 3738 2987 3793 mala
3047 3755 3146 3809 pro
3197 3741 3378 3812 bonis,
3436 3748 3547 3803 de-

1983 3824 2273 3879 trahebant
2322 3827 2458 3881 mihi
2505 3829 2769 3897 quoniam
2834 3830 3165 3892 subsecutus
3212 3852 3335 3894 sum
3382 3842 3551 3913 justi-

1979 3913 2108 3967 tiam
2134 3913 2181 3970 ⁸.

1974 4056 2152 4111 editor
2210 4055 2418 4140 autne
2473 4056 2764 4140 aliquando
2815 4063 3080 4140 exsultent
3129 4066 3544 4140 ab_Augustino

1973 4141 2191 4205 quoque
2238 4127 2342 4196 legi
2382 4127 2458 4205 iu_
2487 4132 2839 4205 enarratione
2896 4134 3063 4205 hujus
3124 4127 3354 4205 psalmi:
3389 4127 3541 4198 num.

1970 4196 2061 4272 ἓξ..
2108 4193 2224 4249 νὶι
2281 4193 2382 4272 ego
2447 4198 2587 4253 hanc
2642 4201 2932 4272 lectionem
2970 4193 3541 4272 'Augustino'nola—ni

1972 4265 2141 4349 luisse
2188 4265 2424 4349 coniicio
2480 4282 2547 4321 ex
2602 4271 2937 4343 παραλλήλῳ
2991 4265 3325 4349 testimonio,
3390 4265 3537 4349 quod

1969 4334 2181 4473 jaudat,
2243 4334 2332 4406 qui
2389 4352 2471 4391 me
2518 4334 2788 4407 promunt,
2842 4334 3209 4411 'ex'sultabunt,
3266 4334 3323 4401 si
3368 4334 3539 4407 motus

1997 4421 2144 4458 uero.

1997 4421 2144 4458 uero.

2046 4476 2063 4504 ⁷
2092 4476 2165 4557 lix
2204 4477 2896 4557 Augustinoﬂeronensis
2929 4498 3031 4557 ms.
3071 4502 3252 4540 curam
3299 4504 3480 4557 geram
3515 4510 3538 4547 :

1967 4545 2113 4613 quod
2167 4548 2421 4627 sequitur
2448 4550 2540 4615 qui
2568 4552 2803 4627 oderunt
2832 4568 2915 4605 me
2949 4554 3147 4623 inique,
3200 4545 3540 4627 Augustinus

1965 4629 2191 4696 quoque
2208 4619 2426 4673 retinet.
2452 4632 2555 4673 ms.
2578 4619 3065 4696 taiiienV_er0itetis.
3089 4619 3536 4696 mavnlt'injuste,

1965 4688 2110 4751 quod
2144 4686 2365 4764 dignum
2400 4697 2587 4739 notatn
2620 4700 2738 4764 erat
2768 4693 2888 4759 ejus
2917 4693 3140 4764 edituri,
3173 4698 3263 4764 qui
3302 4686 3534 4757 minima

1962 4768 2192 4837 quicque
2211 4756 2457 4837 studiose
2485 4756 2853 4837 persequitur.
2874 4762 3080 4816 Deinde
3100 4756 3214 4837 pari
3235 4756 3534 4837 consensu,

1963 4824 2052 4907 qui
2090 4826 2386 4881 retribuunt
2416 4826 2557 4880 mala
2582 4824 2678 4895 pro
2714 4830 2883 4896 battis,
2913 4841 2968 4885 et
2995 4824 3247 4901 quoniam
3283 4824 3530 4907 persecat:

1963 4900 2045 4944 tus
2078 4910 2215 4953 sum,
2261 4904 2368 4949 etc.

2036 4962 2057 4993 ⁸
2091 4965 2241 5042 Quod
2276 4964 2707 5045 Veronensgns.
2738 4970 3022 5041 subjungit
3056 4983 3212 5028 vetus
3235 4976 3531 5045 glossema,

1960 5033 2372 5109 et_projecerunt
2407 5052 2486 5089 me
2515 5037 2767 5094 dilectum
2813 5033 3063 5109 umquam
3086 5033 3364 5098 mortuum
3398 5033 3533 5103 aha-'-

1960 5103 2244 5187 minatum,
2298 5119 2363 5185 ett
2412 5109 2717 5185 Augustino
2776 5103 2991 5187 quidem
3048 5114 3367 5184 descripsit.
3433 5120 3532 5187 qui

1958 5172 2089 5225 illud
2133 5174 2218 5227 bis
2250 5176 2450 5229 reeitat
2485 5172 2538 5229 in
2590 5172 2940 5235 enarratione
2976 5197 2991 5237 :
3029 5172 3315 5240 tamenetsi
3353 5172 3531 5244 iideri

1958 5246 2151 5327 possit,
2206 5260 2463 5326 nonqtro
2513 5248 3221 5327 hujus_versiculi__parte,
3272 5258 3367 5310 sed
3428 5274 3530 5327 pro

1957 5313 2272 5394 aliunderin
2304 5315 2425 5394 ejus
2460 5313 2761 5394 sententia:
2814 5324 2929 5394 sive
2967 5313 3242 5391 allegoria:
3295 5313 3528 5394 gratiam

1957 5383 2509 5465 adscitotestimonio
2534 5394 2836 5465 accepisse.
2858 5383 3182 5465 Nectaan
3208 5383 3530 5465 ignbramus

1955 5466 1989 5535 ei
2012 5452 2215 5535 Graecis
2248 5456 2391 5535 illud
2417 5452 2826 5535 exemplaribus
2859 5452 3160 5526 llusisse.ve
3186 5452 3392 5535 qiiibus
3440 5452 3529 5523 to;

1957 5525 2124 5607 tidem
2151 5525 2332 5607 verbis
2381 5525 3006 5607 laudat'Tbeodoretns,
3050 5534 3157 5585 Καὶ
3203 5525 3530 5607 ἆπέρριψὰν

1958 5610 2023 5659 με
2056 5594 2488 5671 τὸνργαπητὸν,
2518 5598 2592 5661 ὡς
2626 5602 2819 5671 νεκρὸν
2854 5594 3253 5671 ἐϐδελυγμένον
3279 5623 3293 5662 :
3321 5594 3502 5663 't'tniie

1952 5677 2006 5714 et
2041 5664 2318 5748 versiones
2352 5664 2562 5736 aliquot
2589 5664 2886 5748 orientales
2920 5688 2984 5748 ett
3012 5664 3199 5730 Graeco
3220 5679 3521 5748 dei-iratas,

1952 5745 2007 5789 et
2038 5736 2334 5791 nonnullos
2359 5753 2575 5807 quoque
2606 5741 2830 5797 Latinos
2860 5746 3075 5799 codices
3104 5749 3366 5811 IlOI‘Vilbjl.
