3898 6172
224 304 319 370 197
1462 307 1700 371 LIBER
1744 308 2249 370 PSALMORL'M.

1752 438 1818 475 ne
1842 442 1893 501 Α
1991 424 2069 478 Ne
2097 421 2447 490 derelinquas
2478 434 2584 487 me,
2614 419 2842 474 Domine
2876 418 3023 473 Deus
3054 430 3230 480 meus,
3284 430 3350 469 ne
3375 415 3486 469 dis-

284 420 364 474 Ne
419 417 760 489 derelinquas
829 434 933 484 nte,
996 417 1220 473 Domine
1283 417 1425 473 Deus
1481 435 1624 473 mens
1680 436 1697 476 .'

219 512 517 566 discesseris
552 528 583 564 a
620 528 725 565 me.

283 605 509 660 Intende
537 607 594 658 in
620 604 955 673 adjutorium
982 619 1181 671 meum,
1202 602 1446 671 Domine,
1483 617 1544 658 -ι-
1581 602 1720 659 Deus
1753 604 1801 672 ¹ζ

224 698 413 755 salutis
441 713 595 752 meae.

3380 301 3482 367 198

1916 515 2151 570 cesseris
2182 531 2211 567 a
2270 530 2355 567 me
2391 530 2404 566 :
2441 513 2667 570 intende
2697 513 2750 566 in
2783 510 3116 581 adjutorium
3148 524 3348 573 meum,
3382 508 3485 560 Do-

1914 609 2062 663 mine
2094 609 2234 662 Deus
2262 606 2451 661 salutis
2494 620 2647 659 meae.

1477 852 1837 913 PSALMUS
1878 850 2215 911 XXXVIII.

379 994 431 1031 IN
470 990 636 1030 ςιΝειι
668 980 768 1030 ipsi
808 973 1027 1029 inlutus
1060 972 1105 1039 ',
1140 986 1411 1027 CANTICUM
1441 986 1623 1025 ωιτη).

287 1159 410 1213 ι)ὴὶ
447 1173 465 1212 :
504 1155 815 1212 Custodiam
842 1154 953 1208 vias
980 1169 1153 1218 meas,
1201 1160 1383 1205 utnon
1416 1148 1718 1219 delinquant
1747 1148 1799 1200 in

222 1254 398 1321 lingua
438 1265 584 1304 mea.

285 1343 449 1397 Posui
476 1342 559 1395 ori
582 1355 696 1394 meo
716 1338 1040 1403 custodiam,
1091 1352 1208 1390 cum
1231 1332 1537 1387 consisteret
1558 1337 1803 1399 peccator

220 1438 487 1492 adversum
514 1451 619 1489 me.

285 1528 544 1585 Obmutui
586 1528 607 1559 ⁸
636 1535 683 1580 et
720 1538 781 1581 -ιν
820 1520 1177 1594 ζΙηιηιὶἐίαιιιε
1200 1534 1318 1573 sunt
1355 1532 1416 1573 -ι-
1448 1527 1496 1571 et
1551 1518 1573 1587 ζ
1612 1516 1738 1571 silui
1762 1531 1796 1569 a

220 1623 375 1688 bonis,
441 1628 489 1673 et
523 1618 676 1672 dolor
710 1632 853 1669 meus
877 1619 1155 1667 renovatus
1191 1622 1289 1665 est.

283 1709 566 1767 Concaluit
592 1723 681 1761 cor
700 1722 873 1760 meum
894 1705 1039 1758 intra
1066 1708 1295 1771 me-s-‘et
1326 1701 1348 1769 ζ
1377 1701 1429 1753 in
1456 1696 1793 1752 meditatione

220 1819 337 1858 mea
363 1800 676 1856 exardescet
705 1799 862 1867 ignis.

290 1895 522 1949 Locutus
574 1907 689 1946 sum
731 1893 785 1944 in
822 1889 1004 1959 lingua
1054 1903 1171 1941 mea
1209 1902 1225 1940 :
1269 1883 1463 1941 Natant
1514 1885 1599 1953 fac
1646 1884 1795 1949 mihi,

221 1989 460 2049 Domine,
487 1986 654 2056 finem
684 1998 857 2036 meum
894 1997 914 2046 ,°

288 2080 355 2134 Et
394 2093 677 2133 numerum
708 2076 916 2129 dierum
942 2087 1201 2139 meorum,
1233 2073 1348 2142 quis
1375 2080 1451 2125 est
1487 2070 1512 2122 2
1534 2077 1589 2123 ut
1630 2070 1797 2123 sciam

220 2172 340 2242 quid
380 2170 514 2223 desit
546 2167 695 2221 mihi.
811 2155 815 2161 ’

287 2265 427 2319 Ecce
447 2258 827 2316 mensurabiles
845 2257 1065 2327 posuisti
1087 2257 1191 2310 dies
1212 2270 1351 2309 meos
1387 2269 1405 2309 .'
1433 2264 1481 2307 et
1497 2254 1796 2308 substantia

220 2373 327 2410 mea
360 2364 623 2423 tanquam
665 2349 885 2404 nihilum
919 2357 1043 2402 ante
1082 2356 1154 2400 te.

301 2446 677 2500 Verumtamen
699 2444 943 2495 universa
966 2440 1197 2506 vanitas,
1227 2440 1397 2493 omnis
1421 2438 1576 2492 homo
1600 2437 1795 2491 vivens.

218 2539 544 2593 Duarum”.

298 2630 674 2682 Verumtamen
709 2624 765 2677 in
799 2624 1033 2693 imagine
1083 2624 1376 2694 pertransit
1403 2624 1597 2687 homo;
1628 2621 1715 2675 sed
1746 2627 1797 2673 ct

221 2729 420 2787 frustra
453 2721 818 2775 conturbatur.

290 2817 658 2875 Tliesaurizat,
682 2821 731 2867 et
773 2814 987 2882 ignorat
1015 2810 1099 2864 cui
1126 2810 1463 2880 congregabit
1491 2826 1578 2863 ea.

292 2910 360 2964 Et
398 2925 535 2962 nunc
571 2922 689 2975 qua:
726 2916 797 2959 est
835 2906 1164 2959 exspectatio
1209 2906 1369 2959 mea?
1405 2918 1576 2957 nonne
1615 2900 1795 2956 Domi-

218 3020 311 3058 nus
340 3004 366 3057 1’
409 3015 470 3055 -ιι-
507 3009 556 3052 et
591 2999 614 3066 ζ
646 2996 946 3052 substantia
978 3012 1093 3051 mea
1121 2996 1263 3066 apud
1290 3004 1339 3047 te
1362 3004 1461 3071 est;

1905 984 1955 1020 in
1998 983 2179 1031 FINEM,
2222 981 2321 1019 uno
2363 977 2597 1023 manus,
2641 974 2901 1031 curiam
2944 973 3101 1011 navm
3138 954 3318 1028 [Aug].
3380 923 3480 1011 trs:

2590 1047 2745 1089 mvin
2771 1028 2809 1100 }.

1978 1157 2133 1211 Dixi:
2161 1150 2482 1208 Custodiam
2537 1147 2655 1201 vias
2682 1160 2832 1199 meas
2860 1161 2873 1200 :
2906 1154 2964 1199 ut
3005 1159 3111 1198 non
3165 1144 3479 1214 delinquam

1904 1250 1959 1303 in
1994 1250 2175 1316 lingua
2210 1259 2351 1298 mea.

1974 1338 2142 1395 Posui
2175 1337 2255 1389 ori
2293 1348 2413 1389 meo
2442 1330 2743 1387 custodiam
2778 1343 2794 1383 :
2838 1327 2965 1382 dum
3000 1327 3253 1381 consistit
3283 1342 3477 1396 pecca-

1904 1444 1989 1489 tor
2025 1430 2289 1484 adversns
2331 1440 2440 1479 me.

1977 1522 2240 1579 Obmutui
2270 1521 2315 1587 ',
2351 1529 2405 1573 et
2435 1516 2755 1571 humiliatus
2795 1528 2937 1578 sum,
2974 1522 3028 1566 et
3058 1512 3184 1567 silui
3211 1526 3240 1565 a
3267 1510 3469 1565 bonis:

1902 1628 1958 1675 et
1980 1620 2133 1673 dolor
2164 1630 2317 1668 meus
2342 1621 2635 1667 renovatus
2657 1617 2764 1663 est.

1972 1708 2259 1765 Concaluit
2282 1720 2378 1759 cor
2414 1718 2597 1757 meum
2632 1702 2773 1754 intra
2803 1713 2889 1753 me
2918 1707 3010 1754 :et
3038 1698 3089 1752 in
3120 1694 3477 1752 meditatione

1833 1781 1872 1833 Β
1905 1820 2023 1858 mea
2056 1798 2363 1856 exardescit
2394 1796 2555 1865 ignis.

1974 1894 2218 1947 Locutus
2268 1902 2390 1943 sum
2433 1888 2487 1941 in
2524 1888 2708 1955 lingua
2746 1902 2865 1942 mea
2905 1902 2919 1939 :
2956 1884 3158 1939 Notum
3198 1882 3331 1937 mihi
3364 1882 3474 1948 lac,

1905 1987 2152 2051 Domine,
2191 1982 2350 2036 linem
2384 1995 2564 2035 meum
2604 1996 2617 2034 :
2652 1992 2708 2033 et
2748 1993 3037 2033 numerum
3065 1976 3275 2029 dierum
3317 1990 3473 2029 meo-

1901 2098 2061 2147 rum,
2115 2077 2241 2148 quis
2284 2075 2430 2148 [ms.
2467 2071 2610 2145 qui]
2652 2073 2781 2128 est?
2828 2080 2886 2126 ut
2924 2072 3093 2127 sciam
3133 2068 3265 2139 quid
3331 2068 3477 2123 desit

1901 2173 2057 2227 mihi.

1971 2267 2110 2320 Ecce
2130 2274 2341 2320 veteres
2357 2259 2586 2332 posuisti
2605 2256 2721 2315 dies
2748 2272 2900 2313 meos
2925 2272 2939 2311 :
2957 2264 3009 2310 et
3028 2252 3333 2310 substantia
3354 2267 3473 2308 mea

1900 2367 2155 2419 tanquam
2188 2354 2324 2408 nihil
2362 2362 2484 2406 ante
2524 2360 2574 2406 te
2612 2358 2698 2405 est
2728 2347 2849 2419 [ms.
2887 2355 3019 2401 tacet
3047 2345 3174 2417 est].

1972 2451 2361 2505 Verumtamen
2392 2446 2648 2500 universa
2680 2444 2915 2507 vanitas,
2950 2442 3132 2494 omnis
3174 2440 3339 2494 homo
3386 2438 3475 2492 vi-

1898 2557 2056 2596 vens.
2092 2539 2407 2593 Drusum.
2434 2536 2757 2605 Quanquam
2790 2535 2843 2589 in
2883 2533 3118 2602 imagine
3146 2531 3241 2586 Dei
3274 2530 3472 2585 ambu-

1898 2634 1976 2688 lat
2006 2633 2025 2663 ⁸
2058 2632 2222 2687 homo
2250 2648 2264 2684 :
2298 2644 2435 2684 vane
2462 2620 2907 2683 conturbabitur.

1971 2808 2358 2875 Thezanrizat,
2398 2815 2454 2862 et
2485 2806 2699 2877 ignorat
2750 2805 2839 2858 cui
2887 2812 3187 2873 congreget
3230 2817 3293 2856 ea
3346 2820 3359 2856 :
3416 2810 3471 2856 et

1899 2920 2045 2960 nunc
2078 2920 2200 2973 qua:
2235 2914 2320 2957 est
2354 2900 2692 2972 exspectatio
2739 2915 2855 2957 mea
2889 2900 2913 2953 ?
2944 2915 3127 2953 nonne
3162 2898 3422 2952 Dominus
3450 2898 3474 2950 ?

1896 3009 1951 3053 et
1990 2996 2455 3051 substantiamca
2490 3004 2749 3063 tanquam
2787 2991 2924 3046 nihil
2955 3000 3080 3046 ante
3111 2999 3162 3046 te
3193 3000 3295 3045 est.

284 3098 364 3152 Ab
397 3065 637 3149 omnibus
690 3090 1063 3161 iniquitatibus
1109 3065 1234 3142 mrcis
1267 3103 1391 3141 erue
1430 3065 1515 3140 ine
1546 3065 1565 3138 ξ
1603 3100 1793 3155 οινρνθ·
1821 3113 1867 3174 c
1973 3090 2054 3145 Ab
2091 3090 2351 3144 omnibus
2386 3087 2773 3157 iniquitatibus
2805 3086 2943 3141 meis
2975 3086 3127 3152 eripe
3155 3083 3279 3155 [ms.
3310 3082 3469 3155 erue]

220 3193 395 3244 brium
432 3185 708 3255 insipienti
758 3182 949 3235 dedisti
980 3196 1081 3235 me.

280 3280 532 3336 Obmutui
564 3289 630 3331 -t-
657 3285 707 3329 et
740 3276 763 3344 ζ
795 3290 896 3327 non
922 3272 1106 3342 aperui
1133 3288 1190 3325 os
1228 3288 1429 3333 meum.
1451 3272 1700 3341 quoniam
1739 3279 1795 3323 tu

219 3377 385 3445 fecisti
416 3388 435 3425 :
466 3384 649 3425 amove
680 3386 712 3421 a
740 3383 821 3420 me
849 3366 1039 3437 plagas
1078 3375 1223 3418 tuas.

282 3467 327 3519 Δ
356 3462 677 3533 fortitudine
703 3473 893 3511 manus
924 3466 1027 3510 ture
1065 3471 1157 3525 ego
1196 3455 1361 3524 defeci
1388 3455 1441 3509 in
1476 3455 1793 3523 increpatio-

219 3566 365 3620 nibus
394 3581 413 3624 ;
440 3570 659 3633 propter
682 3559 1023 3629 iniquitatem
1068 3554 1373 3623 corripuisti
1398 3552 1684 3604 hominem.

293 3657 360 3711 Et
397 3658 655 3709 tabescere
705 3654 873 3723 fecisti
906 3652 1046 3706 sicut
1078 3664 1336 3703 araneam
1376 3652 1612 3699 animum
1633 3642 1745 3710 ejus
1772 3652 1791 3691 :

216 3761 578 3805 verumtamen
617 3761 751 3800 vane
801 3758 867 3799 σιν
920 3742 1266 3797 conturbatur
1324 3739 1347 3807 ζ
1401 3736 1570 3790 omnis
1614 3738 1789 3786 homo.

218 3842 539 3897 ΒιΑιιεΑωΑ.

289 3948 355 3990 -ιι-
380 3932 461 3987 Ex
518 3932 541 4000 ζ
594 3931 725 3985 audi
760 3930 1051 3984 orationem
1102 3941 1298 3989 meam,
1329 3920 1577 3983 Domine,
1617 3927 1665 3971 et
1695 3917 1790 3970 de-

218 4027 567 4096 precationem
620 4036 685 4078 -ι-
734 4038 906 4075 meam
947 4020 969 4087 ζ
1004 4018 1224 4073 auribus
1269 4017 1478 4085 percipe
1523 4011 1788 4080 lacrymas

218 4134 355 4172 meas
361 4158 375 4171 .

288 4212 370 4265 Ne
396 4212 584 4275 sileas,
640 4210 889 4279 quoniam
915 4208 1119 4261 advena
1151 4220 1242 4274 ego
1288 4218 1408 4257 sum
1442 4201 1585 4271 apud
1617 4208 1687 4265 te,
1721 4211 1785 4253 -ι-

214 4316 260 4360 et
290 4307 310 4336 ⁸
335 4308 358 4375 ζ
384 4306 700 4376 peregrinus
725 4319 743 4357 :
792 4306 922 4357 sicut
945 4316 1123 4355 omnes
1144 4310 1322 4367 patres
1349 4298 1469 4351 mei.
1556 4366 1563 4371 1

283 4396 506 4449 Remitte
546 4398 671 4448 mihi
705 4402 763 4448 ut
796 4394 1078 4463 refrigerer
1108 4393 1417 4461 priusquam
1463 4388 1677 4455 abeam,
1736 4392 1787 4440 et

216 4492 441 4561 amplius
485 4504 592 4543 non
635 4503 745 4541 ero.

304 4694 320 4725 ¹
361 4692 517 4747 [tunc
552 4690 778 4747 obelum
810 4691 1035 4760 sequior
1068 4704 1266 4745 manus
1306 4688 1644 4755 in.Palatino
1679 4704 1784 4744 ms.

216 4764 413 4817 delevit
441 4777 456 4817 :
489 4763 785 4832 praestabat
815 4777 948 4816 vero
968 4762 1169 4830 ipsum,
1197 4760 1366 4825 Deus,
1395 4774 1611 4824 nomen,
1640 4761 1787 4830 quod

216 4850 391 4902 neque
428 4831 701 4888 in’Graaco
735 4840 840 4897 est,
869 4832 1078 4902 induci.

280 4901 603 4958 "Palatinus
642 4917 772 4963 ms.,
809 4918 906 4971 pro
933 4901 1172 4955 Idithun.

283 4977 304 5007 ³
332 4975 630 5042 Perperam
668 4972 720 5025 in
758 4968 1061 5025 Martianmi
1119 4971 1365 5026 editione
1418 4977 1558 5042 tota,
1597 4968 1789 5042 isthmc

214 5039 490 5113 pericope,
532 5052 583 5095 et
619 5043 926 5095 humiliatus
958 5059 1097 5105 sum,
1128 5052 1199 5105 et,
1236 5042 1395 5095 obelo
1428 5039 1788 5094 confodieba-

218 5112 304 5167 tor
334 5130 347 5168 :
388 5129 557 5183 quem
588 5127 690 5165 nec
719 5112 851 5164 satis
885 5113 1025 5166 bene
1059 5112 1213 5165 alteri
1245 5122 1455 5183 tantum
1486 5113 1788 5183 et_copul:e

214 5184 383 5239 Carus
407 5179 534 5237 cum
573 5183 823 5235 Palatino
851 5197 954 5237 ms.
984 5182 1361 5250 praeponebat.
1384 5181 1495 5235 Nos
1525 5179 1787 5234 llebraaus
1870 5188 1887 5207 ⁸

216 5255 331 5320 ipse
352 5266 531 5309 textus
562 5266 688 5305 cum
725 5250 914 5305 ϐιωρο
945 5263 1297 5321 comparatus
1320 5252 1388 5306 de
1414 5252 1481 5305 iis
1515 5254 1661 5304 netis
1688 5266 1788 5305 suo

214 5325 333 5377 loco
363 5323 723 5378 restituendis
753 5325 988 5376 monuit.

286 5394 307 5422 ³
336 5395 486 5448 lianc
545 5409 767 5463 quoque
797 5402 843 5443 et
878 5396 1152 5462 copulam,
1186 5393 1333 5461 quod
1368 5408 1546 5462 neque
1584 5392 1639 5447 in
1680 5392 1784 5447 He-

213 5464 359 5519 braeo
395 5477 547 5520 textu
579 5467 673 5529 sit,
703 5467 770 5517 ad
802 5463 1033 5519 Palatini
1064 5480 1167 5520 nis.
1201 5467 1366 5520 tidem
1397 5480 1528 5517 veru
1557 5480 1785 5534 praeno-

212 5544 409 5589 tantus.

275 5604 299 5633 '
324 5605 469 5686 Cum
496 5605 615 5686 solo
640 5603 948 5686 Augustino
978 5608 1280 5686 veronens.
1326 5620 1427 5659 ms.
1492 5605 1785 5673 obsurdai;

209 5683 354 5741 quod
378 5688 433 5728 et
458 5677 607 5729 intra
649 5690 787 5729 vers.
826 5677 913 5743 10,
944 5680 1230 5747 scripsisse
1267 5687 1515 5739 autumo,
1567 5694 1664 5746 pro
1693 5686 1784 5733 ob-

212 5748 417 5811 mutui;
452 5758 568 5801 tum
598 5747 760 5803 catuit
786 5763 877 5802 cor
914 5766 1106 5816 meum,
1130 5759 1183 5804 et
1209 5754 1512 5832 exardech
1540 5751 1696 5815 ignis.

1900 3199 2028 3238 me:
2064 3181 2420 3252 opprobrium
2449 3178 2726 3249 insipienti
2763 3178 2965 3233 dedisti
3007 3192 3115 3231 me.

1972 3275 2258 3339 Obmutui,
2290 3283 2344 3330 et
2378 3289 2487 3328 non
2528 3271 2719 3341 aperui
2756 3286 2819 3324 os
2854 3285 3060 3333 meum,
3108 3268 3367 3337 quoniam
3413 3275 3473 3322 tu

1900 3369 2077 3423 fecisti
2106 3382 2191 3421 me
2230 3367 2271 3431 ⁷,
2301 3380 2495 3420 amove
2526 3381 2553 3417 a
2586 3380 2672 3418 me
2695 3364 2880 3433 plagas
2902 3372 3022 3415 tuas
3048 3376 3063 3416 :
3092 3377 3122 3415 a
3148 3360 3474 3415 fortitudine

1899 3461 2045 3515 enim
2076 3474 2271 3514 manus
2298 3466 2406 3512 tua:
2438 3472 2539 3528 ego
2578 3456 2751 3511 deieci
2783 3456 2837 3510 in
2871 3454 3364 3524 increpationibus.

1970 3554 2203 3622 Propter
2259 3551 2607 3622 iniquitatem
2672 3548 2988 3617 corripuisti
3048 3547 3323 3600 hominem
3364 3560 3379 3601 :
3418 3554 3475 3601 et
3530 3612 3545 3623 ἡ

1898 3644 2181 3702 tabescere
2204 3644 2382 3699 fecisti
2424 3643 2567 3698 sicut
2597 3656 2851 3695 araneam
2888 3639 3126 3693 animam
3155 3640 3295 3708 ejus.

1967 3738 2358 3793 Verumtamen
2401 3733 2663 3789 universa
2698 3733 2932 3794 vanitas,
2972 3732 3151 3785 omnis
3196 3732 3359 3785 homo
3395 3732 3478 3784 vi-

1897 3846 2054 3886 vens.
2088 3829 2407 3883 DIAPSALIA.
2462 3827 2695 3893 Exaudi,
2749 3825 2916 3889 Deus,
2949 3824 3251 3877 orationem
3294 3838 3471 3879 meam

1895 3931 1950 3977 et
1974 3920 2417 3991 deprecationem
2445 3933 2623 3974 meam
2651 3933 2665 3973 :
2695 3916 2924 3972 auribus
2952 3915 3172 3986 percipe
3199 3914 3470 3985 lacrymas

1896 4028 2065 4069 meas.

1972 4210 2240 4279 Quoniam
2275 4209 2452 4265 incola
2488 4210 2510 4241 ⁸
2536 4224 2638 4280 ego
2668 4224 2789 4264 sum
2834 4211 2975 4279 apud
3016 4221 3067 4266 te
3097 4212 3151 4266 in
3189 4222 3331 4267 terra
3364 4230 3377 4267 :
3409 4221 3469 4269 et

1894 4304 2217 4376 peregrinus
2243 4303 2389 4359 sicut
2417 4317 2610 4358 omnes
2637 4313 2817 4371 patres
2849 4306 2977 4359 mei.

1961 4396 2201 4450 Remitte
2235 4394 2391 4455 mihi,
2419 4406 2480 4450 ut
2514 4394 2813 4465 refrigerer
2840 4397 3169 4467 priusquam
3206 4414 3329 4454 eam
3365 4412 3377 4455 :
3409 4410 3467 4456 et

1812 4482 1868 4543 Ι)
1894 4491 2131 4562 amplius
2160 4505 2268 4544 non
2290 4503 2402 4548 ero.

1976 4694 2129 4767 {Vix
2181 4693 2272 4767 hic
2305 4708 2422 4767 uno
2464 4694 2749 4767 alteroque
2798 4695 2970 4767 verbo
3008 4696 3174 4751 iidem
3227 4698 3373 4755 inter
3408 4718 3469 4757 se

1892 4766 2165 4839 dissident
2188 4766 2339 4839 libri.
2376 4765 3099 4839 Augustinus,AQua_nquam
3139 4771 3195 4822 in
3236 4771 3472 4839 imagine

1893 4836 2134 4889 ambulat
2188 4834 2419 4907 [Verum
2474 4834 2844 4907 perambulat]
2892 4834 3064 4898 homo.
3104 4846 3282 4892 tamen
3334 4834 3473 4895 vane

1892 4906 2262 4978 conturbatur.
2291 4906 2634 4960 Tltesaurizat
2659 4914 2706 4957 et
2729 4906 2841 4958 non
2859 4913 3095 4976 agnoscit
3130 4907 3465 4978 [Veronens.

1894 4975 2080 5046 nescit]
2120 4977 2204 5030 cui
2254 4978 2591 5053 congregabit
2624 4991 2709 5035 ea.
2746 4986 2801 5053 et
2830 4975 3001 5031 nonne
3043 4975 3299 5033 Dominus
3336 4981 3466 5053 [Ve-

1893 5045 2115 5100 ronens.
2157 5051 2428 5117 praeponit
2451 5045 2560 5117 ιιι]
2600 5054 2649 5100 et
2681 5046 2981 5100 substantia
3012 5066 3125 5102 mea
3153 5063 3277 5105 ante
3307 5045 3355 5106 te
3391 5061 3467 5106 est

1891 5132 2109 5184 semper.

1962 5188 1980 5217 ⁷
2021 5186 2220 5241 iisdem
2261 5186 2317 5241 in
2350 5188 2529 5251 libris,
2584 5196 2639 5241 tu
2682 5203 2735 5241 es
2754 5190 2843 5257 qui
2872 5188 3044 5258 fecisti
3074 5208 3178 5254 me,
3211 5210 3394 5247 amove
3430 5210 3465 5244 a

1892 5274 1975 5311 me
2022 5258 2237 5326 ﬂagella
2265 5268 2377 5327 tua,
2404 5278 2436 5313 a
2464 5258 2775 5328 fortitudine
2813 5260 3191 5327 ntanus.Tum,
3224 5263 3327 5315 I’ro
3358 5266 3461 5315 ini-

1891 5330 2095 5403 quitate
2135 5329 2439 5403 emendasti
2471 5332 2728 5401 lAugust.
2788 5330 3031 5403 erudisti]
3091 5336 3463 5403 hominenttet

1893 5400 2149 5451 tabescere
2181 5402 2349 5469 fecisti
2397 5400 2528 5454 sicut
2567 5416 2827 5454 araneam
2859 5400 3094 5455 animum
3138 5419 3322 5456 meam.
3367 5401 3464 5455 Ve-

1891 5478 2189 5522 rumtamen
2241 5486 2372 5525 vane
2396 5472 2744 5525 conturbatur
2771 5477 2939 5525 omnis
2963 5475 3134 5535 homo,
3170 5482 3271 5525 etv.
3301 5472 3464 5526 Deni-

1890 5555 2017 5620 que,
2056 5540 2265 5594 Exaudi
2296 5546 2584 5597 orationem
2615 5558 2803 5605 nteant,
2853 5542 3089 5607 Domine,
3135 5552 3182 5593 et
3213 5542 3466 5607 depreca-

1892 5621 2105 5677 tionem,
2123 5624 2228 5666 etc.

1962 5681 1983 5709 ⁸
2016 5682 2117 5735 l'ro
2147 5683 2341 5748 incola,
2380 5696 2462 5740 est
2498 5686 2707 5754 pariter
2743 5686 2795 5738 in
2824 5682 3012 5758 iisdem
3054 5681 3207 5737 libris
3241 5683 3470 5758 inquiti-

1891 5769 2007 5821 nus,
2046 5762 2098 5806 et
2133 5768 2291 5811 voces
2317 5758 2369 5810 in
2402 5766 2566 5823 terra,
2593 5759 2796 5826 pariter
2827 5756 3167 5822 ignorantur.
