3898 6172
383 317 488 386 1179

1298 319 1370 378 S.
1410 315 1856 377 IIlERONYMI
1903 314 2165 377 DIVINA
2215 309 2744 370 BlBLit’lTllECA.

3522 299 3630 362 200

1684 495 2043 558 PSALMUS
2082 494 2362 556 XXXIX.

813 629 864 674 ΙΝ
889 635 1068 687 ΗΝΕΜ,
1105 634 1259 674 DAV'ID
1296 630 1545 673 PSALMUS.

457 729 779 803 Exspectans
822 734 1117 801 exspectavi
1160 729 1776 794 Dominum,etintendit
1805 729 1956 782 mihi.
2017 729 2030 738 '

462 824 533 878 'Et
565 841 625 880 ot—
662 840 726 878 επ
763 825 783 893 ζ
816 824 1020 876 audivit
1051 839 1228 893 preces
1265 839 1407 875 meas
1443 837 1459 875 :
1505 832 1552 875 et
1579 821 1754 875 eduxit
1784 836 1864 874 me
1897 819 1960 872 de

389 902 509 972 lacu
544 918 788 980 miserita,
819 930 878 972 -ε-
908 927 953 969 et
991 917 1012 984 ζ
1041 916 1103 968 de
1146 916 1254 968 luto
1284 915 1450 982 fazcis.

456 1009 525 1061 Et
551 1010 731 1062 statuit
761 1024 915 1076 super
937 1024 1144 1075 petram
1167 1007 1319 1077 pedes
1357 1021 1539 1066 meos;
1571 1019 1631 1061 4-
1675 1007 1692 1037 ¹
1727 1014 1775 1059 et
1814 1003 1836 1071 ζ
1880 1004 1958 1056 di-

390 1103 526 1154 rexit
554 1118 765 1168 gressus
799 1117 964 1153 meos.

458 1192 528 1244 Et
563 1193 785 1246 immisit
812 1194 864 1245 in
897 1208 953 1245 os
983 1205 1156 1244 meum
1186 1190 1449 1243 canticum
1510 1204 1720 1255 novum,
1748 1202 1963 1240 carmen

391 1283 500 1334 Deo
527 1291 730 1336 nostra.

473 1374 726 1427 Videbunt
749 1374 922 1437 multi,
950 1383 996 1426 et
1034 1371 1309 1433 timebunt,
1348 1378 1395 1424 et
1422 1368 1708 1438 sperabunt
1761 1369 1818 1420 in
1849 1367 1964 1420 Do-

389 1465 550 1520 mino.
1749 1456 1769 1479 “

463 1556 658 1609 Beatus
690 1557 770 1608 vir
801 1554 952 1622 cujus
987 1562 1063 1606 est
1105 1568 1293 1606 nomen
1344 1550 1556 1604 Domini
1584 1563 1700 1616 spes
1731 1546 1848 1616 ejus
1874 1554 1964 1602 :et

391 1666 495 1703 non
526 1648 749 1714 respexit
780 1649 834 1699 in
864 1647 1122 1700 vanitates
1153 1655 1198 1697 et
1231 1644 1469 1698 insanias
1493 1642 1683 1711 falsas.

463 1741 629 1793 Multa
665 1739 835 1808 fecisti
869 1746 947 1799 tu,
995 1736 1214 1789 Domine
1274 1735 1409 1786 Deus
1464 1748 1629 1796 meus,
1696 1729 1966 1784 mirabilia

393 1841 485 1884 tua
541 1845 561 1884 :
609 1837 658 1883 et
686 1828 1089 1899 cogitationibus
1144 1827 1248 1880 tuis
1274 1841 1377 1878 non
1413 1832 1488 1876 est
1516 1823 1608 1892 qui
1648 1822 1838 1876 similis
1896 1821 1967 1873 sit

393 1924 509 1976 tibi.

462 2012 786 2066 Annuntiavi
809 2019 855 2065 et
881 2010 1082 2066 locutus
1113 2024 1228 2063 sum
1255 2023 1273 2060 :
1310 2005 1647 2075 multiplicati
1665 2012 1786 2058 sunt
1807 2019 1967 2073 super

393 2122 690 2159 numerum.

464 2198 801 2266 Sacriﬁcium
853 2206 898 2248 et
924 2194 1244 2248 oblationem
1293 2189 1510 2244 noluisti
1537 2205 1555 2244 :
1587 2205 1742 2243 aures
1768 2203 1831 2244 ιιι-
1873 2204 1970 2241 au-

393 2299 496 2345 tem
522 2288 783 2358 perfecisti
815 2287 962 2340 mihi.

468 2379 849 2432 llotocaustnm
885 2386 935 2431 et
971 2391 1066 2446 pro
1110 2381 1322 2442 peccato
1358 2387 1460 2425 non
1488 2370 1775 2439 postulasti
1800 2386 1818 2426 :
1851 2379 1973 2424 tunc

395 2471 507 2524 dixi
542 2487 561 2525 :
588 2472 722 2523 Ecce
753 2470 930 2524 venio.

475 2563 537 2616 In
566 2564 739 2630 capite
767 2560 1164 2628 libriscriptum
1185 2556 1339 2611 estde
1367 2572 1447 2609 me
1490 2571 1510 2610 .'
1551 2567 1605 2608 ut
1638 2555 1863 2624 facerem
1887 2571 1977 2610 vo-

399 2655 656 2709 luntatem
690 2664 881 2708 tuam:
910 2652 1050 2706 Deus
1085 2665 1250 2715 meus,
1287 2649 1449 2716 volui,
1473 2663 1522 2702 et
1549 2649 1710 2720 legem
1745 2659 1893 2702 tuam
1923 2649 1976 2702 in

401 2749 568 2804 medio
593 2748 766 2802 cordis
795 2748 914 2800 mei.

471 2839 1077 2910 Annmttiavijustitiam
1109 2849 1172 2890 -ε-
1216 2833 1415 2901 tuam:
1480 2834 1535 2886 in
1587 2831 1805 2885 ecclesia
1865 2848 1981 2884 ma-

404 2950 509 3003 gna
543 2948 563 2987 :
613 2946 728 2985 ecce
783 2930 923 2983 labia
981 2944 1095 2981 mea
1142 2943 1244 2980 non
1296 2924 1594 2993 prohibebo,
1654 2924 1894 2987 Domine,
1923 2933 1982 2976 tu

404 3025 573 3091 scisti.

479 3116 750 3169 Justitiam
784 3130 887 3167 non
955 3111 1204 3164 abscondi
1228 3111 1283 3163 in
1334 3108 1492 3162 corde
1529 3122 1642 3160 meo
1668 3121 1688 3160 :
1714 3107 1983 3162 veritatem

413 3216 558 3260 tuam
587 3215 636 3259 et
667 3205 901 3257 salutare
927 3212 1075 3255 tuum
1100 3202 1235 3254 dixi.

1986 618 2033 673 Α
2084 623 2137 662 ιδ
2177 623 2333 661 manu
2373 621 2604 664 pssnnus
2631 621 2785 662 ntvm
2836 603 2959 677 [ms.
2993 608 3091 662 iPSl
3125 618 3282 656 mvm
3317 601 3605 675 PSALIUS].

2133 717 2467 788 Exspecmns
2515 717 2874 787 exspectavin
2931 715 3241 780 Dominum,
3289 724 3346 770 et
3393 716 3638 785 respexit

2061 824 2149 864 me
2177 825 2192 864 ε
2222 817 2276 864 et
2300 809 2584 864 exaudivit
2637 809 3080 878 deprecationem
3125 821 3324 874 meam,
3359 815 3415 860 et
3445 807 3636 863 eduxit

2063 918 2152 957 me
2178 901 2246 956 de
2276 902 2396 956 lacu
2428 902 2686 964 miseriae,
2720 910 2775 954 et
2801 901 2865 953 de
2897 899 3014 952 luto
3041 898 3210 952 fascis.

2137 993 2200 1046 Et
2229 992 2420 1047 statuit
2460 1007 2624 1060 supra
2647 991 2776 1062 [ms.
2809 989 2994 1060 super]
3031 998 3236 1057 petram
3271 988 3437 1057 pedes
3487 1002 3639 1043 meos

2063 1095 2116 1138 et
2147 1085 2345 1138 direxit
2368 1098 2591 1151 gressus
2643 1097 2836 1135 meos:
2866 1091 2920 1134 et
2979 1081 3209 1134 immisit
3275 1082 3330 1135 in
3365 1096 3428 1135 os
3453 1097 3633 1136 meum

2064 1174 2339 1226 canticum
2381 1185 2605 1239 novum,
2639 1171 2900 1240 hymnum
2921 1170 3036 1223 Deo
3070 1181 3282 1224 nostro.

2138 1351 2414 1406 Videbunt
2437 1351 2594 1404 multi
2620 1351 2665 1414 °,
2727 1358 2783 1404 et
2809 1349 3100 1416 timebunt,
3165 1356 3219 1404 et
3249 1350 3547 1418 sperabunt
3572 1349 3633 1404 in

2070 1441 2319 1496 Domino.

2140 1533 2339 1588 Beatus
2365 1531 2466 1597 vir,
2503 1533 2659 1602 cujus
2685 1540 2769 1584 est
2804 1545 3006 1585 nomen
3065 1529 3283 1599 Domini
3322 1545 3448 1597 spes
3471 1530 3591 1600 ejus
3621 1550 3636 1584 :

2069 1631 2255 1676 etnon
2287 1624 2523 1692 respexit
2571 1623 2624 1677 in
2650 1622 2946 1676 vanitatem
2983 1630 3037 1676 et
3069 1622 3314 1676 insanias
3346 1622 3534 1674 falsas.

2140 1713 2306 1768 Multa
2350 1714 2543 1778 ,fecisti
2581 1725 2662 1779 tu,
2699 1714 2928 1772 Domine
2955 1714 3095 1768 Deus
3143 1728 3319 1777 meus,
3358 1714 3632 1767 mirabilia

2070 1813 2161 1857 tua
2202 1814 2304 1859 :et
2335 1803 2764 1874 cogitationibus
2815 1804 2922 1858 tuis
2990 1817 3098 1856 non
3150 1802 3386 1857 estauis
3439 1803 3639 1857 similis

2075 1896 2194 1950 tibi.

2139 1986 2499 2052 Annuntiavi,
2533 1996 2587 2041 et
2609 1987 2827 2042 locutus
2883 2000 3026 2050 sum,
3101 1986 3449 2056 multiplicati
3509 1997 3644 2042 sunt

2071 2095 2236 2151 super
2252 2095 2539 2134 numerum
2570 2095 2584 2133 :
2612 2079 2943 2134 sacriﬁcium
2961 2087 3020 2132 et
3043 2077 3372 2134 oblationem
3393 2080 3644 2149 noluisti,

2073 2184 2272 2240 corpus
2297 2181 2484 2226 autem
2512 2169 2792 2225 oerlecisti
2823 2168 2978 2223 mibi.

2147 2349 2470 2405 llolocausta
2491 2350 2653 2404 etiam
2695 2363 2795 2419 pro
2825 2348 3027 2403 delicto
3061 2364 3168 2403 non
3199 2350 3484 2420 postulasti
3513 2349 3643 2423 [ms.

2077 2439 2286 2511 petisti]
2327 2457 2340 2492 :
2380 2449 2509 2494 tunc
2543 2440 2694 2494 dixi:
2737 2439 2875 2493 Ecce
2908 2434 3092 2494 venio.

2146 2532 2207 2585 ln
2229 2531 2405 2600 capite
2429 2531 2555 2585 libri
2584 2531 2848 2599 scriptum
2875 2537 2958 2584 est
2983 2535 3049 2583 de
3073 2545 3180 2593 me,
3213 2541 3273 2585 ut
3301 2531 3490 2586 faciam
3518 2534 3649 2606 [ms.

2077 2623 2338 2696 iacerem]
2376 2625 2714 2679 voluntatem
2735 2633 2880 2677 tuam
2921 2639 2935 2679 :
2971 2624 3115 2677 Deus
3154 2638 3331 2686 meus.
3370 2628 3540 2696 volui,
3585 2639 3646 2683 et

2079 2718 2252 2787 legem
2280 2727 2426 2771 tuam
2455 2717 2510 2770 in
2551 2715 2731 2770 medio
2757 2717 2937 2769 cordis
2972 2717 3102 2769 mei.

2152 2803 2298 2858 Bene
2322 2803 2567 2857 nuntiavi
2588 2802 2855 2868 justitiam
2889 2812 3036 2855 tuam
3064 2803 3116 2856 in
3145 2805 3377 2861 ecclesia
3411 2825 3602 2880 magna
3626 2830 3645 2869 :

2081 2910 2211 2951 ecce
2250 2895 2391 2950 labia
2420 2910 2540 2950 mea
2580 2910 2689 2949 non
2720 2895 3041 2964 prohibebo.

2160 2977 2411 3054 Domine,
2436 2997 2492 3043 tu
2523 2986 2832 3058 cognovisti
2867 3003 2880 3040 :
2916 2989 3182 3058 justitiam
3208 3000 3354 3046 tuam
3393 3009 3499 3048 non
3527 2995 3655 3050 abs-

2083 3081 2249 3138 condi
2287 3082 2343 3136 in
2386 3080 2552 3136 corde
2584 3095 2706 3135 meo
2736 3097 2750 3135 :
2781 3081 3071 3136 veritatem
3103 3092 3250 3138 tuam
3311 3098 3369 3140 et
3410 3089 3657 3144 salutare

2089 3182 2241 3228 tuum
2280 3175 2413 3229 dixi.

482 3297 596 3352 Non
621 3295 872 3350 abscondi
935 3291 1358 3346 misericordiam
1407 3299 1578 3354 tuam,
1613 3297 1661 3342 et
1695 3289 1973 3342 veritatem
2007 3281 2049 3338 C
2151 3265 2462 3320 NWCelaVi
2511 3265 2945 3323 misericordiam
2999 3262 3168 3333 luam.
3234 3281 3290 3326 et
3352 3273 3641 3327 veritatem

415 3402 585 3453 tuam,
616 3404 647 3439 a
681 3384 906 3454 concilio
937 3384 1124 3436 multo.

483 3473 556 3528 Tn
589 3487 651 3528 σίν
683 3479 859 3523 autem
885 3469 908 3537 ζ
939 3468 1176 3529 Domine,
1204 3479 1267 3517 ne
1312 3462 1465 3534 longe
1517 3464 1682 3532 facias
1709 3465 1729 3494 ¹
1759 3462 1986 3516 misera-

414 3567 576 3619 tiones
607 3577 723 3617 tuas
750 3580 780 3615 a
835 3577 914 3614 me
941 3575 960 3614 :
997 3556 1355 3612 misericordia
1411 3567 1500 3608 tua
1553 3563 1604 3608 et
1647 3555 1836 3608 veritas
1896 3561 1987 3606 tua

413 3672 616 3726 semper
643 3664 982 3723 susceperunt
1006 3667 1106 3706 me.

484 3751 749 3817 Quoniam
777 3745 1233 3802 circumdederunt
1258 3759 1339 3798 me
1401 3739 1568 3804 mala,
1623 3756 1850 3810 quorum
1882 3752 1987 3793 non

415 3857 493 3900 est
525 3859 795 3906 numerus,
827 3836 1337 3904 comprehenderunt
1371 3850 1450 3889 me
1506 3833 1814 3903 iniquitates
1838 3845 1988 3898 mea},

414 3948 464 3993 et
492 3954 596 3992 non
623 3929 790 4004 potui,
820 3931 1143 3986 utviderem.

486 4025 850 4093 Multiplicata:
876 4023 896 4055 ³
925 4031 1050 4075 sunt
1093 4035 1249 4090 super
1283 4017 1504 4089 capillos
1529 4016 1721 4087 capitis
1751 4015 1850 4069 ntei
1889 4028 1909 4068 :
1939 4022 1989 4067 et

416 4139 506 4176 cor
526 4135 694 4175 nteunt
725 4117 1000 4186 dereliquit
1035 4129 1136 4168 me.

489 4297 870 4369 Compiaceat‘
899 4296 1015 4360 tibi,
1047 4293 1302 4361 Domine,
1329 4301 1386 4346 ut
1415 4307 1571 4346 eruas
1602 4305 1720 4356 me;
1753 4289 1991 4356 Domine,

419 4398 487 4451 ad
521 4397 878 4466 adjuvanaum
901 4406 982 4444 me
1020 4389 1240 4457 respice.

492 4486 917 4556 confundantur,
945 4492 992 4537 et
1025 4489 1384 4545 revereantur,
1438 4476 1600 4531 simul
1625 4477 1714 4547 qui
1749 4484 1993 4547 quierunt

423 4581 656 4635 animum
687 4593 877 4640 meam,
903 4583 957 4628 ut
988 4573 1235 4641 auferant
1259 4585 1396 4624 eam.

2087 3365 2234 3412 tuam
2267 3373 2297 3411 a
2319 3373 2586 3428 synagoga
2617 3357 2738 3429 [ms.
2770 3361 3212 3434 congregatione]
3245 3363 3433 3422 multa.

2153 3450 2236 3504 Tu
2260 3459 2466 3515 autem,
2494 3450 2742 3519 Domine,
2766 3468 2836 3508 ne
2860 3453 3021 3524 longe
3048 3455 3214 3510 facias
3247 3455 3367 3527 [ms.
3396 3457 3616 3527 elongin
3635 3490 3655 3500 -

2085 3541 2364 3614 quaveris]
2406 3543 2812 3599 misericordias
2865 3553 3035 3599 tuas:
3070 3561 3157 3600 me
3193 3564 3206 3599 :
3273 3549 3655 3606 misericordia

2086 3648 2176 3693 tua
2202 3649 2258 3693 et
2281 3638 2482 3692 veritas
2523 3647 2618 3692 tua
2672 3652 2890 3708 semper
2911 3648 3275 3709 susceperunt
3303 3656 3412 3696 me.

2161 3730 2430 3797 Quoniam
2457 3730 3046 3788 circumdederuntme
3071 3733 3235 3798 mala,
3269 3748 3504 3802 quorum
3541 3753 3657 3792 non

2089 3834 2175 3879 est
2235 3839 2520 3886 numerus,
2577 3823 3120 3894 comprehenderunt
3183 3839 3272 3880 me
3329 3826 3661 3897 iniquitates

2091 3931 2243 3982 mete,
2277 3924 2334 3970 et
2362 3930 2468 3969 non
2504 3915 2678 3984 potui,
2706 3923 2765 3968 ut
2792 3915 3067 3970 viderem.

2164 4008 2534 4077 Multiplicata:
2569 4005 2690 4079 [ms.
2720 4006 3094 4078 multiplicati]
3167 4017 3298 4064 sunt
3356 4025 3526 4081 super
3565 4028 3664 4067 ca-

2091 4100 2253 4171 pillos
2274 4101 2470 4171 capitis
2516 4100 2748 4156 mei:et
2808 4115 2904 4154 cor
2955 4115 3144 4156 meum
3194 4101 3493 4173 dereliquit
3571 4122 3661 4161 me

2095 4192 2222 4264 [ms.
2256 4191 2640 4264 derclinquit].

2165 4287 2517 4356 Complaceat
2546 4286 2669 4352 tibi,
2702 4285 2952 4354 Domine,
3019 4287 3300 4358 uteripias
3332 4305 3419 4346 me
3446 4291 3468 4323 ’
3508 4312 3522 4347 :
3560 4295 3669 4349 Do-

2095 4377 2261 4442 mine,
2290 4377 2346 4430 in
2377 4377 2638 4432 auxilium
2663 4392 2842 4432 meum
2880 4377 3135 4448 respice;

2164 4468 2604 4534 Conlundantur,
2646 4478 2700 4523 et
2730 4479 3086 4526 revereantur
3134 4472 3343 4529 inimici
3377 4474 3483 4530 mei
3515 4488 3534 4530 :
3565 4479 3668 4546 qui

2093 4568 2346 4629 quterunt
2371 4557 2610 4611 animam
2652 4572 2854 4621 meam,
2880 4567 2940 4611 ut
2977 4559 3229 4616 auferant
3269 4577 3412 4617 eam.

493 4675 879 4726 Convertuntur
907 4678 1214 4729 retrorsum,
1239 4674 1289 4717 et
1312 4673 1668 4729 revereantur,
1699 4663 1789 4732 qui
1815 4660 1989 4714 volunt
2021 4635 2066 4692 ι)
2166 4651 2501 4704 Avertantur
2523 4657 2846 4718 retrorsum,
2875 4649 3293 4725 eterubescant,
3311 4654 3404 4723 qui
3422 4656 3677 4726 cogitant

424 4765 552 4818 mihi
586 4761 752 4815 mala.

497 4853 696 4908 Ferunt
726 4851 998 4922 confestim
1049 4847 1404 4918 confusionem
1455 4861 1631 4911 suum,
1693 4845 1780 4911 qui
1810 4844 1995 4897 dicunt

425 4947 551 5000 mihi
567 4962 586 5000 :
621 4944 786 5015 Euge,
822 4958 970 5013 euge.

499 5061 733 5117 ‘Peccat
783 5075 914 5116 vero
967 5059 1056 5115 bic
1080 5059 1223 5113 idem
1263 5073 1368 5114 ms.
1407 5057 1628 5113 obelum
1665 5056 1996 5128 praetermit-

2097 4743 2233 4798 mihi
2265 4742 2406 4797 mala
2425 4779 2443 4796 .

2166 4833 2367 4888 Ferant
2391 4831 2680 4888 confestim
2705 4831 3083 4890 confusionem
3136 4850 3314 4904 suam,
3347 4841 3442 4910 qui
3476 4842 3680 4900 dicunt

2100 4926 2232 4980 mihi
2268 4942 2284 4980 ε
2317 4927 2487 4996 Euge,
2513 4939 2673 4996 euge.

2101 5063 2568 5135 Augustinoidem
2588 5064 2836 5134 ms.justi
2870 5079 2973 5134 pro
3000 5064 3178 5132 multi,
3207 5081 3331 5122 cum
3355 5067 3461 5120 hoc
3489 5076 3681 5124 tamen

426 5145 828 5258 milsl’alatinus
860 5215 962 5254 ms.
992 5216 1054 5254 ne
1075 5201 1269 5270 elonge
1301 5200 1497 5268 facias.

498 5276 519 5306 ³
545 5275 689 5358 idem
715 5289 818 5328 ms.
859 5265 1225 5342 multiplicati,
1255 5265 1718 5340 queuiadmodum
1747 5276 1802 5322 ct
1827 5265 1996 5322 Vero-

427 5360 996 5485 "ei‘sll‘srtepositionem
1018 5411 1172 5467 verbi
1203 5408 1549 5480 complaceat,
1580 5407 1858 5461 Palatinus
1885 5422 1992 5460 ms.

429 5503 564 5542 veru
603 5494 890 5555 praeuotat.

508 5557 528 5586 ⁵
564 5549 836 5609 Continuo
888 5554 1045 5621 juxta
1100 5549 1459 5621 AuguStinum
1522 5549 1992 5621 Ye_r0nens._ms.

431 5626 700 5708 Sustinens
744 5617 992 5691 sustinui,
1028 5632 1084 5677 et
1123 5617 1288 5691 paulo
1323 5632 1462 5690 post,
1497 5620 1559 5673 de
1593 5618 1702 5670 luto
1749 5617 1862 5669 limi
1896 5634 1994 5687 pro

458 5711 598 5749 ποτε.

458 5711 598 5749 ατη.

435 5703 454 5766 1
509 5764 528 5794 ⁶
559 5767 733 5835 Atque
767 5765 871 5822 hoc
910 5765 1093 5835 unice,
1125 5761 1412 5820 tamenetsi
1438 5761 1631 5837 minus
1661 5769 1830 5829 recte,
1871 5775 1995 5814 eum

2103 5145 2158 5189 et
2180 5135 2480 5206 originales
2514 5143 2718 5198 textus,
2749 5145 2804 5187 et
2839 5135 2963 5206 libri
2994 5135 3084 5188 alii
3118 5151 3311 5190 omnes
3346 5139 3686 5204 praeferant.

2103 5207 2178 5259 Ita
2231 5204 2293 5259 et
2352 5204 2514 5274 paulo
2564 5213 2690 5274 post
2740 5205 3000 5259 vanitates
3058 5215 3106 5260 et
3161 5207 3399 5260 insanias
3448 5210 3690 5260 menda—

2104 5291 2209 5328 εει.

2174 5345 2193 5376 ⁷
2225 5340 2562 5399 Veronensis
2599 5359 2703 5416 ms.
2735 5359 2859 5398 cum
2917 5345 3252 5413 Augustino,
3303 5345 3520 5400 Placeat
3561 5348 3697 5416 tibi,

2098 5414 2588 5487 l)omin_e,liber_are
2658 5414 2977 5487 [Augustin
3033 5415 3232 5487 eruere]
3265 5432 3364 5487 me,
3432 5414 3697 5481 Domine,

2097 5486 2166 5536 ad
2189 5484 2298 5554 [vel
2329 5483 2407 5555 in]
2436 5483 2793 5552 adjuvandum
2857 5486 2985 5538 mihi
3012 5483 3231 5552 respice:
3271 5484 3702 5553 Confundantur

2099 5565 2146 5624 ct
2183 5556 2698 5606 revereanturvsimul
2723 5555 2810 5621 qui
2831 5567 3098 5622 quwrunt,
3121 5566 3266 5612 etc.;
3295 5566 3347 5607 et
3379 5559 3704 5624 paulopost

2101 5623 2498 5677 Convertuntur
2534 5638 2634 5694 pro
2669 5628 3003 5690 avertantur,
3064 5637 3120 5680 et
3166 5625 3368 5691 volunt,
3411 5641 3509 5695 pro
3541 5623 3704 5696 engi-

2104 5704 2241 5750 tant.
