3958 6176
249 337 346 408 εοι

1509 337 1740 398 LIBER
1784 327 2282 402 PSALMORUM.

3393 332 3498 406 902

315 457 620 520 Exsulteut,
645 467 692 512 et
711 457 1122 522 ltetentursuper
1147 464 1193 506 te
1211 471 1387 508 omnes
1409 455 1425 486 ⁸
1452 465 1744 523 quaerentes
1775 467 1822 508 te
1854 466 1894 520 Α
1998 452 2301 517 Exsullcnt,
2341 464 2396 508 et
2425 455 2675 509 laetentur
2696 465 2717 496 ³
2749 455 2839 524 qui
2865 461 3118 524 quaerunt
3143 463 3215 516 te,
3247 455 3500 519 Domina,

243 565 310 608 -ι-
351 562 400 605 et
440 551 667 617 :drcaut
699 563 902 617 semper
933 561 952 598 :
994 545 1367 614 .ilagniﬁcetur
1407 545 1682 611 Dominus,
1735 547 1823 615 qui

243 644 476 714 diligunt
504 640 741 696 salutare
773 651 940 693 tuum.

313 736 428 802 Ego
445 743 617 786 autent
639 731 906 785 mendicus
929 748 1067 793 sum,
1093 739 1140 782 et
1166 743 1407 799 pauper:
1431 729 1686 782 Dominus
1714 728 1823 781 sol-

243 828 417 881 licitas
445 834 522 880 est
554 825 676 877 mei.

313 921 540 986 Adjutnr
562 933 706 970 meus
732 928 780 969 et
807 923 1070 983 protector
1119 929 1261 968 meus
1285 922 1340 968 tu
1364 929 1442 980 es,
1477 912 1612 966 Deus
1649 927 1811 973 meus,

242 1027 308 1063 ne
334 1009 649 1062 tardaveris.

1932 557 1988 600 et
2024 548 2208 600 dicant
2235 561 2455 616 semper
2484 563 2496 601 :
2530 546 2907 618 Maguilicetur
2936 549 3222 611 Dominus,
3251 550 3344 618 qui
3374 550 3500 602 dili-

1923 649 2060 706 gunt
2087 639 2328 692 salutare
2361 648 2537 692 tuum.

1995 731 2107 798 Ego
2140 745 2268 783 vero
2295 739 2564 799 egenuset
2593 745 2797 801 pauper
2825 747 2944 786 sum
2971 749 2982 785 :
3015 731 3282 785 Dominus
3308 745 3498 784 curam

1927 822 2095 876 habet
2125 823 2253 876 mei.

1993 913 2223 982 Adjutor
2253 925 2407 969 meus
2431 923 2482 966 et
2513 913 2774 969 liberator
2834 931 2990 970 meus
3024 931 3083 970 es
3111 925 3191 978 tu,
3236 916 3492 984 Domine,

1925 1019 1994 1058 ne
2020 1005 2342 1059 tardaveris.

1610 1171 1964 1233 PSALMUS
1999 1173 2118 1232 XL.

666 1276 716 1314 IN
744 1275 921 1322 FINEM,
957 1275 1186 1314 PSALMUS
1209 1245 1394 1314 DAVID.

311 1350 510 1404 Beatus
562 1352 651 1418 qui
680 1351 921 1420 intelligit
976 1367 1130 1420 super
1174 1368 1388 1420 egenum
1442 1366 1498 1406 —:—
1555 1362 1602 1405 et
1629 1369 1824 1420 paupe-

241 1459 348 1498 rem
395 1445 417 1512 ζ
445 1445 498 1496 in
521 1443 606 1496 die
636 1443 778 1496 mala
805 1442 1043 1496 liberabit
1069 1459 1188 1497 eum
1219 1443 1494 1497 Dominus.

313 1617 568 1671 Dominus
590 1627 863 1670 conservet
885 1633 1024 1679 eum,
1056 1628 1105 1668 et
1124 1617 1350 1683 viviﬁcet
1379 1632 1517 1680 eum,
1538 1625 1584 1669 et
1610 1615 1820 1669 beatum

2095 1276 2146 1314 IN
2187 1275 2348 1315 t-‘meu
2391 1276 2621 1316 rssLuus
2651 1273 2808 1316 bum
2849 1261 2972 1333 [ms.
3009 1272 3108 1316 trsr
3153 1261 3356 1330 unm].

1992 1351 2192 1406 Beatus
2223 1351 2589 1421 quiintelligit
2614 1367 2780 1422 super
2803 1367 3038 1422 egenum
3065 1362 3118 1406 et
3152 1339 3447 1421 pauperem
3481 1371 3495 1410 :

1922 1444 1974 1497 in
2005 1443 2094 1498 die
2118 1443 2257 1496 mala
2289 1443 2545 1498 liberabit
2577 1443 2702 1516 [ηις.
2762 1444 2907 1497 malo
2947 1444 3125 1516 eruet]
3160 1460 3284 1498 cum
3317 1445 3500 1500 Domi-

1919 1549 2044 1589 nus.
2270 1594 2272 1596 _

1986 1624 2255 1680 Dominus
2282 1635 2568 1680 conservet
2628 1642 2774 1691 eum,
2842 1638 2898 1682 et
2947 1629 3187 1682 viviﬁcet
3237 1641 3387 1693 eum,
3444 1641 3500 1684 et

239 1706 407 1774 faciat
427 1723 542 1760 eum
564 1708 616 1762 in
643 1715 808 1771 terra,
837 1716 884 1760 et
918 1723 1023 1761 non
1042 1706 1221 1761 tradat
1241 1723 1358 1760 eum
1385 1707 1686 1761 inanimum
1713 1709 1818 1760 ini-
1850 1755 1893 1810 Β
1926 1713 2144 1768 beatum
2174 1713 2340 1768 iaciat
2367 1729 2518 1780 eum,
2569 1728 2626 1769 et
2654 1718 2922 1772 emundet
2957 1717 2979 1750 ⁸
2999 1719 3052 1772 in
3083 1729 3227 1772 terra
3254 1720 3497 1773 animam

243 1799 504 1852 micorum
537 1803 676 1868 ejus.

316 1982 573 2037 Dominus
619 2000 765 2051 opem
821 1987 953 2053 {erat
1007 1983 1086 2036 illi
1135 1998 1296 2051 super
1358 1981 1550 2035 lectum
1610 1983 1812 2036 doloris

244 2089 306 2130 -ι-
332 2077 449 2144 ejus
483 2077 505 2144 ζ
537 2077 832 2129 universum
864 2084 1091 2128 stratum
1115 2073 1228 2143 ejus
1249 2075 1466 2128 versasti
1501 2074 1555 2127 in
1581 2073 1814 2141 inﬁrmi-

242 2177 354 2220 tate
382 2168 516 2236 ejus.

299 2259 418 2328 Ego
460 2261 588 2324 dixi,
615 2259 856 2324 Domine,
910 2259 1152 2314 miserere
1213 2258 1313 2314 mei
1354 2275 1372 2313 :

241 2368 443 2414 meam,
478 2353 598 2419 quia
621 2353 828 2420 peccavi
859 2351 972 2406 tibi.

313 2442 531 2495 Inimici
553 2446 650 2496 mei
672 2442 915 2496 dixerunt
936 2441 1077 2496 mala
1108 2444 1231 2497 mihi
1250 2459 1268 2499 :
1295 2441 1518 2505 Quando
1537 2443 1810 2505 morietur,

238 2547 286 2590 et
317 2537 510 2605 peribit
545 2553 726 2590 nomen
757 2537 870 2603 eius
892 2537 918 2590 ?

311 2627 386 2681 Et
417 2631 466 2682 si
495 2628 902 2698 ingrediebatur,
934 2639 984 2680 ut
1017 2613 1230 2691 videret,
1273 2643 1410 2680 vana
1454 2626 1764 2696 loquebatur
1793 2641 1812 2679 :

241 2737 336 2774 cor
361 2723 480 2788 ejus
511 2721 836 2790 congregavit
869 2721 1206 2789 iniquitatem
1232 2720 1355 2773 sibi.

299 2811 692 2884 Egrediebatur
721 2813 865 2882 [oras
884 2827 903 2866 :
925 2821 972 2864 et
999 2812 1306 2882 loquebatur
1337 2813 1391 2864 in
1419 2812 1667 2880 idipsum.

1414 2275 1544 2312 sana
1577 2259 1812 2311 animam

313 2967 606 3021 Adversum
630 2984 708 3021 me
738 2980 1085 3023 susurrabant
1113 2985 1290 3022 omnes
1316 2970 1516 3024 inimici
1541 2971 1640 3024 mei
1669 2988 1686 3024 .·
1712 2973 1812 3024 ad.

239 3077 461 3114 versum
488 3078 564 3115 me
585 3063 883 3131 cogitabant
929 3063 1070 3116 mala
1098 3065 1248 3118 milii.

318 3151 541 3205 Verbum
618 3155 854 3223 iniquum
913 3156 1296 3210 constituerunt
1379 3155 1656 3211 adversum
1735 3173 1815 3212 me

242 3262 286 3302 -ε
345 3243 606 3313 Nunquid
667 3247 688 3314 ζ
753 3249 842 3316 qui
897 3250 1088 3301 dormit
1146 3250 1519 3318 nunadjiciet,
1553 3261 1606 3302 ut
1639 3266 1814 3304 resur-

237 3337 373 3408 gat?

315 3431 531 3484 Etenim
554 3431 700 3484 homo
726 3431 870 3493 pacis
905 3445 1029 3483 mea:
1060 3449 1112 3483 in
1158 3449 1260 3501 quo
1287 3435 1490 3501 speravi
1526 3449 1542 3487 :
1579 3435 1668 3504 qui
1692 3435 1804 3488 ede-

243 3528 331 3578 bat
363 3540 531 3591 partes
565 3540 723 3586 meos,
757 3525 1113 3592 magni/ienuit
1139 3542 1297 3594 super
1320 3543 1399 3579 me
1428 3528 1815 3595 supplantatio-

239 3634 384 3672 rtem.

315 3710 402 3764 Tu
438 3719 630 3774 autem,
662 3709 909 3774 Domine,
959 3710 1197 3763 miserere
1266 3712 1363 3763 mei
1399 3727 1416 3763 :
1449 3721 1499 3762 et
1557 3715 1812 3766 resttscita

233 3820 342 3868 me,
378 3815 433 3856 et
467 3805 747 3856 retribuam
775 3805 846 3856 eis
866 3840 882 3856 .

323 3897 390 3951 In
425 3897 519 3948 liae
538 3899 750 3964 cognovi
780 3895 1028 3965 quoniam
1049 3895 1255 3949 voluisti
1281 3912 1358 3950 me
1384 3913 1402 3951 .'
1434 3899 1683 3965 quoniam
1708 3915 1810 3952 non

235 3985 491 4055 gaudebit
521 3988 764 4038 inimicus
792 4003 934 4039 meus
963 4002 1119 4053 super
1152 4001 1250 4040 me.

310 4079 402 4131 Me
435 4087 605 4130 autem
631 4090 845 4146 propter
874 4079 1224 4131 innocentiam
1253 4079 1527 4147 suscepisti
1563 4093 1581 4131 :
1609 4092 1655 4134 et
1691 4098 1814 4135 con-

233 4169 472 4235 ﬁrmasti
499 4186 576 4222 me
600 4171 652 4222 in
680 4181 954 4237 conspectu
983 4179 1070 4222 tuo
1099 4171 1150 4222 in
1176 4180 1456 4224 aeternum.

297 4261 608 4313 Benedictus
634 4261 883 4314 Dominus
915 4259 1047 4313 Deus
1075 4260 1244 4314 Israel
1259 4278 1289 4313 a
1315 4266 1504 4319 seculo
1529 4278 1576 4321 et
1612 4285 1773 4339 usque
1791 4273 1809 4302 ¹

231 4355 288 4404 in
316 4353 572 4406 stt-culum
611 4371 626 4406 :
658 4355 776 4423 fiat,
814 4354 903 4416 ﬁa‘

1923 1804 2086 1875 ejus;
2115 1814 2170 1860 et
2200 1805 2324 1877 [ms.
2356 1805 2438 1878 ut]
2479 1822 2591 1861 non
2631 1810 2808 1862 tradat
2838 1823 2964 1863 eum
2989 1809 3258 1864 inmanus
3286 1811 3497 1866 inimici

1923 1898 2062 1968 ejus.

1997 1988 2262 2044 Dominus
2299 2005 2456 2060 opem
2490 1990 2631 2045 lerat
2701 1992 2778 2046 illi
2832 2008 2998 2062 super
3032 1993 3231 2047 lectum
3288 1995 3496 2050 doloris

1923 2078 2062 2150 ejus.
2117 2081 2445 2139 Universum
2478 2095 2710 2139 stratum
2762 2079 2882 2156 ejus
2924 2087 3150 2144 versasti
3178 2088 3228 2140 in
3263 2088 3498 2141 inﬁrmi-

1927 2179 2035 2224 tate
2061 2173 2201 2242 ejus.

1995 2260 2106 2329 Ego
2145 2260 2282 2324 dixi,
2320 2261 2573 2328 Domine,
2614 2268 2874 2321 miserere
2905 2268 3008 2321 mei
3039 2283 3054 2321 :
3087 2283 3221 2322 sana
3247 2268 3492 2322 animam

1926 2366 2122 2416 meam,
2155 2354 2282 2422 quia
2318 2354 2437 2426 [ms.
2480 2357 2766 2430 quoniam]
2803 2361 3022 2428 peccavi
3061 2360 3183 2416 tibi.

1994 2442 2208 2498 inimici
2245 2448 2350 2500 mei
2377 2447 2481 2500 di.“
2505 2459 2634 2503 runt
2700 2453 2841 2506 mala
2898 2453 3030 2507 mihi
3067 2470 3080 2506 :
3119 2452 3352 2520 Quando
3383 2471 3500 2510 mo-

1925 2533 2120 2601 rietur,
2147 2545 2204 2590 et
2237 2540 2413 2606 periet
2437 2539 2556 2610 [ms.
2600 2543 2832 2615 peribit]
2867 2560 3064 2600 nomen
3086 2547 3252 2617 ejus?

2003 2623 2066 2678 Et
2091 2625 2562 2696 ingrediebantur,
2595 2642 2656 2687 ut
2683 2635 2956 2701 viderent,
2989 2638 3385 2692 vanalocutum
3417 2649 3500 2695 est

1923 2730 2018 2770 cor
2040 2731 2231 2770 eorum
2268 2735 2280 2770 :
2313 2736 2786 2791 congregaverunt
2819 2727 3168 2796 iniquitatem
3195 2731 3320 2784 sibi.

1996 2805 2061 2860 Et
2089 2810 2519 2876 egrediebantur
2551 2813 2718 2880 foras,
2782 2826 2837 2871 et
2889 2820 3300 2887 loquebantur:
3331 2823 3497 2877 simul

1924 2896 1976 2950 in
2014 2914 2183 2952 unum
2212 2903 2573 2956 susurrabant
2605 2904 2644 2958 ⁵.

1993 2988 2193 3043 ()tnues
2244 2991 2453 3046 inimici
2509 2995 2616 3049 mei
2683 2997 2976 3055 adversum
3025 3019 3111 3060 me
3176 3006 3496 3075 cogitabant

1842 3102 1889 3162 ο
1923 3080 2061 3135 mala
2084 3083 2216 3136 mibi
2239 3084 2495 3140 :verbum
2515 3085 2763 3158 iniquum
2783 3093 3182 3152 mandaverunt
3200 3101 3495 3157 adversum

1921 3186 2027 3226 me.

1991 3265 2249 3336 Nunquid
2320 3271 2413 3340 qui
2438 3273 2642 3328 dormit
2700 3275 3076 3347 nonadjiciet,
3129 3289 3186 3333 ut
3242 3297 3496 3353 resurgat

1921 3355 2040 3428 [ms.
2071 3360 2284 3432 surgat]
2319 3363 2342 3416 ?
2381 3363 2591 3418 Etenim
2623 3367 2787 3420 homo
2817 3371 2965 3436 pacis
2999 3387 3134 3426 mea:
3161 3373 3213 3426 in
3241 3391 3350 3443 quo
3371 3390 3498 3444 spe-

1921 3451 2130 3517 rabam,
2155 3455 2250 3521 qui
2281 3458 2481 3512 edebat
2512 3475 2680 3528 panes
2713 3475 2885 3524 meos,
2909 3465 3194 3533 ampliavit
3219 3468 3492 3524 adversus

1919 3558 2004 3599 me
2040 3548 2540 3616 supplantationem
2579 3554 2620 3609 '.

1988 3724 2067 3779 Tu
2103 3739 2311 3791 autem.
2348 3731 2598 3798 Domine,
2661 3739 2922 3794 miserere
2951 3741 3056 3794 mei
3091 3757 3105 3796 :
3137 3750 3192 3796 et
3220 3743 3490 3800 resuscita

1918 3832 2022 3875 me.
2050 3829 2100 3871 et
2134 3819 2358 3874 reddam
2393 3821 2516 3892 [ms.
2563 3827 2894 3898 retribuam]
2931 3830 3060 3883 illis.

1989 3910 2043 3962 lu
2073 3911 2174 3965 hoc
2202 3917 2427 3981 ceguovi
2481 3918 2739 3984 quoniam
2774 3921 3000 3975 voluisti
3037 3936 3123 3975 me
3163 3939 3178 3976 :
3213 3924 3338 3993 quia
3374 3940 3485 3980 non

1913 4002 2172 4069 gaudebit
2215 4004 2472 4060 inimicus
2513 4024 2665 4062 meus
2703 4026 2870 4079 super
2902 4027 3006 4066 me.

1984 4092 2216 4162 Propter
2263 4095 2632 4153 innocentiam
2708 4113 2892 4156 autem
2945 4121 3118 4158 meam
3176 4104 3318 4177 [ms.
3380 4119 3488 4164 tae.

1913 4181 2114 4252 meam]
2137 4185 2430 4253 suscepi-sti
2449 4203 2562 4243 me:
2582 4193 2985 4249 ctcoulirmasti
3008 4209 3093 4248 me
3114 4196 3166 4250 in
3187 4212 3486 4268 conspectu

1913 4281 2007 4326 tuo
2044 4274 2096 4326 in
2123 4284 2390 4331 teternum
2419 4321 2431 4334 .

1987 4363 2320 4422 Benedictus
2381 4369 2644 4426 Dominus
2688 4374 2832 4428 Deus
2889 4377 3055 4431 lsracl
3108 4395 3136 4431 a
3184 4381 3386 4436 Szt'culu
3436 4396 3488 4438 rt

1842 4449 1886 4504 D
1916 4471 2086 4526 usque
2114 4459 2164 4511 iu
2199 4461 2457 4514 saeculum
2497 4479 2510 4515 :
2550 4463 2665 4526 liat,
2704 4465 2816 4520 iiut.

1555 4629 1559 4634 -
1593 4590 1945 4655 PSALMUS
1985 4599 2141 4658 XLI.

492 4702 542 4740 IN
564 4701 740 4752 "Nl-2M,
782 4703 1155 4755 INTELLECTUS,
1199 4705 1354 4748 ΗΜιὸ
1380 4709 1539 4750 CORB.

317 4844 773 4910 Quemadmodum
797 4843 1059 4898 desiderat
1089 4863 1271 4900 cervus
1305 4847 1375 4900 ad
1419 4848 1588 4917 fontes
1640 4869 1811 4924 aqua-

149 4979 154 4982 .
235 4953 359 4990 rum
404 4952 422 4988 :
449 4940 522 4988 ita
553 4935 817 4990 desiderat
846 4937 1028 4990 anima
1050 4955 1164 4992 mea
1202 4940 1269 4992 ad
1288 4950 1360 5004 te,
1391 4940 1551 4996 Deus.

310 5163 326 5193 ¹
362 5162 503 5215 Huic
535 5177 756 5230 quoque
782 5162 901 5215 voci
934 5179 1134 5228 omnes,
1167 5163 1384 5218 obelum
1425 5164 1660 5223 Palatin.
1706 5189 1806 5229 ms.

227 5233 489 5302 praeﬁgit,
558 5237 986 5305 subsequentem
1041 5247 1173 5288 Vero
1220 5244 1268 5286 et
1323 5238 1575 5305 copulam
1623 5243 1692 5295 ab
1747 5259 1812 5298 eo

225 5305 426 5356 eximit
459 5319 474 5354 :
509 5312 770 5355 neutrum
819 5303 978 5355 bene.

303 5373 324 5403 ³
357 5372 456 5424 ilic
483 5373 669 5453 minus
706 5378 840 5426 bene
892 5372 1174 5429 Palatinus
1206 5389 1310 5429 ms.
1366 5391 1528 5431 voces
1573 5386 1624 5432 et
1645 5397 1807 5453 usque

221 5442 624 5513 praetermittit.

301 5511 324 5542 ⁸
350 5509 456 5564 Pro
493 5515 658 5593 unico
684 5512 852 5592 verbo
873 5513 1137 5593 (tutentur,
1171 5513 1375 5568 Veron.
1406 5532 1508 5574 ms.
1535 5527 1590 5593 et
1615 5521 1802 5593 Augu.

219 5584 412 5636 stinus
441 5583 762 5649 pulcrum,
785 5584 1135 5643 iocundentur
1155 5602 1331 5639 omnes
1353 5601 1372 5638 .'
1407 5597 1517 5641 tum
1539 5583 1798 5650 altero'ab

206 5655 334 5728 -boc
359 5667 522 5728 versu
544 5667 723 5703 curam
756 5653 958 5706 habebit
982 5655 1105 5728 mihi
1129 5673 1153 5728 7:
1188 5658 1286 5708 mei
1319 5667 1496 5710 tamen
1521 5662 1656 5728 Aug.
1681 5679 1797 5718 tnu-

218 5721 328 5775 lnit
356 5722 636 5790 :dcnique
657 5734 920 5792 protector
953 5740 1050 5792 pro
1077 5724 1325 5779 liberator
1357 5729 1563 5797 pariter
1589 5721 1790 5801 legunt.

553 5815 822 5878 Pamon.
868 5817 1086 5880 XXIX.

1923 4722 1971 4757 IN
2002 4723 2438 4784 FINE_M,PSALMUS
2480 4731 2660 4780 DAVID,
2721 4734 3080 4778 INTELI.ECTUS
3144 4741 3299 4778 F'ILIIS
3355 4745 3491 4784 C‘:RE

2116 4780 2237 4850 pus.
2278 4799 2629 4840 INTELLECTUS
2661 4804 2819 4843 FILIIS
2841 4806 2972 4846 CORE
3005 4796 3286 4868 essurus].

1994 4869 2148 4923 Sit-ut
2185 4871 2307 4943 [ms.
2335 4875 2830 4954 Quemadmodum]
2889 4899 3090 4941 cervus
3117 4889 3396 4945 desiderat
3423 4897 3489 4948 ad

1919 4959 2097 5015 fon'es
2122 4979 2386 5032 aquarum
2423 4987 2433 5020 :
2471 4970 2542 5022 ita
2581 4970 2860 5027 desiderat
2910 4977 3091 5032 anima
3157 4995 3277 5035 mea
3313 4987 3377 5038 ad
3413 4996 3486 5052 te,

1919 5050 2085 5108 Deus.

1989 5187 2008 5216 ⁵
2045 5187 2220 5267 Verba
2255 5199 2303 5243 et
2335 5196 2602 5276 enrundet,
2633 5205 3038 5276 tum,_unimam
3072 5211 3186 5276 ejus
3228 5213 3279 5264 in
3317 5213 3486 5269 Vero-

1916 5265 2070 5339 nensi
2105 5271 2268 5326 atque
2309 5265 2448 5315 adeo
2497 5267 2904 5334 Augustiuiano
2962 5265 3225 5335 Psalt'eriO
3253 5265 3480 5339 lucent:

1916 5331 2079 5415 paplp
2108 5346 2324 5415 quorum
2357 5343 2479 5415 post
2511 5328 2708 5391 veri-isti
2741 5341 2938 5410 legitur
3467 5328 3480 5352 ’

1988 5399 2007 5428 ⁸
2037 5398 2106 5481 Ιίι.
2127 5398 2364 5468 ξίιὶρθειηί
2399 5407 2678 5460 adversum
2712 5398 2822 5475 me:
2847 5430 2946 5481 pro
2968 5398 3428 5475 rsimulirruit-um
3463 5441 3474 5478 :

1914 5469 2426 5548 turndisposueruut
2448 5491 2564 5548 pro
2591 5469 2998 5548 mandaverunt,
3015 5469 3020 5470 ⁷
3036 5469 3474 5548 ί

1911 5540 2129 5614 gufliuu
2161 5540 2490 5596 Veronensis
2525 5564 2626 5599 ηις.
2666 5553 2816 5614 legit.

1972 5608 2001 5687 _°
2027 5609 2194 5695 Iidem
2227 5614 2493 5695 duntaxat
2524 5617 2672 5683 libri,
2701 5608 2754 5673 in
2815 5640 2964 5690 quem
2996 5630 3244 5695 sperari;
3272 5645 3326 5684 ct
3368 5651 3482 5686 am-

1905 5677 2090 5741 pliavit
2114 5697 2268 5748 super
2284 5701 2363 5735 me
2381 5677 2706 5754 culeuncum,
2729 5677 2842 5760 pari
2863 5677 3479 5767 curiseiisuiprmidruiii.

3013 5850 3044 5914 'l
