3898 6172
447 319 550 378 ῖο3

1351 317 1413 376 S.
1455 307 1902 373 lllEllONYMl
1945 307 2204 368 DlVlNA
2249 299 2776 394 BIBLlOTlIECA.

3578 282 3696 348 £05

491 435 664 488 Sitivit
699 447 878 486 aiiinta
913 447 1024 483 mea
1059 429 1126 482 ad
1157 427 1320 481 Deum
1369 430 1436 495 >ε<
1486 427 1676 494 fortem
1713 423 1736 491 ζ
1767 422 1938 475 vivum
1976 435 1992 474 :
2025 424 2074 482 Λ
2179 413 2568 472 Sitivitanima
2603 427 2722 466 mea
2755 409 2822 464 ad
2883 407 3054 462 Deum
3083 403 3264 457 vivum
3299 422 3311 456 :
3350 398 3568 472 quando
3595 405 3697 452 ve'

427 529 634 598 quando
664 529 892 589 veniam,
921 535 968 578 et
1001 520 1264 590 apparebo
1293 519 1306 550 ¹
1341 529 1465 572 ante
1487 519 1678 587 faciem
1723 515 1859 568 Dei?

507 617 748 672 Fuerunt
783 620 909 671 milii
938 615 1184 686 iaeryma:
1234 629 1362 666 mea!
1397 629 1556 682 panes
1611 611 1694 662 die
1732 624 1792 659 ac
1814 617 2000 659 nocte:

429 712 554 764 dum
576 713 768 764 dicitur
803 710 929 762 mihi
952 707 1183 778 quotidie
1211 721 1226 760 .‘
1259 704 1356 758 Ubi
1390 714 1464 758 est
1491 703 1630 756 Deus
1663 700 1825 753 tuus?

509 887 627 938 11ηέ
681 887 986 937 recordatus
1043 902 1178 948 sum,
1247 895 1294 938 et
1341 881 1498 954 effudi
1519 883 1572 934 in
1641 895 1718 934 me
1768 879 2006 932 animum

649 993 665 1030 :
698 979 948 1044 qurmiam
985 977 1220 1030 transibo
1255 979 1310 1029 in
1349 981 1522 1030 locum
1549 971 1881 1026 tabernaculi
1913 968 2010 1022 ad-

437 1069 692 1123 mirabilis
718 1087 881 1138 usque
902 1069 970 1122 ad
995 1073 1208 1123 domum
1241 1070 1334 1123 Dei
1357 1108 1370 1123 .

438 997 480 1028 lii
491 995 548 1028 ιτα
559 996 606 1030 ιη

508 1243 569 1296 1η
601 1259 719 1298 voce
745 1243 1199 1312 exsultationis,et
1215 1243 1577 1314 confessionis,
1603 1258 1759 1298 sonus
1783 1238 2010 1310 epulan-

439 1339 502 1416 ιζδ
527 1341 568 1390 ¹.

511 1430 683 1493 Quare
705 1431 870 1484 tristis
902 1447 977 1497 es,
1009 1429 1192 1484 anima
1221 1430 1378 1482 mea?
1421 1439 1468 1482 et
1495 1443 1558 1486 4-
1621 1446 1792 1499 quare
1831 1429 1851 1497 ζ
1885 1446 2016 1484 con-

445 1527 624 1575 turbas
657 1539 735 1576 me
754 1525 779 1576 1’

511 1614 677 1684 Spera
711 1616 764 1667 in
795 1614 924 1680 Deo,
959 1617 1210 1685 quoniam
1241 1619 1306 1684 3a:
1329 1617 1497 1670 adhuc
1534 1617 1554 1684 ζ
1592 1613 1874 1682 conﬁtebor
1903 1613 1981 1666 illi
2001 1628 2017 1664 :

443 1709 682 1760 salutare
707 1707 877 1760 vultus
909 1709 1006 1761 mei
1033 1708 1053 1738 ³
1083 1721 1146 1762 -ε-
1185 1719 1230 1760 et
1265 1711 1285 1776 ζ
1319 1707 1458 1760 Deus
1481 1722 1646 1760 meus.

519 1798 598 1850 Ad
621 1814 700 1850 me
723 1800 892 1868 ipsum
916 1799 1096 1851 anima
1127 1813 1241 1850 mea
1265 1799 1578 1852 conturbata
1598 1803 1673 1852 est
1699 1809 1715 1852 .'
1744 1805 2022 1864 propterea

449 1901 647 1938 memor
674 1901 762 1940 ero
810 1887 886 1937 tui
927 1888 989 1938 a'e
1019 1895 1162 1938 terra
1199 1885 1478 1951 Iordanis,
1519 1893 1568 1937 et
1619 1884 1952 1938 Ilermouiim
1990 1899 2022 1936 a

451 1991 628 2031 meme
657 1979 880 2031 modico.

521 2069 753 2140 Abyssus
783 2073 848 2136 ><
881 2071 950 2122 ad
973 2070 992 2100 κ
1022 2070 1044 2137 ζ
1083 2067 1329 2138 abyssum
1353 2070 1559 2122 invocat
1592 2083 1606 2123 t
1639 2067 1694 2120 in
1729 2083 1849 2121 voce
1879 2075 2028 2122 cata-

453 2171 721 2214 ractarttm
748 2175 983 2216 tuarum.

525 2250 716 2308 Omnia
751 2255 954 2306 excelsa
995 2263 1086 2308 tua
1117 2263 1165 2307 et
1199 2257 1390 2324 ﬂuctus
1419 2253 1520 2318 tui,
1549 2267 1706 2321 super
1742 2267 1824 2304 me
1853 2259 2031 2304 trans-

451 2349 648 2400 ierunt.

527 2438 554 2491 1
565 2456 595 2492 η
639 2440 722 2492 die
755 2440 1024 2496 mandavit
1059 2439 1314 2496 Dominus
1367 2441 1786 2494 misericordiam
1817 2455 1973 2494 suam
2011 2453 2032 2494 :

455 2539 502 2585 et
533 2539 682 2584 nocte
701 2533 968 2586 canticum
995 2533 1130 2601 ejus.

531 2625 682 2692 Apud
715 2641 795 2678 me
821 2627 990 2678 oratio
1039 2626 1142 2680 Deo
1165 2627 1285 2680 vitae
1327 2641 1475 2690 metu,
1499 2624 1674 2678 dicam
1709 2623 1816 2679 Deo
1847 2643 1868 2680 :
1933 2625 2046 2680 Su-

457 2726 660 2783 sceptor
689 2732 830 2770 naeus
849 2718 868 2746 ⁵
901 2732 962 2771 ’ἒ-
991 2734 1044 2770 es
1069 2719 1116 2785 ζ.

536 2809 715 2872 Quare
741 2811 924 2864 oblitus
958 2827 1010 2864 es
1035 2813 1177 2864 mei?
1205 2821 1254 2866 et
1275 2827 1440 2880 quare
1461 2812 1800 2866 contristatus
1827 2811 2034 2878 incedo,

462 2904 582 2954 dunt
624 2902 806 2971 afﬂigit
839 2919 918 2954 me
954 2903 1197 2956 inimicus
1223 2904 1249 2955 ?

530 2994 664 3046 Dum
687 2996 1089 3065 Confringuntur
1111 3013 1226 3050 ossa
1249 3012 1364 3050 mea
1387 3011 1407 3051 :
1427 2997 1868 3062 exprobrauerunt
1888 2997 2038 3063 mihi,

459 3089 544 3157 qui
575 3087 832 3141 tribulam
869 3104 949 3141 me
976 3090 1178 3142 inimici
1215 3092 1334 3144 mei.

532 3181 671 3233 Dum
711 3181 890 3233 dicunt
924 3182 1048 3234 mihi
1068 3197 1160 3246 per
1189 3183 1423 3251 singulos
1454 3183 1564 3234 dies
1595 3197 1610 3234 :
1671 3179 1768 3232 Ubi
1803 3189 1876 3232 est
1907 3177 2042 3231 Deus

461 3275 629 3328 tuus?
670 3275 846 3340 Quare
891 3276 1055 3330 tristis
1083 3294 1160 3343 es,
1195 3278 1378 3330 anima
1437 3292 1572 3340 mea,
1609 3289 1655 3329 et
1707 3291 1871 3344 quare
1921 3290 2048 3325 ruu-

462 3369 644 3422 wrbas
677 3386 754 3423 me
782 3372 808 3422 ?

538 3463 705 3528 Spera
757 3463 812 3516 in
849 3463 980 3528 Deo,
1029 3463 1278 3533 quoniam
1313 3466 1379 3530 >θ<
1417 3463 1610 3516 adhuc
1663 3461 1686 3530 ζ
1761 3459 2046 3526 εοηβιθὸον

467 3555 548 3608 illi
581 3570 599 3608 :
633 3555 872 3608 salutare
899 3556 1068 3608 vultus
1105 3557 1204 3608 mei
1334 3567 1378 3606 et
1413 3555 1434 3622 ζ
1469 3553 1610 3606 Deus
1643 3567 1809 3604 naeus.

2069 3065 2114 3122 ο
2151 3096 2278 3140 runt
2309 3101 2394 3139 me
2446 3085 2540 3153 qui
2605 3081 2867 3135 tribulam
2918 3093 3005 3132 me
3049 3095 3064 3132 :

2107 512 2275 572 niam,
2304 505 2657 576 etapparebo
2697 511 2825 556 ante
2851 499 3047 554 facient
3089 494 3227 550 Dei?

2176 601 2423 656 Fuerunt
2454 597 2588 650 mihi
2653 597 2910 662 lacrymae
2937 605 3072 643 metu
3115 601 3285 656 panes
3347 584 3471 656 [ms.
3513 575 3703 652 panis]

2121 694 2210 748 die
2259 707 2322 746 ac
2362 699 2544 754 nocte,
2576 688 2704 744 dum
2729 686 2936 738 dicitur
2993 679 3128 734 mihi
3157 677 3401 748 quOtidie
3437 693 3450 730 :
3481 673 3584 730 Ubi
3615 681 3708 726 cst

2113 789 2256 842 Dens
2293 785 2453 841 tuus?

2183 881 2309 934 Haec
2337 875 2658 932 recordatus
2689 871 2812 944 [ms.
2856 863 3218 938 memoratus]
3255 879 3400 928 sum,
3437 873 3493 916 et
3527 857 3702 913 cﬂudi

2115 976 2168 1028 in
2201 971 2326 1044 [ms.
2357 965 2558 1040 super]
2593 981 2680 1020 me
2709 964 2946 1018 animam
2967 976 3145 1016 meam
3183 975 3198 1016 :
3225 956 3486 1026 quoniam
3519 955 3708 1018 inng-

2115 1040 2234 1116 diar
2269 1062 2322 1115 in
2353 1061 2536 1114 locum
2597 1052 2936 1110 tabernaculi
2991 1047 3364 1110 admirabilis,
3423 1059 3596 1110 ustiuc
3631 1040 3702 1092 ad

2117 1155 2340 1208 domum
2373 1151 2491 1206 Dei.

2185 1246 2242 1300 ιη
2277 1258 2409 1300 voce
2445 1235 2934 1302 exsultationis,et
2961 1228 3334 1290 confessionis
3365 1241 3534 1282 sonus
3565 1239 3712 1294 epu-

2120 1337 2284 1390 lantis
2321 1333 2369 1388 ".

2203 1429 2383 1493 Quare
2417 1425 2592 1482 tristis
2619 1437 2700 1487 es,
2722 1419 2908 1476 anima
2935 1415 3098 1472 mea?
3125 1422 3182 1472 et.
3207 1426 3380 1483 quare
3411 1407 3718 1468 conturbas

2124 1535 2210 1575 me
2231 1521 2252 1572 τ

2187 1613 2358 1682 Spera
2386 1611 2440 1666 in
2473 1609 2584 1663 Deo
2611 1606 2736 1679 [ηις.
2778 1599 3124 1673 Dominum],
3191 1597 3452 1670 quoniam
3479 1591 3715 1646 conﬁte-

2125 1705 2230 1761 bor
2257 1705 2336 1760 illi
2379 1719 2392 1760 :
2425 1703 2668 1757 salutare
2703 1699 2894 1754 vultus
2927 1695 3060 1760 mei,
3091 1703 3144 1749 et
3176 1694 3320 1746 Deus
3357 1705 3532 1743 meus.

2203 1799 2248 1852 A
2275 1810 2362 1851 me
2383 1795 2502 1865 ipso
2522 1792 2702 1846 anima
2729 1804 2854 1844 mea
2894 1788 3110 1844 turbata
3132 1793 3216 1840 est
3243 1800 3258 1838 :
3291 1791 3576 1852 propterea
3597 1790 3724 1830 nie-

2139 1903 2259 1945 tnor
2289 1901 2386 1942 ero
2423 1885 2524 1949 tui,
2558 1881 2810 1946 Domine,
2831 1879 2900 1935 de
2935 1888 3078 1932 terra
3108 1875 3384 1939 Jordanis,
3413 1880 3468 1926 et
3487 1868 3728 1924 Hermo-

2137 1983 2222 2038 nis
2274 1983 2400 2052 [τηε.
2431 1975 2720 2044 Ilermonil
2768 1990 2799 2029 a
2829 1982 3014 2027 monte
3063 1969 3300 2028 modico.

2207 2075 2450 2146 Abyssus
2495 2073 2751 2142 abyssum
2790 2069 3010 2122 invocat
3042 2065 3097 2118 in
3149 2077 3286 2118 voce
3312 2068 3726 2116 cataractarum

2133 2179 2352 2224 tuarum
2391 2185 2407 2222 :
2449 2165 2632 2221 omnia
2659 2163 2876 2220 excelsa
2915 2171 3010 2215 tua
3047 2158 3090 2226 _'
3125 2167 3180 2213 et
3209 2157 3408 2212 ﬂuctus
3439 2156 3518 2208 tui
3549 2165 3730 2220 super

2147 2275 2234 2315 me
2265 2259 2631 2315 transierunt.

2215 2439 2274 2494 In
2299 2440 2388 2494 die
2429 2436 2709 2492 mandavit
2737 2433 3001 2488 Dominus
3037 2425 3474 2484 misericordiam
3519 2439 3680 2478 suam
3711 2437 3729 2480 :

2145 2543 2198 2588 ct
2231 2541 2392 2588 nocte
2425 2529 2740 2584 declaravit.

2221 2625 2382 2694 Apud
2413 2639 2500 2676 me
2533 2621 2710 2676 oratio
2741 2619 2854 2674 Deo
2889 2619 3012 2672 vitae
3041 2631 3176 2672 necte
3203 2633 3220 2672 :
3249 2614 3428 2670 dicam
3459 2611 3568 2664 Deo
3593 2619 3730 2681 laris.

2148 2719 2272 2772 add.
2311 2715 2456 2786 meo]
2496 2731 2510 2768 :
2541 2711 2838 2780 Snsceptor
2862 2725 3015 2764 mens
3043 2725 3125 2764 es.

2220 2808 2400 2874 Quare
2431 2821 2518 2858 me
2545 2805 2750 2858 oblitus
2797 2801 2897 2856 es?
2923 2811 2982 2856 et
3007 2815 3178 2868 quare
3205 2813 3292 2854 tuo
3322 2791 3616 2866 repulisti?
3675 2800 3734 2844 et

2148 2919 2318 2974 quare
2355 2900 2528 2956 tristis
2569 2898 2763 2952 incedo
2793 2899 2813 2928 ³
2849 2935 2864 2959 ,
2901 2896 3030 2950 dum
3065 2893 3259 2962 afﬂigit
3293 2906 3378 2944 me
3419 2888 3684 2942 inimicus
3709 2883 3735 2936 τ

2221 2996 2354 3048 Dum
2379 2992 2800 3059 confringnntur
2833 2989 3014 3042 omnia
3047 3001 3166 3040 ossa
3192 2999 3331 3047 mea,
3361 2979 3735 3048 exprobrave-

3121 3077 3252 3130 dum
3321 3073 3522 3127 dicitur
3587 3066 3734 3120 mihi

2154 3194 2251 3247 per
2285 3175 2529 3244 singulos
2557 3173 2674 3226 dies
2701 3189 2716 3226 :
2751 3170 2852 3226 Ubi
2887 3169 3134 3237 estlDeus
3165 3175 3291 3220 tuus
3319 3165 3341 3216 ‘2

2225 3263 2403 3327 Quare
2455 3260 2630 3315 tristis
2657 3273 2739 3325 es,
2789 3259 2972 3313 anima
3005 3255 3164 3310 mea?
3216 3263 3272 3308 et
3299 3266 3468 3322 quare
3501 3255 3738 3303 contur-

2151 3359 2246 3412 bas
2303 3371 2390 3408 me
2411 3356 2433 3408 ἲ

2227 3447 2396 3516 Spera
2441 3445 2493 3499 in
2535 3445 2645 3499 Deo
2675 3443 2803 3516 [ms.
2845 3439 3184 3512 Dominum].
3213 3437 3469 3508 quoniam
3501 3433 3740 3490 conﬁte-

2153 3543 2252 3596 bor
2279 3538 2356 3594 illi
2385 3555 2397 3593 :
2433 3537 2674 3594 salutare
2704 3537 2886 3590 vultus
2913 3537 3018 3590 mei
3060 3543 3116 3587 et
3156 3533 3297 3586 Dens
3330 3543 3506 3586 meus.

1801 3731 2153 3796 I-‘SALMUS
2209 3729 2395 3790 XLII.

1001 3873 1060 3912 -ε-
1107 3874 1330 3913 νδλωιυδ
1370 3875 1522 3913 DM'ID
1551 3905 1568 3926 ,

539 3973 732 4028 Judica
785 3989 882 4032 me,
927 3973 1083 4038 Deus,
1135 3983 1180 4027 et
1218 3975 1452 4027 discerne
1499 3989 1713 4026 causam
1757 3986 1930 4026 meam
1979 3971 2044 4024 de

470 4073 618 4136 gente
649 4081 752 4119 non
785 4075 967 4119 saneta
1000 4081 1016 4118 :
1065 4067 1128 4118 ab
1181 4067 1382 4118 homine
1417 4065 1592 4133 iniquo
1623 4073 1670 4117 et
1704 4063 1888 4116 doloso
1918 4078 2041 4116 erue

471 4173 571 4210 me.

555 4254 693 4318 Quia
733 4259 786 4304 tu
817 4265 877 4306 —:—
906 4251 992 4303 εδδ
1032 4251 1052 4318 ζ
1097 4249 1232 4301 Deus
1289 4248 1543 4314 fortitudo
1603 4263 1740 4314 nica,
1769 4263 1933 4316 quare
1965 4261 2044 4300 me

473 4345 756 4419 repulisti?
791 4353 838 4398 et
895 4357 1060 4412 quare
1100 4341 1264 4394 tristis
1314 4339 1520 4403 incedo,
1573 4339 1696 4392 dunt
1737 4339 1922 4408 aﬂtigit
1962 4353 2043 4390 me

473 4441 717 4494 inimicus
745 4437 768 4488 ?

551 4666 564 4694 ¹
597 4663 695 4716 Ms.
723 4661 888 4722 idem,
927 4656 1184 4712 secundis
1213 4667 1392 4711 tamen
1427 4655 1597 4718 curis,
1625 4653 1840 4722 parebo.

549 4736 568 4762 ²
599 4733 696 4786 llic
728 4732 873 4783 idem
908 4743 1010 4782 ms.
1043 4727 1326 4796 subjungit
1360 4725 1694 4796 Diapsalma.

552 4806 572 4835 ³
603 4805 734 4855 Sine
761 4800 944 4858 obeln,
988 4799 1079 4866 qui
1107 4791 1282 4864 neque
1326 4797 1380 4848 in
1426 4791 1786 4848 Alexandrini
1845 4791 2053 4866 codicis

479 4889 688 4942 nupera
713 4871 951 4942 editione
981 4865 1224 4942 additur,
1255 4869 1494 4942 liabetet
1523 4867 1800 4919 Palatinus
1819 4878 1920 4916 ms.
1956 4865 2050 4932 qui

480 4959 532 5001 et
563 4938 702 4995 infra
745 4941 873 5010 legit
900 4938 1194 4991 Ermoniim
1231 4939 1292 4988 de
1323 4947 1517 5002 monte,
1553 4947 1659 4990 etc.

551 5016 571 5046 ι
609 5003 972 5066 Ρνωιρινῖιιίδες]
1022 5011 1090 5061 ad
1125 5011 1526 5077 pra'positione,
1567 5021 1754 5060 vocem
1807 5003 2053 5072 abyssum

477 5102 598 5159 qua:
654 5084 1027 5150 subsequitur,
1059 5089 1317 5133 asterisco
1349 5080 1620 5132 illustrant
1649 5077 1922 5132 Palatinus
1951 5091 2051 5127 IIIS.

479 5155 533 5234 et
568 5178 761 5231 Carus.
794 5175 886 5228 Est
907 5183 1087 5226 autem
1125 5173 1174 5224 in
1209 5171 1435 5226 [lebrmo
1462 5155 1556 5234 ΒΝ,
1597 5183 1758 5238 quam
1795 5165 2054 5236 prmposi-

487 5257 692 5304 tionem
735 5249 826 5298 ἐπὶ
873 5243 1232 5306 reddiderunt
1269 5241 1442 5296 Grazci
1488 5245 1838 5308 interpretes,
1887 5246 2053 5304 atque

483 5323 587 5392 ipsi
618 5317 810 5392 καλεῖν
831 5315 1000 5368 verbo
1023 5315 1338 5392 jungentes,
1367 5319 1654 5366 verterunt
1682 5308 2050 5386 Enixanitat.

555 5395 574 5423 ⁸
613 5391 767 5443 Hunc
806 5381 1035 5456 quoque
1053 5381 1296 5447 obuium,
1325 5393 1378 5437 et
1413 5381 1776 5456 subsequenti
1805 5391 1966 5431 versu
2006 5386 2054 5428 et

479 5463 732 5530 Copulam
771 5449 1050 5512 Palatinus
1085 5473 1186 5509 tus.
1223 5453 1587 5523 prurtermittit
1623 5466 1638 5504 ;
1673 5449 1814 5502 male
1846 5459 2055 5501 utrum-

480 5555 508 5587 η
523 5555 606 5587 ιιιτ.

497 5577 510 5602 ί
551 5608 569 5634 ⁵
601 5605 728 5658 Sine
761 5599 921 5654 obolo
950 5597 1233 5650 Palatinus
1267 5610 1365 5646 ms.
1407 5591 1555 5662 leg't.

551 5676 566 5702 τ
599 5673 752 5742 Legit
787 5687 850 5723 ex
879 5669 1180 5742 Angitstino
1213 5661 1514 5742 Vertimus.
1557 5679 1654 5714 ius.
1687 5663 1801 5713 soni
1859 5661 2058 5726 {estvi-

479 5753 638 5794 tctem
671 5732 990 5798 Eelebrantia
1015 5751 1178 5806 atque
1217 5737 1380 5800 intra,
1447 5737 1524 5787 Ad
1561 5751 1640 5786 nte
1676 5735 1843 5802 ipsum
1883 5749 1978 5802 pro
2013 5732 2054 5784 Α

2719 3855 2953 3897 PSALMUS
2983 3855 3167 3894 DAVID.

2223 3960 2414 4016 Judica
2447 3971 2554 4022 me,
2589 3957 2754 4021 Deus,
2800 3965 2857 4010 ct
2897 3953 3148 4008 discerne
3174 3963 3396 4006 causam
3441 3963 3618 4002 meam
3665 3945 3738 4001 de

2151 4065 2310 4125 gente
2368 4065 2476 4107 non
2517 4059 2744 4104 sancta:
2800 4047 2870 4100 ab
2931 4044 3154 4100 homine
3195 4041 3382 4111 iniquo
3431 4049 3486 4094 et
3540 4039 3744 4093 doloso

2153 4149 2306 4216 eripe
2337 4147 2464 4219 [ms.
2501 4143 2701 4214 libera]
2733 4159 2837 4198 me.

2227 4240 2362 4306 Quia
2395 4249 2450 4292 tu
2475 4253 2533 4292 es
2561 4237 2706 4292 Deus
2727 4251 2880 4290 meus
2905 4245 2960 4290 et
2985 4231 3248 4290 fortitudo
3279 4243 3420 4290 mea,
3455 4243 3630 4296 quare
3651 4239 3744 4280 me

2159 4333 2406 4402 repulisti
2431 4330 2497 4384 ὀἳ
2529 4339 2584 4383 ct
2614 4343 2784 4398 quare
2819 4327 2992 4382 tristis
3010 4325 3228 4390 incedo,
3261 4324 3393 4378 dum
3417 4320 3612 4388 atﬂigit
3651 4335 3744 4376 me

2083 4432 2126 4486 D
2159 4423 2456 4479 inimicus?

2158 4667 2240 4704 me
2273 4666 2401 4712 ipso.

2231 4722 2250 4751 ⁸
2281 4706 2583 4773 Veronens.
2639 4729 2742 4768 ms.
2779 4727 2959 4766 omnes
3002 4723 3337 4778 suspensum
3383 4715 3488 4758 tute
3521 4722 3540 4769 ;
3573 4706 3745 4774 paulo

2157 4789 2482 4848 ccticinnius
2513 4787 2657 4854 apud
2691 4782 3054 4854 Augustinum
3087 4779 3479 4854 suspensiones.

2227 4859 2478 4912 “Rectius
2509 4843 2609 4907 nisi
2633 4843 2926 4923 praieiuttt
2957 4851 3118 4902 iidem
3143 4843 3267 4923 l_i_'bri
3301 4864 3315 4902 :
3347 4859 3401 4900 et
3425 4843 3746 4923 utquid-nte

2158 4930 2414 5002 repnlisti,
2439 4939 2492 5002 et
2519 4935 2573 4978 ut
2607 4915 2733 4994 quid
2767 4925 2961 5002 tristis:
2981 4923 3119 5000 Tum
3146 4919 3456 4995 Vel-oneris:
3487 4916 3606 5002 voci
3633 4915 3748 4992 ini-

2159 4983 2318 5056 micus
2347 4983 2496 5051 addit
2522 4983 2688 5058 meus,
2715 4995 2858 5061 quod
2883 5007 2912 5044 e
2941 4990 3148 5044 Latinis
3184 5005 3350 5041 unum
3382 4985 3494 5061 seio
3520 4983 3750 5036 Cassio-

2158 5075 2373 5126 dur-ium
2405 5057 2703 5120 addidisse.
2733 5057 2944 5116 Czetera
2971 5062 3038 5113 de
3065 5075 3213 5112 more
3249 5075 3372 5111 cum
3405 5057 3744 5118 Augustino,

2163 5143 2296 5196 Dum
2314 5137 2704 5206 confringit(al.
2735 5131 3044 5206 confringet)
3066 5147 3198 5206 ossa
3227 5143 3360 5190 mea,
3391 5126 3748 5191 exprobrat-e-

2159 5221 2280 5270 runt
2313 5203 2436 5264 mihi
2473 5224 2490 5262 :
2521 5203 2576 5261 et
2605 5203 2730 5259 dum
2761 5205 2939 5256 dicunt
2975 5203 3125 5266 milii,
3159 5210 3266 5254 etc.

2233 5303 2620 5358 "Constanter
2655 5314 2754 5368 pro
2787 5312 2952 5368 quare
2979 5296 3068 5348 hic
3092 5305 3256 5364 atque
3283 5293 3420 5346 intra
3449 5291 3750 5368 γει-[πιθη-

2159 5377 2234 5431 sis
2267 5376 2404 5429 liber
2442 5383 2607 5441 atque
2643 5359 2980 5441 Augustinus
3031 5359 3346 5441 halie‘ntnnt
3371 5361 3516 5432 quid.
3565 5359 3750 5413 Porro

2161 5448 2214 5500 in
2239 5449 2341 5499 line
2371 5434 2625 5496 versiculi
2649 5434 2764 5494 voc'i
2785 5439 3046 5501 mimicus,
3069 5437 3221 5489 addit
3239 5434 3542 5486 Veronens.
3567 5445 3748 5492 naeus,

2161 5528 2220 5570 ut
2251 5518 2318 5569 ad
2353 5515 2630 5585 genuinum
2661 5511 2802 5585 buic
2835 5511 3016 5562 locum
3053 5508 3294 5575 proxime
3331 5513 3579 5585 notatum
3613 5511 3748 5585 elt:

2161 5597 2274 5641 tum
2306 5571 2555 5640 etvverbo
2599 5582 2950 5641 adduxerunt,
3003 5571 3100 5646 pro
3133 5591 3241 5645 quo
3273 5575 3632 5646 pertinuerunt
3665 5571 3756 5624 lc-

2160 5661 2383 5727 gitcum
2432 5654 2758 5720 AnguStino,
2809 5651 2959 5706 addit
3001 5643 3218 5719 quoque
3265 5659 3386 5699 me:
3417 5643 3661 5710 denique.
3695 5651 3756 5702 et

2161 5731 2406 5794 ittti'oibo,
2441 5735 2546 5779 etc.
