3898 6172
228 319 331 385 205

222 525 570 590 deduxerunt,
592 538 640 580 et
665 527 1000 582 adduxerunt
1023 529 1076 582 in
1096 537 1324 583 montem
1355 538 1597 583 sanctum
1622 539 1793 595 tuum,

220 626 267 671 et
293 619 349 670 iu
374 618 723 673 tabernacula
754 630 870 673 tua.

288 709 357 762 Et
387 712 619 765 introibo
645 713 716 765 ad
756 710 931 764 altare
969 709 1064 766 Dei
1095 727 1113 768 :
1146 711 1215 766 ad
1243 711 1406 766 Deum
1433 714 1523 782 qui
1557 712 1793 782 laetificat

215 811 536 868 Juventutem
564 820 755 857 meam.

288 895 587 962 Conﬁtebor
616 897 710 949 tibi
731 897 785 949 in
813 897 1020 950 cithara
1054 895 1216 956 Deus,
1241 894 1379 948 Deus
1411 911 1552 948 meus
1586 912 1603 949 :
1635 913 1798 961 quare

224 990 378 1041 tristis
406 1004 485 1051 es,
519 988 707 1041 anima
732 1004 845 1041 mea
863 1027 878 1053 ,
901 998 950 1042 et
976 1003 1139 1058 quare
1162 987 1442 1040 conturbas
1467 1003 1545 1039 me
1563 989 1588 1041 .9

285 1165 453 1235 Spera
485 1167 544 1221 in
573 1166 700 1231 Deo,
723 1165 977 1234 quoniam
1010 1170 1075 1232 )a(
1111 1167 1280 1218 adhuc
1316 1167 1338 1234 ζ
1370 1163 1654 1232 conﬁtebor
1680 1167 1758 1220 illi
1782 1183 1798 1220 :

221 1260 450 1312 salutare
488 1259 664 1313 uultus
698 1259 819 1322 mei,
845 1259 914 1326 Χ
941 1265 990 1310 et
1023 1259 1045 1326 ζ
1086 1257 1222 1310 Deus
1261 1271 1428 1309 meus.

1513 325 1738 386 LIBER
1783 325 2275 404 l-‘SALMOltUM.

288 431 488 489 Emitte
520 437 689 490 lucem
714 437 730 467 ¹
761 446 909 489 tuam
937 445 986 490 et
1023 438 1297 492 ueritatem
1332 446 1479 490 tuam
1521 453 1540 492 :
1571 441 1688 508 ipsa
1726 455 1808 492 me
1839 452 1880 503 Α
1985 439 2180 495 Etnitte
2204 442 2382 495 lucem
2427 448 2573 490 tuam
2602 444 2654 487 et
2691 433 2972 487 veritatem
3000 438 3147 482 tuam
3192 443 3205 480 :

3373 314 3478 375 2’06

3250 427 3363 496 ipsa
3393 443 3478 479 me

1900 530 2242 584 deduxerunt
2287 541 2342 584 et
2399 529 2744 583 adduxerunt
2807 525 2859 578 in
2927 529 3168 576 montem
3227 527 3475 572 sanctum

1900 631 2078 686 tuum,
2113 633 2168 675 et
2199 621 2252 674 in
2284 618 2634 674 tabernacula
2669 627 2781 670 tua.
3522 685 3528 694 '

1974 713 2212 766 lutroibo
2249 710 2318 764 ad
2347 711 2512 762 altare
2543 705 2638 761 Dei
2669 722 2683 759 :
2714 705 2778 759 ad
2815 705 2978 758 Deum
3004 701 3096 769 qui
3127 697 3474 765 lactiﬁcatju-

1885 812 2181 875 rvenlulem
2215 818 2416 858 meam.

1972 897 2288 950 Coutltebor
2339 895 2433 947 tibi
2483 895 2535 946 in
2594 892 2828 952 cithara,
2885 890 3048 953 Deus,
3113 887 3256 940 Deus
3289 897 3480 938 meus:

1899 1001 2064 1054 quare
2100 985 2274 1040 tristis
2324 1001 2406 1053 es,
2439 986 2621 1037 anima
2656 982 2822 1036 mea?
2866 989 2922 1033 et
2965 993 3137 1049 quare
3177 977 3478 1030 conturbas
3512 1040 3517 1048 ι

1900 1092 1986 1130 me
2016 1075 2038 1127 ?

1969 1166 2135 1236 Spera
2168 1165 2223 1218 in
2261 1166 2374 1219 Deo
2401 1165 2528 1236 [ms.
2571 1160 2851 1232 Domino],
2887 1159 3144 1229 quoniam
3171 1155 3476 1212 conﬁtebor

1903 1258 2018 1312 illi:
2051 1257 2292 1312 salutare
2324 1259 2512 1311 vultus
2540 1255 2669 1319 mei,
2706 1263 2759 1309 et
2796 1253 2940 1308 Deus
2971 1267 3145 1305 mens.

1543 1419 1892 1479 PSALMUS
1932 1418 2150 1479 XLIII.

318 1558 372 1596 is
428 1556 613 1604 nam,
659 1553 818 1593 riuis
853 1551 1011 1603 coax,
1039 1549 1099 1591 -ι-
1134 1552 1200 1590 λυ
1235 1535 1258 1602 ζ
1294 1550 1686 1589 ικτιιιεετυκ.

287 1651 447 1715 Deus,
474 1652 694 1705 auribus
740 1652 931 1703 nostris
974 1648 1274 1703 audivimus
1327 1662 1344 1698 :

225 1743 676 1795 annuntiaverunt
703 1739 868 1792 nobis.

287 1832 428 1902 Opus
456 1833 594 1902 quod
638 1840 884 1900 operatus
917 1846 969 1884 es
1005 1829 1059 1883 in
1099 1829 1276 1882 diebus
1310 1843 1511 1892 eorum,
1547 1836 1607 1882 -ε-
1643 1829 1732 1878 ρι’
1769 1827 1791 1896 ζ

225 1927 272 1977 in
302 1926 482 1978 diebus
511 1923 770 1992 antiquis.
1107 1921 1112 1928 ”

286 2017 480 2070 Manus
507 2024 598 2067 tua
623 2022 799 2084 gentes
831 2009 1160 2079 disperdidit,
1193 2018 1239 2064 et
1267 2012 1525 2082 plantasti
1550 2028 1634 2066 eos
1668 2026 1686 2064 :
1715 2011 1796 2080 af-

220 2107 402 2177 ﬂixisti
441 2105 689 2175 populos,
722 2113 770 2156 et
806 2102 1054 2170 expulisti
1081 2116 1192 2155 eos.

285 2197 398 2252 Nec
453 2199 591 2250 enim
637 2197 691 2247 in
722 2194 903 2264 gladio
947 2209 1043 2247 suo
1083 2190 1422 2262 possederunt
1468 2201 1665 2245 terram
1699 2207 1716 2245 :
1748 2200 1795 2244 et

222 2292 489 2344 brachium
517 2305 695 2343 eorum
729 2303 831 2339 non
864 2285 1092 2339 saluauit
1125 2300 1234 2338 eos.

282 2382 386 2436 Sed
413 2383 630 2434 dextera
664 2389 783 2442 tua,
814 2385 863 2430 et
890 2379 1162 2430 brachium
1193 2385 1364 2440 tuum,
1404 2386 1449 2429 et
1476 2374 1797 2429 illuminatio

221 2475 387 2529 saltus
412 2475 488 2527 tui
521 2489 540 2526 :
566 2471 813 2542 quoniam
855 2468 1220 2537 complacuiin
1256 2482 1314 2524 -εν
1347 2468 1399 2521 in
1436 2469 1459 2537 ζ
1491 2471 1579 2524 eis.

1399 1654 1572 1715 patres
1629 1649 1795 1699 nostri

285 2652 360 2706 Tu
416 2667 470 2704 es
523 2652 630 2718 ipse
677 2665 768 2702 rex
822 2663 965 2700 meus
1016 2660 1079 2701 ot—
1134 2655 1182 2700 et
1218 2647 1239 2714 ζ
1279 2645 1414 2698 Deus
1457 2661 1598 2698 meus
1643 2643 1664 2711 ζ
1705 2645 1796 2714 qui

221 2743 443 2794 mandas
476 2738 673 2793 salutes
705 2736 891 2791 Iacob.
1539 2740 1544 2745 '

289 2833 351 2886 In
390 2844 438 2885 te
476 2833 713 2884 inimicos
749 2836 950 2882 nostros
987 2827 1349 2880 ventilabimus
1383 2840 1544 2878 cornu
1569 2841 1586 2878 :
1609 2839 1669 2880 -t—
1701 2826 1792 2894 et:

221 2926 270 2978 in
299 2926 511 2978 nomine
531 2925 550 2954 ³
576 2934 665 2976 tuo
696 2935 998 2988 spernemus
1023 2922 1346 2988 insurgentes
1369 2919 1424 2970 in
1454 2920 1620 2972 nobis.

293 3012 423 3066 Non
454 3014 588 3064 cnim
618 3013 672 3064 in
719 3027 850 3064 arcu
886 3025 998 3063 meo
1028 3007 1248 3078 sperabo
1283 3023 1301 3060 :
1328 3017 1376 3060 et
1409 3008 1620 3077 gladius
1652 3025 1796 3062 meus

224 3123 318 3159 non
349 3105 575 3158 salrubit
605 3121 705 3156 me.

286 3195 524 3250 Saleasti
552 3196 693 3248 enim
719 3209 814 3247 nos
843 3192 904 3245 de
933 3189 1273 3260 afﬂigentibus
1308 3206 1400 3244 nos
1443 3207 1460 3245 :
1493 3201 1540 3243 et
1567 3191 1798 3245 odientes

223 3305 310 3344 nos
337 3288 644 3357 confudisti.

285 3384 350 3437 In
389 3383 493 3436 Deo
526 3381 870 3435 laudabimur
907 3390 1015 3433 tota
1054 3381 1185 3432 die:
1220 3386 1267 3431 et
1320 3391 1380 3431 οξ-
1428 3377 1483 3428 in
1522 3378 1543 3445 ζ

225 3486 306 3527 tuo
334 3474 700 3541 confitebimur
730 3476 784 3526 in
814 3473 1087 3526 steculum.
1124 3472 1450 3526 DIAPSALMA.

292 3566 450 3618 Nunc
501 3575 681 3617 autem
734 3562 976 3632 repuliin
1017 3573 1066 3616 et
1109 3563 1394 3631 confudisti
1426 3576 1564 3615 nos:
1611 3571 1658 3614 et
1698 3573 1800 3613 non

227 3657 502 3725 egredieris
543 3668 604 3710 ιε»-
644 3655 820 3709 Deus‘
856 3655 878 3722 ζ
916 3655 966 3705 in
1004 3653 1280 3707 virtutibus
1304 3650 1541 3704 nostris!

293 3746 541 3798 Aven‘isti
573 3761 668 3800 nos
705 3755 991 3798 retrorsum
1017 3753 1130 3812 post
1176 3743 1412 3798 inimicos
1458 3745 1713 3798 nonres:
1749 3754 1798 3797 et

229 3841 312 3910 qui
334 3839 558 3892 oderunt
585 3853 679 3891 nos
710 3838 1027 3907 diripiebant
1056 3836 1181 3892 sibi.

1591 3375 1800 3433 nondne

295 4021 490 4076 Dedisti
525 4038 621 4075 nos
656 4031 912 4091 tanquam
937 4035 1053 4073 oves
1085 4034 1369 4087 escarum;
1393 4030 1441 4072 et
1469 4021 1524 4072 in
1557 4019 1796 4091 gentibus

227 4117 512 4185 dispersisti
543 4131 660 4168 nos.

301 4210 587 4263 Vendidiin
624 4207 877 4277 populum
908 4215 1052 4257 tuum
1092 4206 1202 4257 sine
1225 4205 1394 4274 pretio
1419 4219 1439 4258 .'
1485 4216 1532 4256 ct
1562 4220 1663 4258 non
1699 4208 1796 4272 fuit

228 4302 498 4352 multitudo
527 4305 584 4352 in
623 4297 1117 4351 commutationibus
1152 4313 1358 4350 eorum.

294 4393 518 4447 Posuisti
547 4408 640 4445 nos
667 4390 1005 4460 opprobrium
1048 4389 1234 4443 vicinis
1282 4391 1476 4443 nostris
1510 4406 1528 4444 :
1562 4390 1792 4444 subsan-

225 4489 485 4538 nationem
549 4494 601 4538 et
663 4485 899 4538 derisum
949 4483 1054 4536 .ltis
1117 4484 1208 4554 qui
1276 4494 1398 4538 sunt
1454 4485 1507 4538 in
1561 4485 1790 4538 circuitu

224 4593 411 4632 nostra.

288 4668 513 4720 Posuisti
547 4683 643 4720 nos
698 4667 752 4719 in
784 4665 1184 4719 similitudinem
1236 4665 1477 4733 gentibus
1508 4680 1526 4718 :
1557 4681 1791 4719 contnuo-

223 4760 407 4811 tioncm
435 4761 628 4827 capitis
650 4760 707 4810 in
739 4755 968 4826 populis.

287 4851 408 4904 Tuta
456 4852 542 4903 die
595 4850 909 4903 verecundia
951 4865 1062 4901 mea
1111 4860 1293 4902 contra
1327 4866 1405 4903 me
1440 4865 1501 4904 -.'—
1543 4862 1618 4906 est
1681 4855 1700 4906 ἶ

1681 4865 1788 4923 ;et

219 4943 447 5010 confusio
480 4941 642 5012 faciei
669 4957 799 4995 mete
821 4939 1087 5009 cooperuit
1113 4956 1213 4992 me.

287 5105 303 5132 ¹
325 5104 415 5158 llic
446 5119 580 5158 vero
610 5101 756 5156 idem
796 5116 895 5155 ms.
920 5099 1362 5171 prmpositioncm
1386 5101 1537 5155 verbi
1570 5099 1786 5167 Emitte,

220 5185 329 5228 tum
362 5173 662 5244 sequentis?
686 5188 879 5228 versus
926 5175 1164 5242 priorem
1220 5172 1470 5244 voculam
1503 5182 1575 5244 et,
1612 5175 1794 5227 obelis

218 5242 476 5310 confodit,
510 5259 573 5299 at—
617 5243 665 5297 E
699 5245 722 5314 ζ
760 5245 906 5296 mitte
959 5245 1153 5305 lucem,
1179 5251 1288 5295 etc.
1327 5253 1390 5294 4-
1427 5242 1491 5294 Et
1539 5243 1792 5307 introibo,

219 5328 301 5370 εις
311 5355 326 5368 ο

287 5388 308 5416 ¹
335 5386 468 5442 Tum
495 5386 745 5451 obelum,
797 5400 920 5439 cum
970 5386 1141 5455 ipsam
1183 5393 1236 5438 et
1267 5385 1524 5454 copulam
1561 5381 1800 5438 Palatia.

220 5472 324 5509 nis.
361 5458 755 5526 pratermittit.

294 5524 734 5584 'Cumi’alattn.
773 5541 876 5580 ms.
934 5525 1127 5590 Carus,
1207 5524 1350 5578 haud
1402 5536 1586 5578 tamen
1640 5524 1809 5588 bene,

226 5593 604 5654 Ventilajimus
633 5610 695 5650 -ε-
725 5613 886 5650 cornu
911 5606 958 5650 et
990 5597 1041 5649 in
1068 5598 1299 5658 nomine,
1340 5607 1446 5650 etc.

221 5669 441 5792 h‘bl‘iec
483 5682 641 5733 veru,
689 5683 790 5723 nec
836 5684 1035 5729 nomen
1068 5666 1229 5730 Deus,
1287 5668 1341 5720 in
1373 5667 1549 5721 Palat.
1585 5681 1687 5722 ms.
1719 5666 1806 5722 hic

337 5753 482 5792 ειυτ.

297 5741 482 5797 betur.

2100 1550 2150 1587 IN
2175 1550 2352 1598 FINEM,
2387 1549 2546 1588 FILIIS
2609 1547 2764 1596 CORE,
2793 1546 2856 1584 AD
2888 1544 3283 1585 ιΝτειιείῑτωι.

1975 1623 2137 1687 Deus,
2167 1624 2390 1684 auribus
2420 1623 2623 1676 nostris
2651 1621 2960 1675 audivimus
2991 1639 3006 1674 :
3035 1630 3090 1674 et
3113 1617 3234 1690 [ms.
3263 1630 3366 1674 tac.
3399 1618 3480 1691 et]

1829 1761 1871 1817 Β
1904 1723 2088 1782 patres
2117 1714 2297 1768 nostri
2321 1714 2790 1766 annuntiaverunt
2821 1711 3008 1766 nobis.

1973 1811 2122 1875 Opus
2169 1807 2315 1874 quod
2361 1814 2621 1876 operatus
2664 1819 2724 1860 es
2781 1806 2836 1858 in
2867 1804 3062 1859 diebus
3087 1817 3302 1870 eorum,
3339 1810 3394 1858 et
3427 1803 3482 1855 in

1898 1896 2094 1952 diebus
2124 1897 2390 1966 antiquis.

1965 1989 2156 2045 Manus
2206 2003 2298 2044 tua
2339 2000 2530 2060 gentes
2560 1990 2910 2060 disperdidit,
2957 1998 3015 2044 et
3044 1987 3301 2060 plantasti
3329 2003 3423 2043 eos
3465 2005 3478 2040 :

1899 2080 2140 2134 aiﬂixisti
2173 2080 2193 2110 '
2228 2082 2477 2150 populos,
2517 2093 2571 2136 et
2609 2082 2868 2150 expulisti
2901 2096 3017 2135 eos.

1969 2171 2088 2227 Non
2115 2174 2262 2228 enim
2305 2175 2360 2226 in
2389 2173 2566 2240 gladio
2604 2188 2704 2226 suo
2733 2174 3093 2242 possederunt
3130 2179 3375 2224 terram:
3424 2179 3480 2223 et

1900 2263 2182 2318 brachium
2211 2279 2402 2318 eorum
2450 2280 2558 2318 non
2591 2264 2958 2319 salvaviteos.

1972 2353 2079 2408 Sed
2115 2353 2339 2409 dextera
2380 2365 2492 2422 tua,
2529 2365 2586 2410 et
2623 2355 2908 2409 brachium
2968 2361 3147 2420 tuum,
3182 2359 3238 2407 et
3278 2351 3482 2408 illumin

1901 2449 2048 2503 natio
2100 2449 2288 2506 vultus
2361 2451 2498 2504 tui:
2553 2443 2812 2520 quoniam
2871 2447 3202 2519 complacuit
3269 2447 3360 2504 tibi
3423 2446 3478 2500 in

1902 2541 2030 2594 illis.

1971 2631 2053 2688 Tu
2101 2649 2159 2690 es
2204 2636 2322 2706 ipse
2348 2649 2445 2690 rex
2473 2650 2630 2690 meus
2651 2644 2706 2690 et
2739 2633 2882 2690 Deus
2903 2650 3058 2691 meus
3087 2654 3102 2691 :
3128 2638 3224 2707 qui
3253 2641 3478 2696 mandas

1899 2725 2134 2781 salutem
2165 2727 2359 2783 Iacob.

1971 2817 2028 2873 In
2086 2828 2138 2872 te
2189 2818 2442 2874 inimicos
2481 2830 2702 2874 nostros
2735 2821 3158 2881 ventilabimus;
3207 2823 3346 2878 etin
3380 2841 3476 2878 nu-

1902 2911 2048 2964 mine
2088 2920 2182 2965 tuo
2212 2925 2537 2980 spernemus
2566 2913 2920 2982 insurgentes
2957 2915 3010 2968 in
3046 2933 3167 2973 nos.

1970 3007 2088 3061 Non
2113 3005 2257 3060 enim
2283 3006 2336 3060 in
2365 3021 2496 3059 arcu
2535 3021 2658 3060 meo
2690 3009 2958 3076 sperabo:
2993 3017 3048 3063 et
3076 3010 3292 3080 gladius
3323 3027 3480 3066 meus

1824 3104 1864 3156 C
1899 3111 2007 3151 non
2046 3097 2276 3152 salvsbit
2316 3111 2423 3151 me.

1976 3189 2240 3245 Liberaui
2271 3191 2416 3244 enim
2455 3205 2555 3244 nos
2585 3191 2605 3221 ⁸
2631 3207 2698 3245 ex
2731 3191 3100 3263 atﬂigentibus
3127 3211 3266 3253 nos:
3297 3207 3351 3252 et
3379 3213 3480 3252 eos

1900 3284 1996 3353 qui
2031 3298 2127 3337 nos
2157 3285 2394 3338 oderunt
2429 3283 2750 3337 confudisti.

1973 3373 2030 3426 lu
2085 3375 2192 3428 Deo
2228 3374 2579 3429 laudabimur
2613 3383 2724 3429 tota
2758 3375 2882 3432 die:
2934 3386 2989 3432 et
3035 3380 3087 3433 in
3122 3381 3345 3434 nomine
3380 3389 3477 3436 tuo

1899 3466 2283 3521 conﬁtebimur
2311 3469 2363 3521 in
2396 3468 2614 3523 saecula.
2654 3468 2965 3524 DisrsALus.

1974 3557 2130 3612 Nunc
2169 3570 2348 3614 autem
2392 3561 2641 3631 repuliSIi
2673 3569 2729 3615 et
2765 3563 3062 3618 confudisti
3095 3579 3196 3620 nos
3231 3584 3244 3621 ;
3279 3579 3332 3621 et
3367 3582 3476 3622 non

1900 3651 2215 3721 egredieris,
2253 3652 2418 3714 Deus,
2463 3653 2513 3705 in
2546 3653 2840 3708 virtutibus
2877 3655 3114 3708 nostris!

1971 3745 2229 3800 Avertisti
2261 3753 2358 3799 n'os
2396 3755 2696 3798 retrorsum
2745 3761 2853 3813 prae
2880 3747 3120 3801 inimicis
3166 3751 3390 3814 nostris,
3421 3763 3480 3806 et

1899 3839 2140 3911 cosims.
2194 3848 2296 3893 tac.
2354 3839 2474 3909 eos]
2534 3839 2625 3909 qui
2678 3851 2776 3890 nos
2834 3838 3086 3902 oderunt,
3141 3841 3476 3910 diripiebant

1899 3929 2029 3983 sibi.

1972 4021 2172 4076 Dedisti
2204 4037 2304 4076 nos
2331 4032 2588 4093 tauquam
2615 4037 2746 4076 oves
2789 4036 3038 4078 escarum
3082 4044 3095 4080 ;
3127 4038 3184 4082 et
3219 4028 3272 4082 in
3305 4033 3481 4100 genti-

1900 4112 2005 4166 bus
2037 4111 2163 4184 [ms.
2189 4115 2525 4186 nationibus]
2561 4115 2872 4184 dispersisti
2905 4131 3024 4171 nos.

1973 4207 2278 4263 Vendidisti
2335 4209 2596 4276 potiulum
2647 4217 2797 4262 tuum
2844 4209 2963 4264 sine
3015 4212 3227 4280 pretio;
3287 4225 3477 4270 etnon

1899 4297 2004 4352 fuit
2034 4298 2325 4353 multitudo
2364 4299 2419 4354 in
2447 4302 2970 4356 commutationibus
2997 4318 3187 4357 corum
3224 4304 3264 4358 ⁷.

1977 4389 2214 4444 Posuisti
2247 4405 2345 4443 nos
2371 4389 2424 4443 in
2454 4393 2809 4458 opprobrium
2858 4392 3052 4446 vicinis
3082 4396 3303 4456 nostris,
3332 4398 3482 4450 deri-

1897 4496 2018 4534 sum
2080 4490 2132 4534 et
2191 4491 2567 4552 contemptum
2627 4485 2710 4538 his
2769 4485 2862 4553 qui
2913 4486 2965 4538 in
3017 4485 3253 4541 circuitu
3290 4501 3479 4543 nostro

1900 4583 2048 4626 Sunt.

1975 4666 2209 4720 Posuisti
2238 4682 2337 4720 nos
2365 4669 2417 4719 in
2451 4668 2864 4724 similitudinem
2896 4671 3149 4740 gentibus
3187 4692 3200 4728 ;
3239 4692 3480 4730 commo-

1906 4758 2110 4812 tionem
2138 4759 2333 4826 capitis
2361 4760 2413 4812 in
2450 4760 2718 4826 plebibus.

1975 4850 2110 4903 Tota
2140 4851 2226 4905 die
2259 4853 2584 4905 verecundia
2621 4869 2734 4905 mea
2777 4866 2967 4909 contra
2993 4873 3076 4910 me
3117 4868 3239 4912 est:
3276 4871 3331 4912 et
3356 4876 3486 4913 cott-

1905 4945 2046 4997 l’usio
2077 4944 2258 4998 vultus
2289 4945 2394 4998 mei
2420 4947 2638 5014 operuit
2676 4962 2782 5001 me.

1977 5106 1996 5134 ³⁵
2031 5103 2197 5159 Unice
2251 5119 2378 5177 cum
2432 5101 2759 5177 Augustino,
2823 5101 3125 5162 Veronens.
3178 5123 3280 5163 ms.
3321 5110 3476 5177 infir-

1903 5180 2061 5227 musti
2091 5191 2189 5242 pro
2227 5176 2462 5248 amisisti
2479 5191 2499 5240 ;
2527 5186 2638 5228 tum
2669 5175 2979 5248 hwreditate
3007 5182 3354 5248 possederunt
3377 5175 3478 5231 ter-

1902 5262 2043 5302 ram.
2079 5256 2129 5299 et
2157 5247 2332 5299 salvos
2362 5248 2506 5315 fecit,
2540 5261 2634 5314 prt.
2677 5245 2944 5314 saluauit;
2977 5245 3214 5317 denique
3243 5251 3476 5316 compta-

1905 5318 2060 5387 cuisti
2091 5319 2142 5368 in
2182 5318 2254 5369 eis
2280 5333 2378 5386 pro
2408 5317 2726 5387 complacuit
2761 5320 2870 5373 «ibi.
2905 5331 3014 5375 etc.

1981 5388 2000 5415 "
2033 5385 2168 5440 Cum
2204 5385 2320 5440 solo
2349 5385 2655 5455 Augustino
2688 5390 3034 5445 continenter
3065 5391 3363 5445 Veronens.
3408 5387 3475 5442 li-

1909 5459 2005 5511 ber
2037 5457 2208 5510 salt-os
2235 5460 2371 5510 enim
2403 5461 2590 5522 fecisti.

1983 5528 2002 5558 ’
2038 5529 2202 5582 Iidem
2237 5528 2387 5584 libri.
2413 5538 2464 5582 in
2485 5529 2889 5597 jubilationilﬂts
2919 5549 2935 5588 ;
2971 5541 3079 5586 tun.
3106 5530 3478 5584 subsannatio-

1911 5617 2028 5652 nent
2059 5610 2104 5650 et
2140 5600 2368 5651 derisum
2399 5601 2477 5653 Itis
2509 5602 2618 5668 qui,
2650 5611 2781 5664 etc.,
2810 5607 2970 5668 atque
3000 5642 3008 5652 .
3037 5617 3189 5653 crum
3212 5605 3263 5652 in
3304 5602 3475 5655 natio-

1911 5674 2064 5722 mbus
2122 5687 2217 5736 pro
2247 5671 2507 5738 gentibus,
2544 5680 2599 5723 ut
2640 5686 2695 5724 et
2725 5674 2883 5739 paulo
2917 5678 3164 5739 sup-ario.-
3193 5689 3207 5726 :
3241 5672 3479 5730 t'ett'true

1913 5744 1966 5794 in
1992 5741 2220 5809 populis,
2263 5756 2362 5808 pro
2394 5743 2448 5792 ir.
2479 5739 2730 5809 flebilius.
