3898 6172
328 385 423 448 ΞΗ
1240 390 1301 447 S.
1348 389 1780 451 lilEllONYMI
1832 394 2096 452 DlViNA
2147 396 2675 454 lilBLlU'l‘llECA.

431 506 726 575 I’rOpterea
752 506 932 574 populi
961 505 1350 572 conﬁtebuntur
1378 510 1468 562 tibi
1505 511 1560 560 in
1594 522 1846 562 urternum
1882 525 1898 561 .'
1935 525 1969 573 Α

321 608 369 652 et
399 600 450 652 In
485 599 733 653 sweulum
757 612 819 654 αι»
845 600 1024 651 sa'tuli
1054 603 1075 666 ζ

3469 391 3578 454 2ιὲ

2081 513 2375 590 Propterea
2405 513 2587 582 populi
2629 508 3044 566 conﬁtebuntur
3071 506 3166 564 tibi
3194 508 3248 563 in
3279 515 3575 576 aeternum,

1998 612 2052 654 et
2089 601 2141 654 in
2171 602 2426 655 saeculum
2463 601 2668 654 sazculi.

1665 759 2016 818 PSALMUS
2056 759 2224 817 XLV.

430 889 478 925 IN
505 887 684 929 ΓΙΝΕΜ,
725 886 882 924 FtLtts
917 886 1073 932 (λικε,
1108 886 1205 923 PRO
1237 885 1476 929 ARCANIS,
1508 885 1760 923 PSAIJIUS.

391 982 524 1034 Deus
559 990 733 1034 uoster
764 980 1020 1049 refugium
1056 989 1105 1034 et
1142 982 1304 1034 virtus
1332 995 1351 1034 :
1385 980 1603 1048 adjutor
1635 980 1690 1032 in
1727 977 1893 1032 tribu-

323 1074 630 1134 lationibus,
660 1088 778 1140 qua:
808 1075 1118 1126 invenerunt
1154 1090 1246 1127 nos
1290 1073 1466 1126 nimis.

390 1164 675 1234 Propterea
721 1181 825 1217 non
849 1165 1145 1217 timebimus
1175 1166 1303 1216 dum
1351 1163 1652 1217 turbabitur
1699 1175 1843 1216 terra
1872 1177 1891 1214 :

319 1266 367 1308 et
391 1255 778 1324 transferentur
817 1265 1017 1308 montes
1047 1257 1100 1308 in
1129 1271 1219 1308 eor
1264 1255 1448 1308 maris.

389 1435 704 1490 Sonuerunt
739 1442 789 1486 et
851 1433 1073 1486 turbata:
1102 1441 1223 1486 sunt
1251 1449 1404 1502 aqua
1426 1448 1610 1486 eorum
1637 1449 1654 1489 :
1679 1441 1892 1487 contur-

321 1524 426 1575 bati
447 1531 570 1577 sunt
595 1532 797 1577 montes
819 1523 873 1576 in
910 1525 1217 1592 fortitudine
1234 1525 1348 1586 eius
1388 1526 1428 1575 ⁸.
1507 1506 1512 1512 ί

421 1612 680 1667 Fluminis
728 1616 949 1681 impetus
971 1615 1211 1683 ltetiﬁcat
1243 1615 1509 1668 ciuitatem
1566 1612 1712 1667 Dei:
1766 1630 1896 1669 san-

321 1706 568 1772 ctiﬁcarit
596 1706 1002 1760 tabernaculum
1031 1722 1183 1759 suum
1208 1705 1532 1760 Altissimus.

1991 1710 2138 1763 cavit
2192 1709 2606 1763 tabernaculum
2659 1723 2818 1762 suum
2884 1709 3204 1764 Altissimus
3246 1725 3260 1761 :

2055 885 2104 922 us
2127 884 2282 923 FINEH
2317 869 2337 899 ³
2380 910 2394 934 ,
2425 883 2583 923 FILIIS
2612 883 2771 932 cons,
2839 880 2940 921 eno
2970 881 3213 930 ABCANIS,
3255 882 3504 922 pssLucs.

2001 991 2020 1009 ‘
2074 983 2220 1036 Deus
2244 991 2435 1036 noster
2461 980 2729 1050 refugium
2760 989 2816 1033 et
2844 980 3021 1034 virtus
3066 997 3080 1034 :
3110 979 3327 1046 adjulor
3369 981 3422 1034 in
3477 983 3578 1036 tri-

2005 1074 2401 1139 bulationibus,
2439 1089 2562 1144 qua:
2591 1074 2922 1127 invenerunt
2953 1086 3050 1124 nos
3069 1070 3254 1124 nimis.

2080 1165 2375 1235 Propterea
2435 1180 2542 1218 non
2607 1162 2924 1216 timebimus
2975 1160 2996 1190 ⁸
3049 1162 3177 1214 dum
3263 1161 3578 1216 turbabitur

2002 1263 2181 1308 terra:
2223 1264 2277 1307 et
2308 1253 2709 1308 transferentur
2744 1257 2958 1304 montes
2987 1249 3043 1303 in
3113 1263 3210 1303 cor
3243 1249 3361 1320 [ms.
3387 1250 3572 1323 corde]

1991 1341 2183 1394 maris.

2050 1431 2388 1497 Sonuerunt,
2449 1439 2506 1485 et
2549 1432 2781 1485 turbata:
2839 1441 2968 1486 sunt
3020 1445 3180 1499 aquse
3244 1432 3405 1499 ejus:
3439 1447 3572 1484 con-

1993 1526 2196 1580 turbati
2231 1535 2360 1580 sunt
2405 1534 2619 1580 montes
2645 1527 2697 1579 in
2727 1524 3052 1580 fortitudine
3073 1525 3215 1594 ejus.
3245 1526 3571 1580 ῡιΑρεΑωίΑ.

2078 1616 2348 1671 Fluminis
2375 1616 2612 1685 impetus
2628 1617 2866 1671 laetificat
2887 1617 3160 1671 civitatem
3183 1615 3299 1680 Dei,
3331 1617 3538 1670 sant-tili
3559 1646 3574 1656 -

3323 1705 3464 1762 Deus
3516 1709 3572 1760 in

388 1796 528 1849 Deus
555 1798 611 1851 in
645 1797 815 1850 medio
845 1797 960 1866 ejus
991 1813 1096 1850 non
1137 1798 1541 1851 commovebitur
1564 1812 1583 1851 :
1617 1798 1893 1869 adjuuabit
1925 1816 1970 1876 Β
2001 1799 2180 1854 medio
2207 1801 2330 1869 ejus
2359 1815 2470 1854 non
2491 1801 2948 1856 commovebitur.

323 1905 440 1941 eam
488 1888 626 1941 Deus
654 1905 810 1942 mane
859 1888 1115 1945 diluculo.

396 1977 734 2035 Conturbatte
752 1989 873 2034 sunt
895 1989 1092 2050 gentes,
1127 1997 1189 2037 σι-
1228 1991 1277 2035 et
1313 1983 1336 2048 ζ
1377 1982 1638 2036 inclinata
1666 1993 1787 2037 sunt
1816 2000 1896 2038 re-

321 2089 448 2141 gna,
483 2074 621 2124 dedit
655 2088 830 2125 uacent
855 2089 1029 2139 suam,
1053 2083 1196 2127 mota
1247 2083 1323 2128 est
1351 2084 1510 2128 terra.

403 2163 664 2216 Dominus
693 2167 943 2218 virtutum
1008 2165 1273 2219 nobiscum
1329 2180 1346 2218 :
1404 2176 1674 2235 susceptor
1722 2177 1895 2222 noster

324 2255 460 2310 Deus
488 2255 670 2310 Jacob.
703 2257 1026 2314 Durssms.

405 2348 607 2414 Venite,
642 2358 690 2401 et
717 2351 887 2402 videte
917 2365 1077 2418 opera
1111 2349 1344 2410 Domini.
1379 2367 1496 2419 quia
1545 2354 1716 2421 posuit
1769 2369 1894 2422 pro-

321 2441 464 2508 digia
499 2456 656 2510 super
684 2447 880 2493 terram
914 2456 933 2494 :
977 2440 1222 2507 auferens
1246 2441 1384 2494 bella
1414 2459 1576 2512 usque
1632 2443 1700 2495 ad
1733 2445 1893 2512 ﬁnem

351 2547 506 2586 erras.

393 2626 603 2678 Arcum
637 2633 890 2688 conteret,
917 2633 965 2677 et
996 2625 1285 2696 confringet
1316 2642 1470 2681 arma
1503 2643 1521 2683 :
1556 2640 1621 2684 σι-
1654 2639 1702 2683 et
1745 2637 1896 2683 scuta

323 2717 595 2770 comburat
634 2719 764 2787 igni.

421 2811 615 2866 Vacate
643 2821 692 2866 et
716 2814 903 2877 videte,
936 2816 1186 2882 quoniam
1215 2831 1306 2885 ego
1327 2817 1348 2847 ⁸
1374 2830 1438 2873 +
1491 2832 1608 2870 sum
1655 2818 1676 2883 ζ
1735 2815 1897 2882 Deus,

326 2906 597 2960 exaltabor
635 2909 691 2962 in
725 2908 964 2976 gentibus
1008 2922 1072 2963 οι-
1119 2920 1166 2963 et
1206 2909 1230 2977 ζ
1285 2908 1560 2964 exaltabor
1593 2911 1653 2964 in
1691 2921 1854 2964 terra.

2089 1895 2386 1966 Adjuvabit
2446 1911 2565 1951 eam
2619 1895 2764 1950 Deus
2825 1898 2977 1952 vultu
3035 1912 3183 1953 suo:
3235 1895 3576 1951 conturbaue

1997 1995 2126 2040 sunt
2158 1997 2367 2056 gentes,
2399 1997 2455 2040 et
2480 1985 2602 2057 [ms.
2642 1994 2748 2040 tac.
2780 1985 2858 2057 et]
2900 1987 3164 2041 inclinata
3216 1997 3344 2040 sunt
3381 2000 3572 2052 regna,

1999 2078 2148 2131 dedit
2178 2093 2368 2132 vocem
2411 2095 2564 2134 suam
2601 2081 2938 2143 Altissimus,
2972 2091 3027 2136 et
3063 2090 3208 2134 mota
3248 2093 3330 2134 est
3390 2091 3559 2136 terra.

2090 2168 2354 2225 Dominus
2379 2171 2645 2225 virtutum
2680 2173 2970 2228 nobiscum
3007 2188 3024 2226 :
3067 2183 3354 2240 susceptor
3387 2181 3579 2224 noster

2002 2261 2146 2315 Deus
2175 2261 2365 2316 Jacob.
2400 2261 2727 2317 Dursuus.

2088 2353 2299 2415 Venite,
2332 2363 2390 2407 et
2450 2355 2629 2409 videte
2675 2369 2839 2424 opera
2913 2353 3174 2408 Domini:
3211 2368 3331 2420 quae
3389 2354 3580 2422 posuit

1998 2447 2239 2514 prodigia
2304 2461 2470 2514 super
2509 2455 2730 2500 terram.

2099 2542 2367 2596 Auferens
2398 2541 2539 2596 bella
2570 2556 2748 2611 usque
2802 2541 2867 2594 ad
2906 2540 3042 2596 lines
3108 2550 3269 2595 terra:
3308 2557 3320 2593 :
3381 2555 3574 2592 areum

1999 2642 2266 2698 conteret,
2300 2642 2354 2688 et
2380 2632 2690 2703 confringet
2720 2648 2894 2697 arma,
2953 2642 3011 2687 et
3075 2641 3227 2688 scuta
3283 2632 3579 2687 comburet

2001 2726 2134 2798 igni.

2090 2814 2293 2871 Vacate
2320 2824 2377 2872 et
2409 2817 2608 2881 videte,
2638 2815 2899 2886 quoniam
2935 2828 3038 2884 ego
3063 2827 3183 2867 sum
3240 2810 3385 2865 Deus
3444 2807 3574 2880 [ηις.

2005 2905 2290 2978 Dominus]
2322 2923 2337 2960 :
2367 2905 2653 2963 esaltabor
2682 2906 2737 2960 in
2763 2906 3045 2977 gentibus,
3085 2915 3142 2959 et
3189 2901 3471 2957 exaltabor
3515 2901 3582 2953 in

2005 3008 2173 3055 ωτι-ει.

404 3087 659 3142 Dominus
676 3089 922 3140 virtutum
944 3089 1206 3142 nobiscum
1239 3097 1550 3158 :susceptor
1567 3102 1742 3142 noster
1764 3089 1898 3143 Deus
1930 3100 1972 3158 c
2087 3088 2353 3144 Dominus
2378 3091 2500 3162 [ηις.
2535 3087 2699 3162 Deus]
2750 3090 3016 3144 virtutum
3080 3087 3366 3144 nobiscum
3393 3099 3414 3138 τ
3454 3099 3584 3138 sus-

325 3179 510 3233 Jacob.
547 3182 611 3245 )s(
641 3178 960 3233 Durssws.

2012 3190 2203 3250 ceptor
2229 3191 2413 3238 noster
2438 3183 2581 3237 Deus
2605 3179 2798 3238 Iacob.

1655 3344 2009 3405 PSALMUS
2048 3345 2250 3407 XLVI.

562 3475 613 3515 ΙΝ
638 3475 825 3525 “Nl-Ill,
865 3475 965 3515 PRO
1023 3475 1181 3517 FILIIS
1219 3475 1374 3523 CORE,
1407 3475 1659 3518 PSALIUS.

403 3573 598 3631 Omnes
626 3584 826 3647 gentes,
861 3574 1098 3643 plaudite
1125 3574 1368 3630 manibus
1397 3591 1415 3629 :
1430 3574 1662 3642 jubilate
1700 3575 1811 3630 Deo
1846 3578 1902 3628 in

326 3688 446 3725 voce
471 3671 861 3726 exsultationis.
1629 3727 1643 3736 ἱ

398 3763 662 3828 Quoniam
702 3762 957 3815 Dominus
981 3763 1216 3817 excelsus
1244 3761 1493 3816 terribilis
1529 3775 1658 3818 :rea:
1680 3777 1900 3832 magnus

325 3873 482 3926 super
507 3872 707 3908 omnem
733 3865 949 3908 terram.

398 3949 629 4015 Subjecit
664 3948 884 4016 populos
928 3947 1076 4001 nobis
1113 3963 1132 4011 _:
1157 3956 1205 3999 et
1230 3956 1408 4018 gentes
1435 3946 1528 4002 sub
1552 3946 1776 4014 pedibus
1810 3963 1901 4000 no-

327 4042 471 4095 stris.

400 4133 576 4205 Elegit
611 4135 758 4186 nobis
801 4131 1161 4186 hmreditatem
1225 4130 1658 4197 suam:speciem
1715 4128 1901 4193 Jacob,

324 4242 481 4296 quam
523 4225 729 4278 dilexit.
757 4226 1080 4278 DIAPSALMA.

399 4318 648 4373 Ascendit
687 4317 825 4370 Deus
857 4316 912 4368 in
927 4313 1104 4385 jubilo
1131 4327 1148 4365 :
1177 4311 1434 4366 Dominus
1465 4311 1520 4365 in
1556 4325 1674 4364 race
1739 4312 1902 4366 tubae.

2211 3478 2261 3516 IN
2301 3477 2484 3528 “seu,
2519 3476 2621 3516 rso
2651 3475 2809 3516 FILHS
2847 3473 3005 3523 cons,
3042 3471 3278 3512 rssLutss
3307 3455 3351 3508 ⁸.

2071 3573 2275 3631 Omnes
2305 3583 2517 3644 gentes,
2574 3572 2812 3642 plaudite
2873 3569 3127 3623 manibus
3160 3567 3430 3637 :jubilate
3459 3567 3584 3623 Deo

2001 3668 2059 3722 in
2091 3683 2224 3722 voce
2249 3667 2662 3722 exsultationis.

2070 3761 2340 3823 Quoniam
2374 3760 2514 3813 Deus
2540 3772 2789 3813 summus
2814 3757 3079 3812 terribilis
3109 3763 3198 3809 :et
3229 3770 3326 3808 rex
3342 3769 3589 3822 magnus

2000 3865 2165 3918 super
2195 3865 2385 3904 omnes
2413 3849 2546 3903 deos
2577 3848 2620 3900 °.

2075 3940 2320 4011 Subjecit
2357 3940 2586 4010 populos
2615 3937 2774 3994 nobis
2808 3957 2821 3993 :

2001 4035 2232 4088 nostris.

2069 4126 2248 4196 Elegit
2285 4140 2384 4179 nos
2411 4125 2462 4177 in
2493 4122 2864 4177 liazreditatem
2896 4120 2999 4175 sibi
3039 4120 3061 4152 ν
3090 4135 3105 4179 :
3139 4117 3374 4187 speciem
3408 4115 3590 4171 Jacub

2002 4235 2164 4289 quam
2200 4218 2415 4273 dilexit.
2455 4216 2780 4270 ῡιΑῐιεΑωίΑ.

2079 4309 2343 4364 Ascendit
2378 4309 2519 4362 Deus
2545 4308 2598 4362 in
2629 4307 2954 4376 jubilatione
2985 4317 3000 4362 :
3031 4312 3085 4359 et
3159 4300 3289 4373 [ms.
3344 4311 3453 4356 tac.
3490 4301 3584 4374 et]

2009 4399 2268 4453 Dominus
2299 4399 2349 4450 in
2378 4412 2510 4450 voce
2541 4395 2704 4449 tubae.

2879 3947 2934 3992 ct
2981 3943 3175 4006 gentes
3206 3931 3309 3988 sub
3338 3933 3588 4002 pedibus

400 4493 624 4547 Psallite
665 4489 770 4545 Deo
805 4504 862 4545 -ι-
914 4497 1094 4543 nostro
1133 4489 1154 4557 ζ
1215 4488 1428 4556 psallite
1460 4503 1479 4542 :
1523 4486 1739 4555 psallite
1792 4489 1900 4558 regi
1934 4511 1980 4569 ι)
2083 4489 2304 4544 Psaltite
2335 4488 2444 4542 Deo
2475 4497 2684 4551 nastro,
2713 4485 2930 4556 psallite
2960 4502 2973 4539 :
2999 4485 3216 4554 psallite
3235 4482 3590 4551 regiuostrc,

328 4598 526 4651 nostro,
551 4584 786 4652 psallite.

402 4676 660 4742 Quoniam
686 4688 778 4728 rea:
811 4673 980 4726 omnis
1025 4681 1182 4727 terra:
1241 4671 1378 4727 Deus
1405 4687 1424 4726 :
1459 4671 1871 4741 psallitesapten

331 4783 436 4824 ter.

413 4965 429 4993 ¹
468 4961 624 5027 Quod
666 4960 756 5015 hic
797 4970 939 5014 tacet
983 4959 1037 5012 in
1097 4959 1344 5012 Palatino
1399 4973 1504 5012 ms.
1565 4958 1900 5028 Diapsalma,

330 5043 453 5100 post
497 5035 928 5099 subsequentem
983 5043 1198 5081 versum
1269 5028 1588 5095 apponitur.
1623 5031 1901 5098 Atqueita

329 5107 471 5170 quod
509 5103 740 5155 inferius
763 5112 872 5165 est,
906 5108 1026 5167 post
1067 5100 1233 5151 alium
1295 5112 1514 5151 versum
1567 5107 1895 5168 apponatur.

332 5174 592 5228 Ultitunm
628 5185 848 5238 prorsus
875 5177 1034 5224 tacet.

422 5245 441 5273 ²
482 5237 710 5294 Obeluut
742 5241 886 5292 hunc
938 5241 1080 5291 idem
1143 5253 1244 5292 ms.
1276 5237 1692 5306 praetermittit:
1733 5237 1896 5294 male.

419 5314 440 5344 ³
473 5312 692 5365 Titulus
752 5311 891 5363 idem
947 5318 1031 5362 est
1079 5324 1248 5376 penes
1315 5306 1679 5376 Augustinum
1738 5317 1793 5360 et
1849 5307 1900 5357 in

330 5383 631 5438 Veronensi
683 5378 1014 5432 codirezln
1070 5374 1229 5447 finem
1255 5391 1348 5445 pro
1414 5374 1542 5442 ﬁliis
1594 5376 1730 5431 Core
1807 5392 1902 5445 pro

328 5456 569 5517 occultis,
599 5450 866 5513 I’salmus,
893 5457 1000 5503 etc.

408 5525 430 5554 δ
487 5516 720 5577 Librarii
753 5519 951 5572 mendo
980 5516 1230 5570 timebitis
1260 5517 1312 5568 in
1335 5519 1530 5573 eodem
1569 5531 1670 5569 ms.
1703 5517 1902 5586 legitur

327 5596 532 5646 (Letcra
565 5607 688 5644 cum
708 5587 1170 5659 Augustinpﬁum
1184 5590 1898 5659 conturbabiturterra,etc.

400 5666 420 5693 ⁵
467 5654 821 5715 inscribitur"
856 5659 908 5711 in
940 5657 1239 5712 V'croncusi
1307 5660 1519 5718 codice,
1556 5654 1710 5708 Prliis
1742 5657 1898 5720 Core,

335 5729 583 5783 l’salmus
607 5731 703 5795 ipsi
735 5729 900 5780 Dauid
931 5744 947 5781 :
978 5742 1098 5798 qua:
1134 5734 1409 5796 postrema
1444 5729 1605 5782 verba
1644 5727 1904 5796 Augusti-

335 5816 438 5854 Iius
476 5814 690 5868 quoque
730 5799 898 5850 addit.

2007 4585 2219 4654 psallite
2239 4620 2250 4636 .

2074 4676 2343 4742 Quoniam
2369 4692 2463 4730 rex
2493 4675 2673 4728 omnis
2738 4683 2899 4728 terra:
2949 4671 3093 4727 Deus

2008 4768 2240 4840 pienter.

3147 4685 3173 4724 ε·
3221 4670 3435 4738 psallite
3494 4685 3595 4721 sa-

2077 4965 2100 4996 ⁶
2131 4954 2296 5019 Iidem
2329 4978 2453 5018 cum
2485 4963 2760 5032 plerisque
2809 4959 2930 5012 aliis
2954 4957 3133 5019 libris,
3168 4955 3429 5020 Quoniam
3471 4954 3589 5005 Do-

2007 5038 2178 5088 minus
2210 5036 2464 5095 excelsus,
2488 5031 2773 5094 terribilis,
2807 5045 2897 5082 rex
2940 5044 3162 5097 magnus
3186 5042 3341 5097 super
3371 5040 3591 5078 onmem

2009 5114 2230 5158 terram.
2269 5094 2580 5170 Seripscrat
2615 5102 2810 5155 deinde
2845 5094 3176 5170 Veronensis
3208 5094 3586 5170 antiquarium

2007 5185 2067 5227 ut
2097 5190 2240 5227 nunc
2276 5164 2411 5236 est,‘
2435 5171 2655 5238 subjecit
2709 5168 2947 5238 populos,
3015 5182 3138 5220 cum
3173 5179 3304 5217 vero
3339 5164 3403 5214 ad
3434 5166 3592 5238 hanc

2005 5260 2198 5298 vocem
2236 5244 2289 5296 in
2325 5232 2656 5309 eietuplaris
2686 5232 2923 5294 s'ui'albo
2951 5246 3265 5290 alllmlalulil
3299 5241 3447 5286 esset
3473 5232 3599 5289 ple-

2006 5315 2088 5367 bes
2123 5315 2355 5382 (scilicet
2382 5328 2449 5363 ex
2477 5311 2825 5378 Augustino),
2873 5310 3012 5360 hanc
3077 5319 3299 5374 quoque
3366 5312 3594 5356 temere

2006 5385 2289 5453 subjungit
2331 5387 2396 5453 in
2430 5391 2628 5453 textu._
2684 5447 2740 5453 __
2813 5447 2824 5453 _
2938 5447 2980 5453 η
3036 5447 3047 5453 _
3188 5443 3218 5453 __

2079 5456 2092 5481 "
2111 5443 2311 5508 lterum
2331 5449 2654 5511 iidemlibri,
2675 5447 2844 5516 Elegit
2863 5447 3004 5500 nobis
3028 5443 3385 5498 hwreditatem
3402 5456 3594 5516 suam.

2009 5524 2147 5577 Infra
2195 5521 2523 5577 Veronensis
2563 5510 2723 5571 unice
2772 5510 2900 5570 cum
2965 5516 3314 5581 Augustino,
3364 5510 3606 5581 psallite

2007 5595 2382 5663 intelligenter,
2422 5606 2522 5659 pro
2546 5591 2816 5663 sapienter
2838 5603 2856 5640 :
2899 5597 3010 5660 tum
3043 5579 3324 5650 Principes
3347 5579 3601 5659 populo—

2009 5680 2123 5715 Ηιιη
2162 5659 2254 5718 "et
2282 5664 2335 5716 in
2364 5664 2490 5725 line,
2556 5659 2707 5713 valde
2756 5659 2941 5712 elecatt
2969 5667 3110 5722 sunt,
3176 5669 3276 5724 pro
3332 5665 3602 5717 mnuum,

2005 5746 2110 5787 CiC.
