3898 6172
294 334 400 404 215

367 452 568 521 Quique
603 454 899 521 terrigenai,
961 463 1006 506 et
1033 453 1130 521 ﬁlii
1197 454 1514 508 hominum:
1571 455 1731 508 simul
1771 455 1862 507 ‘in
1898 463 1936 516 Α

294 561 456 597 unum
485 544 620 597 dives
639 555 684 595 et
714 560 930 611 pauper.

367 633 438 688 Os
466 651 634 686 nteuni
669 635 907 704 loquetur
933 637 1281 701 sapientiam:
1315 645 1362 688 et
1389 635 1669 690 meditatio
1689 635 1862 688 comis

293 730 392 780 mei
411 729 766 796 prudentiam.

360 817 633 870 lnclinabo
659 823 712 870 in
741 820 1057 888 parabolam
1110 837 1292 874 aurem
1355 839 1523 876 meam
1553 839 1569 876 :
1629 823 1864 891 aperiam

291 910 345 960 in
378 910 626 977 psalterio
657 912 1063 973 propositionem
1090 928 1280 964 meam.

367 998 474 1049 (.‘ur
502 999 690 1051 timebo
717 1002 768 1052 in
811 1001 896 1052 die
923 1001 1110 1054 mala?
1181 1004 1436 1070 iniquitas
1495 1006 1732 1060 calcanei
1762 1007 1865 1060 mei

291 1090 634 1143 circumdabit
659 1109 756 1144 me.

361 1179 464 1242 Qui
489 1182 760 1249 conﬁdunt
802 1183 854 1234 in
893 1184 1080 1238 virtute
1133 1202 1229 1238 sua
1257 1201 1276 1240 :
1344 1195 1391 1238 et
1433 1187 1485 1240 in
1529 1186 1867 1240 multitudine

290 1269 595 1323 divitiarum
627 1288 848 1324 suarum
869 1274 1189 1342 gloriantur.

356 1357 552 1411 Frater
589 1377 692 1414 non
727 1364 1002 1430 redimit”,
1034 1366 1256 1419 redimet
1319 1367 1514 1422 homo?
1558 1384 1663 1422 non
1719 1369 1865 1422 dabit
1927 1417 1930 1422 .

290 1447 401 1500 Deo
432 1449 786 1518 placationem
812 1471 985 1508 suam.

359 1541 426 1594 Et
450 1546 674 1612 pretium
698 1547 1065 1618 redemptionis
1094 1552 1291 1606 animle
1352 1569 1463 1607 suae
1503 1570 1520 1608 .'
1563 1563 1612 1607 et
1653 1553 1864 1606 labora-

293 1634 366 1686 l-it
400 1637 452 1688 in
483 1645 763 1704 ceternum,
789 1649 836 1691 et
868 1641 995 1694 vivet
1027 1646 1090 1710 Βε(
1120 1644 1290 1696 adhuc
1325 1646 1346 1713 ζ
1391 1646 1443 1699 in
1473 1646 1654 1712 ﬁnem.

1197 334 1258 395 S.
1295 335 1744 394 HIERONYMI
1789 337 2056 396 DIVI-NA
2103 335 2634 394 BIBLIOTHECA.

3429 331 3538 397 216

2039 455 2253 523 Quique
2283 452 2594 522 terrigenas,
2641 456 2695 502 et
2723 447 2820 502 lilii
2871 443 3201 500 hominum:
3257 444 3418 500 simul
3480 447 3534 500 in

1969 561 2136 597 unum
2168 545 2322 597 dives
2345 553 2399 596 ct
2428 555 2655 611 pauper.

2035 654 2108 707 Ος
2167 667 2348 706 meum
2403 651 2657 718 loquetur
2713 645 3038 717 sapientiam
3092 649 3202 698 :et
3257 643 3542 698 meditatio

1967 745 2149 799 cordis
2171 744 2276 796 mei
2309 741 2653 811 prudentiam
2687 739 2730 792 ".

2035 833 2318 887 Inclinabo
2338 832 2404 885 ad
2427 831 2549 904 ints.
2574 829 2655 901 in]
2681 827 3093 884 similitudinem
3112 840 3300 882 aurem
3327 840 3500 880 meam
3525 841 3542 880 :

1967 925 2209 994 aperiam
2245 925 2301 978 in
2339 921 2603 993 psalterio
2632 920 3068 991 propositionem
3096 933 3292 972 meam.

2040 1016 2112 1070 Ut
2141 1016 2273 1086 quid
2308 1015 2515 1070 timebo
2545 1015 2600 1067 in
2640 1013 2730 1068 die
2763 1013 2900 1066 mala
2964 1011 3024 1066 'i
3087 1009 3346 1079 iniquitas
3373 1007 3546 1062 calca-

1968 1110 2058 1166 nei
2093 1111 2196 1163 niei
2221 1107 2587 1162 circumdedit
2613 1120 2724 1160 me.

2039 1200 2142 1264 Qui
2172 1199 2456 1252 conﬁdunt
2491 1199 2544 1252 in
2579 1199 2786 1250 virtute
2817 1179 2911 1250 sita
2945 1213 2957 1248 :
3001 1193 3205 1263 quique
3259 1192 3313 1245 in
3365 1192 3546 1245 abun-

1970 1292 2156 1346 dantia
2185 1292 2502 1344 divitiarum
2542 1305 2766 1344 suarum
2797 1288 3127 1355 gloriantur.

2047 1386 2238 1440 Frater
2269 1401 2377 1440 non
2411 1385 2630 1440 redimit
2650 1379 3070 1452 [ms.reditnet].
3090 1379 3320 1434 redimet
3345 1378 3544 1442 homo;

1970 1493 2079 1536 non
2114 1478 2262 1530 dabit
2296 1477 2406 1532 Deo
2439 1475 2798 1544 placationem
2852 1487 3030 1534 suam,
3061 1485 3164 1526 nec
3193 1469 3424 1537 pretium
3454 1483 3546 1522 re-

1970 1568 2304 1636 demptionis
2327 1567 2522 1622 animae
2553 1581 2686 1630 suae,
2745 1563 3018 1620 laboravit
3046 1563 3098 1614 in
3147 1571 3434 1624 aeternum,
3487 1569 3546 1613 et

1971 1661 2119 1713 vivet
2143 1661 2196 1713 in
2233 1659 2418 1713 ﬁnem.

373 1747 491 1800 Non
511 1751 704 1803 videbit
735 1753 1035 1816 interitum,
1071 1773 1188 1810 cum
1223 1761 1416 1811 viderit
1445 1761 1710 1820 sapientes
1747 1779 1861 1815 mo-
1899 1797 1944 1852 B
2043 1771 2313 1838 Quoniam
2376 1785 2486 1822 non
2537 1766 2746 1822 videbit
2802 1764 3082 1818 interitum
3119 1778 3134 1814 τ
3165 1777 3288 1816 cum
3349 1760 3552 1814 Vide-Ti!

293 1844 526 1909 rientes;
559 1847 720 1898 simul
744 1847 990 1916 insipiens
1015 1857 1062 1902 et
1099 1849 1291 1902 stultus
1323 1852 1588 1917 peribunt.

369 2042 429 2096 Et
457 2043 746 2114 relinquent
781 2047 967 2103 alienis
990 2049 1201 2102 divitias
1233 2066 1358 2104 suas
1395 2051 1434 2112 ³,
1479 2065 1530 2105 ~:-
1568 2053 1662 2120 et:
1697 2053 1875 2119 sepul-

298 2149 388 2188 cra
422 2151 597 2189 eorum
629 2139 814 2193 domus
841 2139 1051 2193 illorum
1075 2144 1128 2195 in
1169 2151 1447 2196 internum.

371 2227 740 2286 Tabernacula
763 2248 942 2286 eorum
963 2235 1016 2286 in
1044 2237 1295 2304 progenie
1319 2245 1366 2288 et
1389 2240 1676 2306 progenie;
1720 2253 1874 2290 voca-

295 2333 482 2374 verunt
522 2327 736 2377 nomina
772 2342 870 2378 sua
901 2328 951 2380 in
977 2329 1133 2380 terris
1165 2341 1226 2383 -ε-
1254 2329 1364 2382 suis
1395 2330 1416 2360 δ
1459 2331 1479 2398 ζ

383 2411 445 2464 Et
476 2413 627 2466 homo
692 2432 810 2469 cum
857 2417 914 2470 in
977 2419 1172 2472 honore
1191 2431 1344 2485 esset,
1397 2411 1812 2476 non'intellexit
1853 2443 1872 2478 :

298 2515 636 2571 tomparatus
668 2507 1020 2574 estjumentis
1053 2523 1112 2564 σε-
1148 2511 1517 2581 insipientibus
1551 2515 1572 2584 ζ
1604 2525 1648 2567 et
1683 2517 1873 2569 similis

299 2591 474 2659 factus
499 2603 571 2648 est
609 2609 669 2650 οε-
698 2595 806 2650 illis
841 2601 862 2666 ζ

369 2791 496 2848 Ηανε
527 2795 611 2848 via
636 2797 849 2852 illorum
882 2803 1199 2857 scandalum
1230 2805 1356 2870 ipsis
1385 2806 1404 2835 ³
1435 2822 1454 2860 :
1475 2813 1526 2859 et
1583 2815 1756 2874 postea
1823 2807 1876 2858 in

301 2901 388 2938 ore
409 2902 503 2938 suo
525 2891 943 2958 complacebuut.
981 2895 1304 2950 Drusum.

369 2981 516 3036 Sicut
546 2999 661 3036 oves
691 2985 971 3054 ininferno
1021 2990 1178 3057 positi
1229 2999 1351 3042 sunt
1408 3003 1590 3042 :mors
1638 2989 1879 3058 deposcet

303 3087 410 3128 €08.

375 3185 442 3237 Et
465 3187 878 3240 dominabuntur
905 3203 1083 3242 eorum
1113 3191 1251 3262 justi
1275 3193 1327 3245 in
1359 3195 1654 3247 matutino:
1685 3203 1734 3246 et
1777 3212 1876 3247 au-
1907 3171 1952 3222 ς

303 3279 496 3332 erilium
529 3295 712 3332 eorum
744 3290 1032 3336 veterascet
1063 3282 1116 3334 in
1142 3283 1345 3350 inferno
1381 3302 1412 3337 a
1443 3285 1612 3354 gloria
1673 3305 1874 3343 eorum.

383 3387 757 3443 Verumtamen
779 3389 916 3446 Deus
940 3393 1160 3448 redimet
1177 3397 1412 3450 animam
1438 3413 1604 3451 meum
1629 3400 1692 3452 de
1719 3417 1880 3455 manu

305 3481 482 3550 inferi,
541 3497 660 3535 cum
685 3485 941 3552 acceperit
975 3487 1120 3540 me“.
1153 3487 1473 3550 Drusum.

377 3683 453 3736 Ne
482 3685 737 3747 timueris,
765 3701 882 3736 cum
915 3685 1053 3737 dives
1083 3687 1240 3754 fuerit
1273 3687 1426 3742 homo
1460 3700 1473 3740 .‘
1508 3705 1566 3746 -t—
1601 3699 1650 3744 et
1681 3693 1701 3760 ζ
1766 3709 1880 3746 cum

309 3773 669 3844 multiplicata
697 3777 855 3844 fuerit
893 3779 1067 3847 gloria
1107 3780 1290 3835 damus
1325 3781 1456 3850 ejus.

306 4001 770 4074 quemadmodum
799 4019 922 4058 cum
959 4005 1240 4074 plerisque
1277 4009 1400 4061 aliis
1427 4009 1564 4063 liber
1595 4010 1877 4064 Veronen-

307 4071 653 4146 sispraafcrt.
705 4071 1091 4146 Alilmlitvcro
1143 4071 1497 4146 Augustinus,
1579 4081 1670 4144 qui
1701 4081 1882 4132 domos

307 4141 456 4210 legit.
485 4141 542 4216 In
565 4141 755 4216 Graeco
785 4155 870 4196 est
906 4143 1004 4205 τὰς
1039 4141 1252 4214 pepugi
1314 4149 1380 4200 de
1409 4141 1519 4216 quo
1555 4141 1718 4216 supra
1745 4149 1885 4204 dixi-

309 4227 433 4284 mus
465 4210 528 4263 ad
561 4213 988 4280 psalmunxuv,
1027 4210 1147 4283 quas
1191 4210 1638 4284 videsisfatque'
1656 4218 1764 4272 huc
1797 4235 1886 4272 re-

307 4280 412 4332 l'er.

383 4352 398 4380 ί
439 4349 666 4405 Rectius
703 4353 754 4404 in
791 4351 1045 4406 Palatino
1072 4369 1170 4408 ms.
1203 4355 1378 4420 simul,
1424 4355 1570 4426 quod
1603 4371 1786 4427 neque
1825 4361 1880 4412 in

310 4419 501 4474 Gnaeo
533 4432 634 4484 est,
683 4431 843 4478 taret.

385 4495 404 4522 '
433 4491 487 4542 lu
523 4491 706 4544 futuro
731 4493 873 4544 idem
915 4507 1014 4545 ms.
1054 4511 1156 4548 non
1191 4495 1430 4550 redimet.

383 4561 716 4680 :1’elrperam
753 4561 842 4615 liic
892 4567 1218 4618 asteriscum
1283 4581 1382 4634 pro
1415 4567 1574 4622 obelo
1605 4568 1750 4622 idem
1783 4581 1887 4622 ms.

399 4641 488 4680 )stt
521 4641 622 4680 uit.

315 4641 622 4684 bllDSlllUll.

387 4700 616 4776 *_Atque
685 4701 774 4755 hic
825 4701 968 4755 male
1022 4703 1166 4757 idem
1229 4721 1330 4760 ms.
1359 4707 1412 4758 in
1439 4707 1886 4776 praepositionem

315 4769 474 4825 obelo
509 4780 798 4838 praenotat,
824 4785 933 4824 non
972 4787 1158 4827 vocem
1181 4777 1315 4830 suis.

386 4843 404 4872 ⁵
447 4839 656 4917 pelevit
687 4844 1122 4917 sequiortnanus
1159 4847 1215 4917 in
1241 4846 1436 4917 eodem
1466 4844 1656 4917 codice
1687 4863 1890 4917 prono-

318 4926 442 4964 men
464 4911 622 4982 ipsis,
655 4911 775 4967 tum
815 4916 1057 4980 reposuit
1123 4916 1369 4970 absolute
1425 4911 1720 4982 placebuni.
1771 4921 1888 4976 Mox

320 4980 758 5053 praipositionem
789 4982 942 5036 verbi
975 4984 1237 5051 deposcet,
1261 4986 1329 5039 de
1365 4980 1541 5053 more
1589 4987 1731 5042 idem
1785 5008 1886 5046 ms.

317 5065 450 5103 \cru
478 5050 708 5118 jugulat.

389 5119 409 5149 ⁸
441 5118 556 5172 Iluc
589 5121 752 5198 reler,
773 5135 1015 5198 quoniam
1045 5123 1300 5198 Martiali.
1330 5126 1540 5198 laudat,
1575 5127 1888 5198 Hieronymi

317 5189 498 5242 locum
521 5203 585 5242 ex
606 5189 879 5258 epistfad
935 5191 1196 5248 Sunniam
1246 5205 1294 5248 et
1341 5189 1611 5250 Fretelam
1663 5217 1676 5252 :
1737 5189 1798 5250 ‹”
1835 5201 1890 5254 lu

319 5258 538 5337 eodem,
575 5259 647 5337 De
673 5277 832 5337 manu
863 5263 1020 5337 inferi
1051 5281 1168 5317 cum
1197 5264 1487 5322 liberaverit
1517 5284 1616 5330 me,
1641 5284 1736 5334 pro
1782 5286 1892 5337 quo

324 5333 378 5382 in
401 5329 596 5406 _G_ra:co
618 5330 815 5406 legisse
837 5329 931 5406 vos
958 5335 1161 5406 dicitis,
1185 5352 1301 5388 cum
1329 5337 1584 5406 acceperit
1606 5329 1716 5390 me.
1737 5329 1888 5403 Quod

320 5400 544 5474 quidem
576 5411 629 5455 et
666 5417 765 5455 nos
801 5403 870 5454 ita
902 5403 969 5456 de
1001 5403 1142 5458 LXX.
1169 5400 1476 5474 vertimus';
1538 5418 1593 5460 et
1647 5400 1814 5460 miror
1861 5427 1888 5462 a

321 5485 430 5537 quo
463 5471 518 5523 in
551 5481 731 5545 vestro
757 5473 950 5545 codice
975 5476 1328 5542 depravatum
1354 5475 1443 5528 sit.
1462 5471 1489 5527 ἰ
1521 5475 1888 5545 Snbsequeuti

323 5555 481 5594 versu
498 5542 572 5616 ad
597 5541 830 5596 Palatini
868 5559 966 5596 Ins.
994 5541 1158 5616 ﬁdem
1181 5554 1238 5616 et
1263 5545 1512 5616 copulam
1550 5541 1732 5598 obeltf
1753 5563 1889 5616 pra:-

321 5615 635 5665 ztotavimus
665 5629 679 5677 ;
711 5628 887 5681 neque
915 5615 1060 5668 enim
1087 5617 1141 5667 in
1180 5615 1406 5668 Hebraeo
1433 5616 1550 5685 ipso
1608 5615 1765 5670 textui
1802 5635 1890 5673 re-

323 5692 507 5742 pultat.

393 5753 409 5780 ⁷
450 5753 781 5810 Veroncr;.is
813 5771 912 5810 tus.
950 5756 1290 5824 intellectum,
1331 5755 1552 5826 etquod
1595 5755 1738 5812 idem
1781 5767 1884 5826 est,

1925 4499 1964 4550 Ι)
2001 4496 2205 4558 laudat,
2244 4492 2587 4564 primigeniis
2661 4491 2863 4557 linguis
2918 4489 2977 4564 id
3015 4495 3244 4564 repetat.

1975 1864 2251 1932 sapientes
2280 1862 2578 1916 morientes
2611 1877 2626 1916 :
2697 1857 2860 1912 simul
2899 1855 3164 1923 insipiens
3195 1853 3322 1908 "et
3348 1853 3556 1906 stultus

1975 1968 2042 2022 pe
2053 1953 2258 2006 ribnnt.

2045 2067 2112 2119 Et
2141 2065 2456 2134 relinquent
2483 2063 2680 2118 alienis
2726 2061 2948 2114 divitias
2991 2073 3120 2114 suas
3153 2077 3164 2110 :
3195 2067 3251 2112 et
3299 2056 3556 2125 sepulcra

1974 2171 2164 2212 eorum
2187 2157 2382 2210 domus
2401 2170 2590 2210 eorum
2614 2155 2668 2207 in
2688 2161 2997 2224 aeternum.

2051 2248 2426 2303 Tabernacula
2451 2261 2644 2300 eorum
2665 2244 2722 2298 in
2759 2243 2908 2298 onmi
2949 2239 3302 2312 generatione
3335 2245 3391 2292 et
3423 2251 3556 2304 pro-

1977 2343 2135 2413 genie
2177 2357 2190 2394 :
2227 2339 2560 2394 invocabant
2611 2337 2832 2392 nomina
2873 2350 3064 2390 eorum
3094 2333 3146 2386 in
3207 2333 3366 2386 terris
3397 2331 3552 2398 ipso-

1977 2449 2120 2488 Γιιιιῑ.

2049 2528 2115 2581 Et
2145 2527 2306 2580 homo
2337 2539 2460 2580 cum
2495 2523 2550 2577 in
2583 2522 2796 2577 honore
2825 2530 2994 2584 esset,
3060 2536 3168 2575 non
3223 2517 3492 2574 intellexit
3531 2531 3548 2570 :

1976 2626 2326 2686 comparatus
2347 2625 2430 2670 est
2457 2615 2722 2688 jumentis
2761 2612 3170 2684 insipientibus,
3223 2619 3280 2664 et
3349 2607 3551 2663 similis

1979 2707 2155 2766 factus
2175 2718 2258 2763 est
2285 2707 2423 2762 illis.

2053 2821 2177 2876 "th
2207 2823 2294 2876 via
2319 2835 2512 2876 eorum
2573 2818 2892 2874 scandalum
2948 2819 3120 2888 ipsis:
3188 2821 3245 2869 et
3277 2821 3464 2884 postea
3492 2810 3552 2864 in

1979 2928 2075 2967 ore
2107 2927 2204 2966 suo
2239 2912 2588 2966 bcnedicent.
2623 2911 2941 2965 Dursaws.

2053 3005 2205 3058 Sicut
2237 3017 2367 3058 oves
2388 3003 2440 3056 in
2473 3002 2686 3056 inferno
2717 3001 2878 3072 positi
2909 3008 3037 3054 sunt
3068 2999 3108 3029 ¹⁰
3149 3014 3164 3051 :
3197 3006 3248 3051 et
3277 3007 3423 3048 mors
3451 2991 3556 3045 de-

1983 3105 2167 3164 pascet
2187 3111 2301 3149 eos.

2056 3208 2122 3261 Et
2149 3205 2477 3262 obtinebunt
2499 3205 2744 3276 eosjusti
2777 3205 2828 3258 iu
2857 3204 3122 3258 matutino
3157 3219 3170 3256 :
3202 3211 3258 3256 et
3283 3198 3546 3253 auxilium

1980 3313 2173 3355 eorum
2197 3309 2496 3354 veterascet
2520 3301 2571 3352 in
2601 3299 2814 3351 inferno
2843 3312 2872 3350 a
2901 3297 3066 3366 gloria
3097 3309 3311 3350 eorum.

2057 3392 2444 3446 Verumtamen
2503 3390 2646 3443 Dens
2697 3389 2948 3442 lilnserabit
2983 3387 3103 3458 [ηις.
3157 3380 3412 3455 redimet]
3438 3383 3560 3436 ani-

1983 3499 2124 3546 mam
2164 3499 2333 3538 Iuram
2363 3483 2429 3536 de
2455 3498 2614 3534 manu
2645 3479 2804 3536 inferi
2840 3481 2969 3534 dum
3001 3479 3124 3551 (ms.
3169 3475 3370 3534 inferni
3398 3471 3562 3547 cum]

1986 3575 2264 3644 acceperit
2293 3589 2399 3628 me.
2427 3573 2739 3627 DIAPSAHIA.

2055 3686 2131 3740 Ne
2153 3687 2399 3741 timueris
2417 3703 2536 3741 οιιτη
2559 3687 2709 3739 dives
2735 3685 2916 3740 iactus
2935 3683 3098 3738 fuerit
3115 3684 3280 3738 homo
3303 3696 3318 3738 :
3345 3695 3404 3738 et
3421 3697 3552 3738 cum

1989 3779 2350 3848 multiplicata
2388 3779 2552 3836 fuerit
2574 3779 2744 3850 gloria
2769 3779 2964 3834 domus
2992 3776 3132 3852 ejus.

1993 4007 2352 4077 Augustinus,
2383 4005 2809 4077 intelligentiam.
2861 4003 3037 4077 Ipsum
3089 4000 3234 4077 quod
3289 4000 3340 4077 in
3369 3999 3562 4077 Graeco

1990 4069 2314 4140 θειζίιυιιιριι
2349 4069 2578 4126 σύνεσιν⁷
2596 4069 3239 4141 utrumqueadamussim
3264 4069 3556 4141 signiﬁcat.

1995 4139 2202 4202 Funum
2227 4146 2396 4214 igitur
2429 4143 2621 4197 lectori
2649 4139 2840 4197 fecerit
2861 4183 2876 4206 .
2903 4143 2994 4212 qui
3047 4141 3242 4214 barum
3301 4139 3568 4214 dil'leren-

1993 4219 2125 4271 tiam
2156 4210 2453 4269 lectionum
2483 4214 2614 4267 velit
2649 4210 2962 4281 expendere
3019 4213 3085 4264 ad
3135 4210 3441 4263 Orientales
3463 4210 3572 4261 liu-

1992 4303 2148 4355 guns,
2173 4285 2482 4355 Chaldamm
2524 4283 2946 4355 Paraphrasten,
3006 4283 3289 4334 versiones
3315 4281 3568 4355 _Syr_am_,

1993 4347 2157 4426 atque
2191 4354 2549 4420 {Ethiopian},
2583 4347 2718 4426 μό..
2771 4352 2943 4426 multo
2973 4359 3155 4402 autem
3191 4347 3456 4426 [μεως-,εἱ
3493 4349 3568 4400 ab

1996 4417 2193 4478 horum
2219 4417 2466 4476 textudm
2495 4423 2754 4476 versione
2790 4421 3002 4479 Latina,
3034 4434 3140 4471 non
3167 4417 3236 4469 ab
3270 4417 3401 4540 ipiis
3427 4433 3572 4484 quas

2001 4496 2204 4540 laudnt-
2244 4492 2587 4540 nrimineniis
2661 4491 2863 4540 linguis
2918 4489 2970 4540 id
3015 4495 3244 4540 renetat.
3350 4489 3572 4538 suvcnit

3350 4497 3574 4538 SIIVClllt

1998 4578 2130 4618 vero
2179 4557 2279 4616 hoc
2319 4557 2490 4615 ferme
2535 4577 2704 4615 unum
2738 4564 2792 4614 in
2823 4573 2885 4614 ea
2938 4557 3268 4613 Veronensis
3315 4557 3572 4610 l’salterii

1995 4634 2254 4690 editione.

2063 4703 2084 4734 ⁸
2125 4705 2269 4758 Idem
2296 4722 2423 4772 ms.,
2479 4713 2710 4760 metuam
2739 4701 2790 4772 in
2816 4698 2899 4772 die
2927 4695 3086 4772 malo,
3126 4705 3234 4749 tum
3263 4696 3572 4772 circumda-

1995 4775 2152 4826 bitme
2183 4787 2200 4824 :
2233 4768 2517 4845 praterea,
2543 4773 2611 4826 Et
2643 4773 2698 4823 in
2722 4769 3071 4845 abundantia,
3117 4781 3214 4833 pro
3265 4768 3455 4845 quique
3489 4768 3570 4845 in,

1993 4851 2126 4915 ett!”
2158 4836 2584 4915 ert-Augustino,
2610 4857 2674 4894 ex
2731 4854 2839 4907 quo
2895 4843 3018 4890 item
3057 4851 3202 4915 _nno,
3270 4836 3390 4915 lVon
3419 4837 3573 4915 dabit

1995 4905 2620 4983 Deodepropiiiatioueiu
2645 4905 2819 4972 suum,
2851 4919 2896 4962 et
2933 4905 3160 4974 pretium
3201 4905 3577 4974 redemptionis

1995 4984 2189 5036 animat
2210 5001 2339 5050 sum,
2369 4995 2416 5038 et
2447 4983 2728 5042 laboravit,
2756 4987 2864 5050 etc.

2063 5053 2084 5083 '
2115 5046 2351 5109 Rursum
2383 5057 2544 5108 unice
2593 5064 2716 5104 cum
2745 5047 3050 5114 Augustino
3075 5047 3234 5100 simul
3261 5046 3576 5106 imprudens

1994 5133 2042 5175 et
2078 5123 2351 5194 insipiens,
2382 5135 2435 5179 et
2467 5139 2612 5185 mox,
2637 5115 3014 5194 _'l'aberna_cula
3043 5132 3223 5194 eorum
3260 5117 3576 5194 ingenera-

1994 5194 2136 5246 tione
2160 5185 2208 5248 et
2229 5185 2591 5264 generatione.
2620 5189 2858 5254 denique
2893 5187 3053 5246 inl'ra,
3095 5185 3357 5238 Jumentis
3393 5187 3580 5237 insen-

1991 5265 2126 5334 satis
2165 5280 2261 5334 pro
2290 5265 2685 5334 insipientibus,
2709 5268 2816 5312 etc.
2875 5327 2886 5334 _
3060 5331 3067 5334 Δ
3096 5329 3100 5332 π

2067 5333 2108 5364 ¹⁰
2145 5325 2263 5389 Duo
2295 5325 2459 5390 iidem
2487 5334 2635 5394 libri,
2663 5327 2998 5395 AuguStinus
3021 5331 3075 5380 et
3096 5325 3431 5379 Veronensis
3465 5339 3580 5380 ms.

1993 5404 2160 5470 posita
2186 5413 2327 5469 sunt,
2362 5414 2407 5458 et
2443 5421 2581 5456 mors
2611 5409 2793 5463 pastor
2822 5409 2894 5450 est
2925 5399 3019 5450 eis.
3043 5397 3476 5470 _t)ominabuntu_r
3499 5397 3584 5470 eis

1995 5466 2122 5528 recti
2139 5491 2291 5528 mane
2317 5466 2339 5528 γε
2365 5485 2500 5537 tum,
2526 5491 2557 5527 a
2576 5471 2750 5541 gloria
2777 5485 2982 5529 eorum,
3007 5466 3210 5541 absque
3236 5467 3582 5541 prmeedenti

1991 5553 2040 5597 et
2073 5546 2290 5614 copula,
2321 5555 2373 5598 et
2397 5533 2517 5614 qua:
2535 5533 2968 5614 subsequuntur,
2993 5533 3186 5614 verbis
3199 5533 3406 5614 expulsi
3425 5546 3581 5614 sunt,

1993 5630 2114 5683 quac
2142 5603 2326 5670 'tzuuén
2347 5603 2571 5684 sequior
2597 5603 2790 5666 manus
2815 5613 2868 5664 in
2895 5607 3188 5664 Veronensi
3220 5605 3344 5660 cod.
3372 5603 3582 5659 addere

1993 5687 2183 5740 voluit.
