3898 6172
334 369 442 433 219

1249 373 1308 430 S.
1351 372 1786 431 lllEllONl’Ml
1831 375 2100 432 DlVlNA
2141 371 2671 432 BlBLlOTIlECA.

3485 362 3600 422 2Ξο

326 459 502 534 uilia:
527 481 710 533 meas?
735 487 782 532 et
801 479 1024 531 assumis
1057 485 1426 532 testamentum
1477 495 1650 532 nicum
1704 497 1796 549 per
1854 497 1908 534 os
1947 487 1990 538 Α
2015 479 2254 547 justitias
2282 493 2428 532 meas
2457 478 2558 530 ?et
2581 469 2817 528 assumis
2847 480 3239 526 testamentum
3269 485 3444 524 meum
3497 471 3602 540 per

329 583 478 624 tuum
511 573 536 624 ?

403 666 474 714 Tu
503 679 619 714 vero
650 661 803 713 odisti
835 657 1168 726 disciplinam
1202 675 1220 712 :
1254 669 1302 712 et
1326 663 1592 731 projecisti
1643 681 1906 717 sermones

328 769 466 808 meos
503 765 815 806 retrorsum.

384 845 440 899 Si
469 845 673 898 videbas
696 845 887 914 furem.
920 848 1164 900 currebas
1187 864 1299 900 cum
1321 865 1379 902 eo
1405 866 1424 904 :
1445 857 1491 903 el
1519 867 1634 904 cum
1655 851 1907 904 adulteris

327 941 616 1007 portionem
647 947 791 989 tuam
819 952 874 991 -:—
911 941 1136 1008 ponebas
1179 943 1199 1008 ζ

403 1027 470 1082 Ds
503 1039 648 1080 tuum
693 1028 982 1083 abundat-it
1018 1033 1224 1086 malitia
1252 1049 1270 1090 :
1298 1045 1346 1088 et
1374 1033 1554 1103 lingua
1583 1043 1674 1087 tua
1697 1037 1908 1088 concin-

328 1121 486 1172 nabat
527 1121 693 1174 dolus.

391 1207 587 1264 Sedens
619 1215 868 1268 adversus
888 1217 1106 1276 fratrem
1137 1227 1282 1268 tuum
1314 1217 1631 1286 loquebaris,
1657 1229 1706 1272 et
1726 1220 1908 1272 adver-

329 1317 418 1353 sus
439 1300 612 1369 ﬁlium
637 1307 821 1358 matris
845 1307 1200 1374 tute-ponebas
1216 1308 1527 1361 scandalum
1549 1325 1566 1363 .'
1589 1310 1698 1364 hth
1717 1311 1908 1379 fecisti,

333 1401 380 1442 et
415 1397 576 1446 tacui.

399 1483 730 1536 Existimasti
756 1484 932 1549 inique
958 1487 1098 1554 quod
1121 1504 1210 1540 ero
1238 1491 1314 1542 tui
1337 1490 1561 1543 similis:
1590 1507 1810 1562 arguam
1839 1504 1908 1559 te,

332 1579 380 1620 et
411 1579 641 1622 statuam
676 1581 860 1624 contra
890 1574 1076 1641 faciem
1105 1584 1272 1628 tuam.
1317 1635 1322 1641 _

399 1662 683 1732 Intelligite
710 1666 835 1726 bccc,
863 1671 950 1734 qui
977 1667 1348 1720 obliviscimini
1375 1669 1540 1722 Deum
1563 1687 1580 1724 :
1610 1686 1672 1724 ne
1698 1673 1908 1740 quando

336 1753 532 1816 rapiat,
567 1762 614 1802 et
643 1769 745 1804 non
769 1757 834 1804 sit
866 1756 952 1820 qui
991 1757 1200 1824 eripiat.

2017 585 2078 622 os
2111 578 2260 622 tnum
2290 569 2314 622 ‘l

2087 661 2166 715 Tn
2199 675 2325 715 vero
2353 659 2515 712 odisti
2547 657 2896 726 disciplinam
2919 658 2940 686 ‘
2973 672 2986 710 :
3017 662 3072 708 et
3131 653 3410 726 proiecisti
3477 669 3602 709 ser-

2013 769 2204 808 mones
2233 769 2384 808 meos
2419 761 2542 820 post
2576 763 2644 806 te.

2087 846 2143 898 Si
2179 845 2404 898 videbas
2435 845 2632 908 furem,
2667 843 2830 896 simul
2867 843 3128 896 currebas
3162 856 3287 895 cum
3348 855 3415 896 eo
3478 859 3492 896 :
3537 850 3602 897 et

2011 950 2134 990 cum
2160 935 2422 990 adulteris
2453 935 2759 1002 portionem
2789 943 2934 987 tuam
2963 933 3229 1000 ponebas.

2081 1027 2154 1080 Os
2189 1035 2340 1080 tuum
2379 1025 2681 1079 abundavit
2713 1025 2963 1094 nequitia
2997 1041 3009 1076 :
3040 1034 3095 1076 et
3135 1024 3316 1093 lingua
3343 1033 3431 1076 tua
3461 1039 3604 1077 con-

2012 1120 2256 1174 cinnavit
2285 1119 2492 1172 dolum.

2087 1209 2296 1264 Sedens
2332 1215 2620 1264 adversum
2653 1210 2876 1263 fratrem
2920 1217 3070 1261 tuum
3107 1207 3499 1266 detrahebas”:
3538 1219 3606 1262 et

2012 1303 2275 1357 adversus
2303 1302 2476 1356 ﬁlium
2511 1303 2698 1356 matris
2731 1312 2837 1357 tua:
2866 1301 3110 1370 ponebas
3131 1301 3470 1354 scandalum.

2085 1397 2210 1450 Haec
2241 1395 2442 1456 fecisti,
2477 1404 2532 1448 et
2595 1394 2740 1449 tacui
2795 1410 2809 1446 :
2850 1393 3177 1458 existimaui
3223 1391 3602 1460 iniquitatem,

2011 1486 2156 1556 quod
2181 1501 2276 1538 ero
2309 1485 2404 1540 tibi
2438 1486 2652 1539 similis.

2085 1579 2320 1645 Arguam
2379 1585 2453 1641 te,
2513 1587 2568 1631 et
2613 1584 2848 1630 statuam
2907 1574 3098 1629 illam"
3146 1586 3340 1628 contra
3391 1575 3602 1627 faciens

2018 1679 2166 1722 tuam
2205 1688 2220 1723 :
2251 1670 2534 1736 intelligite
2569 1669 2684 1723 haec
2708 1683 2900 1722 ornnes
2932 1667 3024 1736 qui
3059 1665 3444 1720 obliviscimini
3491 1666 3606 1717 Do-

2018 1761 2248 1822 minum,
2281 1761 2576 1830 nequando
2633 1760 2828 1828 rapiat,
2859 1771 3050 1813 etnon
3109 1757 3177 1813 sit
3241 1757 3332 1826 qui
3375 1757 3604 1824 eripiat.

405 1838 739 1909 Sacriﬁcium
768 1845 939 1897 laudis
967 1847 1330 1914 honori/icabit
1361 1865 1440 1900 me
1466 1865 1484 1902 :
1539 1857 1588 1900 et
1656 1849 1765 1903 illic
1813 1850 1914 1903 iter
1945 1828 1986 1881 Β
2040 1828 2424 1930 __Sacritlciuin
2453 1851 2632 1905 laudis
2664 1851 3050 1904 bonoriﬁcabit
3083 1865 3168 1903 me
3191 1866 3206 1903 :
3231 1859 3286 1904 et
3331 1849 3438 1902 illic
3492 1848 3606 1900 iter

336 1944 437 1997 quo
473 1931 746 1986 ostendam
773 1933 788 1964 ‘
817 1933 899 1988 illi
929 1936 1170 1990 salutare
1199 1939 1312 1992 Dei.

2015 1953 2118 2008 est,
2157 1942 2210 1996 in
2243 1959 2352 2012 quo
2377 1945 2661 1997 ostendam
2693 1942 2770 1996 illi
2809 1942 3049 1996 salutare
3085 1941 3198 1994 llei.

1749 2101 2100 2163 PSALMUS
2133 2103 2198 2164 L.

338 2215 391 2251 ΙΝ
425 2213 607 2262 FINEII,
638 2213 872 2252 PSALMUS
903 2215 1081 2260 DAVID,
1116 2215 1220 2254 CUM
1262 2217 1414 2255 \‘I-ZNIT
1444 2219 1506 2257 AD
1545 2220 1650 2258 ΕιῖὶΙ
1711 2221 1919 2260 ΝΑἹἨΔΝ

501 2283 794 2332 ΙἮΟΡΗΕΤΔ,
827 2283 1036 2330 QUANDO
1071 2286 1318 2324 INTRAVIT
1341 2289 1403 2325 AD
1438 2289 1756 2330 BET’llt‘ABEE.

409 2447 657 2502 Miserere
689 2446 788 2500 mei
815 2445 972 2514 Deus,
1001 2447 1286 2500 secundum
1309 2463 1369 2504 -ι-
1403 2451 1682 2520 magnam:
1713 2453 1916 2506 miseri-

343 2541 580 2594 cordiam
616 2548 782 2592 luant.

413 2649 471 2690 σι-
499 2634 562 2686 Et
596 2635 618 2702 ζ
645 2635 930 2686 secundant
965 2633 1352 2688 multitudinem
1376 2637 1772 2692 miserationum
1799 2651 1917 2693 tua-

341 2745 480 2787 rum,
512 2727 626 2777 dele
652 2726 986 2794 iniquitatem
1025 2743 1214 2780 meam.

393 2819 637 2888 Amplius
667 2818 788 2872 lava
821 2835 900 2870 me
931 2818 994 2870 ab
1024 2819 1301 2888 iniquitate
1336 2837 1453 2874 mea
1496 2837 1515 2874 :
1539 2831 1586 2875 et
1618 2839 1649 2875 α
1705 2837 1921 2894 peccato

339 2927 451 2962 meo
486 2910 682 2962 mundo
731 2923 830 2962 tne.

414 3000 680 3064 Quoniam
711 3001 1042 3068 iniquitatem
1067 3018 1236 3054 meam
1269 3019 1361 3070 ego
1393 3019 1650 3074 cognosco
1681 3021 1700 3059 :
1721 3017 1768 3060 et
1799 3025 1918 3077 pec-

339 3103 518 3144 catum
551 3107 724 3144 meum
758 3101 940 3144 contra
975 3109 1052 3144 me
1087 3101 1412 3158 estsemper.

417 3183 524 3236 Tibi
554 3183 653 3236 soli
673 3186 903 3252 peccari,
930 3193 978 3236 et
1003 3185 1206 3237 malum
1235 3202 1414 3239 coram
1445 3197 1494 3240 te
1517 3188 1616 3256 feci
1648 3205 1666 3246 .'
1692 3191 1920 3261 utjusti-

363 3276 533 3342 [iceris
594 3278 648 3328 in
670 3277 996 3329 sermonibus
1032 3278 1131 3330 tuis
1159 3287 1205 3330 et
1239 3281 1418 3332 vincas
1467 3298 1584 3334 cum
1635 3284 1920 3352 judicaris.

419 3452 550 3505 Erce
583 3467 641 3506 -ε-
677 3453 814 3506 enim
845 3455 868 3522 ζ
901 3459 950 3507 in
989 3455 1353 3522 iniquitatibus
1384 3467 1655 3528 conceptus
1696 3477 1812 3514 sum
1841 3471 1924 3514 :et

347 3551 399 3598 in
437 3545 659 3612 peccatis
696 3547 926 3614 concepit
961 3561 1040 3598 me
1069 3555 1237 3598 mater
1269 3563 1406 3600 mea.

417 3633 554 3686 Ecce
586 3635 724 3686 enim
748 3637 1018 3688 veritatem
1067 3635 1303 3690 dilexisti
1347 3639 1588 3693 :incerta
1643 3649 1691 3693 et
1721 3643 1922 3696 occulta

346 3729 693 3796 sapientiaz-t-
721 3735 824 3782 tua:
847 3727 869 3795 ξ
907 3728 1256 3796 ntanifestasti
1285 3730 1430 3783 milii.

433 3820 686 3889 Asperges
758 3836 836 3872 me
867 3822 1084 3888 hyssopo
1139 3829 1185 3872 et
1217 3822 1512 3874 mundabar
1540 3839 1557 3877 :
1599 3823 1796 3876 lauabis
1825 3841 1924 3888 me,

347 3918 396 3962 et
425 3926 582 3980 super
609 3911 776 3964 nivem
799 3910 1106 3964 dealbubor.

420 4000 640 4052 Auditni
671 4017 781 4052 meo
812 4000 962 4054 dabis
993 4001 1245 4070 gaudium
1269 4013 1316 4056 et
1347 4002 1629 4056 lwtitiam:
1657 4013 1704 4057 et
1747 4005 1926 4057 exsul-

349 4091 534 4144 tabant
559 4107 674 4144 ossa
709 4092 1010 4148 huntiliata.

429 4187 611 4238 Averte
641 4181 984 4250 faciemtuam
1009 4199 1038 4234 a
1072 4181 1299 4250 peccatis
1335 4185 1461 4236 meis
1486 4199 1504 4236 :
1536 4191 1584 4235 et
1617 4199 1794 4238 omnes
1823 4185 1928 4238 ini-

345 4279 574 4348 quitates
612 4291 750 4328 meas
783 4271 918 4326 dele.

416 4437 433 4467 ¹
461 4435 638 4488 Minus
669 4435 865 4487 iterum
903 4434 1040 4486 bene
1075 4433 1218 4487 idem
1249 4449 1329 4488 ms
1359 4478 1374 4502 ,
1415 4435 1555 4503 quod
1622 4439 1918 4490 ostendam.

349 4507 454 4560 Sed
487 4515 540 4556 et
577 4504 934 4572 subsequenti
987 4506 1192 4570 psalmo
1247 4521 1354 4558 non
1422 4506 1585 4558 semel
1638 4507 1920 4559 obolorum

343 4576 647 4630 utilissione
675 4575 968 4643 manifesto
1001 4585 1184 4640 peccat
1225 4589 1239 4629 :
1271 4591 1388 4643 quas
1411 4575 1526 4628 loca
1553 4576 1796 4628 studiose
1833 4593 1928 4628 an-

346 4657 570 4702 ttotnre-
597 4643 734 4694 nihil
767 4641 1015 4694 interest.

416 4715 431 4742 '
460 4713 514 4764 in
559 4711 750 4762 iisdem
788 4709 946 4762 unice
976 4711 1154 4770 libris,
1212 4713 1368 4764 odisti
1419 4713 1760 4766 eruditionem
1825 4729 1839 4765 :
1875 4723 1926 4766 el

353 4798 478 4834 mox
520 4798 532 4831 :
561 4780 620 4830 Si
653 4779 860 4832 uidebas
893 4783 1082 4846 furem,
1104 4783 1448 4838 concurrebas
1478 4786 1524 4835 ei
1555 4793 1661 4842 :et,
1691 4785 1761 4836 ()s
1782 4793 1930 4834 tuum

347 4852 638 4904 abundavit
671 4849 904 4918 malitia,
934 4862 980 4900 ct
1010 4850 1190 4918 lingua
1226 4861 1316 4904 tua
1350 4853 1594 4914 amplexa
1631 4862 1704 4904 est
1734 4855 1928 4905 dolosi-

348 4931 532 4974 tatem.
573 4917 739 4990 l'anlo
769 4915 1252 4990 infra,suspicatus
1315 4938 1390 4985 es,
1432 4939 1529 4990 pit)
1591 4923 1928 4976 existimasti.

429 4993 448 5020 ³
481 4989 680 5059 Vitium
719 4987 1085 5059 translationis
1121 4987 1444 5059 hujusmodi
1489 4991 1692 5045 Latina:
1749 4995 1930 5044 redar-

348 5061 462 5128 guit
496 5057 1228 5130 Hieronymusbisverbis:
1267 5081 1282 5110 ι
1319 5061 1546 5124 l'utatis,
1583 5065 1785 5130 inquit,
1823 5076 1927 5112 non

353 5127 492 5182 b:.-ne
521 5141 760 5188 versum,
791 5128 916 5195 quia
950 5127 1207 5187 diximus.
1235 5137 1484 5184 adversus
1528 5127 1752 5200 fratrem
1783 5141 1930 5182 tuum

355 5200 690 5266 Inpiebaris,
720 5211 774 5268 et
798 5203 1054 5250 debuisse
1097 5213 1196 5268 nos
1254 5201 1454 5264 tliCUl'e,
1515 5205 1763 5254 adversus
1822 5201 1931 5268 [νας

352 5281 481 5320 ll't’.'il
517 5279 661 5319 tuum
694 5267 1022 5320 detrahebas.
1083 5267 1234 5334 Quod
1285 5271 1540 5324 vitiosum
1603 5287 1742 5338 esse,
1777 5267 1829 5323 et
1877 5269 1928 5320 in

355 5351 540 5391 nostra
571 5342 748 5407 lingua
776 5355 882 5390 non
905 5350 1070 5400 stare,
1094 5344 1255 5390 i-tialn
1282 5341 1464 5392 stultis
1521 5351 1756 5406 patet...”
1822 5353 1930 5392 non

355 5423 647 5477 possumus
682 5409 887 5470 dicere,
917 5408 1169 5460 adversus
1225 5409 1448 5472 fratrem
1498 5419 1642 5461 tuum
1686 5414 1926 5462 detrunc-

351 5481 442 5532 bus
481 5479 640 5544 ;sotl,
677 5478 739 5530 de
776 5478 948 5544 fratre
975 5487 1064 5528 tuo
1109 5478 1442 5540 detrahebas,
1489 5499 1506 5529 ι
1579 5489 1685 5533 ctc.
1751 5479 1930 5532 MART.

413 5550 430 5577 ‘
486 5549 664 5600 Malim
699 5551 888 5614 uziqnc
921 5549 1018 5615 legi
1047 5549 1162 5608 illa,
1188 5547 1649 5614 (pi-mindtnodum
1709 5549 1931 5602 Germa-

353 5633 520 5669 ιιι-ηδε
559 5631 608 5668 ei.
641 5617 979 5668 Carnutense
1027 5615 1285 5668 l’salttrria
1341 5619 1659 5684 pru'ierunt.
1727 5619 1934 5672 Auctor

355 5701 569 5751 quoque
615 5688 872 5738 Bl'L‘ilJl'tl
911 5687 962 5738 in
997 5685 1237 5737 Psninios
1302 5691 1404 5740 sub
1461 5685 1770 5758 Hieronymi
1829 5704 1932 5742 no—

363 5773 505 5804 n-mo
541 5773 552 5805 :
589 5757 684 5804 ili:
725 5765 953 5806 statuam
991 5757 1086 5808 illa
1125 5766 1306 5808 contra
1341 5759 1718 5822 {oricula-1am.
1757 5758 1823 5812 Ut
1853 5759 1931 5814 sit:

2024 2223 2074 2260 In
2131 2223 2314 2272 FtNEal,
2387 2224 2616 2262 PSALMUS
2683 2221 2841 2260 DAVID
2903 2205 3022 2278 [ms.
3063 2223 3158 2261 tPSI
3223 2207 3424 2280 D.\_\‘ll)],
3491 2226 3608 2264 ocra

2095 2294 2252 2348 νείκη·
2284 2294 2348 2332 AD
2385 2295 2490 2331 eun
2526 2293 2734 2331 unum
2769 2277 3060 2343 pauent-zu,
3117 2294 3220 2332 cun
3289 2277 3409 2349 [msl
3443 2282 3608 2351 ουιΑ]

2095 2364 2350 2402 INTRAVIT
2375 2363 2440 2401 AD
2465 2363 2748 2401 BERSABEE.

2089 2459 2348 2514 Miserere
2383 2459 2512 2525 mei,
2549 2458 2689 2512 Deus
2719 2455 2840 2528 Ima.
2873 2466 3007 2510 tacet
3037 2458 3180 2512 Deus
3209 2456 3251 2528 ].
3287 2459 3600 2514 secundum

2018 2561 2272 2619 magnam
2297 2551 2732 2605 misericordiam
2765 2560 2934 2604 tuam.

2087 2643 2148 2695 I-It
2167 2642 2468 2696 secundum
2495 2641 2904 2695 multitudinem
2937 2639 3342 2694 miserationum
3355 2650 3612 2706 tuarum,

2011 2729 2133 2784 dele
2171 2730 2514 2796 iniquitatem
2546 2745 2720 2782 mnam
2763 2727 2886 2799 [ηις.
2915 2729 3229 2796 iniquitates
3259 2729 3454 2801 nicas].

2083 2821 2333 2889 Amplius
2367 2823 2484 2873 lava
2518 2822 2627 2874 me"
2663 2821 2732 2873 ab
2763 2819 3026 2889 injustitia
3061 2834 3180 2872 mea
3229 2835 3244 2868 :
3309 2827 3364 2874 et
3413 2835 3442 2873 a
3509 2821 3616 2876 dco

2013 2913 2148 2986 pcto
2181 2927 2301 2965 meo
2324 2911 2528 2965 munda
2554 2927 2663 2965 me.

2085 3001 2352 3066 Quoniam
2387 3003 2727 3070 iniquitatem
2759 3015 2934 3054 meam
2963 3015 3064 3068 ego
3091 3015 3328 3069 agnosco
3353 3018 3369 3058 :
3399 3011 3454 3057 et
3493 3004 3598 3058 de-

1937 3103 1982 3164 C
2017 3090 2204 3143 licium
2245 3105 2424 3143 meum
2461 3106 2641 3144 coram
2674 3107 2762 3145 me
2788 3100 2873 3144 est
2903 3105 3145 3158 semper.

2096 3181 2213 3234 Tibi
2249 3183 2348 3234 soli
2387 3183 2630 3250 peccavi,
2665 3193 2716 3236 et
2749 3183 2948 3236 malum
3001 3195 3182 3234 coram
3213 3192 3265 3234 te
3323 3183 3423 3237 feci
3465 3202 3480 3237 :
3547 3193 3618 3236 ut

2019 3267 2340 3337 justiliccris
2381 3273 2432 3325 in
2472 3273 2818 3326 sermonibus
2843 3271 2970 3334 tuis,
3005 3280 3062 3324 et
3091 3269 3278 3326 vincas
3309 3271 3622 3340 dumjudi-

2023 3363 2190 3415 caris.

2093 3454 2238 3507 Ecce
2277 3453 2421 3506 enim
2447 3455 2500 3507 in
2549 3453 2926 3523 iniquitatibus
2965 3465 3263 3525 conceptus
3302 3470 3420 3510 sum
3457 3471 3474 3509 ε
3533 3467 3603 3510 el.

2027 3542 2079 3595 in
2112 3543 2324 3598 delictis
2353 3546 2558 3613 peperit
2586 3560 2670 3598 me
2697 3554 2870 3598 mater
2897 3563 3036 3599 mea.

2101 3635 2239 3687 {iecc
2273 3637 2419 3688 enim
2451 3637 2732 3688 veritatem
2757 3636 2989 3690 dilexisti
3023 3653 3036 3689 :
3064 3638 3270 3690 incerta
3298 3645 3354 3690 ct
3385 3637 3610 3694 occulta

2037 3726 2319 3792 sapientia:
2351 3736 2453 3780 tuac
2485 3727 2844 3780 manifestasti
2893 3727 3045 3781 mihi.

2097 3817 2370 3883 Asperges
2396 3829 2504 3876 me.
2569 3813 2818 3879 Domine,
2854 3816 3110 3884 byssopo,
3171 3825 3226 3870 et
3253 3815 3564 3870 mundabor
3607 3836 3622 3872 :

2027 3906 2236 3960 lnvabis
2267 3921 2373 3970 me,
2397 3917 2448 3960 et
2467 3921 2630 3976 super
2659 3905 2835 3959 nivem
2877 3906 3189 3961 dealbabor.

2109 4001 2336 4054 Auditui
2371 4013 2492 4052 meo
2529 3997 2684 4051 dabis
2711 3998 2966 4067 gaudium
3005 3997 3318 4052 etlaztitiam
3357 3997 3410 4051 σε
3441 4007 3497 4052 et
3517 4013 3628 4052 ex-

2028 4095 2312 4152 sultabant
2337 4106 2459 4145 ossa
2487 4089 2791 4144 ltutniliata.

2110 4189 2311 4239 Averte
2341 4182 2534 4237 faciem
2585 4191 2731 4235 tuam
2757 4196 2786 4236 a
2827 4181 3068 4250 peccatis
3131 4183 3267 4238 meis
3302 4193 3396 4236 :et
3423 4197 3626 4236 omnes

2036 4279 2360 4350 iniquitates
2416 4290 2564 4328 tui-as
2597 4272 2736 4326 dele.

2027 4440 2290 4494 confusus
2315 4434 2596 4489 damneris
2628 4433 2681 4486 in
2717 4441 2890 4486 morte
2921 4441 3208 4501 perpetua,
3243 4433 3348 4486 hoc
3373 4437 3480 4494 est,
3509 4445 3626 4498 per

1952 4479 1992 4534 c
2465 4479 2591 4572 qua:
2623 4518 2736 4556 non
2765 4479 3078 4563 custoilisfi,
3113 4479 3208 4555 vel,
3246 4513 3336 4556 tua
3371 4479 3626 4569 peccata,

2037 4585 2120 4634 vel
2151 4579 2415 4636 aliorum,
2447 4589 2568 4642 qua:
2599 4583 2722 4640 post
2749 4583 2800 4625 te
2827 4572 3119 4639 reliquisti.
3157 4591 3174 4622 ι
3205 4572 3342 4626 llinc
3363 4581 3416 4624 et
3439 4571 3626 4642 lira-ci

2035 4652 2244 4717 aliquot
2291 4640 2524 4698 codices
2553 4643 2734 4694 verbis
2759 4642 2905 4692 κατὰ
2933 4643 3226 4710 πρόςωπόν
3261 4658 3354 4717 oon
3386 4640 3624 4717 addunt,

2035 4711 2441 4784 τὰς’ἁμαρτίας
2477 4729 2592 4772 σου,
2625 4719 2837 4779 peccata
2890 4722 2994 4784 ηερ
3044 4728 3062 4763 :
3116 4726 3276 4784 quam
3329 4711 3630 4784 lectionem

2035 4779 2250 4841 veteres
2275 4779 2496 4852 quoque
2519 4791 2846 4852 ttat-latores
2898 4793 2926 4831 e
2955 4779 3191 4852 Graecis
3225 4779 3404 4852 secuti
3439 4789 3626 4852 -sunt.

2035 4849 2351 4910 Veronense
2377 4863 2558 4906 autem
2584 4866 2706 4904 cum
2735 4849 3142 4916 Augustiniano
3168 4849 3439 4904 Psalterio
3463 4849 3630 4901 aliter

2036 4929 2242 4995 legunt,
2298 4933 2538 4995 statuam
2583 4929 2632 4974 te
2673 4928 2794 4995 ante
2846 4919 3057 4995 faciem,
3117 4929 3249 4995 etc...
3307 4929 3416 4995 tum
3479 4933 3620 4970 voce

2035 4987 2235 5048 omnes
2269 4991 2663 5060 prmiermissa,
2723 4990 2844 5052 plus
2875 5057 2884 5060 _
2915 4989 3123 5060 habent
3177 4992 3310 5041 sicut
3361 4987 3442 5060 leo
3499 4997 3632 5060 post

2035 5056 2484 5130 vcrLutm'rapiat.
2540 5059 2782 5130 Denique
2833 5056 3169 5126 gloriﬁcabit,
3220 5073 3318 5126 pro
3361 5058 3630 5122 honoriﬁ-

2036 5137 2194 5198 cabit,
2218 5142 2272 5186 et
2305 5129 2372 5184 ibi
2403 5131 2488 5182 via
2518 5137 2618 5191 est,
2648 5129 2703 5179 in
2725 5143 2827 5196 qua
2861 5137 3302 5198 ostenaam,etc.

2099 5207 2120 5234 ⁸
2147 5205 2219 5257 Ex
2253 5201 2559 5270 Augustino
2597 5199 3079 5270 Veranens._tns.._
3135 5197 3307 5270 Magis
3349 5197 3633 5264 magisque

2036 5275 2155 5328 lava
2185 5289 2285 5336 me,
2315 5265 2446 5334 εἶα,
2481 5280 2594 5320 tum
2627 5281 2755 5320 vero
2793 5265 2926 5319 illud
2957 5267 3119 5320 tertio
3144 5269 3212 5320 ab
3267 5269 3369 5318 hoc
3427 5283 3621 5330 versu,

2035 5357 2080 5398 ct
2117 5349 2170 5396 in
2209 5343 2412 5396 delictis
2442 5347 2608 5390 mater
2633 5353 2746 5390 mea
2781 5351 2861 5388 me
2889 5338 2943 5388 in
2971 5345 3118 5389 utero
3147 5337 3278 5389 aluit
3309 5353 3325 5399 ;
3382 5339 3632 5388 fortasse

2035 5426 2216 5467 ante!!!
2243 5410 2528 5482 legendum
2557 5417 2640 5460 est.
2680 5407 2884 5482 habuit.
2952 5405 3196 5482 [genique
3229 5413 3506 5474 Asperges,
3541 5407 3634 5458 νει

2034 5487 2262 5550 Asperge
2296 5475 2394 5532 ἠδε
2429 5482 2676 5548 hyssopo,
2721 5479 2927 5545 absque
2953 5475 3194 5550 Domine.

2107 5545 2127 5582 l‘
2192 5545 2484 5605 Veronensl
2521 5563 2622 5601 nis.
2655 5563 2778 5601 cum
2811 5547 3138 5616 Augustino,
3190 5545 3340 5599 dabis
3373 5545 3626 5598 exsulta-

2037 5627 2253 5686 tionem,
2304 5623 2449 5689 qtlud
2505 5633 2702 5672 nomen
2763 5627 2818 5672 et
2859 5625 3054 5685 quarto
3087 5617 3155 5671 ab
3191 5619 3294 5672 hoc
3321 5631 3484 5670 versu
3520 5631 3626 5686 pro

2039 5694 2278 5748 iwtitiant
2323 5691 2588 5744 scribunt.
