  <div class='ocr_page' id='page_1' title='image "/cluster/home/n/w/nwhite01/storage/ocr_20150623/29/hvd.32044096580519/126.png"; bbox 0 0 3958 6176; ppageno 0'>
   <div class='ocr_carea' id='block_1_1' title="bbox 280 296 491 363">
    <p class='ocr_par' dir='ltr' id='par_1_1' title="bbox 280 296 491 363">
     <span class='ocr_line' id='line_1_1' title="bbox 280 296 491 363; baseline -0.014 -1"><span class='ocrx_word' id='word_1_1' title='bbox 280 296 396 363; x_wconf 75' lang='grc' dir='ltr'><strong><em>ΞΞῙ</em></strong></span> <span class='ocrx_word' id='word_1_2' title='bbox 464 344 491 359; x_wconf 75' lang='lat'><strong><em>-</em></strong></span> 
     </span>
    </p>
   </div>
   <div class='ocr_carea' id='block_1_2' title="bbox 1539 301 2315 363">
    <p class='ocr_par' dir='ltr' id='par_1_2' title="bbox 1539 301 2315 363">
     <span class='ocr_line' id='line_1_2' title="bbox 1539 301 2315 363; baseline 0.004 -5"><span class='ocrx_word' id='word_1_3' title='bbox 1539 301 2315 363; x_wconf 43' lang='lat' dir='ltr'><strong><em>LIBER&#39;PSALMORUM.</em></strong></span> 
     </span>
    </p>
   </div>
   <div class='ocr_carea' id='block_1_3' title="bbox 3433 291 3544 353">
    <p class='ocr_par' dir='ltr' id='par_1_3' title="bbox 3433 291 3544 353">
     <span class='ocr_line' id='line_1_3' title="bbox 3433 291 3544 353; baseline 0.018 -3"><span class='ocrx_word' id='word_1_4' title='bbox 3433 291 3544 353; x_wconf 61' lang='lat'><strong><em>222</em></strong></span> 
     </span>
    </p>
   </div>
   <div class='ocr_carea' id='block_1_4' title="bbox 360 404 3545 479">
    <p class='ocr_par' dir='ltr' id='par_1_4' title="bbox 360 404 3545 479">
     <span class='ocr_line' id='line_1_4' title="bbox 360 404 3545 479; baseline -0.002 -13"><span class='ocrx_word' id='word_1_5' title='bbox 360 412 461 467; x_wconf 83' lang='lat' dir='ltr'><strong><em>Cor</em></strong></span> <span class='ocrx_word' id='word_1_6' title='bbox 489 411 739 463; x_wconf 77' lang='lat' dir='ltr'><strong><em>mundum</em></strong></span> <span class='ocrx_word' id='word_1_7' title='bbox 765 425 884 461; x_wconf 88' lang='lat' dir='ltr'><strong><em>crea</em></strong></span> <span class='ocrx_word' id='word_1_8' title='bbox 913 411 964 461; x_wconf 89' lang='lat' dir='ltr'><strong><em>in</em></strong></span> <span class='ocrx_word' id='word_1_9' title='bbox 988 425 1064 461; x_wconf 86' lang='lat' dir='ltr'><strong><em>me</em></strong></span> <span class='ocrx_word' id='word_1_10' title='bbox 1099 408 1234 461; x_wconf 81' lang='lat' dir='ltr'><strong><em>Deus</em></strong></span> <span class='ocrx_word' id='word_1_11' title='bbox 1270 425 1283 462; x_wconf 95' lang='lat'><strong><em>:</em></strong></span> <span class='ocrx_word' id='word_1_12' title='bbox 1320 422 1366 464; x_wconf 87' lang='lat' dir='ltr'><strong><em>et</em></strong></span> <span class='ocrx_word' id='word_1_13' title='bbox 1396 415 1637 479; x_wconf 75' lang='lat' dir='ltr'><strong><em>spiritum</em></strong></span> <span class='ocrx_word' id='word_1_14' title='bbox 1663 424 1855 468; x_wconf 86' lang='lat' dir='ltr'><strong><em>rectum</em></strong></span> <span class='ocrx_word' id='word_1_15' title='bbox 1889 422 1930 476; x_wconf 79' lang='grc' dir='ltr'><strong>Α</strong></span> <span class='ocrx_word' id='word_1_16' title='bbox 2033 418 2141 470; x_wconf 92' lang='lat' dir='ltr'><strong><em>Cor</em></strong></span> <span class='ocrx_word' id='word_1_17' title='bbox 2178 416 2438 471; x_wconf 81' lang='lat' dir='ltr'><strong><em>mundum</em></strong></span> <span class='ocrx_word' id='word_1_18' title='bbox 2472 428 2590 467; x_wconf 82' lang='lat' dir='ltr'><strong><em>creo</em></strong></span> <span class='ocrx_word' id='word_1_19' title='bbox 2632 412 2683 465; x_wconf 89' lang='lat' dir='ltr'><strong><em>in</em></strong></span> <span class='ocrx_word' id='word_1_20' title='bbox 2719 424 2821 469; x_wconf 77' lang='lat' dir='ltr'><strong><em>me,</em></strong></span> <span class='ocrx_word' id='word_1_21' title='bbox 2856 408 3033 464; x_wconf 84' lang='lat' dir='ltr'><strong><em>Deus:</em></strong></span> <span class='ocrx_word' id='word_1_22' title='bbox 3063 415 3116 461; x_wconf 89' lang='lat' dir='ltr'><strong><em>et</em></strong></span> <span class='ocrx_word' id='word_1_23' title='bbox 3148 404 3397 475; x_wconf 78' lang='lat' dir='ltr'><strong><em>spiritum</em></strong></span> <span class='ocrx_word' id='word_1_24' title='bbox 3456 421 3545 460; x_wconf 85' lang='lat' dir='ltr'><strong><em>re-</em></strong></span> 
     </span>
    </p>
   </div>
   <div class='ocr_carea' id='block_1_5' title="bbox 282 501 1074 560">
    <p class='ocr_par' dir='ltr' id='par_1_5' title="bbox 282 501 1074 560">
     <span class='ocr_line' id='line_1_5' title="bbox 282 501 1074 560; baseline 0 -5"><span class='ocrx_word' id='word_1_25' title='bbox 282 508 482 560; x_wconf 77' lang='lat' dir='ltr'><strong><em>innova</em></strong></span> <span class='ocrx_word' id='word_1_26' title='bbox 507 504 563 555; x_wconf 86' lang='lat' dir='ltr'><strong><em>in</em></strong></span> <span class='ocrx_word' id='word_1_27' title='bbox 616 501 898 555; x_wconf 70' lang='lat' dir='ltr'><strong><em>visceribus</em></strong></span> <span class='ocrx_word' id='word_1_28' title='bbox 933 502 1074 555; x_wconf 82' lang='lat' dir='ltr'><strong><em>meis.</em></strong></span> 
     </span>
    </p>
   </div>
   <div class='ocr_carea' id='block_1_6' title="bbox 357 592 1862 663">
    <p class='ocr_par' dir='ltr' id='par_1_6' title="bbox 357 592 1862 663">
     <span class='ocr_line' id='line_1_6' title="bbox 357 592 1862 663; baseline 0.004 -17"><span class='ocrx_word' id='word_1_29' title='bbox 357 594 435 647; x_wconf 59' lang='grc' dir='ltr'>Νι</span> <span class='ocrx_word' id='word_1_30' title='bbox 463 595 712 663; x_wconf 86' lang='lat' dir='ltr'><strong><em>projicias</em></strong></span> <span class='ocrx_word' id='word_1_31' title='bbox 733 610 813 646; x_wconf 86' lang='lat' dir='ltr'><strong><em>me</em></strong></span> <span class='ocrx_word' id='word_1_32' title='bbox 840 611 868 646; x_wconf 92' lang='lat' dir='ltr'><strong><em>a</em></strong></span> <span class='ocrx_word' id='word_1_33' title='bbox 896 594 1029 663; x_wconf 76' lang='lat' dir='ltr'><strong><em>facie</em></strong></span> <span class='ocrx_word' id='word_1_34' title='bbox 1064 601 1153 644; x_wconf 88' lang='lat' dir='ltr'><strong><em>tua</em></strong></span> <span class='ocrx_word' id='word_1_35' title='bbox 1179 608 1195 645; x_wconf 87' lang='lat'><strong><em>.&#39;</em></strong></span> <span class='ocrx_word' id='word_1_36' title='bbox 1222 602 1272 646; x_wconf 87' lang='lat' dir='ltr'><strong><em>et</em></strong></span> <span class='ocrx_word' id='word_1_37' title='bbox 1303 592 1559 662; x_wconf 76' lang='lat' dir='ltr'><strong><em>Spiritum</em></strong></span> <span class='ocrx_word' id='word_1_38' title='bbox 1616 610 1862 652; x_wconf 86' lang='lat' dir='ltr'><strong><em>sanctum</em></strong></span> 
     </span>
    </p>
   </div>
   <div class='ocr_carea' id='block_1_7' title="bbox 281 686 1040 753">
    <p class='ocr_par' dir='ltr' id='par_1_7' title="bbox 281 686 1040 753">
     <span class='ocr_line' id='line_1_7' title="bbox 281 686 1040 753; baseline 0.004 -19"><span class='ocrx_word' id='word_1_39' title='bbox 281 692 435 735; x_wconf 80' lang='lat' dir='ltr'><strong><em>tuum</em></strong></span> <span class='ocrx_word' id='word_1_40' title='bbox 475 702 539 737; x_wconf 87' lang='lat' dir='ltr'><strong><em>ne</em></strong></span> <span class='ocrx_word' id='word_1_41' title='bbox 589 686 809 753; x_wconf 77' lang='lat' dir='ltr'><strong><em>auferas</em></strong></span> <span class='ocrx_word' id='word_1_42' title='bbox 868 702 897 737; x_wconf 90' lang='lat' dir='ltr'><strong><em>a</em></strong></span> <span class='ocrx_word' id='word_1_43' title='bbox 941 702 1040 737; x_wconf 86' lang='lat' dir='ltr'><strong><em>me.</em></strong></span> 
     </span>
    </p>
   </div>
   <div class='ocr_carea' id='block_1_8' title="bbox 368 775 1864 849">
    <p class='ocr_par' dir='ltr' id='par_1_8' title="bbox 368 775 1864 849">
     <span class='ocr_line' id='line_1_8' title="bbox 368 775 1864 849; baseline 0.005 -21"><span class='ocrx_word' id='word_1_44' title='bbox 368 776 539 829; x_wconf 79' lang='lat' dir='ltr'><strong><em>Redde</em></strong></span> <span class='ocrx_word' id='word_1_45' title='bbox 571 776 701 827; x_wconf 83' lang='lat' dir='ltr'><strong><em>mihi</em></strong></span> <span class='ocrx_word' id='word_1_46' title='bbox 736 775 977 829; x_wconf 63' lang='lat' dir='ltr'><strong><em>laetitiam</em></strong></span> <span class='ocrx_word' id='word_1_47' title='bbox 1012 777 1263 830; x_wconf 81' lang='lat' dir='ltr'><strong><em>salutaris</em></strong></span> <span class='ocrx_word' id='word_1_48' title='bbox 1288 778 1367 829; x_wconf 89' lang='lat' dir='ltr'><strong><em>tui</em></strong></span> <span class='ocrx_word' id='word_1_49' title='bbox 1394 787 1487 844; x_wconf 57' lang='lat' dir='ltr'><strong><em>.{et</em></strong></span> <span class='ocrx_word' id='word_1_50' title='bbox 1506 780 1691 846; x_wconf 85' lang='lat' dir='ltr'><strong><em>spiritu</em></strong></span> <span class='ocrx_word' id='word_1_51' title='bbox 1710 783 1864 849; x_wconf 85' lang='lat' dir='ltr'><strong><em>prin-</em></strong></span> 
     </span>
    </p>
   </div>
   <div class='ocr_carea' id='block_1_9' title="bbox 282 867 883 939">
    <p class='ocr_par' dir='ltr' id='par_1_9' title="bbox 282 867 883 939">
     <span class='ocr_line' id='line_1_9' title="bbox 282 867 883 939; baseline -0.007 -16"><span class='ocrx_word' id='word_1_52' title='bbox 282 870 446 939; x_wconf 85' lang='lat' dir='ltr'><strong><em>cipali</em></strong></span> <span class='ocrx_word' id='word_1_53' title='bbox 485 867 749 933; x_wconf 81' lang='lat' dir='ltr'><strong><em>conﬁrma</em></strong></span> <span class='ocrx_word' id='word_1_54' title='bbox 785 883 883 919; x_wconf 90' lang='lat' dir='ltr'><strong><em>me.</em></strong></span> 
     </span>
    </p>
   </div>
   <div class='ocr_carea' id='block_1_10' title="bbox 361 958 1862 1029">
    <p class='ocr_par' dir='ltr' id='par_1_10' title="bbox 361 958 1862 1029">
     <span class='ocr_line' id='line_1_10' title="bbox 361 958 1862 1029; baseline 0.002 -17"><span class='ocrx_word' id='word_1_55' title='bbox 361 962 557 1012; x_wconf 80' lang='lat' dir='ltr'><strong><em>Docebo</em></strong></span> <span class='ocrx_word' id='word_1_56' title='bbox 605 960 813 1024; x_wconf 84' lang='lat' dir='ltr'><strong><em>iniquos</em></strong></span> <span class='ocrx_word' id='word_1_57' title='bbox 843 958 953 1012; x_wconf 89' lang='lat' dir='ltr'><strong><em>vias</em></strong></span> <span class='ocrx_word' id='word_1_58' title='bbox 987 969 1107 1013; x_wconf 89' lang='lat' dir='ltr'><strong><em>tuas</em></strong></span> <span class='ocrx_word' id='word_1_59' title='bbox 1142 977 1159 1014; x_wconf 86' lang='lat'><strong><em>:</em></strong></span> <span class='ocrx_word' id='word_1_60' title='bbox 1192 970 1239 1014; x_wconf 87' lang='lat' dir='ltr'><strong><em>et</em></strong></span> <span class='ocrx_word' id='word_1_61' title='bbox 1271 962 1419 1029; x_wconf 87' lang='lat' dir='ltr'><strong><em>impii</em></strong></span> <span class='ocrx_word' id='word_1_62' title='bbox 1442 963 1511 1015; x_wconf 88' lang='lat' dir='ltr'><strong><em>ad</em></strong></span> <span class='ocrx_word' id='word_1_63' title='bbox 1540 970 1588 1016; x_wconf 84' lang='lat' dir='ltr'><strong><em>te</em></strong></span> <span class='ocrx_word' id='word_1_64' title='bbox 1649 980 1862 1017; x_wconf 76' lang='lat' dir='ltr'><strong><em>canuer-</em></strong></span> 
     </span>
    </p>
   </div>
   <div class='ocr_carea' id='block_1_11' title="bbox 291 1062 492 1103">
    <p class='ocr_par' dir='ltr' id='par_1_11' title="bbox 291 1062 492 1103">
     <span class='ocr_line' id='line_1_11' title="bbox 291 1062 492 1103; baseline 0 0"><span class='ocrx_word' id='word_1_65' title='bbox 291 1062 492 1103; x_wconf 81' lang='lat' dir='ltr'><strong><em>lentur.</em></strong></span> 
     </span>
    </p>
   </div>
   <div class='ocr_carea' id='block_1_12' title="bbox 357 1140 1862 1211">
    <p class='ocr_par' dir='ltr' id='par_1_12' title="bbox 357 1140 1862 1211">
     <span class='ocr_line' id='line_1_12' title="bbox 357 1140 1862 1211; baseline 0.002 -18"><span class='ocrx_word' id='word_1_66' title='bbox 357 1143 544 1194; x_wconf 76' lang='lat' dir='ltr'><strong><em>Libera</em></strong></span> <span class='ocrx_word' id='word_1_67' title='bbox 564 1157 648 1193; x_wconf 89' lang='lat' dir='ltr'><strong><em>me</em></strong></span> <span class='ocrx_word' id='word_1_68' title='bbox 671 1141 733 1194; x_wconf 87' lang='lat' dir='ltr'><strong><em>de</em></strong></span> <span class='ocrx_word' id='word_1_69' title='bbox 756 1140 1118 1211; x_wconf 79' lang='lat' dir='ltr'><strong><em>sanguinibus,</em></strong></span> <span class='ocrx_word' id='word_1_70' title='bbox 1149 1142 1306 1207; x_wconf 89' lang='lat' dir='ltr'><strong><em>Deus,</em></strong></span> <span class='ocrx_word' id='word_1_71' title='bbox 1336 1142 1469 1197; x_wconf 86' lang='lat' dir='ltr'><strong><em>Deus</em></strong></span> <span class='ocrx_word' id='word_1_72' title='bbox 1485 1144 1675 1198; x_wconf 85' lang='lat' dir='ltr'><strong><em>salutis</em></strong></span> <span class='ocrx_word' id='word_1_73' title='bbox 1696 1162 1822 1200; x_wconf 69' lang='lat' dir='ltr'><strong><em>metu</em></strong></span> <span class='ocrx_word' id='word_1_74' title='bbox 1843 1160 1862 1196; x_wconf 91' lang='lat'><strong><em>:</em></strong></span> 
     </span>
    </p>
   </div>
   <div class='ocr_carea' id='block_1_13' title="bbox 284 1232 1702 1303">
    <p class='ocr_par' dir='ltr' id='par_1_13' title="bbox 284 1232 1702 1303">
     <span class='ocr_line' id='line_1_13' title="bbox 284 1232 1702 1303; baseline 0.004 -16"><span class='ocrx_word' id='word_1_75' title='bbox 284 1247 347 1287; x_wconf 74' lang='grc' dir='ltr'><strong><em>-ε-</em></strong></span> <span class='ocrx_word' id='word_1_76' title='bbox 391 1244 439 1287; x_wconf 85' lang='lat' dir='ltr'><strong><em>et</em></strong></span> <span class='ocrx_word' id='word_1_77' title='bbox 475 1234 496 1301; x_wconf 72' lang='grc' dir='ltr'>ζ</span> <span class='ocrx_word' id='word_1_78' title='bbox 530 1233 838 1286; x_wconf 61' lang='lat' dir='ltr'><strong><em>exsultabitI</em></strong></span> <span class='ocrx_word' id='word_1_79' title='bbox 867 1232 1045 1302; x_wconf 82' lang='lat' dir='ltr'><strong><em>lingua</em></strong></span> <span class='ocrx_word' id='word_1_80' title='bbox 1071 1250 1185 1287; x_wconf 88' lang='lat' dir='ltr'><strong><em>mea</em></strong></span> <span class='ocrx_word' id='word_1_81' title='bbox 1226 1234 1494 1303; x_wconf 74' lang='lat' dir='ltr'><strong><em>justitiam</em></strong></span> <span class='ocrx_word' id='word_1_82' title='bbox 1532 1245 1702 1292; x_wconf 86' lang='lat' dir='ltr'><strong><em>tuam.</em></strong></span> 
     </span>
    </p>
   </div>
   <div class='ocr_carea' id='block_1_14' title="bbox 357 1411 1861 1481">
    <p class='ocr_par' dir='ltr' id='par_1_14' title="bbox 357 1411 1861 1481">
     <span class='ocr_line' id='line_1_14' title="bbox 357 1411 1861 1481; baseline 0.001 -17"><span class='ocrx_word' id='word_1_83' title='bbox 357 1411 591 1477; x_wconf 80' lang='lat' dir='ltr'><strong><em>Domine,</em></strong></span> <span class='ocrx_word' id='word_1_84' title='bbox 627 1412 769 1465; x_wconf 82' lang='lat' dir='ltr'><strong><em>labia</em></strong></span> <span class='ocrx_word' id='word_1_85' title='bbox 797 1426 911 1465; x_wconf 88' lang='lat' dir='ltr'><strong><em>mea</em></strong></span> <span class='ocrx_word' id='word_1_86' title='bbox 938 1412 1136 1481; x_wconf 76' lang='lat' dir='ltr'><strong><em>aperias</em></strong></span> <span class='ocrx_word' id='word_1_87' title='bbox 1160 1426 1178 1465; x_wconf 92' lang='lat'><strong><em>:</em></strong></span> <span class='ocrx_word' id='word_1_88' title='bbox 1207 1421 1253 1465; x_wconf 89' lang='lat' dir='ltr'><strong><em>et</em></strong></span> <span class='ocrx_word' id='word_1_89' title='bbox 1287 1427 1343 1465; x_wconf 90' lang='lat' dir='ltr'><strong><em>os</em></strong></span> <span class='ocrx_word' id='word_1_90' title='bbox 1373 1427 1545 1467; x_wconf 89' lang='lat' dir='ltr'><strong><em>meum</em></strong></span> <span class='ocrx_word' id='word_1_91' title='bbox 1572 1414 1861 1466; x_wconf 88' lang='lat' dir='ltr'><strong><em>annuntia-</em></strong></span> 
     </span>
    </p>
   </div>
   <div class='ocr_carea' id='block_1_15' title="bbox 282 1503 788 1556">
    <p class='ocr_par' dir='ltr' id='par_1_15' title="bbox 282 1503 788 1556">
     <span class='ocr_line' id='line_1_15' title="bbox 282 1503 788 1556; baseline 0 0"><span class='ocrx_word' id='word_1_92' title='bbox 282 1504 357 1556; x_wconf 85' lang='lat' dir='ltr'><strong><em>bit</em></strong></span> <span class='ocrx_word' id='word_1_93' title='bbox 387 1503 588 1554; x_wconf 85' lang='lat' dir='ltr'><strong><em>laudem</em></strong></span> <span class='ocrx_word' id='word_1_94' title='bbox 618 1512 788 1556; x_wconf 83' lang='lat' dir='ltr'><strong><em>luam.</em></strong></span> 
     </span>
    </p>
   </div>
   <div class='ocr_carea' id='block_1_16' title="bbox 355 1593 1863 1663">
    <p class='ocr_par' dir='ltr' id='par_1_16' title="bbox 355 1593 1863 1663">
     <span class='ocr_line' id='line_1_16' title="bbox 355 1593 1863 1663; baseline 0 -17"><span class='ocrx_word' id='word_1_95' title='bbox 355 1594 619 1657; x_wconf 84' lang='lat' dir='ltr'><strong><em>Quoniam</em></strong></span> <span class='ocrx_word' id='word_1_96' title='bbox 644 1594 691 1646; x_wconf 90' lang='lat' dir='ltr'><strong><em>si</em></strong></span> <span class='ocrx_word' id='word_1_97' title='bbox 716 1593 965 1647; x_wconf 75' lang='lat' dir='ltr'><strong><em>uoluisses</em></strong></span> <span class='ocrx_word' id='word_1_98' title='bbox 992 1594 1334 1661; x_wconf 69' lang='lat' dir='ltr'><strong><em>sacriﬁcium,</em></strong></span> <span class='ocrx_word' id='word_1_99' title='bbox 1365 1593 1615 1647; x_wconf 77' lang='lat' dir='ltr'><strong><em>dedissem</em></strong></span> <span class='ocrx_word' id='word_1_100' title='bbox 1650 1595 1825 1663; x_wconf 89' lang='lat' dir='ltr'><strong><em>utique</em></strong></span> <span class='ocrx_word' id='word_1_101' title='bbox 1843 1608 1863 1646; x_wconf 91' lang='lat'><strong><em>:</em></strong></span> 
     </span>
    </p>
   </div>
   <div class='ocr_carea' id='block_1_17' title="bbox 282 1682 1149 1738">
    <p class='ocr_par' dir='ltr' id='par_1_17' title="bbox 282 1682 1149 1738">
     <span class='ocr_line' id='line_1_17' title="bbox 282 1682 1149 1738; baseline 0.006 -6"><span class='ocrx_word' id='word_1_102' title='bbox 282 1683 460 1735; x_wconf 79' lang='lat' dir='ltr'><strong><em>uoloca</em></strong></span> <span class='ocrx_word' id='word_1_103' title='bbox 474 1685 601 1736; x_wconf 88' lang='lat' dir='ltr'><strong><em>ustis</em></strong></span> <span class='ocrx_word' id='word_1_104' title='bbox 634 1699 736 1735; x_wconf 89' lang='lat' dir='ltr'><strong><em>non</em></strong></span> <span class='ocrx_word' id='word_1_105' title='bbox 792 1682 1149 1738; x_wconf 86' lang='lat' dir='ltr'><strong><em>delectaberis.</em></strong></span> 
     </span>
    </p>
   </div>
   <div class='ocr_carea' id='block_1_18' title="bbox 1966 502 2985 560">
    <p class='ocr_par' dir='ltr' id='par_1_18' title="bbox 1966 502 2985 560">
     <span class='ocr_line' id='line_1_18' title="bbox 1966 502 2985 560; baseline -0.006 0"><span class='ocrx_word' id='word_1_106' title='bbox 1966 517 2112 560; x_wconf 87' lang='lat' dir='ltr'><strong><em>ctum</em></strong></span> <span class='ocrx_word' id='word_1_107' title='bbox 2146 509 2339 560; x_wconf 83' lang='lat' dir='ltr'><strong><em>innova</em></strong></span> <span class='ocrx_word' id='word_1_108' title='bbox 2366 508 2417 559; x_wconf 90' lang='lat' dir='ltr'><strong><em>in</em></strong></span> <span class='ocrx_word' id='word_1_109' title='bbox 2446 504 2745 559; x_wconf 73' lang='lat' dir='ltr'><strong><em>visceribus</em></strong></span> <span class='ocrx_word' id='word_1_110' title='bbox 2794 502 2950 554; x_wconf 73' lang='lat' dir='ltr'><strong><em>meis’</em></strong></span> <span class='ocrx_word' id='word_1_111' title='bbox 2970 539 2985 554; x_wconf 92' lang='lat'><strong><em>.</em></strong></span> 
     </span>
    </p>
   </div>
   <div class='ocr_carea' id='block_1_19' title="bbox 2036 587 3547 667">
    <p class='ocr_par' dir='ltr' id='par_1_19' title="bbox 2036 587 3547 667">
     <span class='ocr_line' id='line_1_19' title="bbox 2036 587 3547 667; baseline -0.007 -17"><span class='ocrx_word' id='word_1_112' title='bbox 2036 597 2115 651; x_wconf 87' lang='lat' dir='ltr'><strong><em>Ne</em></strong></span> <span class='ocrx_word' id='word_1_113' title='bbox 2138 597 2391 667; x_wconf 84' lang='lat' dir='ltr'><strong><em>projicias</em></strong></span> <span class='ocrx_word' id='word_1_114' title='bbox 2422 611 2505 649; x_wconf 89' lang='lat' dir='ltr'><strong><em>me</em></strong></span> <span class='ocrx_word' id='word_1_115' title='bbox 2529 611 2555 647; x_wconf 88' lang='lat' dir='ltr'><strong><em>a</em></strong></span> <span class='ocrx_word' id='word_1_116' title='bbox 2577 594 2711 647; x_wconf 82' lang='lat' dir='ltr'><strong><em>facie</em></strong></span> <span class='ocrx_word' id='word_1_117' title='bbox 2736 603 2825 645; x_wconf 83' lang='lat' dir='ltr'><strong><em>tua</em></strong></span> <span class='ocrx_word' id='word_1_118' title='bbox 2855 600 2940 644; x_wconf 89' lang='lat' dir='ltr'><strong><em>:et</em></strong></span> <span class='ocrx_word' id='word_1_119' title='bbox 2970 587 3235 656; x_wconf 83' lang='lat' dir='ltr'><strong><em>Spiritum</em></strong></span> <span class='ocrx_word' id='word_1_120' title='bbox 3299 595 3547 639; x_wconf 84' lang='lat' dir='ltr'><strong><em>sanctum</em></strong></span> 
     </span>
    </p>
   </div>
   <div class='ocr_carea' id='block_1_20' title="bbox 1968 687 2665 743">
    <p class='ocr_par' dir='ltr' id='par_1_20' title="bbox 1968 687 2665 743">
     <span class='ocr_line' id='line_1_20' title="bbox 1968 687 2665 743; baseline -0.009 0"><span class='ocrx_word' id='word_1_121' title='bbox 1968 698 2118 743; x_wconf 90' lang='lat' dir='ltr'><strong><em>tuum</em></strong></span> <span class='ocrx_word' id='word_1_122' title='bbox 2149 704 2218 742; x_wconf 87' lang='lat' dir='ltr'><strong><em>ne</em></strong></span> <span class='ocrx_word' id='word_1_123' title='bbox 2256 687 2470 741; x_wconf 79' lang='lat' dir='ltr'><strong><em>auferas</em></strong></span> <span class='ocrx_word' id='word_1_124' title='bbox 2497 701 2524 739; x_wconf 87' lang='lat' dir='ltr'><strong><em>a</em></strong></span> <span class='ocrx_word' id='word_1_125' title='bbox 2562 702 2665 738; x_wconf 85' lang='lat' dir='ltr'><strong><em>me.</em></strong></span> 
     </span>
    </p>
   </div>
   <div class='ocr_carea' id='block_1_21' title="bbox 2043 770 3544 837">
    <p class='ocr_par' dir='ltr' id='par_1_21' title="bbox 2043 770 3544 837">
     <span class='ocr_line' id='line_1_21' title="bbox 2043 770 3544 837; baseline -0.007 -4"><span class='ocrx_word' id='word_1_126' title='bbox 2043 779 2230 833; x_wconf 81' lang='lat' dir='ltr'><strong>Redde</strong></span> <span class='ocrx_word' id='word_1_127' title='bbox 2266 778 2399 831; x_wconf 88' lang='lat' dir='ltr'><strong><em>mihi</em></strong></span> <span class='ocrx_word' id='word_1_128' title='bbox 2462 777 2706 831; x_wconf 64' lang='lat' dir='ltr'><strong><em>laetitiam</em></strong></span> <span class='ocrx_word' id='word_1_129' title='bbox 2751 771 3009 828; x_wconf 82' lang='lat' dir='ltr'><strong><em>salutaris</em></strong></span> <span class='ocrx_word' id='word_1_130' title='bbox 3075 772 3189 824; x_wconf 89' lang='lat' dir='ltr'><strong><em>tui:</em></strong></span> <span class='ocrx_word' id='word_1_131' title='bbox 3251 778 3307 822; x_wconf 86' lang='lat' dir='ltr'><strong><em>et</em></strong></span> <span class='ocrx_word' id='word_1_132' title='bbox 3356 770 3544 837; x_wconf 79' lang='lat' dir='ltr'><strong><em>spiritu</em></strong></span> 
     </span>
    </p>
   </div>
   <div class='ocr_carea' id='block_1_22' title="bbox 1976 870 2697 940">
    <p class='ocr_par' dir='ltr' id='par_1_22' title="bbox 1976 870 2697 940">
     <span class='ocr_line' id='line_1_22' title="bbox 1976 870 2697 940; baseline -0.004 -17"><span class='ocrx_word' id='word_1_133' title='bbox 1976 871 2264 940; x_wconf 75' lang='lat' dir='ltr'><strong><em>principali</em></strong></span> <span class='ocrx_word' id='word_1_134' title='bbox 2298 870 2557 923; x_wconf 75' lang='lat' dir='ltr'><strong><em>confirma</em></strong></span> <span class='ocrx_word' id='word_1_135' title='bbox 2592 884 2697 920; x_wconf 88' lang='lat' dir='ltr'><strong><em>me.</em></strong></span> 
     </span>
    </p>
   </div>
   <div class='ocr_carea' id='block_1_23' title="bbox 2038 956 3546 1035">
    <p class='ocr_par' dir='ltr' id='par_1_23' title="bbox 2038 956 3546 1035">
     <span class='ocr_line' id='line_1_23' title="bbox 2038 956 3546 1035; baseline -0.006 -17"><span class='ocrx_word' id='word_1_136' title='bbox 2038 956 2260 1035; x_wconf 63' lang='lat' dir='ltr'><strong><em>Docebo;</em></strong></span> <span class='ocrx_word' id='word_1_137' title='bbox 2285 962 2410 1031; x_wconf 84' lang='lat' dir='ltr'><strong><em>[ms.</em></strong></span> <span class='ocrx_word' id='word_1_138' title='bbox 2441 961 2695 1033; x_wconf 82' lang='lat' dir='ltr'><strong><em>Doceath</em></strong></span> <span class='ocrx_word' id='word_1_139' title='bbox 2747 961 2962 1030; x_wconf 80' lang='lat' dir='ltr'><strong><em>iniquos</em></strong></span> <span class='ocrx_word' id='word_1_140' title='bbox 3003 960 3116 1012; x_wconf 75' lang='lat' dir='ltr'><strong><em>vias</em></strong></span> <span class='ocrx_word' id='word_1_141' title='bbox 3146 969 3286 1014; x_wconf 86' lang='lat' dir='ltr'><strong><em>tuas:</em></strong></span> <span class='ocrx_word' id='word_1_142' title='bbox 3318 967 3371 1011; x_wconf 89' lang='lat' dir='ltr'><strong><em>et</em></strong></span> <span class='ocrx_word' id='word_1_143' title='bbox 3396 957 3546 1025; x_wconf 86' lang='lat' dir='ltr'><strong><em>impii</em></strong></span> 
     </span>
    </p>
   </div>
   <div class='ocr_carea' id='block_1_24' title="bbox 1969 1054 2571 1109">
    <p class='ocr_par' dir='ltr' id='par_1_24' title="bbox 1969 1054 2571 1109">
     <span class='ocr_line' id='line_1_24' title="bbox 1969 1054 2571 1109; baseline 0.002 -3"><span class='ocrx_word' id='word_1_144' title='bbox 1969 1054 2035 1109; x_wconf 85' lang='lat' dir='ltr'><strong><em>ad</em></strong></span> <span class='ocrx_word' id='word_1_145' title='bbox 2078 1064 2129 1109; x_wconf 85' lang='lat' dir='ltr'><strong><em>te</em></strong></span> <span class='ocrx_word' id='word_1_146' title='bbox 2159 1064 2571 1109; x_wconf 77' lang='lat' dir='ltr'><strong><em>convertentur.</em></strong></span> 
     </span>
    </p>
   </div>
   <div class='ocr_carea' id='block_1_25' title="bbox 2036 1141 3548 1210">
    <p class='ocr_par' dir='ltr' id='par_1_25' title="bbox 2036 1141 3548 1210">
     <span class='ocr_line' id='line_1_25' title="bbox 2036 1141 3548 1210; baseline -0.006 -11"><span class='ocrx_word' id='word_1_147' title='bbox 2036 1145 2233 1199; x_wconf 82' lang='lat' dir='ltr'><strong><em>Libera</em></strong></span> <span class='ocrx_word' id='word_1_148' title='bbox 2269 1161 2353 1199; x_wconf 88' lang='lat' dir='ltr'><strong><em>me</em></strong></span> <span class='ocrx_word' id='word_1_149' title='bbox 2377 1145 2445 1198; x_wconf 88' lang='lat' dir='ltr'><strong><em>de</em></strong></span> <span class='ocrx_word' id='word_1_150' title='bbox 2501 1144 2859 1210; x_wconf 61' lang='lat' dir='ltr'><strong><em>sanguinibus</em></strong></span> <span class='ocrx_word' id='word_1_151' title='bbox 2891 1143 2945 1207; x_wconf 77' lang='grc'><strong><em>⁸,</em></strong></span> <span class='ocrx_word' id='word_1_152' title='bbox 2981 1145 3141 1205; x_wconf 79' lang='lat' dir='ltr'><strong><em>Deus.</em></strong></span> <span class='ocrx_word' id='word_1_153' title='bbox 3168 1144 3308 1198; x_wconf 87' lang='lat' dir='ltr'><strong><em>Deus</em></strong></span> <span class='ocrx_word' id='word_1_154' title='bbox 3358 1141 3548 1195; x_wconf 80' lang='lat' dir='ltr'><strong><em>salutis</em></strong></span> 
     </span>
    </p>
   </div>
   <div class='ocr_carea' id='block_1_26' title="bbox 1967 1234 3546 1307">
    <p class='ocr_par' dir='ltr' id='par_1_26' title="bbox 1967 1234 3546 1307">
     <span class='ocr_line' id='line_1_26' title="bbox 1967 1234 3546 1307; baseline -0.004 -17"><span class='ocrx_word' id='word_1_155' title='bbox 1967 1253 2122 1299; x_wconf 62' lang='lat' dir='ltr'><strong><em>mea},</em></strong></span> <span class='ocrx_word' id='word_1_156' title='bbox 2153 1247 2205 1291; x_wconf 87' lang='lat' dir='ltr'><strong><em>et</em></strong></span> <span class='ocrx_word' id='word_1_157' title='bbox 2227 1235 2346 1307; x_wconf 89' lang='lat' dir='ltr'><strong><em>[ms.</em></strong></span> <span class='ocrx_word' id='word_1_158' title='bbox 2369 1246 2500 1290; x_wconf 87' lang='lat' dir='ltr'><strong><em>tacet</em></strong></span> <span class='ocrx_word' id='word_1_159' title='bbox 2522 1235 2600 1307; x_wconf 85' lang='lat' dir='ltr'><strong><em>et]</em></strong></span> <span class='ocrx_word' id='word_1_160' title='bbox 2620 1235 2913 1290; x_wconf 79' lang='lat' dir='ltr'><strong><em>exsultabit</em></strong></span> <span class='ocrx_word' id='word_1_161' title='bbox 2941 1236 3117 1304; x_wconf 77' lang='lat' dir='ltr'><strong><em>lingua</em></strong></span> <span class='ocrx_word' id='word_1_162' title='bbox 3139 1251 3253 1288; x_wconf 75' lang='lat' dir='ltr'><strong><em>mea</em></strong></span> <span class='ocrx_word' id='word_1_163' title='bbox 3280 1234 3546 1303; x_wconf 73' lang='lat' dir='ltr'><strong><em>justitiam</em></strong></span> 
     </span>
    </p>
   </div>
   <div class='ocr_carea' id='block_1_27' title="bbox 1967 1340 2138 1381">
    <p class='ocr_par' dir='ltr' id='par_1_27' title="bbox 1967 1340 2138 1381">
     <span class='ocr_line' id='line_1_27' title="bbox 1967 1340 2138 1381; baseline 0 0"><span class='ocrx_word' id='word_1_164' title='bbox 1967 1340 2138 1381; x_wconf 84' lang='lat' dir='ltr'><strong><em>tuam.</em></strong></span> 
     </span>
    </p>
   </div>
   <div class='ocr_carea' id='block_1_28' title="bbox 2042 1416 3544 1485">
    <p class='ocr_par' dir='ltr' id='par_1_28' title="bbox 2042 1416 3544 1485">
     <span class='ocr_line' id='line_1_28' title="bbox 2042 1416 3544 1485; baseline -0.005 -16"><span class='ocrx_word' id='word_1_165' title='bbox 2042 1417 2291 1483; x_wconf 85' lang='lat' dir='ltr'><strong><em>Domine,</em></strong></span> <span class='ocrx_word' id='word_1_166' title='bbox 2322 1418 2459 1473; x_wconf 85' lang='lat' dir='ltr'><strong><em>labia</em></strong></span> <span class='ocrx_word' id='word_1_167' title='bbox 2492 1433 2608 1471; x_wconf 89' lang='lat' dir='ltr'><strong><em>mea</em></strong></span> <span class='ocrx_word' id='word_1_168' title='bbox 2645 1416 2896 1485; x_wconf 83' lang='lat' dir='ltr'><strong><em>aperies:</em></strong></span> <span class='ocrx_word' id='word_1_169' title='bbox 2934 1425 2985 1468; x_wconf 91' lang='lat' dir='ltr'><strong><em>et</em></strong></span> <span class='ocrx_word' id='word_1_170' title='bbox 3010 1429 3070 1466; x_wconf 88' lang='lat' dir='ltr'><strong><em>os</em></strong></span> <span class='ocrx_word' id='word_1_171' title='bbox 3112 1429 3289 1464; x_wconf 73' lang='grc' dir='ltr'>ιιιίιιιιιι</span> <span class='ocrx_word' id='word_1_172' title='bbox 3330 1426 3544 1463; x_wconf 81' lang='lat' dir='ltr'><strong><em>annun-</em></strong></span> 
     </span>
    </p>
   </div>
   <div class='ocr_carea' id='block_1_29' title="bbox 1969 1506 2570 1561">
    <p class='ocr_par' dir='ltr' id='par_1_29' title="bbox 1969 1506 2570 1561">
     <span class='ocr_line' id='line_1_29' title="bbox 1969 1506 2570 1561; baseline -0.002 -2"><span class='ocrx_word' id='word_1_173' title='bbox 1969 1506 2127 1560; x_wconf 77' lang='lat' dir='ltr'><strong><em>tiabit</em></strong></span> <span class='ocrx_word' id='word_1_174' title='bbox 2154 1507 2371 1561; x_wconf 86' lang='lat' dir='ltr'><strong><em>laudem</em></strong></span> <span class='ocrx_word' id='word_1_175' title='bbox 2400 1517 2570 1559; x_wconf 88' lang='lat' dir='ltr'><strong><em>tuam.</em></strong></span> 
     </span>
    </p>
   </div>
   <div class='ocr_carea' id='block_1_30' title="bbox 2037 1593 3547 1665">
    <p class='ocr_par' dir='ltr' id='par_1_30' title="bbox 2037 1593 3547 1665">
     <span class='ocr_line' id='line_1_30' title="bbox 2037 1593 3547 1665; baseline -0.005 -12"><span class='ocrx_word' id='word_1_176' title='bbox 2037 1598 2301 1665; x_wconf 85' lang='lat' dir='ltr'><strong><em>Quoniam</em></strong></span> <span class='ocrx_word' id='word_1_177' title='bbox 2336 1598 2379 1653; x_wconf 91' lang='lat' dir='ltr'><strong><em>si</em></strong></span> <span class='ocrx_word' id='word_1_178' title='bbox 2404 1598 2668 1652; x_wconf 85' lang='lat' dir='ltr'><strong><em>voluisses</em></strong></span> <span class='ocrx_word' id='word_1_179' title='bbox 2722 1595 3075 1660; x_wconf 88' lang='lat' dir='ltr'><strong><em>sacrillcium,</em></strong></span> <span class='ocrx_word' id='word_1_180' title='bbox 3128 1594 3407 1650; x_wconf 82' lang='lat' dir='ltr'><strong><em>dedissem</em></strong></span> <span class='ocrx_word' id='word_1_181' title='bbox 3436 1593 3547 1646; x_wconf 84' lang='lat' dir='ltr'><strong><em>uti-</em></strong></span> 
     </span>
    </p>
   </div>
   <div class='ocr_carea' id='block_1_31' title="bbox 1966 1687 3050 1758">
    <p class='ocr_par' dir='ltr' id='par_1_31' title="bbox 1966 1687 3050 1758">
     <span class='ocr_line' id='line_1_31' title="bbox 1966 1687 3050 1758; baseline 0 -17"><span class='ocrx_word' id='word_1_182' title='bbox 1966 1705 2114 1758; x_wconf 86' lang='lat' dir='ltr'><strong><em>que:</em></strong></span> <span class='ocrx_word' id='word_1_183' title='bbox 2162 1689 2494 1743; x_wconf 84' lang='lat' dir='ltr'><strong><em>holocaustis</em></strong></span> <span class='ocrx_word' id='word_1_184' title='bbox 2524 1704 2633 1741; x_wconf 88' lang='lat' dir='ltr'><strong><em>non</em></strong></span> <span class='ocrx_word' id='word_1_185' title='bbox 2670 1687 3050 1741; x_wconf 87' lang='lat' dir='ltr'><strong><em>delectaberis.</em></strong></span> 
     </span>
    </p>
   </div>
   <div class='ocr_carea' id='block_1_32' title="bbox 358 1761 3549 1851">
    <p class='ocr_par' dir='ltr' id='par_1_32' title="bbox 358 1761 3549 1851">
     <span class='ocr_line' id='line_1_32' title="bbox 358 1761 3549 1851; baseline 0.001 -24"><span class='ocrx_word' id='word_1_186' title='bbox 358 1774 694 1841; x_wconf 83' lang='lat' dir='ltr'><strong><em>Sacri/icium</em></strong></span> <span class='ocrx_word' id='word_1_187' title='bbox 729 1775 836 1851; x_wconf 66' lang='lat' dir='ltr'><strong><em>Deo</em></strong></span> <span class='ocrx_word' id='word_1_188' title='bbox 869 1776 1085 1839; x_wconf 83' lang='lat' dir='ltr'><strong><em>spiritus</em></strong></span> <span class='ocrx_word' id='word_1_189' title='bbox 1116 1772 1503 1827; x_wconf 82' lang='lat' dir='ltr'><strong><em>contribulatus</em></strong></span> <span class='ocrx_word' id='word_1_190' title='bbox 1532 1790 1548 1827; x_wconf 94' lang='lat'><strong><em>:</em></strong></span> <span class='ocrx_word' id='word_1_191' title='bbox 1580 1790 1672 1828; x_wconf 89' lang='lat' dir='ltr'><strong><em>cor</em></strong></span> <span class='ocrx_word' id='word_1_192' title='bbox 1737 1793 1831 1829; x_wconf 89' lang='lat' dir='ltr'><strong><em>con</em></strong></span> <span class='ocrx_word' id='word_1_193' title='bbox 1892 1761 1935 1816; x_wconf 75' lang='grc' dir='ltr'><strong>Β</strong></span> <span class='ocrx_word' id='word_1_194' title='bbox 2034 1780 2372 1835; x_wconf 77' lang='lat' dir='ltr'><strong><em>Sacrificium</em></strong></span> <span class='ocrx_word' id='word_1_195' title='bbox 2398 1782 2506 1834; x_wconf 90' lang='lat' dir='ltr'><strong><em>Deo</em></strong></span> <span class='ocrx_word' id='word_1_196' title='bbox 2536 1779 2758 1848; x_wconf 88' lang='lat' dir='ltr'><strong><em>spiritus</em></strong></span> <span class='ocrx_word' id='word_1_197' title='bbox 2784 1779 3228 1833; x_wconf 81' lang='lat' dir='ltr'><strong><em>contribulatus’</em></strong></span> <span class='ocrx_word' id='word_1_198' title='bbox 3257 1794 3271 1833; x_wconf 86' lang='lat'><strong>:</strong></span> <span class='ocrx_word' id='word_1_199' title='bbox 3305 1793 3398 1832; x_wconf 88' lang='lat' dir='ltr'><strong><em>cor</em></strong></span> <span class='ocrx_word' id='word_1_200' title='bbox 3415 1793 3549 1832; x_wconf 86' lang='lat' dir='ltr'><strong><em>con-</em></strong></span> 
     </span>
    </p>
   </div>
   <div class='ocr_carea' id='block_1_33' title="bbox 282 1864 1586 1931">
    <p class='ocr_par' dir='ltr' id='par_1_33' title="bbox 282 1864 1586 1931">
     <span class='ocr_line' id='line_1_33' title="bbox 282 1864 1586 1931; baseline 0.001 -13"><span class='ocrx_word' id='word_1_201' title='bbox 282 1868 463 1918; x_wconf 84' lang='lat' dir='ltr'><strong><em>tritum</em></strong></span> <span class='ocrx_word' id='word_1_202' title='bbox 493 1874 540 1919; x_wconf 78' lang='lat' dir='ltr'><strong><em>et</em></strong></span> <span class='ocrx_word' id='word_1_203' title='bbox 582 1866 945 1930; x_wconf 80' lang='lat' dir='ltr'><strong><em>humiliatnm,</em></strong></span> <span class='ocrx_word' id='word_1_204' title='bbox 978 1865 1141 1929; x_wconf 86' lang='lat' dir='ltr'><strong><em>Deus,</em></strong></span> <span class='ocrx_word' id='word_1_205' title='bbox 1174 1880 1277 1917; x_wconf 88' lang='lat' dir='ltr'><strong><em>non</em></strong></span> <span class='ocrx_word' id='word_1_206' title='bbox 1315 1864 1586 1931; x_wconf 82' lang='lat' dir='ltr'><strong><em>despicies.</em></strong></span> 
     </span>
    </p>
   </div>
   <div class='ocr_carea' id='block_1_34' title="bbox 365 1954 1864 2030">
    <p class='ocr_par' dir='ltr' id='par_1_34' title="bbox 365 1954 1864 2030">
     <span class='ocr_line' id='line_1_34' title="bbox 365 1954 1864 2030; baseline -0.003 -17"><span class='ocrx_word' id='word_1_207' title='bbox 365 1960 596 2030; x_wconf 83' lang='lat' dir='ltr'><strong><em>Benigne</em></strong></span> <span class='ocrx_word' id='word_1_208' title='bbox 627 1960 711 2027; x_wconf 79' lang='lat' dir='ltr'><strong><em>fac</em></strong></span> <span class='ocrx_word' id='word_1_209' title='bbox 740 1971 803 2011; x_wconf 76' lang='lat'>+</span> <span class='ocrx_word' id='word_1_210' title='bbox 828 1956 1044 2009; x_wconf 84' lang='lat' dir='ltr'><strong><em>Domine</em></strong></span> <span class='ocrx_word' id='word_1_211' title='bbox 1078 1956 1099 2024; x_wconf 70' lang='grc' dir='ltr'>ζ</span> <span class='ocrx_word' id='word_1_212' title='bbox 1133 1957 1185 2009; x_wconf 90' lang='lat' dir='ltr'><strong><em>in</em></strong></span> <span class='ocrx_word' id='word_1_213' title='bbox 1220 1956 1355 2008; x_wconf 88' lang='lat' dir='ltr'><strong><em>bona</em></strong></span> <span class='ocrx_word' id='word_1_214' title='bbox 1386 1954 1409 2023; x_wconf 72' lang='grc' dir='ltr'>ζ</span> <span class='ocrx_word' id='word_1_215' title='bbox 1435 1957 1705 2008; x_wconf 77' lang='lat' dir='ltr'><strong><em>voluntate</em></strong></span> <span class='ocrx_word' id='word_1_216' title='bbox 1730 1957 1750 1986; x_wconf 85' lang='grc'>¹</span> <span class='ocrx_word' id='word_1_217' title='bbox 1773 1964 1864 2009; x_wconf 88' lang='lat' dir='ltr'><strong><em>tua</em></strong></span> 
     </span>
    </p>
   </div>
   <div class='ocr_carea' id='block_1_35' title="bbox 281 2046 1541 2119">
    <p class='ocr_par' dir='ltr' id='par_1_35' title="bbox 281 2046 1541 2119">
     <span class='ocr_line' id='line_1_35' title="bbox 281 2046 1541 2119; baseline -0.009 -11"><span class='ocrx_word' id='word_1_218' title='bbox 281 2055 444 2109; x_wconf 86' lang='lat' dir='ltr'><strong><em>Sion:</em></strong></span> <span class='ocrx_word' id='word_1_219' title='bbox 469 2067 531 2107; x_wconf 70' lang='grc' dir='ltr'><strong><em>σε·</em></strong></span> <span class='ocrx_word' id='word_1_220' title='bbox 563 2062 617 2105; x_wconf 89' lang='lat' dir='ltr'><strong><em>ut</em></strong></span> <span class='ocrx_word' id='word_1_221' title='bbox 648 2051 671 2119; x_wconf 70' lang='grc' dir='ltr'>ζ</span> <span class='ocrx_word' id='word_1_222' title='bbox 703 2049 1028 2116; x_wconf 63' lang='lat' dir='ltr'><strong><em>aedificentur</em></strong></span> <span class='ocrx_word' id='word_1_223' title='bbox 1054 2048 1191 2101; x_wconf 85' lang='lat' dir='ltr'><strong><em>muri</em></strong></span> <span class='ocrx_word' id='word_1_224' title='bbox 1222 2046 1541 2101; x_wconf 85' lang='lat' dir='ltr'><strong><em>Jerusalem.</em></strong></span> 
     </span>
    </p>
   </div>
   <div class='ocr_carea' id='block_1_36' title="bbox 358 2137 1861 2211">
    <p class='ocr_par' dir='ltr' id='par_1_36' title="bbox 358 2137 1861 2211">
     <span class='ocr_line' id='line_1_36' title="bbox 358 2137 1861 2211; baseline -0.005 -11"><span class='ocrx_word' id='word_1_225' title='bbox 358 2147 497 2201; x_wconf 81' lang='lat' dir='ltr'><strong><em>Tunc</em></strong></span> <span class='ocrx_word' id='word_1_226' title='bbox 530 2145 820 2211; x_wconf 79' lang='lat' dir='ltr'><strong><em>acceptabis</em></strong></span> <span class='ocrx_word' id='word_1_227' title='bbox 858 2142 1185 2205; x_wconf 82' lang='lat' dir='ltr'><strong><em>sacriﬁcium</em></strong></span> <span class='ocrx_word' id='word_1_228' title='bbox 1218 2142 1451 2205; x_wconf 64' lang='lat' dir='ltr'><strong><em>iustitia},</em></strong></span> <span class='ocrx_word' id='word_1_229' title='bbox 1494 2137 1778 2192; x_wconf 80' lang='lat' dir='ltr'><strong><em>oblationes</em></strong></span> <span class='ocrx_word' id='word_1_230' title='bbox 1813 2150 1861 2193; x_wconf 87' lang='lat' dir='ltr'><strong><em>et</em></strong></span> 
     </span>
    </p>
   </div>
   <div class='ocr_carea' id='block_1_37' title="bbox 282 2230 1854 2304">
    <p class='ocr_par' dir='ltr' id='par_1_37' title="bbox 282 2230 1854 2304">
     <span class='ocr_line' id='line_1_37' title="bbox 282 2230 1854 2304; baseline -0.005 -13"><span class='ocrx_word' id='word_1_231' title='bbox 282 2239 637 2291; x_wconf 76' lang='lat' dir='ltr'><strong><em>holocausta:</em></strong></span> <span class='ocrx_word' id='word_1_232' title='bbox 693 2247 815 2289; x_wconf 82' lang='lat' dir='ltr'><strong><em>tunc</em></strong></span> <span class='ocrx_word' id='word_1_233' title='bbox 863 2236 1130 2304; x_wconf 84' lang='lat' dir='ltr'><strong><em>imponent</em></strong></span> <span class='ocrx_word' id='word_1_234' title='bbox 1188 2247 1345 2299; x_wconf 87' lang='lat' dir='ltr'><strong><em>super</em></strong></span> <span class='ocrx_word' id='word_1_235' title='bbox 1398 2230 1572 2283; x_wconf 89' lang='lat' dir='ltr'><strong><em>altare</em></strong></span> <span class='ocrx_word' id='word_1_236' title='bbox 1604 2238 1750 2283; x_wconf 86' lang='lat' dir='ltr'><strong><em>tuum</em></strong></span> <span class='ocrx_word' id='word_1_237' title='bbox 1778 2232 1854 2283; x_wconf 87' lang='lat' dir='ltr'><strong><em>vi-</em></strong></span> 
     </span>
    </p>
   </div>
   <div class='ocr_carea' id='block_1_38' title="bbox 286 2332 438 2383">
    <p class='ocr_par' dir='ltr' id='par_1_38' title="bbox 286 2332 438 2383">
     <span class='ocr_line' id='line_1_38' title="bbox 286 2332 438 2383; baseline 0.007 -1"><span class='ocrx_word' id='word_1_238' title='bbox 286 2332 438 2383; x_wconf 70' lang='lat' dir='ltr'><strong><em>talos.</em></strong></span> 
     </span>
    </p>
   </div>
   <div class='ocr_carea' id='block_1_39' title="bbox 1978 1869 3225 1939">
    <p class='ocr_par' dir='ltr' id='par_1_39' title="bbox 1978 1869 3225 1939">
     <span class='ocr_line' id='line_1_39' title="bbox 1978 1869 3225 1939; baseline -0.001 -15"><span class='ocrx_word' id='word_1_239' title='bbox 1978 1871 2168 1924; x_wconf 87' lang='lat' dir='ltr'><strong><em>tritum</em></strong></span> <span class='ocrx_word' id='word_1_240' title='bbox 2202 1880 2257 1923; x_wconf 85' lang='lat' dir='ltr'><strong><em>et</em></strong></span> <span class='ocrx_word' id='word_1_241' title='bbox 2295 1870 2642 1923; x_wconf 71' lang='lat' dir='ltr'><strong><em>lt&#39;tmiliatum</em></strong></span> <span class='ocrx_word' id='word_1_242' title='bbox 2680 1869 2821 1923; x_wconf 86' lang='lat' dir='ltr'><strong><em>Deus</em></strong></span> <span class='ocrx_word' id='word_1_243' title='bbox 2852 1886 2958 1923; x_wconf 92' lang='lat' dir='ltr'><strong><em>non</em></strong></span> <span class='ocrx_word' id='word_1_244' title='bbox 2996 1870 3225 1939; x_wconf 83' lang='lat' dir='ltr'><strong><em>spernit.</em></strong></span> 
     </span>
    </p>
   </div>
   <div class='ocr_carea' id='block_1_40' title="bbox 2041 1959 3526 2029">
    <p class='ocr_par' dir='ltr' id='par_1_40' title="bbox 2041 1959 3526 2029">
     <span class='ocr_line' id='line_1_40' title="bbox 2041 1959 3526 2029; baseline 0.001 -18"><span class='ocrx_word' id='word_1_245' title='bbox 2041 1960 2275 2029; x_wconf 79' lang='lat' dir='ltr'><strong><em>Benigne</em></strong></span> <span class='ocrx_word' id='word_1_246' title='bbox 2294 1960 2400 2024; x_wconf 81' lang='lat' dir='ltr'><strong><em>fac,</em></strong></span> <span class='ocrx_word' id='word_1_247' title='bbox 2434 1959 2682 2020; x_wconf 82' lang='lat' dir='ltr'><strong><em>Domine.</em></strong></span> <span class='ocrx_word' id='word_1_248' title='bbox 2705 1961 2758 2011; x_wconf 89' lang='lat' dir='ltr'><strong><em>in</em></strong></span> <span class='ocrx_word' id='word_1_249' title='bbox 2788 1960 2926 2012; x_wconf 87' lang='lat' dir='ltr'><strong><em>bona</em></strong></span> <span class='ocrx_word' id='word_1_250' title='bbox 2950 1960 3229 2012; x_wconf 80' lang='lat' dir='ltr'><strong><em>voluntate</em></strong></span> <span class='ocrx_word' id='word_1_251' title='bbox 3247 1971 3337 2014; x_wconf 87' lang='lat' dir='ltr'><strong><em>tua</em></strong></span> <span class='ocrx_word' id='word_1_252' title='bbox 3356 1960 3486 2014; x_wconf 87' lang='lat' dir='ltr'><strong><em>Sion</em></strong></span> <span class='ocrx_word' id='word_1_253' title='bbox 3511 1974 3526 2013; x_wconf 89' lang='lat'><strong>:</strong></span> 
     </span>
    </p>
   </div>
   <div class='ocr_carea' id='block_1_41' title="bbox 1970 2050 3186 2119">
    <p class='ocr_par' dir='ltr' id='par_1_41' title="bbox 1970 2050 3186 2119">
     <span class='ocr_line' id='line_1_41' title="bbox 1970 2050 3186 2119; baseline -0.001 -15"><span class='ocrx_word' id='word_1_254' title='bbox 1970 2061 2031 2104; x_wconf 89' lang='lat' dir='ltr'><strong><em>ut</em></strong></span> <span class='ocrx_word' id='word_1_255' title='bbox 2061 2052 2180 2118; x_wconf 75' lang='lat' dir='ltr'><strong><em>(ms.</em></strong></span> <span class='ocrx_word' id='word_1_256' title='bbox 2211 2053 2285 2119; x_wconf 87' lang='lat' dir='ltr'><strong><em>et)</em></strong></span> <span class='ocrx_word' id='word_1_257' title='bbox 2325 2051 2666 2105; x_wconf 65' lang='lat' dir='ltr'><strong><em>ardilicentur</em></strong></span> <span class='ocrx_word' id='word_1_258' title='bbox 2696 2052 2834 2103; x_wconf 89' lang='lat' dir='ltr'><strong><em>muri</em></strong></span> <span class='ocrx_word' id='word_1_259' title='bbox 2864 2050 3186 2105; x_wconf 85' lang='lat' dir='ltr'><strong><em>Jerusalem.</em></strong></span> 
     </span>
    </p>
   </div>
   <div class='ocr_carea' id='block_1_42' title="bbox 2040 2141 3551 2213">
    <p class='ocr_par' dir='ltr' id='par_1_42' title="bbox 2040 2141 3551 2213">
     <span class='ocr_line' id='line_1_42' title="bbox 2040 2141 3551 2213; baseline 0.003 -18"><span class='ocrx_word' id='word_1_260' title='bbox 2040 2141 2193 2196; x_wconf 90' lang='lat' dir='ltr'><strong><em>Tunc</em></strong></span> <span class='ocrx_word' id='word_1_261' title='bbox 2235 2144 2542 2212; x_wconf 85' lang='lat' dir='ltr'><strong><em>acceptabis</em></strong></span> <span class='ocrx_word' id='word_1_262' title='bbox 2596 2143 2925 2197; x_wconf 79' lang='lat' dir='ltr'><strong><em>sacriﬁcium</em></strong></span> <span class='ocrx_word' id='word_1_263' title='bbox 2953 2143 3204 2213; x_wconf 68' lang='lat' dir='ltr'><strong><em>justitize,</em></strong></span> <span class='ocrx_word' id='word_1_264' title='bbox 3237 2143 3551 2200; x_wconf 71' lang='lat' dir='ltr'><strong><em>oblationes</em></strong></span> 
     </span>
    </p>
   </div>
   <div class='ocr_carea' id='block_1_43' title="bbox 1967 2235 3544 2304">
    <p class='ocr_par' dir='ltr' id='par_1_43' title="bbox 1967 2235 3544 2304">
     <span class='ocr_line' id='line_1_43' title="bbox 1967 2235 3544 2304; baseline 0.003 -18"><span class='ocrx_word' id='word_1_265' title='bbox 1967 2241 2022 2287; x_wconf 87' lang='lat' dir='ltr'><strong><em>et</em></strong></span> <span class='ocrx_word' id='word_1_266' title='bbox 2080 2235 2395 2289; x_wconf 76' lang='lat' dir='ltr'><strong><em>holocausta</em></strong></span> <span class='ocrx_word' id='word_1_267' title='bbox 2436 2252 2449 2286; x_wconf 88' lang='lat'><strong><em>:</em></strong></span> <span class='ocrx_word' id='word_1_268' title='bbox 2493 2245 2624 2289; x_wconf 89' lang='lat' dir='ltr'><strong><em>tunc</em></strong></span> <span class='ocrx_word' id='word_1_269' title='bbox 2675 2237 2960 2304; x_wconf 84' lang='lat' dir='ltr'><strong><em>imponent</em></strong></span> <span class='ocrx_word' id='word_1_270' title='bbox 3001 2250 3165 2304; x_wconf 86' lang='lat' dir='ltr'><strong><em>super</em></strong></span> <span class='ocrx_word' id='word_1_271' title='bbox 3190 2235 3359 2289; x_wconf 82' lang='lat' dir='ltr'><strong><em>altare</em></strong></span> <span class='ocrx_word' id='word_1_272' title='bbox 3392 2245 3544 2290; x_wconf 88' lang='lat' dir='ltr'><strong><em>tuum</em></strong></span> 
     </span>
    </p>
   </div>
   <div class='ocr_carea' id='block_1_44' title="bbox 1968 2324 2245 2378">
    <p class='ocr_par' dir='ltr' id='par_1_44' title="bbox 1968 2324 2245 2378">
     <span class='ocr_line' id='line_1_44' title="bbox 1968 2324 2245 2378; baseline -0.004 0"><span class='ocrx_word' id='word_1_273' title='bbox 1968 2324 2192 2378; x_wconf 78' lang='lat' dir='ltr'><strong><em>vitulos.</em></strong></span> <span class='ocrx_word' id='word_1_274' title='bbox 2242 2332 2245 2335; x_wconf 87' lang='lat'>&#39;</span> 
     </span>
    </p>
   </div>
   <div class='ocr_carea' id='block_1_45' title="bbox 1654 2481 2142 2546">
    <p class='ocr_par' dir='ltr' id='par_1_45' title="bbox 1654 2481 2142 2546">
     <span class='ocr_line' id='line_1_45' title="bbox 1654 2481 2142 2546; baseline 0.006 -5"><span class='ocrx_word' id='word_1_275' title='bbox 1654 2481 2003 2542; x_wconf 84' lang='lat' dir='ltr'><strong><em>PSALMUS</em></strong></span> <span class='ocrx_word' id='word_1_276' title='bbox 2046 2485 2142 2546; x_wconf 81' lang='lat' dir='ltr'><strong><em>LI.</em></strong></span> 
     </span>
    </p>
   </div>
   <div class='ocr_carea' id='block_1_46' title="bbox 281 2597 1862 2664">
    <p class='ocr_par' dir='ltr' id='par_1_46' title="bbox 281 2597 1862 2664">
     <span class='ocr_line' id='line_1_46' title="bbox 281 2597 1862 2664; baseline -0.001 -13"><span class='ocrx_word' id='word_1_277' title='bbox 281 2619 331 2655; x_wconf 67' lang='lat' dir='ltr'><strong><em>IN</em></strong></span> <span class='ocrx_word' id='word_1_278' title='bbox 362 2606 548 2664; x_wconf 65' lang='grc' dir='ltr'>ειδῖιῖι,</span> <span class='ocrx_word' id='word_1_279' title='bbox 581 2613 930 2654; x_wconf 60' lang='grc' dir='ltr'><strong><em>ικτειιεετυε</em></strong></span> <span class='ocrx_word' id='word_1_280' title='bbox 958 2597 1161 2659; x_wconf 67' lang='grc' dir='ltr'><strong><em>ΒΔΥ1υ³ν</em></strong></span> <span class='ocrx_word' id='word_1_281' title='bbox 1215 2612 1320 2651; x_wconf 67' lang='lat' dir='ltr'><strong><em>CUM</em></strong></span> <span class='ocrx_word' id='word_1_282' title='bbox 1348 2612 1510 2653; x_wconf 71' lang='lat' dir='ltr'><strong>VENIT</strong></span> <span class='ocrx_word' id='word_1_283' title='bbox 1555 2609 1689 2651; x_wconf 66' lang='grc' dir='ltr'><strong><em>»οῖς</em></strong></span> <span class='ocrx_word' id='word_1_284' title='bbox 1749 2610 1862 2650; x_wconf 82' lang='lat' dir='ltr'><strong><em>IDU-</em></strong></span> 
     </span>
    </p>
   </div>
   <div class='ocr_carea' id='block_1_47' title="bbox 354 2681 1862 2731">
    <p class='ocr_par' dir='ltr' id='par_1_47' title="bbox 354 2681 1862 2731">
     <span class='ocr_line' id='line_1_47' title="bbox 354 2681 1862 2731; baseline -0.003 -7"><span class='ocrx_word' id='word_1_285' title='bbox 354 2686 534 2731; x_wconf 67' lang='lat' dir='ltr'><strong><em>leUS,</em></strong></span> <span class='ocrx_word' id='word_1_286' title='bbox 571 2683 638 2722; x_wconf 74' lang='lat' dir='ltr'><strong><em>ET</em></strong></span> <span class='ocrx_word' id='word_1_287' title='bbox 673 2685 954 2723; x_wconf 65' lang='grc' dir='ltr'><strong><em>ΗυΝΤιΑἮΤ</em></strong></span> <span class='ocrx_word' id='word_1_288' title='bbox 993 2684 1140 2729; x_wconf 73' lang='lat' dir='ltr'><strong><em>SACL.</em></strong></span> <span class='ocrx_word' id='word_1_289' title='bbox 1162 2682 1229 2721; x_wconf 78' lang='grc' dir='ltr'><strong><em>ετ</em></strong></span> <span class='ocrx_word' id='word_1_290' title='bbox 1253 2682 1397 2721; x_wconf 69' lang='grc' dir='ltr'><strong>ΒΙΧΙΤ</strong></span> <span class='ocrx_word' id='word_1_291' title='bbox 1426 2683 1480 2722; x_wconf 72' lang='grc' dir='ltr'>ει</span> <span class='ocrx_word' id='word_1_292' title='bbox 1500 2685 1514 2722; x_wconf 72' lang='grc' dir='ltr'><strong>ἶ</strong></span> <span class='ocrx_word' id='word_1_293' title='bbox 1533 2681 1688 2721; x_wconf 69' lang='lat' dir='ltr'><strong><em>VENtT</em></strong></span> <span class='ocrx_word' id='word_1_294' title='bbox 1708 2681 1862 2720; x_wconf 65' lang='lat' dir='ltr'><strong><em>DAWD</em></strong></span> 
     </span>
    </p>
   </div>
   <div class='ocr_carea' id='block_1_48' title="bbox 351 2753 1003 2797">
    <p class='ocr_par' dir='ltr' id='par_1_48' title="bbox 351 2753 1003 2797">
     <span class='ocr_line' id='line_1_48' title="bbox 351 2753 1003 2797; baseline -0.005 0"><span class='ocrx_word' id='word_1_295' title='bbox 351 2753 406 2797; x_wconf 64' lang='grc' dir='ltr'><strong><em>ι’(</em></strong></span> <span class='ocrx_word' id='word_1_296' title='bbox 436 2755 620 2795; x_wconf 64' lang='grc' dir='ltr'><strong><em>ΒΟἊιΞὶΙ</em></strong></span> <span class='ocrx_word' id='word_1_297' title='bbox 650 2755 1003 2795; x_wconf 67' lang='lat' dir='ltr'><strong><em>ACHIHELECH.</em></strong></span> 
     </span>
    </p>
   </div>
   <div class='ocr_carea' id='block_1_49' title="bbox 349 2849 1852 2924">
    <p class='ocr_par' dir='ltr' id='par_1_49' title="bbox 349 2849 1852 2924">
     <span class='ocr_line' id='line_1_49' title="bbox 349 2849 1852 2924; baseline -0.003 -16"><span class='ocrx_word' id='word_1_298' title='bbox 349 2854 492 2919; x_wconf 75' lang='lat' dir='ltr'><strong><em>Quid</em></strong></span> <span class='ocrx_word' id='word_1_299' title='bbox 522 2855 770 2924; x_wconf 73' lang='lat' dir='ltr'><strong><em>gtoriaris</em></strong></span> <span class='ocrx_word' id='word_1_300' title='bbox 800 2853 853 2905; x_wconf 88' lang='lat' dir='ltr'><strong><em>in</em></strong></span> <span class='ocrx_word' id='word_1_301' title='bbox 881 2851 1108 2919; x_wconf 87' lang='lat' dir='ltr'><strong><em>malitia,</em></strong></span> <span class='ocrx_word' id='word_1_302' title='bbox 1132 2866 1192 2907; x_wconf 74' lang='grc' dir='ltr'><strong><em>-Ξ-</em></strong></span> <span class='ocrx_word' id='word_1_303' title='bbox 1219 2854 1309 2922; x_wconf 91' lang='lat' dir='ltr'><strong><em>qui</em></strong></span> <span class='ocrx_word' id='word_1_304' title='bbox 1345 2853 1366 2883; x_wconf 67' lang='grc'><strong><em>⁵</em></strong></span> <span class='ocrx_word' id='word_1_305' title='bbox 1399 2853 1422 2923; x_wconf 72' lang='grc' dir='ltr'>ζ</span> <span class='ocrx_word' id='word_1_306' title='bbox 1451 2862 1711 2921; x_wconf 74' lang='lat' dir='ltr'><strong><em>potens-t-</em></strong></span> <span class='ocrx_word' id='word_1_307' title='bbox 1748 2866 1800 2904; x_wconf 82' lang='lat' dir='ltr'><strong><em>es</em></strong></span> <span class='ocrx_word' id='word_1_308' title='bbox 1829 2849 1852 2918; x_wconf 70' lang='grc' dir='ltr'>ζ</span> 
     </span>
    </p>
   </div>
   <div class='ocr_carea' id='block_1_50' title="bbox 285 2948 672 3013">
    <p class='ocr_par' dir='ltr' id='par_1_50' title="bbox 285 2948 672 3013">
     <span class='ocr_line' id='line_1_50' title="bbox 285 2948 672 3013; baseline 0.005 -16"><span class='ocrx_word' id='word_1_309' title='bbox 285 2949 339 2999; x_wconf 68' lang='lat' dir='ltr'><strong><em>in</em></strong></span> <span class='ocrx_word' id='word_1_310' title='bbox 366 2948 672 3013; x_wconf 69' lang='lat' dir='ltr'><strong><em>iniquitate.</em></strong></span> 
     </span>
    </p>
   </div>
   <div class='ocr_carea' id='block_1_51' title="bbox 346 3038 1857 3110">
    <p class='ocr_par' dir='ltr' id='par_1_51' title="bbox 346 3038 1857 3110">
     <span class='ocr_line' id='line_1_51' title="bbox 346 3038 1857 3110; baseline -0.002 -15"><span class='ocrx_word' id='word_1_311' title='bbox 346 3042 483 3095; x_wconf 85' lang='lat' dir='ltr'><strong><em>Tota</em></strong></span> <span class='ocrx_word' id='word_1_312' title='bbox 516 3038 603 3091; x_wconf 89' lang='lat' dir='ltr'><strong><em>die</em></strong></span> <span class='ocrx_word' id='word_1_313' title='bbox 629 3038 945 3107; x_wconf 85' lang='lat' dir='ltr'><strong><em>injustitiam</em></strong></span> <span class='ocrx_word' id='word_1_314' title='bbox 980 3039 1226 3107; x_wconf 85' lang='lat' dir='ltr'><strong><em>cogitavit</em></strong></span> <span class='ocrx_word' id='word_1_315' title='bbox 1244 3039 1424 3110; x_wconf 87' lang='lat' dir='ltr'><strong><em>lingua</em></strong></span> <span class='ocrx_word' id='word_1_316' title='bbox 1448 3049 1539 3094; x_wconf 88' lang='lat' dir='ltr'><strong><em>tua</em></strong></span> <span class='ocrx_word' id='word_1_317' title='bbox 1564 3047 1733 3093; x_wconf 79' lang='lat' dir='ltr'><strong><em>:stcut</em></strong></span> <span class='ocrx_word' id='word_1_318' title='bbox 1759 3054 1857 3092; x_wconf 87' lang='lat' dir='ltr'><strong><em>no-</em></strong></span> 
     </span>
    </p>
   </div>
   <div class='ocr_carea' id='block_1_52' title="bbox 278 3130 1089 3198">
    <p class='ocr_par' dir='ltr' id='par_1_52' title="bbox 278 3130 1089 3198">
     <span class='ocr_line' id='line_1_52' title="bbox 278 3130 1089 3198; baseline -0.004 -12"><span class='ocrx_word' id='word_1_319' title='bbox 278 3133 477 3186; x_wconf 70' lang='lat' dir='ltr'><strong><em>vacula</em></strong></span> <span class='ocrx_word' id='word_1_320' title='bbox 500 3140 659 3183; x_wconf 87' lang='lat' dir='ltr'><strong><em>acuta</em></strong></span> <span class='ocrx_word' id='word_1_321' title='bbox 687 3130 861 3198; x_wconf 81' lang='lat' dir='ltr'><strong><em>fecisti</em></strong></span> <span class='ocrx_word' id='word_1_322' title='bbox 884 3130 1089 3183; x_wconf 79' lang='lat' dir='ltr'><strong><em>dolum.</em></strong></span> 
     </span>
    </p>
   </div>
   <div class='ocr_carea' id='block_1_53' title="bbox 349 3221 1863 3292">
    <p class='ocr_par' dir='ltr' id='par_1_53' title="bbox 349 3221 1863 3292">
     <span class='ocr_line' id='line_1_53' title="bbox 349 3221 1863 3292; baseline 0.001 -16"><span class='ocrx_word' id='word_1_323' title='bbox 349 3223 599 3276; x_wconf 70' lang='lat' dir='ltr'><strong><em>Dilexisti</em></strong></span> <span class='ocrx_word' id='word_1_324' title='bbox 627 3222 888 3274; x_wconf 88' lang='lat' dir='ltr'><strong><em>malitiam</em></strong></span> <span class='ocrx_word' id='word_1_325' title='bbox 904 3238 1060 3291; x_wconf 87' lang='lat' dir='ltr'><strong><em>super</em></strong></span> <span class='ocrx_word' id='word_1_326' title='bbox 1081 3221 1458 3292; x_wconf 84' lang='lat' dir='ltr'><strong><em>benignitatem</em></strong></span> <span class='ocrx_word' id='word_1_327' title='bbox 1484 3236 1504 3278; x_wconf 92' lang='lat'><strong><em>:</em></strong></span> <span class='ocrx_word' id='word_1_328' title='bbox 1530 3223 1863 3290; x_wconf 82' lang='lat' dir='ltr'><strong><em>iniquitatem</em></strong></span> 
     </span>
    </p>
   </div>
   <div class='ocr_carea' id='block_1_54' title="bbox 278 3312 1576 3385">
    <p class='ocr_par' dir='ltr' id='par_1_54' title="bbox 278 3312 1576 3385">
     <span class='ocr_line' id='line_1_54' title="bbox 278 3312 1576 3385; baseline 0.003 -19"><span class='ocrx_word' id='word_1_329' title='bbox 278 3318 448 3385; x_wconf 77' lang='lat' dir='ltr'><strong><em>magis</em></strong></span> <span class='ocrx_word' id='word_1_330' title='bbox 473 3330 630 3385; x_wconf 85' lang='lat' dir='ltr'><strong><em>quam</em></strong></span> <span class='ocrx_word' id='word_1_331' title='bbox 654 3312 796 3383; x_wconf 87' lang='lat' dir='ltr'><strong><em>loqui</em></strong></span> <span class='ocrx_word' id='word_1_332' title='bbox 855 3315 1172 3382; x_wconf 69' lang='lat' dir='ltr'><strong><em>(equitatem.</em></strong></span> <span class='ocrx_word' id='word_1_333' title='bbox 1204 3315 1245 3366; x_wconf 79' lang='grc' dir='ltr'>ι)</span> <span class='ocrx_word' id='word_1_334' title='bbox 1273 3331 1508 3371; x_wconf 63' lang='grc' dir='ltr'>Αρειιιιι</span> <span class='ocrx_word' id='word_1_335' title='bbox 1536 3317 1576 3370; x_wconf 81' lang='grc'><strong><em>³.</em></strong></span> 
     </span>
    </p>
   </div>
   <div class='ocr_carea' id='block_1_55' title="bbox 346 3406 1859 3479">
    <p class='ocr_par' dir='ltr' id='par_1_55' title="bbox 346 3406 1859 3479">
     <span class='ocr_line' id='line_1_55' title="bbox 346 3406 1859 3479; baseline 0.003 -18"><span class='ocrx_word' id='word_1_336' title='bbox 346 3406 600 3461; x_wconf 65' lang='lat' dir='ltr'><strong><em>Dilectiin</em></strong></span> <span class='ocrx_word' id='word_1_337' title='bbox 618 3409 793 3459; x_wconf 88' lang='lat' dir='ltr'><strong><em>omnia</em></strong></span> <span class='ocrx_word' id='word_1_338' title='bbox 811 3406 965 3459; x_wconf 82' lang='lat' dir='ltr'><strong><em>verba</em></strong></span> <span class='ocrx_word' id='word_1_339' title='bbox 984 3406 1441 3475; x_wconf 79' lang='lat' dir='ltr'><strong><em>pra&#39;cipilutionis,</em></strong></span> <span class='ocrx_word' id='word_1_340' title='bbox 1459 3408 1639 3479; x_wconf 83' lang='lat' dir='ltr'><strong><em>lingua</em></strong></span> <span class='ocrx_word' id='word_1_341' title='bbox 1659 3409 1859 3465; x_wconf 78' lang='lat' dir='ltr'><strong><em>dolosa.</em></strong></span> 
     </span>
    </p>
   </div>
   <div class='ocr_carea' id='block_1_56' title="bbox 364 3581 1864 3657">
    <p class='ocr_par' dir='ltr' id='par_1_56' title="bbox 364 3581 1864 3657">
     <span class='ocr_line' id='line_1_56' title="bbox 364 3581 1864 3657; baseline 0.009 -24"><span class='ocrx_word' id='word_1_342' title='bbox 364 3581 657 3651; x_wconf 86' lang='lat' dir='ltr'><strong><em>Propterea</em></strong></span> <span class='ocrx_word' id='word_1_343' title='bbox 687 3582 823 3636; x_wconf 83' lang='lat' dir='ltr'><strong><em>Deus</em></strong></span> <span class='ocrx_word' id='word_1_344' title='bbox 855 3583 1083 3637; x_wconf 88' lang='lat' dir='ltr'><strong><em>destruet</em></strong></span> <span class='ocrx_word' id='word_1_345' title='bbox 1126 3595 1173 3636; x_wconf 84' lang='lat' dir='ltr'><strong><em>te</em></strong></span> <span class='ocrx_word' id='word_1_346' title='bbox 1201 3585 1255 3637; x_wconf 89' lang='lat' dir='ltr'><strong><em>in</em></strong></span> <span class='ocrx_word' id='word_1_347' title='bbox 1288 3587 1490 3655; x_wconf 77' lang='lat' dir='ltr'><strong><em>linem;</em></strong></span> <span class='ocrx_word' id='word_1_348' title='bbox 1529 3589 1709 3644; x_wconf 85' lang='lat' dir='ltr'><strong><em>evellet</em></strong></span> <span class='ocrx_word' id='word_1_349' title='bbox 1727 3601 1795 3657; x_wconf 93' lang='lat' dir='ltr'><strong><em>te,</em></strong></span> <span class='ocrx_word' id='word_1_350' title='bbox 1814 3603 1864 3647; x_wconf 87' lang='lat' dir='ltr'><strong><em>et</em></strong></span> 
     </span>
    </p>
   </div>
   <div class='ocr_carea' id='block_1_57' title="bbox 277 3673 1861 3743">
    <p class='ocr_par' dir='ltr' id='par_1_57' title="bbox 277 3673 1861 3743">
     <span class='ocr_line' id='line_1_57' title="bbox 277 3673 1861 3743; baseline 0.005 -15"><span class='ocrx_word' id='word_1_351' title='bbox 277 3676 555 3743; x_wconf 65' lang='lat' dir='ltr'><strong><em>«nigrabit</em></strong></span> <span class='ocrx_word' id='word_1_352' title='bbox 617 3682 666 3727; x_wconf 83' lang='lat' dir='ltr'><strong><em>te</em></strong></span> <span class='ocrx_word' id='word_1_353' title='bbox 720 3673 783 3727; x_wconf 89' lang='lat' dir='ltr'><strong><em>de</em></strong></span> <span class='ocrx_word' id='word_1_354' title='bbox 837 3673 1189 3728; x_wconf 86' lang='lat' dir='ltr'><strong><em>tabernaculo</em></strong></span> <span class='ocrx_word' id='word_1_355' title='bbox 1216 3684 1326 3743; x_wconf 89' lang='lat' dir='ltr'><strong><em>tuo,</em></strong></span> <span class='ocrx_word' id='word_1_356' title='bbox 1374 3687 1422 3730; x_wconf 92' lang='lat' dir='ltr'><strong><em>et</em></strong></span> <span class='ocrx_word' id='word_1_357' title='bbox 1453 3680 1685 3733; x_wconf 82' lang='lat' dir='ltr'><strong><em>radicem</em></strong></span> <span class='ocrx_word' id='word_1_358' title='bbox 1716 3691 1861 3736; x_wconf 87' lang='lat' dir='ltr'><strong><em>tuam</em></strong></span> 
     </span>
    </p>
   </div>
   <div class='ocr_carea' id='block_1_58' title="bbox 277 3767 1267 3823">
    <p class='ocr_par' dir='ltr' id='par_1_58' title="bbox 277 3767 1267 3823">
     <span class='ocr_line' id='line_1_58' title="bbox 277 3767 1267 3823; baseline 0.004 -4"><span class='ocrx_word' id='word_1_359' title='bbox 277 3783 339 3819; x_wconf 88' lang='lat' dir='ltr'><strong><em>ae</em></strong></span> <span class='ocrx_word' id='word_1_360' title='bbox 396 3776 534 3819; x_wconf 76' lang='lat' dir='ltr'><strong><em>terra</em></strong></span> <span class='ocrx_word' id='word_1_361' title='bbox 576 3768 876 3823; x_wconf 81' lang='lat' dir='ltr'><strong><em>viventium.</em></strong></span> <span class='ocrx_word' id='word_1_362' title='bbox 942 3767 1267 3823; x_wconf 74' lang='lat' dir='ltr'><strong><em>DIAPSALMA.</em></strong></span> 
     </span>
    </p>
   </div>
   <div class='ocr_carea' id='block_1_59' title="bbox 353 3862 1852 3932">
    <p class='ocr_par' dir='ltr' id='par_1_59' title="bbox 353 3862 1852 3932">
     <span class='ocr_line' id='line_1_59' title="bbox 353 3862 1852 3932; baseline 0.003 -18"><span class='ocrx_word' id='word_1_363' title='bbox 353 3862 602 3915; x_wconf 80' lang='lat' dir='ltr'><strong><em>Videbunt</em></strong></span> <span class='ocrx_word' id='word_1_364' title='bbox 623 3863 779 3932; x_wconf 85' lang='lat' dir='ltr'><strong><em>justi.</em></strong></span> <span class='ocrx_word' id='word_1_365' title='bbox 810 3869 856 3915; x_wconf 85' lang='lat' dir='ltr'><strong><em>et</em></strong></span> <span class='ocrx_word' id='word_1_366' title='bbox 878 3864 1151 3928; x_wconf 80' lang='lat' dir='ltr'><strong><em>timebunt,</em></strong></span> <span class='ocrx_word' id='word_1_367' title='bbox 1176 3872 1224 3918; x_wconf 84' lang='lat' dir='ltr'><strong><em>et</em></strong></span> <span class='ocrx_word' id='word_1_368' title='bbox 1254 3879 1409 3932; x_wconf 84' lang='lat' dir='ltr'><strong><em>super</em></strong></span> <span class='ocrx_word' id='word_1_369' title='bbox 1429 3882 1548 3919; x_wconf 86' lang='lat' dir='ltr'><strong><em>eum</em></strong></span> <span class='ocrx_word' id='word_1_370' title='bbox 1579 3866 1852 3929; x_wconf 80' lang='lat' dir='ltr'><strong><em>ridebunt,</em></strong></span> 
     </span>
    </p>
   </div>
   <div class='ocr_carea' id='block_1_60' title="bbox 346 3954 1862 4028">
    <p class='ocr_par' dir='ltr' id='par_1_60' title="bbox 346 3954 1862 4028">
     <span class='ocr_line' id='line_1_60' title="bbox 346 3954 1862 4028; baseline 0.002 -20"><span class='ocrx_word' id='word_1_371' title='bbox 346 3966 397 4008; x_wconf 86' lang='lat' dir='ltr'><strong><em>et</em></strong></span> <span class='ocrx_word' id='word_1_372' title='bbox 429 3955 449 3983; x_wconf 78' lang='grc'>⁸</span> <span class='ocrx_word' id='word_1_373' title='bbox 472 3956 647 4007; x_wconf 82' lang='lat' dir='ltr'><strong><em>dicent</em></strong></span> <span class='ocrx_word' id='word_1_374' title='bbox 684 3956 706 4024; x_wconf 71' lang='grc' dir='ltr'>ζ</span> <span class='ocrx_word' id='word_1_375' title='bbox 735 3954 867 4008; x_wconf 86' lang='lat' dir='ltr'><strong><em>Ecce</em></strong></span> <span class='ocrx_word' id='word_1_376' title='bbox 920 3955 1089 4020; x_wconf 83' lang='lat' dir='ltr'><strong><em>homo,</em></strong></span> <span class='ocrx_word' id='word_1_377' title='bbox 1125 3958 1214 4026; x_wconf 84' lang='lat' dir='ltr'><strong><em>qui</em></strong></span> <span class='ocrx_word' id='word_1_378' title='bbox 1249 3973 1350 4011; x_wconf 87' lang='lat' dir='ltr'><strong><em>non</em></strong></span> <span class='ocrx_word' id='word_1_379' title='bbox 1380 3960 1550 4028; x_wconf 86' lang='lat' dir='ltr'><strong><em>posuit</em></strong></span> <span class='ocrx_word' id='word_1_380' title='bbox 1580 3958 1740 4013; x_wconf 88' lang='lat' dir='ltr'><strong><em>Deum</em></strong></span> <span class='ocrx_word' id='word_1_381' title='bbox 1765 3961 1862 4011; x_wconf 89' lang='lat' dir='ltr'><strong><em>ad-</em></strong></span> 
     </span>
    </p>
   </div>
   <div class='ocr_carea' id='block_1_61' title="bbox 355 4106 1712 4176">
    <p class='ocr_par' dir='ltr' id='par_1_61' title="bbox 355 4106 1712 4176">
     <span class='ocr_line' id='line_1_61' title="bbox 355 4106 1712 4176; baseline 0 -15"><span class='ocrx_word' id='word_1_382' title='bbox 355 4109 369 4137; x_wconf 87' lang='lat'>&#39;</span> <span class='ocrx_word' id='word_1_383' title='bbox 400 4106 554 4176; x_wconf 79' lang='lat' dir='ltr'><strong><em>Legit</em></strong></span> <span class='ocrx_word' id='word_1_384' title='bbox 586 4109 707 4162; x_wconf 85' lang='lat' dir='ltr'><strong><em>sine</em></strong></span> <span class='ocrx_word' id='word_1_385' title='bbox 738 4107 898 4161; x_wconf 86' lang='lat' dir='ltr'><strong><em>obelo</em></strong></span> <span class='ocrx_word' id='word_1_386' title='bbox 935 4106 1161 4161; x_wconf 87' lang='lat' dir='ltr'><strong><em>Palatin.</em></strong></span> <span class='ocrx_word' id='word_1_387' title='bbox 1197 4122 1325 4169; x_wconf 85' lang='lat' dir='ltr'><strong><em>ms.,</em></strong></span> <span class='ocrx_word' id='word_1_388' title='bbox 1354 4115 1403 4160; x_wconf 81' lang='lat' dir='ltr'><strong><em>et</em></strong></span> <span class='ocrx_word' id='word_1_389' title='bbox 1427 4106 1712 4161; x_wconf 70' lang='lat' dir='ltr'><strong><em>exaltabit.</em></strong></span> 
     </span>
    </p>
   </div>
   <div class='ocr_carea' id='block_1_62' title="bbox 348 4176 1861 4262">
    <p class='ocr_par' dir='ltr' id='par_1_62' title="bbox 348 4176 1861 4262">
     <span class='ocr_line' id='line_1_62' title="bbox 348 4176 1861 4262; baseline 0 -34"><span class='ocrx_word' id='word_1_390' title='bbox 348 4180 369 4208; x_wconf 76' lang='lat'><strong>’</strong></span> <span class='ocrx_word' id='word_1_391' title='bbox 406 4177 656 4232; x_wconf 74' lang='lat' dir='ltr'><strong><em>Diximus</em></strong></span> <span class='ocrx_word' id='word_1_392' title='bbox 677 4187 730 4231; x_wconf 85' lang='lat' dir='ltr'><strong><em>et</em></strong></span> <span class='ocrx_word' id='word_1_393' title='bbox 762 4193 949 4245; x_wconf 87' lang='lat' dir='ltr'><strong><em>supra,</em></strong></span> <span class='ocrx_word' id='word_1_394' title='bbox 980 4176 1124 4246; x_wconf 88' lang='lat' dir='ltr'><strong><em>quod</em></strong></span> <span class='ocrx_word' id='word_1_395' title='bbox 1160 4177 1216 4231; x_wconf 86' lang='lat' dir='ltr'><strong><em>in</em></strong></span> <span class='ocrx_word' id='word_1_396' title='bbox 1252 4177 1387 4231; x_wconf 81' lang='lat' dir='ltr'><strong><em>Hei).</em></strong></span> <span class='ocrx_word' id='word_1_397' title='bbox 1411 4186 1493 4231; x_wconf 90' lang='lat' dir='ltr'><strong><em>est</em></strong></span> <span class='ocrx_word' id='word_1_398' title='bbox 1519 4192 1717 4232; x_wconf 83' lang='lat' dir='ltr'><strong><em>nomen</em></strong></span> <span class='ocrx_word' id='word_1_399' title='bbox 1740 4185 1861 4262; x_wconf 57' lang='grc' dir='ltr'>ττι-ι</span> 
     </span>
    </p>
   </div>
   <div class='ocr_carea' id='block_1_63' title="bbox 284 4267 1857 4332">
    <p class='ocr_par' dir='ltr' id='par_1_63' title="bbox 284 4267 1857 4332">
     <span class='ocr_line' id='line_1_63' title="bbox 284 4267 1857 4332; baseline -0.001 -12"><span class='ocrx_word' id='word_1_400' title='bbox 284 4282 394 4320; x_wconf 89' lang='lat' dir='ltr'><strong><em>non</em></strong></span> <span class='ocrx_word' id='word_1_401' title='bbox 417 4269 608 4330; x_wconf 76' lang='grc' dir='ltr'>ἁπλῶς</span> <span class='ocrx_word' id='word_1_402' title='bbox 628 4269 972 4332; x_wconf 80' lang='lat' dir='ltr'><strong><em>voluntatem,</em></strong></span> <span class='ocrx_word' id='word_1_403' title='bbox 1000 4268 1091 4321; x_wconf 87' lang='lat' dir='ltr'><strong><em>sed</em></strong></span> <span class='ocrx_word' id='word_1_404' title='bbox 1119 4282 1242 4321; x_wconf 90' lang='lat' dir='ltr'><strong><em>cum</em></strong></span> <span class='ocrx_word' id='word_1_405' title='bbox 1264 4267 1637 4321; x_wconf 82' lang='lat' dir='ltr'><strong><em>additamento</em></strong></span> <span class='ocrx_word' id='word_1_406' title='bbox 1664 4268 1857 4319; x_wconf 83' lang='lat' dir='ltr'><strong><em>bonum</em></strong></span> 
     </span>
    </p>
   </div>
   <div class='ocr_carea' id='block_1_64' title="bbox 279 4336 1856 4405">
    <p class='ocr_par' dir='ltr' id='par_1_64' title="bbox 279 4336 1856 4405">
     <span class='ocr_line' id='line_1_64' title="bbox 279 4336 1856 4405; baseline 0.001 -17"><span class='ocrx_word' id='word_1_407' title='bbox 279 4338 600 4392; x_wconf 83' lang='lat' dir='ltr'><strong><em>raluntatem</em></strong></span> <span class='ocrx_word' id='word_1_408' title='bbox 619 4339 950 4405; x_wconf 77' lang='lat' dir='ltr'><strong><em>signiﬁcare,</em></strong></span> <span class='ocrx_word' id='word_1_409' title='bbox 971 4346 1131 4402; x_wconf 88' lang='lat' dir='ltr'><strong><em>atque</em></strong></span> <span class='ocrx_word' id='word_1_410' title='bbox 1156 4338 1289 4389; x_wconf 84' lang='lat' dir='ltr'><strong><em>adeo</em></strong></span> <span class='ocrx_word' id='word_1_411' title='bbox 1313 4340 1482 4389; x_wconf 84' lang='lat' dir='ltr'><strong><em>satius</em></strong></span> <span class='ocrx_word' id='word_1_412' title='bbox 1507 4336 1679 4390; x_wconf 79' lang='lat' dir='ltr'><strong><em>videri</em></strong></span> <span class='ocrx_word' id='word_1_413' title='bbox 1715 4337 1856 4389; x_wconf 80' lang='lat' dir='ltr'><strong><em>istud</em></strong></span> 
     </span>
    </p>
   </div>
   <div class='ocr_carea' id='block_1_65' title="bbox 280 4405 1945 4479">
    <p class='ocr_par' dir='ltr' id='par_1_65' title="bbox 280 4405 1945 4479">
     <span class='ocr_line' id='line_1_65' title="bbox 280 4405 1945 4479; baseline 0 -21"><span class='ocrx_word' id='word_1_414' title='bbox 280 4410 438 4472; x_wconf 79' lang='lat' dir='ltr'><strong><em>bona,</em></strong></span> <span class='ocrx_word' id='word_1_415' title='bbox 478 4409 547 4462; x_wconf 85' lang='lat' dir='ltr'><strong><em>ab</em></strong></span> <span class='ocrx_word' id='word_1_416' title='bbox 596 4408 759 4479; x_wconf 83' lang='lat' dir='ltr'><strong><em>obelo</em></strong></span> <span class='ocrx_word' id='word_1_417' title='bbox 798 4409 983 4461; x_wconf 77' lang='lat' dir='ltr'><strong><em>eximi.</em></strong></span> <span class='ocrx_word' id='word_1_418' title='bbox 1030 4405 1184 4479; x_wconf 81' lang='lat' dir='ltr'><strong><em>Quod</em></strong></span> <span class='ocrx_word' id='word_1_419' title='bbox 1244 4407 1517 4479; x_wconf 55' lang='lat' dir='ltr'><strong><em>Sequitun</em></strong></span> <span class='ocrx_word' id='word_1_420' title='bbox 1559 4421 1856 4479; x_wconf 75' lang='lat' dir='ltr'><strong><em>pronomen</em></strong></span> <span class='ocrx_word' id='word_1_421' title='bbox 1899 4423 1945 4479; x_wconf 76' lang='grc' dir='ltr'>ι)</span> 
     </span>
    </p>
   </div>
   <div class='ocr_carea' id='block_1_66' title="bbox 280 4474 1855 4546">
    <p class='ocr_par' dir='ltr' id='par_1_66' title="bbox 280 4474 1855 4546">
     <span class='ocr_line' id='line_1_66' title="bbox 280 4474 1855 4546; baseline 0.002 -20"><span class='ocrx_word' id='word_1_422' title='bbox 280 4486 397 4537; x_wconf 81' lang='lat' dir='ltr'><strong><em>tun,</em></strong></span> <span class='ocrx_word' id='word_1_423' title='bbox 422 4477 767 4533; x_wconf 81' lang='lat' dir='ltr'><strong><em>librariorum</em></strong></span> <span class='ocrx_word' id='word_1_424' title='bbox 820 4480 979 4546; x_wconf 86' lang='lat' dir='ltr'><strong><em>culpa</em></strong></span> <span class='ocrx_word' id='word_1_425' title='bbox 1010 4479 1060 4528; x_wconf 87' lang='lat' dir='ltr'><strong><em>in</em></strong></span> <span class='ocrx_word' id='word_1_426' title='bbox 1090 4476 1318 4529; x_wconf 74' lang='lat' dir='ltr'><strong><em>Palatio.</em></strong></span> <span class='ocrx_word' id='word_1_427' title='bbox 1354 4490 1454 4546; x_wconf 72' lang='lat' dir='ltr'><strong><em>itis.</em></strong></span> <span class='ocrx_word' id='word_1_428' title='bbox 1487 4474 1855 4540; x_wconf 76' lang='lat' dir='ltr'><strong><em>desideratur,</em></strong></span> 
     </span>
    </p>
   </div>
   <div class='ocr_carea' id='block_1_67' title="bbox 283 4545 1516 4615">
    <p class='ocr_par' dir='ltr' id='par_1_67' title="bbox 283 4545 1516 4615">
     <span class='ocr_line' id='line_1_67' title="bbox 283 4545 1516 4615; baseline 0 -18"><span class='ocrx_word' id='word_1_429' title='bbox 283 4556 398 4598; x_wconf 89' lang='lat' dir='ltr'><strong><em>tum</em></strong></span> <span class='ocrx_word' id='word_1_430' title='bbox 434 4546 690 4615; x_wconf 84' lang='lat' dir='ltr'><strong><em>proprius</em></strong></span> <span class='ocrx_word' id='word_1_431' title='bbox 728 4545 940 4608; x_wconf 73' lang='lat' dir='ltr'><strong><em>Grmco,</em></strong></span> <span class='ocrx_word' id='word_1_432' title='bbox 983 4556 1029 4599; x_wconf 91' lang='lat' dir='ltr'><strong><em>et</em></strong></span> <span class='ocrx_word' id='word_1_433' title='bbox 1066 4561 1165 4613; x_wconf 87' lang='lat' dir='ltr'><strong><em>pro</em></strong></span> <span class='ocrx_word' id='word_1_434' title='bbox 1195 4555 1250 4597; x_wconf 90' lang='lat' dir='ltr'><strong><em>ut</em></strong></span> <span class='ocrx_word' id='word_1_435' title='bbox 1295 4545 1516 4612; x_wconf 80' lang='lat' dir='ltr'><strong><em>legitur.</em></strong></span> 
     </span>
    </p>
   </div>
   <div class='ocr_carea' id='block_1_68' title="bbox 361 4616 1861 4688">
    <p class='ocr_par' dir='ltr' id='par_1_68' title="bbox 361 4616 1861 4688">
     <span class='ocr_line' id='line_1_68' title="bbox 361 4616 1861 4688; baseline 0.001 -19"><span class='ocrx_word' id='word_1_436' title='bbox 361 4618 381 4647; x_wconf 86' lang='grc'><em>³</em></span> <span class='ocrx_word' id='word_1_437' title='bbox 418 4618 583 4688; x_wconf 74' lang='lat' dir='ltr'><strong><em>Addit</em></strong></span> <span class='ocrx_word' id='word_1_438' title='bbox 618 4616 850 4669; x_wconf 81' lang='lat' dir='ltr'><strong><em>Palatiu.</em></strong></span> <span class='ocrx_word' id='word_1_439' title='bbox 887 4632 989 4688; x_wconf 75' lang='lat' dir='ltr'><strong><em>ms.</em></strong></span> <span class='ocrx_word' id='word_1_440' title='bbox 1021 4617 1142 4682; x_wconf 82' lang='lat' dir='ltr'><strong><em>ipsi,</em></strong></span> <span class='ocrx_word' id='word_1_441' title='bbox 1169 4625 1281 4688; x_wconf 83' lang='lat' dir='ltr'><strong><em>tum</em></strong></span> <span class='ocrx_word' id='word_1_442' title='bbox 1342 4616 1533 4676; x_wconf 84' lang='lat' dir='ltr'><strong><em>Doeclt,</em></strong></span> <span class='ocrx_word' id='word_1_443' title='bbox 1577 4632 1676 4682; x_wconf 81' lang='lat' dir='ltr'><strong><em>pro</em></strong></span> <span class='ocrx_word' id='word_1_444' title='bbox 1702 4616 1861 4688; x_wconf 75' lang='lat' dir='ltr'><strong><em>Doeg,</em></strong></span> 
     </span>
    </p>
   </div>
   <div class='ocr_carea' id='block_1_69' title="bbox 280 4686 1312 4753">
    <p class='ocr_par' dir='ltr' id='par_1_69' title="bbox 280 4686 1312 4753">
     <span class='ocr_line' id='line_1_69' title="bbox 280 4686 1312 4753; baseline -0.007 -9"><span class='ocrx_word' id='word_1_445' title='bbox 280 4702 332 4745; x_wconf 85' lang='lat' dir='ltr'><strong><em>et</em></strong></span> <span class='ocrx_word' id='word_1_446' title='bbox 368 4686 664 4740; x_wconf 77' lang='lat' dir='ltr'><strong><em>Abimelech</em></strong></span> <span class='ocrx_word' id='word_1_447' title='bbox 704 4702 799 4753; x_wconf 86' lang='lat' dir='ltr'><strong><em>pro</em></strong></span> <span class='ocrx_word' id='word_1_448' title='bbox 821 4688 858 4738; x_wconf 84' lang='grc' dir='ltr'><em>Α</em></span> <span class='ocrx_word' id='word_1_449' title='bbox 871 4687 1147 4740; x_wconf 81' lang='lat' dir='ltr'><strong><em>chintelech</em></strong></span> <span class='ocrx_word' id='word_1_450' title='bbox 1168 4686 1312 4751; x_wconf 83' lang='lat' dir='ltr'><strong><em>legit.</em></strong></span> 
     </span>
    </p>
   </div>
   <div class='ocr_carea' id='block_1_70' title="bbox 352 4754 1861 4825">
    <p class='ocr_par' dir='ltr' id='par_1_70' title="bbox 352 4754 1861 4825">
     <span class='ocr_line' id='line_1_70' title="bbox 352 4754 1861 4825; baseline 0 -13"><span class='ocrx_word' id='word_1_451' title='bbox 352 4757 643 4823; x_wconf 65' lang='lat' dir='ltr'><strong><em>‘Uterque</em></strong></span> <span class='ocrx_word' id='word_1_452' title='bbox 695 4757 747 4808; x_wconf 86' lang='lat' dir='ltr'><strong><em>in</em></strong></span> <span class='ocrx_word' id='word_1_453' title='bbox 783 4756 951 4809; x_wconf 87' lang='lat' dir='ltr'><strong><em>Palat.</em></strong></span> <span class='ocrx_word' id='word_1_454' title='bbox 1013 4772 1113 4808; x_wconf 78' lang='lat' dir='ltr'><strong><em>ms.</em></strong></span> <span class='ocrx_word' id='word_1_455' title='bbox 1171 4757 1364 4809; x_wconf 76' lang='lat' dir='ltr'><strong><em>oltelus</em></strong></span> <span class='ocrx_word' id='word_1_456' title='bbox 1421 4754 1785 4825; x_wconf 81' lang='lat' dir='ltr'><strong><em>desideratur,</em></strong></span> <span class='ocrx_word' id='word_1_457' title='bbox 1809 4768 1861 4812; x_wconf 91' lang='lat' dir='ltr'><strong><em>et</em></strong></span> 
     </span>
    </p>
   </div>
   <div class='ocr_carea' id='block_1_71' title="bbox 282 4825 1449 4893">
    <p class='ocr_par' dir='ltr' id='par_1_71' title="bbox 282 4825 1449 4893">
     <span class='ocr_line' id='line_1_71' title="bbox 282 4825 1449 4893; baseline -0.008 -8"><span class='ocrx_word' id='word_1_458' title='bbox 282 4831 628 4893; x_wconf 77' lang='lat' dir='ltr'><strong><em>subsequens</em></strong></span> <span class='ocrx_word' id='word_1_459' title='bbox 659 4825 713 4878; x_wconf 89' lang='lat' dir='ltr'><strong><em>in</em></strong></span> <span class='ocrx_word' id='word_1_460' title='bbox 757 4827 1065 4892; x_wconf 67' lang='lat' dir='ltr'><strong><em>prtepnsitio</em></strong></span> <span class='ocrx_word' id='word_1_461' title='bbox 1095 4825 1449 4893; x_wconf 62' lang='lat' dir='ltr'><strong><em>expungitur.</em></strong></span> 
     </span>
    </p>
   </div>
   <div class='ocr_carea' id='block_1_72' title="bbox 354 4894 1861 4965">
    <p class='ocr_par' dir='ltr' id='par_1_72' title="bbox 354 4894 1861 4965">
     <span class='ocr_line' id='line_1_72' title="bbox 354 4894 1861 4965; baseline 0.001 -17"><span class='ocrx_word' id='word_1_462' title='bbox 354 4902 375 4932; x_wconf 83' lang='grc'><strong><em>⁸</em></strong></span> <span class='ocrx_word' id='word_1_463' title='bbox 409 4896 555 4948; x_wconf 82' lang='lat' dir='ltr'><strong><em>Istud</em></strong></span> <span class='ocrx_word' id='word_1_464' title='bbox 590 4894 654 4947; x_wconf 86' lang='lat' dir='ltr'><strong><em>ad</em></strong></span> <span class='ocrx_word' id='word_1_465' title='bbox 689 4896 1072 4965; x_wconf 73' lang='lat' dir='ltr'><strong><em>subsequentis</em></strong></span> <span class='ocrx_word' id='word_1_466' title='bbox 1105 4895 1360 4947; x_wconf 79' lang='lat' dir='ltr'><strong><em>versiculi</em></strong></span> <span class='ocrx_word' id='word_1_467' title='bbox 1398 4900 1556 4951; x_wconf 85' lang='lat' dir='ltr'><strong><em>linem</em></strong></span> <span class='ocrx_word' id='word_1_468' title='bbox 1614 4896 1861 4965; x_wconf 86' lang='lat' dir='ltr'><strong><em>Diapsal-</em></strong></span> 
     </span>
    </p>
   </div>
   <div class='ocr_carea' id='block_1_73' title="bbox 283 4963 1084 5021">
    <p class='ocr_par' dir='ltr' id='par_1_73' title="bbox 283 4963 1084 5021">
     <span class='ocr_line' id='line_1_73' title="bbox 283 4963 1084 5021; baseline -0.007 0"><span class='ocrx_word' id='word_1_469' title='bbox 283 4986 372 5021; x_wconf 76' lang='lat' dir='ltr'><strong><em>ma</em></strong></span> <span class='ocrx_word' id='word_1_470' title='bbox 408 4969 461 5018; x_wconf 85' lang='lat' dir='ltr'><strong><em>in</em></strong></span> <span class='ocrx_word' id='word_1_471' title='bbox 489 4981 556 5017; x_wconf 86' lang='lat' dir='ltr'><strong><em>eo</em></strong></span> <span class='ocrx_word' id='word_1_472' title='bbox 600 4980 706 5019; x_wconf 87' lang='lat' dir='ltr'><strong><em>ms.</em></strong></span> <span class='ocrx_word' id='word_1_473' title='bbox 743 4963 1084 5017; x_wconf 72' lang='lat' dir='ltr'><strong><em>transfertur.</em></strong></span> 
     </span>
    </p>
   </div>
   <div class='ocr_carea' id='block_1_74' title="bbox 358 5033 1864 5104">
    <p class='ocr_par' dir='ltr' id='par_1_74' title="bbox 358 5033 1864 5104">
     <span class='ocr_line' id='line_1_74' title="bbox 358 5033 1864 5104; baseline -0.001 -16"><span class='ocrx_word' id='word_1_474' title='bbox 358 5041 378 5064; x_wconf 76' lang='lat'><strong><em>‘</em></strong></span> <span class='ocrx_word' id='word_1_475' title='bbox 405 5035 621 5091; x_wconf 64' lang='lat' dir='ltr'><strong><em>Voculae</em></strong></span> <span class='ocrx_word' id='word_1_476' title='bbox 649 5044 696 5087; x_wconf 93' lang='lat' dir='ltr'><strong><em>et</em></strong></span> <span class='ocrx_word' id='word_1_477' title='bbox 738 5035 954 5087; x_wconf 71' lang='lat' dir='ltr'><strong><em>obvium</em></strong></span> <span class='ocrx_word' id='word_1_478' title='bbox 1007 5034 1282 5100; x_wconf 83' lang='lat' dir='ltr'><strong><em>postponit</em></strong></span> <span class='ocrx_word' id='word_1_479' title='bbox 1316 5033 1458 5088; x_wconf 85' lang='lat' dir='ltr'><strong><em>idem</em></strong></span> <span class='ocrx_word' id='word_1_480' title='bbox 1490 5053 1590 5090; x_wconf 89' lang='lat' dir='ltr'><strong><em>ms.</em></strong></span> <span class='ocrx_word' id='word_1_481' title='bbox 1624 5052 1639 5097; x_wconf 87' lang='lat'><strong>;</strong></span> <span class='ocrx_word' id='word_1_482' title='bbox 1702 5038 1864 5104; x_wconf 84' lang='lat' dir='ltr'><strong><em>paulo</em></strong></span> 
     </span>
    </p>
   </div>
   <div class='ocr_carea' id='block_1_75' title="bbox 285 5104 1861 5176">
    <p class='ocr_par' dir='ltr' id='par_1_75' title="bbox 285 5104 1861 5176">
     <span class='ocr_line' id='line_1_75' title="bbox 285 5104 1861 5176; baseline -0.001 -15"><span class='ocrx_word' id='word_1_483' title='bbox 285 5119 461 5175; x_wconf 84' lang='lat' dir='ltr'><strong><em>posta</em></strong></span> <span class='ocrx_word' id='word_1_484' title='bbox 485 5104 672 5176; x_wconf 69' lang='lat' dir='ltr'><strong><em>verbis</em></strong></span> <span class='ocrx_word' id='word_1_485' title='bbox 703 5109 793 5156; x_wconf 82' lang='lat' dir='ltr'><strong><em>sed</em></strong></span> <span class='ocrx_word' id='word_1_486' title='bbox 821 5105 1079 5176; x_wconf 67' lang='lat' dir='ltr'><strong><em>speravit</em></strong></span> <span class='ocrx_word' id='word_1_487' title='bbox 1127 5119 1328 5176; x_wconf 64' lang='lat' dir='ltr'><strong><em>novum</em></strong></span> <span class='ocrx_word' id='word_1_488' title='bbox 1363 5108 1694 5161; x_wconf 83' lang='lat' dir='ltr'><strong><em>versiculum</em></strong></span> <span class='ocrx_word' id='word_1_489' title='bbox 1735 5123 1861 5160; x_wconf 89' lang='lat' dir='ltr'><strong><em>cum</em></strong></span> 
     </span>
    </p>
   </div>
   <div class='ocr_carea' id='block_1_76' title="bbox 286 5170 1860 5246">
    <p class='ocr_par' dir='ltr' id='par_1_76' title="bbox 286 5170 1860 5246">
     <span class='ocr_line' id='line_1_76' title="bbox 286 5170 1860 5246; baseline -0.003 -16"><span class='ocrx_word' id='word_1_490' title='bbox 286 5170 429 5246; x_wconf 69' lang='lat' dir='ltr'><strong><em>ipse.</em></strong></span> <span class='ocrx_word' id='word_1_491' title='bbox 464 5190 576 5227; x_wconf 79' lang='grc' dir='ltr'>ιιιιιι</span> <span class='ocrx_word' id='word_1_492' title='bbox 609 5174 784 5228; x_wconf 83' lang='lat' dir='ltr'><strong><em>Carus</em></strong></span> <span class='ocrx_word' id='word_1_493' title='bbox 820 5170 1307 5246; x_wconf 82' lang='lat' dir='ltr'><strong><em>ittcboant._Porro</em></strong></span> <span class='ocrx_word' id='word_1_494' title='bbox 1334 5176 1426 5239; x_wconf 87' lang='lat' dir='ltr'><strong><em>qui</em></strong></span> <span class='ocrx_word' id='word_1_495' title='bbox 1486 5178 1860 5244; x_wconf 78' lang='lat' dir='ltr'><strong><em>subsequitur,</em></strong></span> 
     </span>
    </p>
   </div>
   <div class='ocr_carea' id='block_1_77' title="bbox 284 5244 1860 5314">
    <p class='ocr_par' dir='ltr' id='par_1_77' title="bbox 284 5244 1860 5314">
     <span class='ocr_line' id='line_1_77' title="bbox 284 5244 1860 5314; baseline 0.002 -19"><span class='ocrx_word' id='word_1_496' title='bbox 284 5244 563 5314; x_wconf 57' lang='lat' dir='ltr'><strong><em>prastixmn</em></strong></span> <span class='ocrx_word' id='word_1_497' title='bbox 618 5246 837 5314; x_wconf 80' lang='lat' dir='ltr'><strong><em>obeltttn</em></strong></span> <span class='ocrx_word' id='word_1_498' title='bbox 889 5255 936 5295; x_wconf 90' lang='lat' dir='ltr'><strong><em>et</em></strong></span> <span class='ocrx_word' id='word_1_499' title='bbox 969 5244 1178 5311; x_wconf 70' lang='lat' dir='ltr'><strong><em>copula:</em></strong></span> <span class='ocrx_word' id='word_1_500' title='bbox 1232 5248 1426 5305; x_wconf 83' lang='lat' dir='ltr'><strong><em>nescit,</em></strong></span> <span class='ocrx_word' id='word_1_501' title='bbox 1463 5247 1617 5299; x_wconf 82' lang='lat' dir='ltr'><strong><em>addit</em></strong></span> <span class='ocrx_word' id='word_1_502' title='bbox 1658 5261 1782 5298; x_wconf 80' lang='lat' dir='ltr'><strong><em>vero</em></strong></span> <span class='ocrx_word' id='word_1_503' title='bbox 1810 5250 1860 5298; x_wconf 89' lang='lat' dir='ltr'><strong><em>in</em></strong></span> 
     </span>
    </p>
   </div>
   <div class='ocr_carea' id='block_1_78' title="bbox 285 5313 1862 5384">
    <p class='ocr_par' dir='ltr' id='par_1_78' title="bbox 285 5313 1862 5384">
     <span class='ocr_line' id='line_1_78' title="bbox 285 5313 1862 5384; baseline -0.001 -15"><span class='ocrx_word' id='word_1_504' title='bbox 285 5313 392 5369; x_wconf 63' lang='lat' dir='ltr'><strong><em>line.</em></strong></span> <span class='ocrx_word' id='word_1_505' title='bbox 425 5314 675 5368; x_wconf 78' lang='lat' dir='ltr'><strong><em>versiculi</em></strong></span> <span class='ocrx_word' id='word_1_506' title='bbox 713 5313 1021 5384; x_wconf 84' lang='lat' dir='ltr'><strong><em>Diapsatma</em></strong></span> <span class='ocrx_word' id='word_1_507' title='bbox 1063 5331 1076 5366; x_wconf 87' lang='lat'><strong>:</strong></span> <span class='ocrx_word' id='word_1_508' title='bbox 1103 5328 1223 5379; x_wconf 73' lang='lat' dir='ltr'><strong><em>qua:</em></strong></span> <span class='ocrx_word' id='word_1_509' title='bbox 1250 5321 1431 5367; x_wconf 83' lang='lat' dir='ltr'><strong><em>omnia</em></strong></span> <span class='ocrx_word' id='word_1_510' title='bbox 1466 5317 1722 5369; x_wconf 81' lang='lat' dir='ltr'><strong><em>videntur</em></strong></span> <span class='ocrx_word' id='word_1_511' title='bbox 1742 5319 1862 5384; x_wconf 80' lang='lat' dir='ltr'><strong><em>ejus</em></strong></span> 
     </span>
    </p>
   </div>
   <div class='ocr_carea' id='block_1_79' title="bbox 282 5383 929 5451">
    <p class='ocr_par' dir='ltr' id='par_1_79' title="bbox 282 5383 929 5451">
     <span class='ocr_line' id='line_1_79' title="bbox 282 5383 929 5451; baseline -0.006 -12"><span class='ocrx_word' id='word_1_512' title='bbox 282 5384 583 5451; x_wconf 75' lang='lat' dir='ltr'><strong><em>antiquarii</em></strong></span> <span class='ocrx_word' id='word_1_513' title='bbox 610 5383 929 5449; x_wconf 68' lang='grc' dir='ltr'><strong><em>σφάλματα.</em></strong></span> 
     </span>
    </p>
   </div>
   <div class='ocr_carea' id='block_1_80' title="bbox 360 5451 1863 5523">
    <p class='ocr_par' dir='ltr' id='par_1_80' title="bbox 360 5451 1863 5523">
     <span class='ocr_line' id='line_1_80' title="bbox 360 5451 1863 5523; baseline 0 -14"><span class='ocrx_word' id='word_1_514' title='bbox 360 5456 379 5482; x_wconf 87' lang='lat'><em>’</em></span> <span class='ocrx_word' id='word_1_515' title='bbox 422 5455 578 5523; x_wconf 76' lang='lat' dir='ltr'><strong><em>Legit</em></strong></span> <span class='ocrx_word' id='word_1_516' title='bbox 608 5451 942 5505; x_wconf 73' lang='lat' dir='ltr'><strong><em>Veronensis</em></strong></span> <span class='ocrx_word' id='word_1_517' title='bbox 998 5453 1253 5509; x_wconf 83' lang='lat' dir='ltr'><strong><em>Psalterii</em></strong></span> <span class='ocrx_word' id='word_1_518' title='bbox 1299 5456 1478 5510; x_wconf 87' lang='lat' dir='ltr'><strong><em>editor</em></strong></span> <span class='ocrx_word' id='word_1_519' title='bbox 1512 5459 1726 5517; x_wconf 82' lang='lat' dir='ltr'><strong><em>nostris,</em></strong></span> <span class='ocrx_word' id='word_1_520' title='bbox 1762 5471 1863 5509; x_wconf 86' lang='lat' dir='ltr'><strong><em>nec</em></strong></span> 
     </span>
    </p>
   </div>
   <div class='ocr_carea' id='block_1_81' title="bbox 286 5523 1863 5591">
    <p class='ocr_par' dir='ltr' id='par_1_81' title="bbox 286 5523 1863 5591">
     <span class='ocr_line' id='line_1_81' title="bbox 286 5523 1863 5591; baseline -0.001 -14"><span class='ocrx_word' id='word_1_521' title='bbox 286 5535 471 5577; x_wconf 82' lang='lat' dir='ltr'><strong><em>tamen</em></strong></span> <span class='ocrx_word' id='word_1_522' title='bbox 503 5528 571 5578; x_wconf 84' lang='lat' dir='ltr'><strong><em>de</em></strong></span> <span class='ocrx_word' id='word_1_523' title='bbox 604 5523 705 5575; x_wconf 78' lang='lat' dir='ltr'><strong><em>hac</em></strong></span> <span class='ocrx_word' id='word_1_524' title='bbox 727 5523 979 5587; x_wconf 81' lang='lat' dir='ltr'><strong><em>lectione,</em></strong></span> <span class='ocrx_word' id='word_1_525' title='bbox 1011 5539 1131 5591; x_wconf 72' lang='lat' dir='ltr'><strong><em>qua:</em></strong></span> <span class='ocrx_word' id='word_1_526' title='bbox 1164 5534 1219 5578; x_wconf 91' lang='lat' dir='ltr'><strong><em>et</em></strong></span> <span class='ocrx_word' id='word_1_527' title='bbox 1245 5527 1501 5581; x_wconf 82' lang='lat' dir='ltr'><strong><em>mendosa</em></strong></span> <span class='ocrx_word' id='word_1_528' title='bbox 1535 5529 1775 5588; x_wconf 81' lang='lat' dir='ltr'><strong><em>videtur,</em></strong></span> <span class='ocrx_word' id='word_1_529' title='bbox 1808 5538 1863 5577; x_wconf 85' lang='lat' dir='ltr'><strong><em>et</em></strong></span> 
     </span>
    </p>
   </div>
   <div class='ocr_carea' id='block_1_82' title="bbox 283 5592 1862 5661">
    <p class='ocr_par' dir='ltr' id='par_1_82' title="bbox 283 5592 1862 5661">
     <span class='ocr_line' id='line_1_82' title="bbox 283 5592 1862 5661; baseline 0 -13"><span class='ocrx_word' id='word_1_530' title='bbox 283 5594 503 5648; x_wconf 64' lang='lat' dir='ltr'><strong><em>ceteris</em></strong></span> <span class='ocrx_word' id='word_1_531' title='bbox 535 5594 690 5645; x_wconf 76' lang='lat' dir='ltr'><strong><em>libris</em></strong></span> <span class='ocrx_word' id='word_1_532' title='bbox 705 5592 957 5646; x_wconf 79' lang='lat' dir='ltr'><strong><em>omnibus</em></strong></span> <span class='ocrx_word' id='word_1_533' title='bbox 980 5596 1277 5661; x_wconf 88' lang='lat' dir='ltr'><strong><em>contraria,</em></strong></span> <span class='ocrx_word' id='word_1_534' title='bbox 1312 5597 1481 5650; x_wconf 86' lang='lat' dir='ltr'><strong><em>verbo</em></strong></span> <span class='ocrx_word' id='word_1_535' title='bbox 1511 5605 1669 5653; x_wconf 85' lang='lat' dir='ltr'><strong><em>tenus</em></strong></span> <span class='ocrx_word' id='word_1_536' title='bbox 1692 5596 1862 5649; x_wconf 86' lang='lat' dir='ltr'><strong><em>lecto-</em></strong></span> 
     </span>
    </p>
   </div>
   <div class='ocr_carea' id='block_1_83' title="bbox 286 5663 1465 5718">
    <p class='ocr_par' dir='ltr' id='par_1_83' title="bbox 286 5663 1465 5718">
     <span class='ocr_line' id='line_1_83' title="bbox 286 5663 1465 5718; baseline -0.013 -1"><span class='ocrx_word' id='word_1_537' title='bbox 286 5680 403 5718; x_wconf 82' lang='lat' dir='ltr'><strong><em>rem</em></strong></span> <span class='ocrx_word' id='word_1_538' title='bbox 442 5663 679 5715; x_wconf 83' lang='lat' dir='ltr'><strong><em>monuit.</em></strong></span> <span class='ocrx_word' id='word_1_539' title='bbox 1464 5680 1465 5683; x_wconf 60' lang='grc' dir='ltr'><strong>η</strong></span> 
     </span>
    </p>
   </div>
   <div class='ocr_carea' id='block_1_84' title="bbox 353 5731 1859 5808">
    <p class='ocr_par' dir='ltr' id='par_1_84' title="bbox 353 5731 1859 5808">
     <span class='ocr_line' id='line_1_84' title="bbox 353 5731 1859 5808; baseline 0.001 -21"><span class='ocrx_word' id='word_1_540' title='bbox 353 5734 371 5763; x_wconf 80' lang='grc'><em>⁸</em></span> <span class='ocrx_word' id='word_1_541' title='bbox 402 5735 762 5808; x_wconf 71' lang='lat' dir='ltr'><strong><em>Augustinus,</em></strong></span> <span class='ocrx_word' id='word_1_542' title='bbox 811 5731 953 5787; x_wconf 84' lang='lat' dir='ltr'><strong><em>Erue</em></strong></span> <span class='ocrx_word' id='word_1_543' title='bbox 1008 5751 1085 5789; x_wconf 85' lang='lat' dir='ltr'><strong><em>me</em></strong></span> <span class='ocrx_word' id='word_1_544' title='bbox 1148 5734 1209 5789; x_wconf 82' lang='lat' dir='ltr'><strong><em>de</em></strong></span> <span class='ocrx_word' id='word_1_545' title='bbox 1240 5736 1599 5802; x_wconf 81' lang='lat' dir='ltr'><strong><em>sanguiuibus,</em></strong></span> <span class='ocrx_word' id='word_1_546' title='bbox 1636 5746 1776 5800; x_wconf 88' lang='lat' dir='ltr'><strong><em>ctc.;</em></strong></span> <span class='ocrx_word' id='word_1_547' title='bbox 1805 5736 1859 5789; x_wconf 88' lang='lat' dir='ltr'><strong><em>in</em></strong></span> 
     </span>
    </p>
   </div>
   <div class='ocr_carea' id='block_1_85' title="bbox 1961 2602 3542 2665">
    <p class='ocr_par' dir='ltr' id='par_1_85' title="bbox 1961 2602 3542 2665">
     <span class='ocr_line' id='line_1_85' title="bbox 1961 2602 3542 2665; baseline 0.004 -18"><span class='ocrx_word' id='word_1_548' title='bbox 1961 2609 2012 2648; x_wconf 74' lang='lat' dir='ltr'><strong><em>IN</em></strong></span> <span class='ocrx_word' id='word_1_549' title='bbox 2040 2611 2219 2661; x_wconf 72' lang='lat' dir='ltr'><strong><em>rtnsu,</em></strong></span> <span class='ocrx_word' id='word_1_550' title='bbox 2255 2613 2607 2653; x_wconf 75' lang='lat' dir='ltr'><strong><em>INTELLECTUS</em></strong></span> <span class='ocrx_word' id='word_1_551' title='bbox 2644 2602 2879 2665; x_wconf 60' lang='lat' dir='ltr'><strong><em>utrm”,</em></strong></span> <span class='ocrx_word' id='word_1_552' title='bbox 2917 2617 3021 2654; x_wconf 77' lang='lat' dir='ltr'><strong><em>cun</em></strong></span> <span class='ocrx_word' id='word_1_553' title='bbox 3048 2619 3204 2655; x_wconf 66' lang='lat' dir='ltr'><strong><em>vestr</em></strong></span> <span class='ocrx_word' id='word_1_554' title='bbox 3263 2617 3396 2656; x_wconf 68' lang='lat' dir='ltr'><strong><em>post;</em></strong></span> <span class='ocrx_word' id='word_1_555' title='bbox 3426 2616 3542 2654; x_wconf 69' lang='lat' dir='ltr'><strong><em>uru-</em></strong></span> 
     </span>
    </p>
   </div>
   <div class='ocr_carea' id='block_1_86' title="bbox 2033 2681 3544 2726">
    <p class='ocr_par' dir='ltr' id='par_1_86' title="bbox 2033 2681 3544 2726">
     <span class='ocr_line' id='line_1_86' title="bbox 2033 2681 3544 2726; baseline 0.005 -9"><span class='ocrx_word' id='word_1_556' title='bbox 2033 2681 2205 2725; x_wconf 59' lang='grc' dir='ltr'><strong><em>διευς,</em></strong></span> <span class='ocrx_word' id='word_1_557' title='bbox 2245 2682 2312 2719; x_wconf 75' lang='grc' dir='ltr'><strong><em>ΕΤ</em></strong></span> <span class='ocrx_word' id='word_1_558' title='bbox 2350 2685 2715 2722; x_wconf 68' lang='lat' dir='ltr'><strong><em>ANNUNTlAVIT</em></strong></span> <span class='ocrx_word' id='word_1_559' title='bbox 2741 2687 2891 2723; x_wconf 56' lang='grc' dir='ltr'><strong><em>δΛΙῖΙι.</em></strong></span> <span class='ocrx_word' id='word_1_560' title='bbox 2935 2687 3001 2723; x_wconf 75' lang='grc' dir='ltr'><strong><em>ΕΤ</em></strong></span> <span class='ocrx_word' id='word_1_561' title='bbox 3031 2688 3179 2724; x_wconf 73' lang='grc' dir='ltr'><strong>ΒΙΧΙΤ</strong></span> <span class='ocrx_word' id='word_1_562' title='bbox 3226 2686 3544 2726; x_wconf 69' lang='grc' dir='ltr'><strong><em>ιιιιεεεεεε</em></strong></span> 
     </span>
    </p>
   </div>
   <div class='ocr_carea' id='block_1_87' title="bbox 2022 2751 3006 2794">
    <p class='ocr_par' dir='ltr' id='par_1_87' title="bbox 2022 2751 3006 2794">
     <span class='ocr_line' id='line_1_87' title="bbox 2022 2751 3006 2794; baseline 0.007 -7"><span class='ocrx_word' id='word_1_563' title='bbox 2022 2751 2181 2788; x_wconf 67' lang='lat' dir='ltr'><strong>VENIT</strong></span> <span class='ocrx_word' id='word_1_564' title='bbox 2212 2751 2368 2789; x_wconf 68' lang='lat' dir='ltr'><strong><em>DAYlD</em></strong></span> <span class='ocrx_word' id='word_1_565' title='bbox 2403 2754 2451 2789; x_wconf 75' lang='lat' dir='ltr'><strong><em>IN</em></strong></span> <span class='ocrx_word' id='word_1_566' title='bbox 2482 2753 2663 2791; x_wconf 66' lang='lat' dir='ltr'><strong><em>DOMUM</em></strong></span> <span class='ocrx_word' id='word_1_567' title='bbox 2691 2756 3006 2794; x_wconf 71' lang='lat' dir='ltr'><strong><em>ALIMCLECH.</em></strong></span> 
     </span>
    </p>
   </div>
   <div class='ocr_carea' id='block_1_88' title="bbox 2026 2847 3527 2919">
    <p class='ocr_par' dir='ltr' id='par_1_88' title="bbox 2026 2847 3527 2919">
     <span class='ocr_line' id='line_1_88' title="bbox 2026 2847 3527 2919; baseline 0.006 -20"><span class='ocrx_word' id='word_1_568' title='bbox 2026 2847 2165 2913; x_wconf 87' lang='lat' dir='ltr'><strong><em>Quid</em></strong></span> <span class='ocrx_word' id='word_1_569' title='bbox 2195 2849 2448 2916; x_wconf 77' lang='lat' dir='ltr'><strong><em>gloriaris</em></strong></span> <span class='ocrx_word' id='word_1_570' title='bbox 2503 2850 2557 2903; x_wconf 88' lang='lat' dir='ltr'><strong><em>in</em></strong></span> <span class='ocrx_word' id='word_1_571' title='bbox 2591 2851 2820 2916; x_wconf 83' lang='lat' dir='ltr'><strong><em>malitia,</em></strong></span> <span class='ocrx_word' id='word_1_572' title='bbox 2875 2852 2967 2919; x_wconf 89' lang='lat' dir='ltr'><strong><em>qui</em></strong></span> <span class='ocrx_word' id='word_1_573' title='bbox 3023 2860 3218 2919; x_wconf 84' lang='lat' dir='ltr'><strong><em>potens</em></strong></span> <span class='ocrx_word' id='word_1_574' title='bbox 3247 2868 3305 2906; x_wconf 90' lang='lat' dir='ltr'><strong><em>es</em></strong></span> <span class='ocrx_word' id='word_1_575' title='bbox 3334 2853 3388 2907; x_wconf 89' lang='lat' dir='ltr'><strong><em>in</em></strong></span> <span class='ocrx_word' id='word_1_576' title='bbox 3420 2854 3527 2909; x_wconf 81' lang='lat' dir='ltr'><strong><em>ini-</em></strong></span> 
     </span>
    </p>
   </div>
   <div class='ocr_carea' id='block_1_89' title="bbox 1952 2939 2260 3008">
    <p class='ocr_par' dir='ltr' id='par_1_89' title="bbox 1952 2939 2260 3008">
     <span class='ocr_line' id='line_1_89' title="bbox 1952 2939 2260 3008; baseline 0.006 -17"><span class='ocrx_word' id='word_1_577' title='bbox 1952 2939 2260 3008; x_wconf 81' lang='lat' dir='ltr'><strong><em>quitate“?</em></strong></span> 
     </span>
    </p>
   </div>
   <div class='ocr_carea' id='block_1_90' title="bbox 2030 3032 3543 3104">
    <p class='ocr_par' dir='ltr' id='par_1_90' title="bbox 2030 3032 3543 3104">
     <span class='ocr_line' id='line_1_90' title="bbox 2030 3032 3543 3104; baseline 0.005 -19"><span class='ocrx_word' id='word_1_578' title='bbox 2030 3032 2165 3086; x_wconf 82' lang='lat' dir='ltr'><strong><em>Tota</em></strong></span> <span class='ocrx_word' id='word_1_579' title='bbox 2199 3034 2287 3088; x_wconf 87' lang='lat' dir='ltr'><strong><em>die</em></strong></span> <span class='ocrx_word' id='word_1_580' title='bbox 2320 3034 2641 3104; x_wconf 67' lang='lat' dir='ltr'><strong><em>iniustitiam</em></strong></span> <span class='ocrx_word' id='word_1_581' title='bbox 2672 3035 2933 3104; x_wconf 78' lang='lat' dir='ltr'><strong><em>cogitavit</em></strong></span> <span class='ocrx_word' id='word_1_582' title='bbox 2990 3034 3173 3104; x_wconf 78' lang='lat' dir='ltr'><strong><em>lingua</em></strong></span> <span class='ocrx_word' id='word_1_583' title='bbox 3233 3046 3323 3091; x_wconf 82' lang='lat' dir='ltr'><strong><em>tua</em></strong></span> <span class='ocrx_word' id='word_1_584' title='bbox 3354 3054 3368 3091; x_wconf 90' lang='lat'><strong>:</strong></span> <span class='ocrx_word' id='word_1_585' title='bbox 3399 3038 3543 3093; x_wconf 90' lang='lat' dir='ltr'><strong><em>sicut</em></strong></span> 
     </span>
    </p>
   </div>
   <div class='ocr_carea' id='block_1_91' title="bbox 1964 3123 2907 3182">
    <p class='ocr_par' dir='ltr' id='par_1_91' title="bbox 1964 3123 2907 3182">
     <span class='ocr_line' id='line_1_91' title="bbox 1964 3123 2907 3182; baseline 0.004 -5"><span class='ocrx_word' id='word_1_586' title='bbox 1964 3123 2228 3178; x_wconf 85' lang='lat' dir='ltr'><strong><em>novacula</em></strong></span> <span class='ocrx_word' id='word_1_587' title='bbox 2270 3137 2431 3179; x_wconf 89' lang='lat' dir='ltr'><strong><em>acuta</em></strong></span> <span class='ocrx_word' id='word_1_588' title='bbox 2488 3126 2662 3180; x_wconf 75' lang='lat' dir='ltr'><strong><em>fecisti</em></strong></span> <span class='ocrx_word' id='word_1_589' title='bbox 2700 3126 2907 3182; x_wconf 87' lang='lat' dir='ltr'><strong><em>dolum.</em></strong></span> 
     </span>
    </p>
   </div>
   <div class='ocr_carea' id='block_1_92' title="bbox 2038 3214 3541 3287">
    <p class='ocr_par' dir='ltr' id='par_1_92' title="bbox 2038 3214 3541 3287">
     <span class='ocr_line' id='line_1_92' title="bbox 2038 3214 3541 3287; baseline 0.003 -21"><span class='ocrx_word' id='word_1_590' title='bbox 2038 3214 2283 3269; x_wconf 79' lang='lat' dir='ltr'><strong><em>Dilexisti</em></strong></span> <span class='ocrx_word' id='word_1_591' title='bbox 2310 3216 2571 3270; x_wconf 86' lang='lat' dir='ltr'><strong><em>malitiam</em></strong></span> <span class='ocrx_word' id='word_1_592' title='bbox 2603 3232 2770 3286; x_wconf 84' lang='lat' dir='ltr'><strong><em>super</em></strong></span> <span class='ocrx_word' id='word_1_593' title='bbox 2826 3217 3213 3286; x_wconf 78' lang='lat' dir='ltr'><strong><em>benignitatem</em></strong></span> <span class='ocrx_word' id='word_1_594' title='bbox 3244 3233 3259 3273; x_wconf 85' lang='lat'><strong>:</strong></span> <span class='ocrx_word' id='word_1_595' title='bbox 3332 3217 3541 3287; x_wconf 84' lang='lat' dir='ltr'><strong><em>iniqui-</em></strong></span> 
     </span>
    </p>
   </div>
   <div class='ocr_carea' id='block_1_93' title="bbox 1966 3307 3514 3377">
    <p class='ocr_par' dir='ltr' id='par_1_93' title="bbox 1966 3307 3514 3377">
     <span class='ocr_line' id='line_1_93' title="bbox 1966 3307 3514 3377; baseline 0.001 -14"><span class='ocrx_word' id='word_1_596' title='bbox 1966 3316 2130 3363; x_wconf 85' lang='lat' dir='ltr'><strong><em>tatem</em></strong></span> <span class='ocrx_word' id='word_1_597' title='bbox 2158 3310 2326 3377; x_wconf 81' lang='lat' dir='ltr'><strong><em>magis</em></strong></span> <span class='ocrx_word' id='word_1_598' title='bbox 2350 3324 2513 3377; x_wconf 88' lang='lat' dir='ltr'><strong><em>quam</em></strong></span> <span class='ocrx_word' id='word_1_599' title='bbox 2545 3309 2693 3376; x_wconf 83' lang='lat' dir='ltr'><strong><em>loqui</em></strong></span> <span class='ocrx_word' id='word_1_600' title='bbox 2732 3310 3067 3377; x_wconf 66' lang='lat' dir='ltr'><strong><em>aequitatem.</em></strong></span> <span class='ocrx_word' id='word_1_601' title='bbox 3106 3307 3428 3364; x_wconf 71' lang='lat' dir='ltr'><strong><em>Durssuts.</em></strong></span> <span class='ocrx_word' id='word_1_602' title='bbox 3506 3364 3514 3375; x_wconf 78' lang='grc'><strong>,</strong></span> 
     </span>
    </p>
   </div>
   <div class='ocr_carea' id='block_1_94' title="bbox 2027 3398 3541 3469">
    <p class='ocr_par' dir='ltr' id='par_1_94' title="bbox 2027 3398 3541 3469">
     <span class='ocr_line' id='line_1_94' title="bbox 2027 3398 3541 3469; baseline 0.003 -18"><span class='ocrx_word' id='word_1_603' title='bbox 2027 3398 2273 3453; x_wconf 80' lang='lat' dir='ltr'><strong><em>Dilexisti</em></strong></span> <span class='ocrx_word' id='word_1_604' title='bbox 2302 3400 2485 3454; x_wconf 87' lang='lat' dir='ltr'><strong><em>omnia</em></strong></span> <span class='ocrx_word' id='word_1_605' title='bbox 2518 3398 2684 3453; x_wconf 87' lang='lat' dir='ltr'><strong><em>verba</em></strong></span> <span class='ocrx_word' id='word_1_606' title='bbox 2709 3399 3158 3469; x_wconf 79' lang='lat' dir='ltr'><strong><em>praecipitationis</em></strong></span> <span class='ocrx_word' id='word_1_607' title='bbox 3184 3401 3248 3465; x_wconf 82' lang='grc'><strong><em>¹²,</em></strong></span> <span class='ocrx_word' id='word_1_608' title='bbox 3272 3401 3328 3469; x_wconf 76' lang='lat' dir='ltr'><strong><em>in</em></strong></span> <span class='ocrx_word' id='word_1_609' title='bbox 3358 3402 3541 3469; x_wconf 83' lang='lat' dir='ltr'><strong><em>lingua</em></strong></span> 
     </span>
    </p>
   </div>
   <div class='ocr_carea' id='block_1_95' title="bbox 1963 3491 2169 3546">
    <p class='ocr_par' dir='ltr' id='par_1_95' title="bbox 1963 3491 2169 3546">
     <span class='ocr_line' id='line_1_95' title="bbox 1963 3491 2169 3546; baseline -0.01 0"><span class='ocrx_word' id='word_1_610' title='bbox 1963 3491 2169 3546; x_wconf 90' lang='lat' dir='ltr'><strong><em>dolosa.</em></strong></span> 
     </span>
    </p>
   </div>
   <div class='ocr_carea' id='block_1_96' title="bbox 2038 3580 3555 3651">
    <p class='ocr_par' dir='ltr' id='par_1_96' title="bbox 2038 3580 3555 3651">
     <span class='ocr_line' id='line_1_96' title="bbox 2038 3580 3555 3651; baseline -0.003 -14"><span class='ocrx_word' id='word_1_611' title='bbox 2038 3584 2339 3651; x_wconf 79' lang='lat' dir='ltr'><strong><em>Propterea</em></strong></span> <span class='ocrx_word' id='word_1_612' title='bbox 2380 3582 2624 3637; x_wconf 83' lang='lat' dir='ltr'><strong><em>destruet</em></strong></span> <span class='ocrx_word' id='word_1_613' title='bbox 2658 3592 2710 3637; x_wconf 85' lang='lat' dir='ltr'><strong><em>te</em></strong></span> <span class='ocrx_word' id='word_1_614' title='bbox 2749 3582 2896 3635; x_wconf 84' lang='lat' dir='ltr'><strong><em>Deus</em></strong></span> <span class='ocrx_word' id='word_1_615' title='bbox 2926 3580 2979 3633; x_wconf 91' lang='lat' dir='ltr'><strong><em>in</em></strong></span> <span class='ocrx_word' id='word_1_616' title='bbox 3010 3581 3209 3634; x_wconf 83' lang='lat' dir='ltr'><strong><em>tinem:</em></strong></span> <span class='ocrx_word' id='word_1_617' title='bbox 3240 3583 3434 3636; x_wconf 78' lang='lat' dir='ltr'><strong><em>evellet</em></strong></span> <span class='ocrx_word' id='word_1_618' title='bbox 3470 3592 3555 3647; x_wconf 82' lang='lat' dir='ltr'><strong><em>te,-</em></strong></span> 
     </span>
    </p>
   </div>
   <div class='ocr_carea' id='block_1_97' title="bbox 1965 3674 3546 3744">
    <p class='ocr_par' dir='ltr' id='par_1_97' title="bbox 1965 3674 3546 3744">
     <span class='ocr_line' id='line_1_97' title="bbox 1965 3674 3546 3744; baseline 0.001 -16"><span class='ocrx_word' id='word_1_619' title='bbox 1965 3684 2019 3728; x_wconf 88' lang='lat' dir='ltr'><strong><em>et</em></strong></span> <span class='ocrx_word' id='word_1_620' title='bbox 2044 3675 2331 3744; x_wconf 83' lang='lat' dir='ltr'><strong><em>emigrabit</em></strong></span> <span class='ocrx_word' id='word_1_621' title='bbox 2372 3683 2422 3728; x_wconf 91' lang='lat' dir='ltr'><strong><em>te</em></strong></span> <span class='ocrx_word' id='word_1_622' title='bbox 2453 3675 2520 3729; x_wconf 89' lang='lat' dir='ltr'><strong><em>de</em></strong></span> <span class='ocrx_word' id='word_1_623' title='bbox 2547 3674 2921 3737; x_wconf 84' lang='lat' dir='ltr'><strong><em>tabernaculo,</em></strong></span> <span class='ocrx_word' id='word_1_624' title='bbox 2945 3682 3001 3726; x_wconf 87' lang='lat' dir='ltr'><strong><em>et</em></strong></span> <span class='ocrx_word' id='word_1_625' title='bbox 3037 3674 3274 3729; x_wconf 82' lang='lat' dir='ltr'><strong><em>radicem</em></strong></span> <span class='ocrx_word' id='word_1_626' title='bbox 3304 3687 3450 3729; x_wconf 89' lang='lat' dir='ltr'><strong><em>tuam</em></strong></span> <span class='ocrx_word' id='word_1_627' title='bbox 3477 3677 3546 3730; x_wconf 87' lang='lat' dir='ltr'><strong><em>de</em></strong></span> 
     </span>
    </p>
   </div>
   <div class='ocr_carea' id='block_1_98' title="bbox 1965 3764 2845 3818">
    <p class='ocr_par' dir='ltr' id='par_1_98' title="bbox 1965 3764 2845 3818">
     <span class='ocr_line' id='line_1_98' title="bbox 1965 3764 2845 3818; baseline -0.002 0"><span class='ocrx_word' id='word_1_628' title='bbox 1965 3772 2110 3818; x_wconf 83' lang='lat' dir='ltr'><strong><em>terra</em></strong></span> <span class='ocrx_word' id='word_1_629' title='bbox 2141 3764 2466 3817; x_wconf 84' lang='lat' dir='ltr'><strong><em>viventium.</em></strong></span> <span class='ocrx_word' id='word_1_630' title='bbox 2522 3766 2845 3818; x_wconf 60' lang='lat' dir='ltr'><strong><em>blaesum.</em></strong></span> 
     </span>
    </p>
   </div>
   <div class='ocr_carea' id='block_1_99' title="bbox 2060 3854 3551 3926">
    <p class='ocr_par' dir='ltr' id='par_1_99' title="bbox 2060 3854 3551 3926">
     <span class='ocr_line' id='line_1_99' title="bbox 2060 3854 3551 3926; baseline 0.003 -19"><span class='ocrx_word' id='word_1_631' title='bbox 2060 3854 2161 3911; x_wconf 74' lang='lat' dir='ltr'><strong><em>Hs.</em></strong></span> <span class='ocrx_word' id='word_1_632' title='bbox 2187 3855 2309 3909; x_wconf 87' lang='lat' dir='ltr'><strong><em>add.</em></strong></span> <span class='ocrx_word' id='word_1_633' title='bbox 2343 3854 2428 3926; x_wconf 86' lang='lat' dir='ltr'><strong><em>Et]</em></strong></span> <span class='ocrx_word' id='word_1_634' title='bbox 2461 3855 2735 3910; x_wconf 79' lang='lat' dir='ltr'><strong><em>Videbunt</em></strong></span> <span class='ocrx_word' id='word_1_635' title='bbox 2762 3855 2920 3925; x_wconf 84' lang='lat' dir='ltr'><strong><em>justi,</em></strong></span> <span class='ocrx_word' id='word_1_636' title='bbox 2950 3865 3004 3909; x_wconf 84' lang='lat' dir='ltr'><strong><em>et</em></strong></span> <span class='ocrx_word' id='word_1_637' title='bbox 3046 3857 3317 3911; x_wconf 83' lang='lat' dir='ltr'><strong><em>timebunt</em></strong></span> <span class='ocrx_word' id='word_1_638' title='bbox 3342 3876 3354 3911; x_wconf 91' lang='lat'><strong>:</strong></span> <span class='ocrx_word' id='word_1_639' title='bbox 3381 3867 3434 3913; x_wconf 88' lang='lat' dir='ltr'><strong><em>et</em></strong></span> <span class='ocrx_word' id='word_1_640' title='bbox 3456 3874 3551 3913; x_wconf 83' lang='lat' dir='ltr'><strong><em>su-</em></strong></span> 
     </span>
    </p>
   </div>
   <div class='ocr_carea' id='block_1_100' title="bbox 1965 3948 2855 4015">
    <p class='ocr_par' dir='ltr' id='par_1_100' title="bbox 1965 3948 2855 4015">
     <span class='ocr_line' id='line_1_100' title="bbox 1965 3948 2855 4015; baseline 0.004 -14"><span class='ocrx_word' id='word_1_641' title='bbox 1965 3961 2062 4015; x_wconf 84' lang='lat' dir='ltr'><strong><em>per</em></strong></span> <span class='ocrx_word' id='word_1_642' title='bbox 2085 3962 2210 4000; x_wconf 83' lang='lat' dir='ltr'><strong><em>cum</em></strong></span> <span class='ocrx_word' id='word_1_643' title='bbox 2235 3948 2512 4013; x_wconf 84' lang='lat' dir='ltr'><strong><em>ridebunt,</em></strong></span> <span class='ocrx_word' id='word_1_644' title='bbox 2545 3957 2600 4002; x_wconf 86' lang='lat' dir='ltr'><strong><em>et</em></strong></span> <span class='ocrx_word' id='word_1_645' title='bbox 2631 3949 2814 4002; x_wconf 79' lang='lat' dir='ltr'><strong><em>dioent</em></strong></span> <span class='ocrx_word' id='word_1_646' title='bbox 2841 3966 2855 4005; x_wconf 87' lang='lat'><strong>:</strong></span> 
     </span>
    </p>
   </div>
   <div class='ocr_carea' id='block_1_101' title="bbox 1970 4101 3549 4171">
    <p class='ocr_par' dir='ltr' id='par_1_101' title="bbox 1970 4101 3549 4171">
     <span class='ocr_line' id='line_1_101' title="bbox 1970 4101 3549 4171; baseline 0.004 -18"><span class='ocrx_word' id='word_1_647' title='bbox 1970 4117 2130 4170; x_wconf 86' lang='lat' dir='ltr'><strong><em>quem</em></strong></span> <span class='ocrx_word' id='word_1_648' title='bbox 2169 4103 2344 4157; x_wconf 86' lang='lat' dir='ltr'><strong><em>locum</em></strong></span> <span class='ocrx_word' id='word_1_649' title='bbox 2418 4102 2649 4171; x_wconf 82' lang='lat' dir='ltr'><strong><em>insignis</em></strong></span> <span class='ocrx_word' id='word_1_650' title='bbox 2709 4103 2797 4157; x_wconf 86' lang='lat' dir='ltr'><strong><em>illa</em></strong></span> <span class='ocrx_word' id='word_1_651' title='bbox 2829 4110 2911 4157; x_wconf 88' lang='lat' dir='ltr'><strong><em>est</em></strong></span> <span class='ocrx_word' id='word_1_652' title='bbox 2941 4101 3185 4171; x_wconf 88' lang='lat' dir='ltr'><strong><em>ejusdem</em></strong></span> <span class='ocrx_word' id='word_1_653' title='bbox 3221 4105 3491 4159; x_wconf 85' lang='lat' dir='ltr'><strong><em>sententia</em></strong></span> <span class='ocrx_word' id='word_1_654' title='bbox 3530 4123 3549 4161; x_wconf 83' lang='lat'><strong>:</strong></span> 
     </span>
    </p>
   </div>
   <div class='ocr_carea' id='block_1_102' title="bbox 1978 4171 3545 4241">
    <p class='ocr_par' dir='ltr' id='par_1_102' title="bbox 1978 4171 3545 4241">
     <span class='ocr_line' id='line_1_102' title="bbox 1978 4171 3545 4241; baseline 0.004 -19"><span class='ocrx_word' id='word_1_655' title='bbox 1978 4191 1994 4222; x_wconf 80' lang='grc' dir='ltr'><strong><em>ι</em></strong></span> <span class='ocrx_word' id='word_1_656' title='bbox 2033 4173 2313 4239; x_wconf 76' lang='lat' dir='ltr'><strong><em>Expressit</em></strong></span> <span class='ocrx_word' id='word_1_657' title='bbox 2340 4171 2565 4227; x_wconf 83' lang='lat' dir='ltr'><strong><em>Latinus</em></strong></span> <span class='ocrx_word' id='word_1_658' title='bbox 2591 4173 2860 4241; x_wconf 84' lang='lat' dir='ltr'><strong><em>interpres</em></strong></span> <span class='ocrx_word' id='word_1_659' title='bbox 2912 4175 3079 4227; x_wconf 87' lang='lat' dir='ltr'><strong><em>verbo</em></strong></span> <span class='ocrx_word' id='word_1_660' title='bbox 3113 4174 3295 4228; x_wconf 88' lang='lat' dir='ltr'><strong><em>minus</em></strong></span> <span class='ocrx_word' id='word_1_661' title='bbox 3326 4175 3545 4232; x_wconf 88' lang='lat' dir='ltr'><strong><em>Latino.</em></strong></span> 
     </span>
    </p>
   </div>
   <div class='ocr_carea' id='block_1_103' title="bbox 1970 4242 3549 4309">
    <p class='ocr_par' dir='ltr' id='par_1_103' title="bbox 1970 4242 3549 4309">
     <span class='ocr_line' id='line_1_103' title="bbox 1970 4242 3549 4309; baseline 0.003 -17"><span class='ocrx_word' id='word_1_662' title='bbox 1970 4242 2357 4309; x_wconf 85' lang='lat' dir='ltr'><strong><em>proprietatem</em></strong></span> <span class='ocrx_word' id='word_1_663' title='bbox 2387 4255 2567 4295; x_wconf 83' lang='lat' dir='ltr'><strong><em>tamen</em></strong></span> <span class='ocrx_word' id='word_1_664' title='bbox 2601 4258 2667 4295; x_wconf 80' lang='lat' dir='ltr'><strong><em>ex</em></strong></span> <span class='ocrx_word' id='word_1_665' title='bbox 2693 4242 2898 4297; x_wconf 67' lang='lat' dir='ltr'><strong><em>Graeco.</em></strong></span> <span class='ocrx_word' id='word_1_666' title='bbox 2966 4244 3100 4295; x_wconf 81' lang='lat' dir='ltr'><strong><em>Nam</em></strong></span> <span class='ocrx_word' id='word_1_667' title='bbox 3150 4258 3341 4297; x_wconf 83' lang='lat' dir='ltr'><strong><em>onmes</em></strong></span> <span class='ocrx_word' id='word_1_668' title='bbox 3398 4248 3549 4297; x_wconf 81' lang='lat' dir='ltr'><strong><em>novi-</em></strong></span> 
     </span>
    </p>
   </div>
   <div class='ocr_carea' id='block_1_104' title="bbox 1971 4311 3551 4380">
    <p class='ocr_par' dir='ltr' id='par_1_104' title="bbox 1971 4311 3551 4380">
     <span class='ocr_line' id='line_1_104' title="bbox 1971 4311 3551 4380; baseline 0.001 -16"><span class='ocrx_word' id='word_1_669' title='bbox 1971 4326 2093 4364; x_wconf 88' lang='lat' dir='ltr'><strong><em>mus</em></strong></span> <span class='ocrx_word' id='word_1_670' title='bbox 2130 4311 2321 4363; x_wconf 80' lang='lat' dir='ltr'><strong><em>l.atino</em></strong></span> <span class='ocrx_word' id='word_1_671' title='bbox 2354 4327 2458 4380; x_wconf 58' lang='lat' dir='ltr'><strong><em>rion</em></strong></span> <span class='ocrx_word' id='word_1_672' title='bbox 2484 4312 2587 4363; x_wconf 83' lang='lat' dir='ltr'><strong><em>dici</em></strong></span> <span class='ocrx_word' id='word_1_673' title='bbox 2621 4315 2926 4379; x_wconf 84' lang='lat' dir='ltr'><strong><em>sanguines,</em></strong></span> <span class='ocrx_word' id='word_1_674' title='bbox 2993 4328 3091 4363; x_wconf 80' lang='lat' dir='ltr'><strong><em>nec</em></strong></span> <span class='ocrx_word' id='word_1_675' title='bbox 3144 4315 3438 4380; x_wconf 78' lang='lat' dir='ltr'><strong><em>sanguine;</em></strong></span> <span class='ocrx_word' id='word_1_676' title='bbox 3474 4324 3551 4367; x_wconf 82' lang='lat' dir='ltr'><strong><em>la-</em></strong></span> 
     </span>
    </p>
   </div>
   <div class='ocr_carea' id='block_1_105' title="bbox 1974 4379 3551 4447">
    <p class='ocr_par' dir='ltr' id='par_1_105' title="bbox 1974 4379 3551 4447">
     <span class='ocr_line' id='line_1_105' title="bbox 1974 4379 3551 4447; baseline 0.004 -16"><span class='ocrx_word' id='word_1_677' title='bbox 1974 4395 2095 4432; x_wconf 84' lang='lat' dir='ltr'><strong><em>meu</em></strong></span> <span class='ocrx_word' id='word_1_678' title='bbox 2119 4383 2240 4445; x_wconf 84' lang='lat' dir='ltr'><strong><em>quia</em></strong></span> <span class='ocrx_word' id='word_1_679' title='bbox 2274 4382 2343 4432; x_wconf 86' lang='lat' dir='ltr'><strong><em>ita</em></strong></span> <span class='ocrx_word' id='word_1_680' title='bbox 2365 4379 2583 4432; x_wconf 65' lang='lat' dir='ltr'><strong><em>Graecus</em></strong></span> <span class='ocrx_word' id='word_1_681' title='bbox 2606 4393 2781 4447; x_wconf 77' lang='lat' dir='ltr'><strong><em>posmt</em></strong></span> <span class='ocrx_word' id='word_1_682' title='bbox 2807 4382 2999 4447; x_wconf 84' lang='lat' dir='ltr'><strong><em>plurali</em></strong></span> <span class='ocrx_word' id='word_1_683' title='bbox 3024 4379 3272 4443; x_wconf 80' lang='lat' dir='ltr'><strong><em>numero,</em></strong></span> <span class='ocrx_word' id='word_1_684' title='bbox 3296 4397 3402 4434; x_wconf 86' lang='lat' dir='ltr'><strong><em>non</em></strong></span> <span class='ocrx_word' id='word_1_685' title='bbox 3432 4386 3551 4437; x_wconf 83' lang='lat' dir='ltr'><strong><em>sine</em></strong></span> 
     </span>
    </p>
   </div>
   <div class='ocr_carea' id='block_1_106' title="bbox 1974 4450 3551 4519">
    <p class='ocr_par' dir='ltr' id='par_1_106' title="bbox 1974 4450 3551 4519">
     <span class='ocr_line' id='line_1_106' title="bbox 1974 4450 3551 4519; baseline 0.003 -18"><span class='ocrx_word' id='word_1_686' title='bbox 1974 4464 2158 4510; x_wconf 84' lang='lat' dir='ltr'><strong><em>causa,</em></strong></span> <span class='ocrx_word' id='word_1_687' title='bbox 2184 4450 2286 4502; x_wconf 88' lang='lat' dir='ltr'><strong><em>nisi</em></strong></span> <span class='ocrx_word' id='word_1_688' title='bbox 2318 4451 2442 4516; x_wconf 78' lang='lat' dir='ltr'><strong><em>quia</em></strong></span> <span class='ocrx_word' id='word_1_689' title='bbox 2476 4451 2576 4501; x_wconf 83' lang='lat' dir='ltr'><strong><em>hoc</em></strong></span> <span class='ocrx_word' id='word_1_690' title='bbox 2604 4453 2811 4503; x_wconf 75' lang='lat' dir='ltr'><strong><em>invenit</em></strong></span> <span class='ocrx_word' id='word_1_691' title='bbox 2843 4451 2896 4502; x_wconf 88' lang='lat' dir='ltr'><strong><em>in</em></strong></span> <span class='ocrx_word' id='word_1_692' title='bbox 2925 4452 3099 4519; x_wconf 83' lang='lat' dir='ltr'><strong><em>prium</em></strong></span> <span class='ocrx_word' id='word_1_693' title='bbox 3130 4450 3335 4517; x_wconf 79' lang='lat' dir='ltr'><strong><em>lingUa,</em></strong></span> <span class='ocrx_word' id='word_1_694' title='bbox 3364 4455 3551 4511; x_wconf 78' lang='lat' dir='ltr'><strong><em>maluit</em></strong></span> 
     </span>
    </p>
   </div>
   <div class='ocr_carea' id='block_1_107' title="bbox 1974 4520 3553 4597">
    <p class='ocr_par' dir='ltr' id='par_1_107' title="bbox 1974 4520 3553 4597">
     <span class='ocr_line' id='line_1_107' title="bbox 1974 4520 3553 4597; baseline 0.004 -28"><span class='ocrx_word' id='word_1_695' title='bbox 1974 4520 2098 4597; x_wconf 79' lang='lat' dir='ltr'><strong><em>pius</em></strong></span> <span class='ocrx_word' id='word_1_696' title='bbox 2128 4521 2397 4597; x_wconf 75' lang='lat' dir='ltr'><strong><em>interpres</em></strong></span> <span class='ocrx_word' id='word_1_697' title='bbox 2454 4520 2636 4571; x_wconf 87' lang='lat' dir='ltr'><strong><em>minus</em></strong></span> <span class='ocrx_word' id='word_1_698' title='bbox 2697 4520 2889 4574; x_wconf 87' lang='lat' dir='ltr'><strong><em>Latine</em></strong></span> <span class='ocrx_word' id='word_1_699' title='bbox 2939 4520 3139 4586; x_wconf 82' lang='lat' dir='ltr'><strong><em>aliquid</em></strong></span> <span class='ocrx_word' id='word_1_700' title='bbox 3166 4520 3553 4591; x_wconf 72' lang='lat' dir='ltr'><strong><em>dicerc,quatu</em></strong></span> 
     </span>
    </p>
   </div>
   <div class='ocr_carea' id='block_1_108' title="bbox 1974 4603 2518 4657">
    <p class='ocr_par' dir='ltr' id='par_1_108' title="bbox 1974 4603 2518 4657">
     <span class='ocr_line' id='line_1_108' title="bbox 1974 4603 2518 4657; baseline -0.002 -17"><span class='ocrx_word' id='word_1_701' title='bbox 1974 4603 2157 4640; x_wconf 74' lang='lat' dir='ltr'><strong><em>minus</em></strong></span> <span class='ocrx_word' id='word_1_702' title='bbox 2216 4603 2455 4657; x_wconf 77' lang='lat' dir='ltr'><strong><em>proprie.</em></strong></span> <span class='ocrx_word' id='word_1_703' title='bbox 2498 4606 2518 4639; x_wconf 79' lang='grc' dir='ltr'><strong><em>ι</em></strong></span> 
     </span>
    </p>
   </div>
   <div class='ocr_carea' id='block_1_109' title="bbox 2044 4677 3553 4756">
    <p class='ocr_par' dir='ltr' id='par_1_109' title="bbox 2044 4677 3553 4756">
     <span class='ocr_line' id='line_1_109' title="bbox 2044 4677 3553 4756; baseline 0.006 -26"><span class='ocrx_word' id='word_1_704' title='bbox 2044 4680 2063 4709; x_wconf 84' lang='grc'><strong>⁹</strong></span> <span class='ocrx_word' id='word_1_705' title='bbox 2114 4677 2445 4756; x_wconf 70' lang='lat' dir='ltr'><strong><em>Veronensis</em></strong></span> <span class='ocrx_word' id='word_1_706' title='bbox 2477 4696 2579 4756; x_wconf 71' lang='lat' dir='ltr'><strong><em>ms.</em></strong></span> <span class='ocrx_word' id='word_1_707' title='bbox 2603 4684 2869 4756; x_wconf 15' lang='lat' dir='ltr'><strong><em>,Aspiritus</em></strong></span> <span class='ocrx_word' id='word_1_708' title='bbox 2889 4686 3175 4756; x_wconf 77' lang='lat' dir='ltr'><strong><em>contritus,</em></strong></span> <span class='ocrx_word' id='word_1_709' title='bbox 3206 4687 3348 4756; x_wconf 85' lang='lat' dir='ltr'><strong><em>quod</em></strong></span> <span class='ocrx_word' id='word_1_710' title='bbox 3375 4700 3553 4756; x_wconf 78' lang='lat' dir='ltr'><strong><em>neque</em></strong></span> 
     </span>
    </p>
   </div>
   <div class='ocr_carea' id='block_1_110' title="bbox 1971 4747 3553 4818">
    <p class='ocr_par' dir='ltr' id='par_1_110' title="bbox 1971 4747 3553 4818">
     <span class='ocr_line' id='line_1_110' title="bbox 1971 4747 3553 4818; baseline 0.006 -18"><span class='ocrx_word' id='word_1_711' title='bbox 1971 4747 2179 4816; x_wconf 87' lang='lat' dir='ltr'><strong><em>ipsum,</em></strong></span> <span class='ocrx_word' id='word_1_712' title='bbox 2216 4750 2341 4803; x_wconf 89' lang='lat' dir='ltr'><strong><em>licet</em></strong></span> <span class='ocrx_word' id='word_1_713' title='bbox 2367 4752 2435 4805; x_wconf 90' lang='lat' dir='ltr'><strong><em>ab</em></strong></span> <span class='ocrx_word' id='word_1_714' title='bbox 2473 4753 2600 4806; x_wconf 88' lang='lat' dir='ltr'><strong><em>aliis</em></strong></span> <span class='ocrx_word' id='word_1_715' title='bbox 2633 4747 2788 4806; x_wconf 83' lang='lat' dir='ltr'><strong><em>libris</em></strong></span> <span class='ocrx_word' id='word_1_716' title='bbox 2816 4755 3057 4818; x_wconf 84' lang='lat' dir='ltr'><strong><em>abludat,</em></strong></span> <span class='ocrx_word' id='word_1_717' title='bbox 3123 4755 3190 4807; x_wconf 86' lang='lat' dir='ltr'><strong><em>ab</em></strong></span> <span class='ocrx_word' id='word_1_718' title='bbox 3218 4747 3425 4809; x_wconf 80' lang='lat' dir='ltr'><strong><em>edituro</em></strong></span> <span class='ocrx_word' id='word_1_719' title='bbox 3456 4747 3553 4809; x_wconf 56' lang='lat' dir='ltr'><strong><em>no?</em></strong></span> 
     </span>
    </p>
   </div>
   <div class='ocr_carea' id='block_1_111' title="bbox 1972 4825 3553 4894">
    <p class='ocr_par' dir='ltr' id='par_1_111' title="bbox 1972 4825 3553 4894">
     <span class='ocr_line' id='line_1_111' title="bbox 1972 4825 3553 4894; baseline 0.006 -26"><span class='ocrx_word' id='word_1_720' title='bbox 1972 4827 2151 4894; x_wconf 79' lang='lat' dir='ltr'><strong><em>totum</em></strong></span> <span class='ocrx_word' id='word_1_721' title='bbox 2192 4830 2319 4874; x_wconf 85' lang='lat' dir='ltr'><strong><em>est:</em></strong></span> <span class='ocrx_word' id='word_1_722' title='bbox 2355 4836 2501 4894; x_wconf 60' lang='lat' dir='ltr'><strong><em>mox,</em></strong></span> <span class='ocrx_word' id='word_1_723' title='bbox 2537 4838 2642 4894; x_wconf 88' lang='lat' dir='ltr'><strong><em>non</em></strong></span> <span class='ocrx_word' id='word_1_724' title='bbox 2680 4825 2949 4890; x_wconf 75' lang='lat' dir='ltr'><strong><em>despiciet,</em></strong></span> <span class='ocrx_word' id='word_1_725' title='bbox 2980 4826 3071 4877; x_wconf 89' lang='lat' dir='ltr'><strong><em>ubi</em></strong></span> <span class='ocrx_word' id='word_1_726' title='bbox 3104 4825 3434 4891; x_wconf 80' lang='lat' dir='ltr'><strong><em>Augustinus</em></strong></span> <span class='ocrx_word' id='word_1_727' title='bbox 3458 4827 3553 4894; x_wconf 73' lang='lat' dir='ltr'><strong><em>qui</em></strong></span> 
     </span>
    </p>
   </div>
   <div class='ocr_carea' id='block_1_112' title="bbox 1970 4888 3553 4965">
    <p class='ocr_par' dir='ltr' id='par_1_112' title="bbox 1970 4888 3553 4965">
     <span class='ocr_line' id='line_1_112' title="bbox 1970 4888 3553 4965; baseline 0.006 -26"><span class='ocrx_word' id='word_1_728' title='bbox 1970 4903 2101 4965; x_wconf 78' lang='lat' dir='ltr'><strong><em>cum</em></strong></span> <span class='ocrx_word' id='word_1_729' title='bbox 2142 4888 2406 4955; x_wconf 87' lang='lat' dir='ltr'><strong><em>impressa</em></strong></span> <span class='ocrx_word' id='word_1_730' title='bbox 2448 4893 2535 4945; x_wconf 87' lang='lat' dir='ltr'><strong><em>lnc</em></strong></span> <span class='ocrx_word' id='word_1_731' title='bbox 2561 4888 2792 4947; x_wconf 76' lang='lat' dir='ltr'><strong><em>lectione</em></strong></span> <span class='ocrx_word' id='word_1_732' title='bbox 2822 4894 2975 4958; x_wconf 81' lang='lat' dir='ltr'><strong><em>facit,</em></strong></span> <span class='ocrx_word' id='word_1_733' title='bbox 3003 4896 3141 4948; x_wconf 83' lang='lat' dir='ltr'><strong><em>lalso</em></strong></span> <span class='ocrx_word' id='word_1_734' title='bbox 3181 4888 3382 4949; x_wconf 81' lang='lat' dir='ltr'><strong><em>dicitur</em></strong></span> <span class='ocrx_word' id='word_1_735' title='bbox 3417 4888 3553 4965; x_wconf 64' lang='lat' dir='ltr'><strong><em>pra:-</em></strong></span> 
     </span>
    </p>
   </div>
   <div class='ocr_carea' id='block_1_113' title="bbox 1973 4959 2563 5027">
    <p class='ocr_par' dir='ltr' id='par_1_113' title="bbox 1973 4959 2563 5027">
     <span class='ocr_line' id='line_1_113' title="bbox 1973 4959 2563 5027; baseline 0.01 -18"><span class='ocrx_word' id='word_1_736' title='bbox 1973 4959 2169 5011; x_wconf 86' lang='lat' dir='ltr'><strong><em>tulisse</em></strong></span> <span class='ocrx_word' id='word_1_737' title='bbox 2199 4976 2301 5011; x_wconf 90' lang='lat' dir='ltr'><strong><em>non</em></strong></span> <span class='ocrx_word' id='word_1_738' title='bbox 2335 4973 2563 5027; x_wconf 85' lang='lat' dir='ltr'><strong><em>spernet.</em></strong></span> 
     </span>
    </p>
   </div>
   <div class='ocr_carea' id='block_1_114' title="bbox 2063 5028 3552 5105">
    <p class='ocr_par' dir='ltr' id='par_1_114' title="bbox 2063 5028 3552 5105">
     <span class='ocr_line' id='line_1_114' title="bbox 2063 5028 3552 5105; baseline 0.003 -24"><span class='ocrx_word' id='word_1_739' title='bbox 2063 5029 2103 5105; x_wconf 72' lang='lat'><strong><em>“_’</em></strong></span> <span class='ocrx_word' id='word_1_740' title='bbox 2129 5028 2362 5105; x_wconf 70' lang='lat' dir='ltr'><strong><em>Librarii</em></strong></span> <span class='ocrx_word' id='word_1_741' title='bbox 2392 5047 2579 5105; x_wconf 80' lang='lat' dir='ltr'><strong><em>errore</em></strong></span> <span class='ocrx_word' id='word_1_742' title='bbox 2603 5049 2701 5101; x_wconf 90' lang='lat' dir='ltr'><strong><em>pro</em></strong></span> <span class='ocrx_word' id='word_1_743' title='bbox 2730 5032 3034 5105; x_wconf 79' lang='lat' dir='ltr'><strong><em>Intellectus</em></strong></span> <span class='ocrx_word' id='word_1_744' title='bbox 3068 5034 3261 5105; x_wconf 82' lang='lat' dir='ltr'><strong><em>David,</em></strong></span> <span class='ocrx_word' id='word_1_745' title='bbox 3290 5036 3552 5103; x_wconf 89' lang='lat' dir='ltr'><strong><em>scriptum</em></strong></span> 
     </span>
    </p>
   </div>
   <div class='ocr_carea' id='block_1_115' title="bbox 1969 5098 3553 5171">
    <p class='ocr_par' dir='ltr' id='par_1_115' title="bbox 1969 5098 3553 5171">
     <span class='ocr_line' id='line_1_115' title="bbox 1969 5098 3553 5171; baseline 0.001 -15"><span class='ocrx_word' id='word_1_746' title='bbox 1969 5113 2053 5157; x_wconf 87' lang='lat' dir='ltr'><strong><em>est</em></strong></span> <span class='ocrx_word' id='word_1_747' title='bbox 2088 5099 2141 5152; x_wconf 86' lang='lat' dir='ltr'><strong><em>in</em></strong></span> <span class='ocrx_word' id='word_1_748' title='bbox 2170 5098 2468 5171; x_wconf 75' lang='lat' dir='ltr'><strong><em>Veronensi</em></strong></span> <span class='ocrx_word' id='word_1_749' title='bbox 2504 5098 2689 5156; x_wconf 42' lang='lat' dir='ltr'><strong><em>rod-tce</em></strong></span> <span class='ocrx_word' id='word_1_750' title='bbox 2711 5104 2952 5157; x_wconf 82' lang='lat' dir='ltr'><strong><em>Psalrnus</em></strong></span> <span class='ocrx_word' id='word_1_751' title='bbox 2974 5107 3076 5171; x_wconf 86' lang='lat' dir='ltr'><strong><em>ipsi</em></strong></span> <span class='ocrx_word' id='word_1_752' title='bbox 3110 5098 3297 5157; x_wconf 81' lang='lat' dir='ltr'><strong><em>David.</em></strong></span> <span class='ocrx_word' id='word_1_753' title='bbox 3334 5098 3553 5158; x_wconf 73' lang='lat' dir='ltr'><strong><em>[lectius</em></strong></span> 
     </span>
    </p>
   </div>
   <div class='ocr_carea' id='block_1_116' title="bbox 1971 5168 3552 5244">
    <p class='ocr_par' dir='ltr' id='par_1_116' title="bbox 1971 5168 3552 5244">
     <span class='ocr_line' id='line_1_116' title="bbox 1971 5168 3552 5244; baseline -0.001 -18"><span class='ocrx_word' id='word_1_754' title='bbox 1971 5186 2144 5244; x_wconf 87' lang='lat' dir='ltr'><strong><em>porro</em></strong></span> <span class='ocrx_word' id='word_1_755' title='bbox 2183 5168 2402 5244; x_wconf 57' lang='lat' dir='ltr'><strong><em>&quot;habet,</em></strong></span> <span class='ocrx_word' id='word_1_756' title='bbox 2448 5171 2586 5225; x_wconf 87' lang='lat' dir='ltr'><strong><em>Doec</em></strong></span> <span class='ocrx_word' id='word_1_757' title='bbox 2623 5176 2913 5238; x_wconf 43' lang='lat' dir='ltr'><strong><em>tdurna‘us,</em></strong></span> <span class='ocrx_word' id='word_1_758' title='bbox 2950 5168 3002 5226; x_wconf 84' lang='lat' dir='ltr'><strong><em>et</em></strong></span> <span class='ocrx_word' id='word_1_759' title='bbox 3027 5176 3284 5227; x_wconf 83' lang='lat' dir='ltr'><strong><em>nuntiavit</em></strong></span> <span class='ocrx_word' id='word_1_760' title='bbox 3318 5173 3469 5244; x_wconf 85' lang='lat' dir='ltr'><strong><em>Saul,</em></strong></span> <span class='ocrx_word' id='word_1_761' title='bbox 3502 5182 3552 5224; x_wconf 89' lang='lat' dir='ltr'><strong><em>et</em></strong></span> 
     </span>
    </p>
   </div>
   <div class='ocr_carea' id='block_1_117' title="bbox 1969 5236 3553 5313">
    <p class='ocr_par' dir='ltr' id='par_1_117' title="bbox 1969 5236 3553 5313">
     <span class='ocr_line' id='line_1_117' title="bbox 1969 5236 3553 5313; baseline -0.002 -18"><span class='ocrx_word' id='word_1_762' title='bbox 1969 5236 2129 5302; x_wconf 73' lang='lat' dir='ltr'><strong><em>dixit,</em></strong></span> <span class='ocrx_word' id='word_1_763' title='bbox 2183 5236 2355 5305; x_wconf 86' lang='lat' dir='ltr'><strong><em>Venit,</em></strong></span> <span class='ocrx_word' id='word_1_764' title='bbox 2379 5252 2507 5308; x_wconf 48' lang='grc' dir='ltr'>εισι,</span> <span class='ocrx_word' id='word_1_765' title='bbox 2535 5246 2718 5297; x_wconf 79' lang='lat' dir='ltr'><strong><em>verbis</em></strong></span> <span class='ocrx_word' id='word_1_766' title='bbox 2741 5243 2847 5296; x_wconf 84' lang='lat' dir='ltr'><strong><em>illis</em></strong></span> <span class='ocrx_word' id='word_1_767' title='bbox 2871 5236 3003 5310; x_wconf 81' lang='lat' dir='ltr'><strong><em>ecce,</em></strong></span> <span class='ocrx_word' id='word_1_768' title='bbox 3031 5243 3553 5313; x_wconf 71' lang='lat' dir='ltr'><strong><em>prtetcrmissiS.Au-</em></strong></span> 
     </span>
    </p>
   </div>
   <div class='ocr_carea' id='block_1_118' title="bbox 1971 5313 3022 5384">
    <p class='ocr_par' dir='ltr' id='par_1_118' title="bbox 1971 5313 3022 5384">
     <span class='ocr_line' id='line_1_118' title="bbox 1971 5313 3022 5384; baseline 0.002 -17"><span class='ocrx_word' id='word_1_769' title='bbox 1971 5313 2224 5384; x_wconf 82' lang='lat' dir='ltr'><strong><em>gustiuus</em></strong></span> <span class='ocrx_word' id='word_1_770' title='bbox 2258 5318 2589 5384; x_wconf 68' lang='lat' dir='ltr'><strong><em>latzetet‘tatn</em></strong></span> <span class='ocrx_word' id='word_1_771' title='bbox 2648 5315 2757 5374; x_wconf 84' lang='lat' dir='ltr'><strong><em>illa,</em></strong></span> <span class='ocrx_word' id='word_1_772' title='bbox 2790 5324 2837 5366; x_wconf 82' lang='lat' dir='ltr'><strong><em>et</em></strong></span> <span class='ocrx_word' id='word_1_773' title='bbox 2866 5317 3022 5369; x_wconf 64' lang='lat' dir='ltr'><strong><em>dixit.</em></strong></span> 
     </span>
    </p>
   </div>
   <div class='ocr_carea' id='block_1_119' title="bbox 2048 5382 3554 5451">
    <p class='ocr_par' dir='ltr' id='par_1_119' title="bbox 2048 5382 3554 5451">
     <span class='ocr_line' id='line_1_119' title="bbox 2048 5382 3554 5451; baseline 0.005 -19"><span class='ocrx_word' id='word_1_774' title='bbox 2048 5386 2085 5413; x_wconf 85' lang='lat'>“</span> <span class='ocrx_word' id='word_1_775' title='bbox 2121 5383 2260 5434; x_wconf 70' lang='lat' dir='ltr'><strong><em>Cum</em></strong></span> <span class='ocrx_word' id='word_1_776' title='bbox 2293 5383 2601 5450; x_wconf 81' lang='lat' dir='ltr'><strong><em>Augustino</em></strong></span> <span class='ocrx_word' id='word_1_777' title='bbox 2636 5386 2777 5437; x_wconf 87' lang='lat' dir='ltr'><strong><em>idem</em></strong></span> <span class='ocrx_word' id='word_1_778' title='bbox 2820 5400 2923 5438; x_wconf 89' lang='lat' dir='ltr'><strong><em>ms.</em></strong></span> <span class='ocrx_word' id='word_1_779' title='bbox 2963 5403 2977 5437; x_wconf 90' lang='lat'><strong>:</strong></span> <span class='ocrx_word' id='word_1_780' title='bbox 3014 5386 3155 5450; x_wconf 84' lang='lat' dir='ltr'><strong><em>Quid</em></strong></span> <span class='ocrx_word' id='word_1_781' title='bbox 3211 5382 3475 5451; x_wconf 69' lang='lat' dir='ltr'><strong><em>gloriatur</em></strong></span> <span class='ocrx_word' id='word_1_782' title='bbox 3500 5382 3554 5435; x_wconf 73' lang='lat' dir='ltr'><strong><em>in</em></strong></span> 
     </span>
    </p>
   </div>
   <div class='ocr_carea' id='block_1_120' title="bbox 1971 5452 3557 5521">
    <p class='ocr_par' dir='ltr' id='par_1_120' title="bbox 1971 5452 3557 5521">
     <span class='ocr_line' id='line_1_120' title="bbox 1971 5452 3557 5521; baseline -0.002 -14"><span class='ocrx_word' id='word_1_783' title='bbox 1971 5454 2179 5507; x_wconf 87' lang='lat' dir='ltr'><strong><em>malitia</em></strong></span> <span class='ocrx_word' id='word_1_784' title='bbox 2218 5454 2304 5519; x_wconf 87' lang='lat' dir='ltr'><strong><em>qui</em></strong></span> <span class='ocrx_word' id='word_1_785' title='bbox 2353 5463 2533 5521; x_wconf 77' lang='lat' dir='ltr'><strong><em>potens</em></strong></span> <span class='ocrx_word' id='word_1_786' title='bbox 2592 5464 2668 5506; x_wconf 85' lang='lat' dir='ltr'><strong><em>est</em></strong></span> <span class='ocrx_word' id='word_1_787' title='bbox 2699 5470 2715 5517; x_wconf 90' lang='lat'><strong><em>;</em></strong></span> <span class='ocrx_word' id='word_1_788' title='bbox 2746 5456 2892 5521; x_wconf 88' lang='lat' dir='ltr'><strong><em>quod</em></strong></span> <span class='ocrx_word' id='word_1_789' title='bbox 2926 5458 3166 5518; x_wconf 86' lang='lat' dir='ltr'><strong><em>additur,</em></strong></span> <span class='ocrx_word' id='word_1_790' title='bbox 3194 5470 3247 5504; x_wconf 78' lang='lat' dir='ltr'><strong><em>in</em></strong></span> <span class='ocrx_word' id='word_1_791' title='bbox 3275 5452 3557 5520; x_wconf 87' lang='lat' dir='ltr'><strong><em>iniquitate</em></strong></span> 
     </span>
    </p>
   </div>
   <div class='ocr_carea' id='block_1_121' title="bbox 1967 5519 3555 5593">
    <p class='ocr_par' dir='ltr' id='par_1_121' title="bbox 1967 5519 3555 5593">
     <span class='ocr_line' id='line_1_121' title="bbox 1967 5519 3555 5593; baseline 0.001 -18"><span class='ocrx_word' id='word_1_792' title='bbox 1967 5526 2174 5593; x_wconf 82' lang='lat' dir='ltr'><strong><em>(minus</em></strong></span> <span class='ocrx_word' id='word_1_793' title='bbox 2202 5524 2345 5576; x_wconf 87' lang='lat' dir='ltr'><strong><em>bene</em></strong></span> <span class='ocrx_word' id='word_1_794' title='bbox 2385 5519 2686 5585; x_wconf 78' lang='lat' dir='ltr'><strong><em>Vcronens,</em></strong></span> <span class='ocrx_word' id='word_1_795' title='bbox 2709 5519 3095 5592; x_wconf 78' lang='lat' dir='ltr'><strong><em>iniquitatem),</em></strong></span> <span class='ocrx_word' id='word_1_796' title='bbox 3131 5524 3195 5575; x_wconf 87' lang='lat' dir='ltr'><strong><em>ad</em></strong></span> <span class='ocrx_word' id='word_1_797' title='bbox 3215 5519 3555 5592; x_wconf 80' lang='lat' dir='ltr'><strong><em>subsequen-</em></strong></span> 
     </span>
    </p>
   </div>
   <div class='ocr_carea' id='block_1_122' title="bbox 1970 5593 3139 5662">
    <p class='ocr_par' dir='ltr' id='par_1_122' title="bbox 1970 5593 3139 5662">
     <span class='ocr_line' id='line_1_122' title="bbox 1970 5593 3139 5662; baseline -0.003 -15"><span class='ocrx_word' id='word_1_798' title='bbox 1970 5606 2076 5648; x_wconf 88' lang='lat' dir='ltr'><strong><em>tem</em></strong></span> <span class='ocrx_word' id='word_1_799' title='bbox 2113 5593 2445 5651; x_wconf 77' lang='lat' dir='ltr'><strong><em>versiculum</em></strong></span> <span class='ocrx_word' id='word_1_800' title='bbox 2479 5594 2622 5660; x_wconf 68' lang='lat' dir='ltr'><strong><em>aputl</em></strong></span> <span class='ocrx_word' id='word_1_801' title='bbox 2657 5594 2875 5646; x_wconf 86' lang='lat' dir='ltr'><strong><em>eosdem</em></strong></span> <span class='ocrx_word' id='word_1_802' title='bbox 2910 5602 3139 5662; x_wconf 83' lang='lat' dir='ltr'><strong><em>spectat.</em></strong></span> 
     </span>
    </p>
   </div>
   <div class='ocr_carea' id='block_1_123' title="bbox 2042 5662 3553 5735">
    <p class='ocr_par' dir='ltr' id='par_1_123' title="bbox 2042 5662 3553 5735">
     <span class='ocr_line' id='line_1_123' title="bbox 2042 5662 3553 5735; baseline -0.001 -16"><span class='ocrx_word' id='word_1_803' title='bbox 2042 5666 2083 5694; x_wconf 81' lang='lat'>”</span> <span class='ocrx_word' id='word_1_804' title='bbox 2104 5669 2279 5735; x_wconf 80' lang='lat' dir='ltr'><strong><em>Atque</em></strong></span> <span class='ocrx_word' id='word_1_805' title='bbox 2309 5667 2422 5735; x_wconf 71' lang='lat' dir='ltr'><strong><em>lum;</em></strong></span> <span class='ocrx_word' id='word_1_806' title='bbox 2459 5677 2522 5735; x_wconf 79' lang='lat' dir='ltr'><strong><em>ex</em></strong></span> <span class='ocrx_word' id='word_1_807' title='bbox 2554 5663 2861 5735; x_wconf 78' lang='lat' dir='ltr'><strong><em>Augustino</em></strong></span> <span class='ocrx_word' id='word_1_808' title='bbox 2890 5662 3217 5717; x_wconf 79' lang='lat' dir='ltr'><strong><em>Veronensis</em></strong></span> <span class='ocrx_word' id='word_1_809' title='bbox 3245 5663 3404 5735; x_wconf 79' lang='lat' dir='ltr'><strong><em>liber,</em></strong></span> <span class='ocrx_word' id='word_1_810' title='bbox 3442 5681 3553 5717; x_wconf 84' lang='lat' dir='ltr'><strong><em>ver-</em></strong></span> 
     </span>
    </p>
   </div>
   <div class='ocr_carea' id='block_1_124' title="bbox 1969 5732 3555 5799">
    <p class='ocr_par' dir='ltr' id='par_1_124' title="bbox 1969 5732 3555 5799">
     <span class='ocr_line' id='line_1_124' title="bbox 1969 5732 3555 5799; baseline -0.001 -12"><span class='ocrx_word' id='word_1_811' title='bbox 1969 5737 2029 5787; x_wconf 81' lang='lat' dir='ltr'><strong><em>ba</em></strong></span> <span class='ocrx_word' id='word_1_812' title='bbox 2062 5732 2459 5799; x_wconf 70' lang='lat' dir='ltr'><strong><em>Sttb‘ttersiottis,</em></strong></span> <span class='ocrx_word' id='word_1_813' title='bbox 2486 5733 2715 5798; x_wconf 77' lang='lat' dir='ltr'><strong><em>lii-gnam</em></strong></span> <span class='ocrx_word' id='word_1_814' title='bbox 2750 5732 2983 5785; x_wconf 76' lang='lat' dir='ltr'><strong><em>dolosam</em></strong></span> <span class='ocrx_word' id='word_1_815' title='bbox 3016 5748 3036 5795; x_wconf 85' lang='lat'><strong><em>,&#39;</em></strong></span> <span class='ocrx_word' id='word_1_816' title='bbox 3068 5743 3177 5788; x_wconf 87' lang='lat' dir='ltr'><strong><em>tutu</em></strong></span> <span class='ocrx_word' id='word_1_817' title='bbox 3206 5734 3383 5787; x_wconf 80' lang='lat' dir='ltr'><strong><em>orellet</em></strong></span> <span class='ocrx_word' id='word_1_818' title='bbox 3415 5747 3482 5797; x_wconf 82' lang='lat' dir='ltr'><strong><em>te,</em></strong></span> <span class='ocrx_word' id='word_1_819' title='bbox 3507 5746 3555 5786; x_wconf 83' lang='lat' dir='ltr'><strong><em>et</em></strong></span> 
     </span>
    </p>
   </div>
  </div>
