3958 6176
289 307 394 369 225

1511 297 1744 356 LIBER
1789 290 2279 353 I’SALMLRUM.

3423 293 3529 354 εδδ

359 424 618 490 Quuniuin
647 419 810 472 alieni
850 421 1249 470 insurrexerunt
1320 416 1592 466 adversum
1671 428 1750 463 me
1811 422 1857 462 et
1885 412 1934 472 Α
2038 407 2306 472 Quoniam
2342 406 2501 459 alieni
2536 406 2954 458 insurrexerunt
3001 403 3052 455 in
3093 419 3176 454 mc
3211 403 3253 462 δ,
3301 414 3353 455 ct
3386 404 3551 457 fortes

287 520 446 586 fortes
473 515 786 582 quaesierunt
805 511 1039 563 animum
1061 525 1249 568 nteant,
1267 517 1315 557 et
1350 523 1450 558 non
1479 511 1864 572 proposuerunt

287 613 456 662 Deum
491 617 612 658 ante
639 614 969 672 coiispectum
1001 616 1176 651 suum.
1225 599 1340 650 Dii“
1361 613 1522 649 suam
1552 597 1590 649 ¹.

362 699 570 750 ἔξιτε-εν
605 698 743 747 enim
777 698 798 763 1
837 695 973 746 Deus
1005 692 1224 758 adjuvat
1261 705 1338 741 me
1371 702 1429 741 σε-
1462 699 1510 739 et
1555 688 1576 755 1
1609 685 1866 738 Dominus

287 801 556 858 susceptor
587 798 663 840 est
695 789 888 839 animai
925 802 1073 837 metu.

360 882 546 932 Averte
572 881 716 930 mala
757 880 980 930 inimicis
1013 876 1180 928 meis:
1216 888 1276 928 -t—
1301 881 1349 924 et
1390 873 1412 939 1
1455 873 1505 923 in
1543 872 1757 923 veritate
1781 881 1873 921 tua

285 975 528 1034 disperde
561 972 703 1022 illos.

373 1062 676 1113 Voluntaria
701 1061 1006 1124 sacriﬁcabo
1037 1059 1130 1111 tibi
1156 1072 1212 1113 -ε-
1237 1067 1283 1108 et
1311 1054 1642 1125 1confitebor
1663 1053 1870 1105 nomini

289 1165 396 1213 tuo,
428 1154 666 1212 lxomine,
708 1152 957 1219 quoniam
985 1151 1178 1203 bonum
1213 1158 1317 1201 est.

358 1244 624 1306 Quoniam
654 1259 716 1293 ex
743 1243 885 1294 omni
917 1240 1257 1292 tribulatione
1281 1237 1520 1305 eripuisti
1549 1253 1566 1290 :
1599 1250 1681 1287 me
1714 1243 1760 1286 et
1780 1249 1870 1285 su-

285 1351 376 1401 per
409 1336 424 1365 ³
454 1336 695 1386 inimicos
730 1349 871 1386 meos
891 1332 1119 1401 despexit
1145 1329 1324 1384 oculus
1371 1343 1539 1381 meus.

1965 503 2302 572 quaesierunt
2333 499 2568 551 animam
2605 512 2780 551 meam
2832 512 2846 548 :
2884 507 2936 547 et
2978 511 3082 547 non
3147 504 3550 562 proposuerunt

1967 595 2162 648 Deum.
2198 602 2324 644 ante
2356 597 2708 657 conspectum
2737 604 2916 641 suum.
2954 586 3271 638 DIAPSALMA.

2045 685 2180 736 Ecre
2211 683 2354 734 enim
2375 680 2518 732 Deus
2544 681 2764 747 adjuvat
2799 677 2919 749 [ttts.
2947 674 3284 745 adjuvitjme
3318 681 3408 729 :et
3444 671 3552 725 Do-

1972 773 2156 826 minus
2187 778 2472 837 susceptor
2496 779 2579 822 est
2607 771 2802 822 animae
2835 785 2986 821 nium.

2043 866 2241 919 Avertc
2277 863 2416 914 mala
2448 860 2570 930 [ms.
2609 859 2688 929 in]
2714 861 2956 914 inimicis
3013 859 3150 914 meis
3179 876 3194 918 ;
3222 858 3275 911 in
3326 858 3552 910 veritate

1979 967 2070 1008 tua
2106 953 2362 1022 disperde
2400 951 2542 1003 illos.

2037 1045 2357 1100 Voluntaria
2399 1041 2726 1096 sacriﬁcabo
2763 1040 2860 1094 tibi
2897 1059 2908 1092 :
2951 1051 3004 1093 et
3029 1041 3332 1092 conﬁtebor
3366 1039 3548 1092 nomi-

1967 1139 2022 1193 ni
2061 1149 2175 1200 tuo,
2210 1136 2459 1200 Domine,
2492 1136 2759 1204 quoniam
2801 1137 3003 1186 bonum
3039 1141 3143 1184 est.

2035 1229 2384 1294 Quoniamcx
2402 1228 2551 1281 omni
2574 1227 2928 1280 tribulatione
2960 1223 3208 1292 eripuisti
3237 1221 3358 1290 lius.
3394 1220 3551 1272 crni-

1963 1320 2058 1392 sti]
2093 1335 2179 1374 me
2213 1338 2227 1374 :
2261 1331 2316 1374 ct
2349 1335 2518 1389 super
2594 1319 2847 1373 inimicos
2882 1333 3032 1372 meos
3063 1313 3302 1383 respexit
3359 1311 3552 1363 oculus

1966 1427 2146 1466 meus.

1633 1579 1984 1640 PSALMUS
2033 1578 2178 1638 LIV.

360 1721 411 1758 ,Ν
473 1717 656 1765 FINEI,
707 1717 756 1754 IN
803 1713 1141 1765 CARIINIBUS,
1207 1709 1568 1752 INTEILECTUS
1607 1707 1787 1748 DAVID.

357 1817 590 1871 Brutuli.
623 1814 781 1875 Deus,
835 1814 1126 1865 orationem
1161 1826 1351 1872 meam,
1381 1818 1514 1861 etne
1566 1806 1864 1874 despexeris

285 1910 704 1975 deprecationem
761 1923 932 1958 meam
976 1921 992 1958 :
1025 1907 1232 1957 intende
1275 1901 1422 1964 mihi,
1456 1911 1503 1951 et
1542 1898 1736 1950 exaudi
1761 1910 1863 1949 me.

355 1998 720 2049 (Iantristatus
748 2011 859 2048 sum
903 1999 956 2047 in
996 1994 1372 2047 exercitatione
1420 2000 1608 2052 ntea,et
1641 1992 1868 2040 'contur-

287 2089 436 2138 bobus
467 2104 586 2139 sum
614 2104 644 2138 a
689 2101 807 2138 voce
845 2085 1064 2146 inimici,
1103 2095 1160 2135 οξ-
1189 2094 1232 2132 et
1273 2081 1294 2147 1
1319 2096 1349 2130 a
1376 2077 1718 2129 tribulatione
1746 2089 1864 2142 pec-

285 2181 472 2231 catoris
483 2218 499 2232 .

359 2267 625 2331 Quoniam
655 2266 1048 2318 declinaverunt
1084 2265 1138 2317 in
1169 2280 1250 2317 me
1317 2262 1647 2329 iniquitates:
1701 2267 1750 2311 et
1808 2258 1862 2310 in

285 2359 367 2410 ira
403 2358 610 2410 molesti
629 2365 779 2409 erant
811 2357 957 2409 mihi.

357 2446 460 2498 Cor
496 2462 670 2497 meum
740 2446 1110 2497 conturbatum
1133 2451 1211 2496 est
1263 2443 1320 2495 in
1372 2456 1452 2494 me
1485 2456 1502 2494 :
1535 2449 1583 2492 et
1643 2438 1868 2508 formido

285 2539 466 2590 mortis
497 2538 676 2590 cecidit
699 2553 854 2605 super
885 2553 986 2589 me.

360 2630 536 2683 Timor
567 2638 614 2682 et
642 2639 840 2681 tremor
856 2635 1103 2681 venerunt
1137 2643 1296 2696 super
1324 2640 1402 2677 me
1432 2623 1870 2677 :etcontexeruul

282 2739 364 2775 me
395 2725 627 2776 tenebra:
661 2721 682 2752 ³

375 2814 438 2866 Et
472 2814 586 2866 disi
618 2827 634 2864 :
661 2812 790 2876 Quis
831 2813 973 2864 dabit
1002 2811 1127 2863 milii
1161 2825 1360 2880 pennas
1390 2809 1521 2860 sicut
1552 2801 1802 2858 columba-
1844 2802 1868 2853 .7

284 2919 330 2959 et
360 2905 566 2967 volabo,
593 2916 636 2958 et
667 2907 1009 2973 requiescam.

360 2996 494 3049 Ecce
527 2996 766 3064 elongavi
795 2997 997 3065 fugiens
1022 3005 1103 3047 :et
1134 2994 1304 3047 mansi
1325 2995 1377 3045 in
1409 2990 1713 3044 solitudine.
1745 2985 1869 3040 Dut-

285 3104 482 3142 Pssuu
527 3087 566 3139 ⁸.

357 3181 740 3250 Exspectabam
772 3195 886 3231 eum
913 3180 1000 3247 qui
1033 3177 1233 3231 salvum
1256 3192 1334 3228 me
1357 3176 1496 3244 fecit,
1520 3191 1549 3225 a
1576 3170 1859 3243 pusillani-

287 3271 465 3323 mitate
502 3272 718 3339 spiritus
748 3277 796 3320 et
825 3278 1142 3334 tempestate.

355 3362 658 3427 Prcecipita,
697 3363 936 3424 Domine,
985 3360 1156 3412 divide
1193 3359 1399 3426 linguas
1445 3373 1625 3408 eorum
1661 3372 1678 3408 :
1730 3372 1865 3421 quo-

285 3453 430 3504 niam
469 3453 570 3505 vuli
598 3452 927 3518 iniquitatem
956 3459 1003 3502 et
1036 3451 1492 3503 contradictionem
1529 3451 1579 3499 in
1632 3449 1859 3502 civitate.

359 3629 454 3681 Die
492 3647 556 3681 ac
586 3640 732 3683 nocte
759 3631 1100 3683 circumdabit
1134 3645 1250 3682 eam
1300 3644 1458 3695 super
1523 3643 1698 3680 muros
1749 3627 1862 3696 ejus

285 3720 573 3788 iniquitas:
608 3733 653 3773 et
686 3723 838 3774 labor
870 3723 918 3774 in
953 3721 1119 3774 medio
1157 3722 1294 3788 ejus,
1333 3729 1380 3771 et
1405 3720 1663 3787 injustitia
1701 3733 1718 3768 :

354 3811 422 3864 Et
455 3828 556 3864 non
583 3813 772 3880 defecit
802 3815 864 3863 de
896 3812 1084 3880 plateis
1116 3813 1228 3880 ejus
1299 3827 1459 3862 usura
1496 3818 1542 3861 et
1570 3809 1742 3861 dolus.

363 3907 628 3969 Quoniam
655 3907 699 3957 si
731 3906 974 3957 inimicus
993 3918 1054 3960 -ι-
1077 3921 1218 3956 meus
1249 3903 1270 3934 ⁸
1294 3904 1316 3972 1
1339 3903 1689 3956 maledixisset
1709 3900 1862 3952 mihi:

284 4000 648 4054 sustinuissent
671 3997 730 4049 -ὲ-
755 3998 933 4064 utique
981 3997 1003 4065 1

355 4089 424 4141 Et
453 4090 498 4140 si
523 4090 562 4140 is
582 4090 667 4156 qui
696 4089 878 4140 oderat
921 4104 1019 4151 me,
1057 4103 1214 4156 super
1281 4102 1362 4138 me
1410 4101 1600 4154 magna
1660 4083 1865 4137 locutus

282 4184 500 4249 fuisset:
542 4181 925 4232 abscondissem
963 4194 1040 4229 me
1074 4177 1294 4246 forsitan
1323 4178 1384 4228 ab
1425 4191 1500 4228 eo.

354 4276 428 4329 Tu
469 4291 586 4327 vero
617 4275 770 4325 homo
804 4270 1089 4332 unanimis,
1126 4267 1234 4318 dux
1261 4281 1404 4318 meus
1437 4274 1486 4318 et
1514 4272 1665 4316 notus
1698 4278 1864 4315 meus.

2106 1704 2157 1741 IN
2185 1702 2366 1748 ςικειί,
2398 1701 2446 1739 ΙΝ
2470 1700 2805 1747 (ΣΑΒΜΙΝἰΒΕὸ,
2841 1697 3193 1736 ικῐειιεετιτε
3223 1695 3381 1736 ηιμ-ιι)
3402 1683 3443 1735 ⁷.

2041 1797 2268 1860 Exaudi,
2308 1797 2471 1860 Deus,
2508 1797 2810 1849 orationem
2841 1810 3036 1859 meam,
3064 1804 3120 1849 ct
3143 1811 3210 1847 nc
3237 1795 3554 1864 despexvris

1970 1895 2420 1961 deprecationem
2447 1906 2623 1944 meam
2651 1889 2691 1941 δε
2718 1888 2941 1941 intende
2972 1888 3025 1940 in
3047 1903 3130 1940 me
3149 1899 3200 1941 et
3223 1889 3420 1941 exaudi
3441 1904 3546 1941 me.

2038 1985 2544 2039 Conlristatussum
2577 1983 2629 2032 in
2665 1982 3060 2033 exercitatione
3133 1996 3251 2032 mea
3286 1998 3298 2032 :
3331 1992 3386 2032 et
3419 1997 3550 2034 con-

1971 2079 2228 2133 turbatus
2255 2092 2373 2128 sum
2410 2091 2438 2127 a
2473 2089 2606 2127 voce
2635 2074 2866 2135 inimici,
2903 2082 2948 2124 et
2973 2088 3000 2124 a
3029 2073 3383 2125 tribulatione
3425 2089 3553 2140 pec-

1968 2171 2191 2225 caloris.

2041 2259 2308 2324 Quoniam
2338 2257 2755 2311 declinaverunt
2781 2255 2836 2308 in
2872 2271 2956 2308 me
2992 2255 3313 2324 iniquitates
3346 2271 3360 2308 :
3404 2264 3461 2309 et
3492 2256 3546 2308 in

1971 2353 2052 2405 ira
2081 2351 2298 2404 molesti
2330 2361 2487 2403 erant
2512 2349 2642 2402 mihi
2682 2351 2724 2416 ’_
3399 2356 3404 2361 '

2039 2444 2144 2497 Cor
2175 2457 2358 2494 meum
2386 2442 2776 2494 conturbatum
2818 2451 2902 2494 est
2929 2442 2978 2494 in
3020 2457 3107 2495 me

1970 2535 2162 2588 mortis
2185 2534 2384 2586 cecidit
2419 2549 2586 2600 super
2621 2549 2729 2586 me.

2041 2623 2226 2678 Timor
2248 2635 2301 2679 et
2326 2635 2528 2678 tremor
2562 2633 2828 2678 venerunt
2858 2640 3022 2694 super
3053 2640 3136 2679 me
3168 2640 3184 2683 ;
3213 2635 3266 2680 et
3291 2635 3549 2682 contexe—

1971 2727 2098 2769 rurit
2135 2733 2220 2770 me
2256 2717 2512 2770 tenebrae.

2041 2809 2107 2861 Et
2134 2809 2242 2861 dixi
2277 2826 2288 2861 :
2321 2807 2449 2872 Quis
2477 2807 2626 2859 dabit
2661 2809 2792 2861 mihi
2824 2825 3035 2878 pennas
3069 2812 3211 2864 sicut
3257 2810 3545 2876 columbae,

1970 2907 2024 2950 et
2054 2897 2265 2958 volabo,
2298 2908 2348 2951 et
2384 2899 2744 2966 requiescam.

2046 2988 2186 3042 Ecce
2229 2988 2480 3056 elongavl
2546 2989 2780 3055 fugiens,
2809 2998 2865 3043 et
2894 2992 3067 3044 mansi
3118 2993 3172 3046 in
3227 2993 3548 3050 solitudine.

3166 2458 3182 2496 :
3203 2453 3258 2497 et
3313 2443 3548 2498 formido

1893 3092 1940 3148 ο
1974 3080 2292 3134 Bursam“.

2039 3171 2438 3240 Exspectabam
2478 3187 2604 3226 eum
2643 3176 2734 3241 qui
2768 3190 2852 3228 me
2884 3175 3091 3228 salvum
3130 3175 3402 3240 iaceret,a
3447 3195 3552 3249 pu-

1963 3263 2084 3316 sillo
2113 3263 2296 3316 animo
2339 3262 2382 3292 ¹⁰
2415 3271 2466 3314 et
2513 3275 2853 3333 tempestate.

2045 3353 2361 3422 Praecipua,
2396 3355 2643 3421 Domine,
2687 3366 2742 3409 et
2796 3357 2977 3410 divide
3026 3359 3240 3429 linguas
3295 3377 3486 3415 eorum
3532 3381 3547 3417 :

1965 3447 2220 3512 quaniam
2249 3446 2357 3497 vidi
2385 3446 2727 3512 iniquitatem
2761 3456 2816 3500 et
2835 3450 3324 3505 contradictionem
3345 3451 3397 3506 in
3413 3453 3550 3507 civi-

1967 3549 2074 3589 tate
2104 3538 2191 3588 die
2231 3551 2293 3588 ac
2320 3545 2505 3591 nocte.

2032 3628 2406 3683 Circmndabét
2436 3631 2556 3682 eam
2591 3629 2635 3663 “
2665 3645 2831 3698 super
2892 3646 3076 3686 muros
3096 3632 3214 3701 ejus
3241 3634 3500 3703 iniquitas
3532 3652 3548 3693 :

1964 3729 2018 3774 et
2047 3719 2201 3772 labor
2232 3719 2286 3772 in
2315 3719 2495 3772 niedio
2528 3722 2669 3788 ejus,
2711 3732 2760 3774 et
2793 3722 3081 3790 injustitia.

2035 3809 2100 3864 Et
2134 3825 2242 3862 non
2279 3810 2479 3864 deiecit
2526 3814 2592 3864 de
2625 3812 2820 3878 pluteis
2868 3813 3008 3878 ejus,
3066 3827 3228 3866 usura
3262 3823 3315 3867 et
3339 3814 3500 3882 dolus
3529 3829 3545 3872 :

1967 3901 2225 3969 quoniam
2250 3902 2292 3955 si
2326 3901 2586 3953 inimicus
2618 3917 2770 3954 incus
2795 3903 2839 3932 "
2859 3903 3393 3968 maledixissetmilii,
3417 3921 3545 3971 sup-

1969 4008 2267 4064 portassetn
2300 3996 2513 4062 utique.

1977 4125 1996 4143 ι
2041 4087 2106 4140 Et
2142 4087 2188 4141 si
2217 4087 2264 4141 is
2295 4090 2386 4154 qui
2421 4087 2611 4139 oderat
2653 4103 2758 4150 me,
2797 4102 2962 4156 super
2994 4102 3079 4141 me
3139 4104 3332 4158 magna
3391 4089 3544 4143 locu-

1969 4188 2057 4232 tus
2095 4179 2283 4232 luisset
2313 4194 2328 4244 ;
2364 4180 2756 4231 absconderem.
2783 4193 2866 4232 me
2899 4179 3086 4244 utique
3107 4180 3285 4232 abeo.
3453 4167 3461 4174 ”

2040 4269 2120 4322 Tu
2140 4283 2266 4322 vero
2294 4269 2458 4322 homo
2487 4269 2785 4333 unanimis,
2819 4269 2922 4321 dus
2953 4284 3108 4322 meus
3129 4284 3185 4324 et
3211 4275 3546 4326 no‘tusmcus

354 4457 372 4485 ¹
405 4453 573 4506 Tacet
603 4450 691 4503 hic
719 4448 947 4503 Palatin.
974 4444 1308 4515 Diapsalma,
1376 4452 1485 4515 tum
1515 4440 1857 4515 subsequen-
1891 4439 1934 4490 Γ)
1969 4453 2147 4498 tamen
2184 4443 2421 4505 dubites,
2459 4445 2590 4511 quin
2619 4445 2706 4496 illa
2734 4447 2786 4496 in
2811 4446 3036 4512 hymnis,
3082 4461 3208 4498 vera
3241 4446 3309 4499 sit
3346 4446 3536 4513 lectio,

285 4527 419 4576 tium
481 4522 876 4576 versiculorum
943 4511 1135 4571 obelos
1209 4525 1255 4566 et
1328 4512 1535 4580 copula:
1600 4511 1849 4580 pralixos

283 4595 505 4648 omittit.

357 4670 374 4694 ²
412 4664 588 4716 Carus
625 4675 746 4715 cum
773 4657 966 4711 eodem
1001 4655 1246 4708 Palatino
1281 4667 1382 4706 ms.
1413 4649 1733 4705 adserbium
1759 4665 1850 4700 su-

315 4751 374 4785 er
413 4735 576 4784 obelo
606 4729 830 4785 iuaulat.

281 4751 374 4802 per
413 4747 576 4784 oneio
598 4747 830 4799 jugulat.

354 4805 375 4832 ⁸
409 4803 600 4854 Minori
629 4813 880 4860 numero,
914 4806 1076 4864 atque
1100 4794 1237 4847 adeo
1277 4790 1466 4846 Graeco
1501 4790 1767 4864 pressius,
1800 4790 1854 4842 in

283 4875 524 4927 Palatino
554 4887 651 4923 ms.
689 4871 822 4920 vertit
873 4883 1030 4935 super
1079 4881 1182 4929 me,
1245 4874 1293 4917 et
1343 4869 1567 4918 contexit
1639 4877 1722 4912 me
1783 4870 1856 4912 te-

281 4947 462 4994 nebra.

351 5013 370 5040 "
398 5012 514 5064 Non
552 5009 785 5061 habetur
823 5008 875 5058 in
899 5005 1143 5060 Palatino
1186 5018 1285 5056 ins.
1328 5003 1661 5073 Diapsalma,
1704 5007 1854 5074 quod

282 5098 338 5136 rc
379 5084 492 5148 ipsa
533 5083 824 5145 praestabat
866 5081 951 5129 hic
989 5084 1510 5148 quoqueasterisco
1566 5076 1852 5128 illustrari.

351 5153 372 5181 '
399 5143 628 5203 Rectius
658 5149 858 5200 nedum
892 5143 1100 5203 obuius.
1136 5143 1231 5196 sed
1266 5152 1320 5195 et
1345 5146 1520 5211 ipsum
1549 5161 1854 5211 pronomen

280 5237 447 5283 meus,
486 5222 642 5272 abest
677 5235 704 5269 a
737 5218 979 5268 Palatino
1014 5230 1116 5266 ms.
1150 5213 1218 5266 Et
1254 5229 1387 5265 vero
1425 5230 1599 5280 neque
1637 5217 1692 5265 in
1750 5215 1856 5267 lle-

281 5293 448 5353 braeo,
489 5305 668 5356 neque
701 5289 754 5338 in
784 5289 916 5354 ipsis
943 5285 1145 5338 Graecis
1175 5285 1582 5350 exemplaribus
1608 5285 1854 5337 additur.

349 5361 371 5391 ‘
406 5363 710 5415 Vcroneus.
741 5374 866 5419 ms.,
906 5371 1061 5423 super
1087 5370 1164 5406 me
1198 5370 1215 5407 :
1259 5357 1616 5420 Augustinus,
1672 5357 1860 5406 adver-

275 5448 392 5484 sum
414 5447 432 5483 :
462 5443 574 5482 tum
606 5438 839 5496 potentes
879 5443 975 5495 pro
1009 5427 1168 5493 fortes
1204 5427 1317 5496 pari
1345 5426 1539 5477 habent
1562 5439 1856 5496 consensu.

351 5503 369 5531 ⁷
401 5501 521 5555 Non
559 5495 661 5551 sibi
691 5509 905 5550 constat
936 5497 1188 5549 l’s-dterti
1220 5495 1550 5547 Veronensis
1577 5495 1755 5546 editor
1784 5497 1862 5546 li:-

275 5589 407 5641 gens
450 5573 536 5622 hic
561 5584 576 5623 :
605 5570 658 5619 in
691 5566 1203 5641 hymmsintellectus
1243 5565 1343 5630 ipsi
1381 5563 1568 5641 David,
1597 5569 1860 5632 quemad-

279 5637 504 5695 inodutn
569 5651 622 5691 ct
648 5654 814 5706 penes
847 5638 1212 5705 Augustinum
1245 5643 1327 5706 est
1363 5650 1377 5688 :
1410 5637 1458 5685 in
1517 5650 1625 5706 sua
1673 5646 1856 5706 autem

280 5704 983 5767 aliuotatiunculntradens
1042 5707 1234 5761 haberi
1276 5704 1325 5756 in
1382 5704 1722 5759 carminibus.
1780 5705 1858 5758 Nc

1958 4533 2124 4584 quam
2166 4531 2264 4567 nos
2291 4519 2344 4568 in
2379 4529 2497 4580 ipso
2533 4531 2633 4568 ius.
2680 4519 3011 4568 iuvenunus.

2027 4584 2049 4615 ⁸
2093 4583 2232 4638 Cum
2267 4586 2570 4651 Augustino
2606 4585 2900 4637 Veronens.
2942 4587 3099 4648 liber,
3121 4586 3540 4648 deprecationem

1958 4671 2152 4717 meam,
2185 4665 2232 4705 et
2261 4670 2324 4705 ne
2349 4657 2646 4722 de‘spexcris
2673 4671 2874 4723 precem
2905 4672 3096 4721 nicum,
3144 4657 3355 4708 intende
3388 4660 3536 4721 milii,

1958 4734 2064 4777 ctc.

2029 4797 2049 4824 °
2118 4795 2284 4849 Unice
2317 4796 2511 4848 iterum
2555 4813 2677 4848 cum
2713 4796 3015 4862 Augustino
3060 4795 3356 4849 Veronam.
3392 4815 3496 4850 ms.
3520 4837 3537 4865 ,

1960 4864 2343 4916 aduntbrabatt.‘
2375 4882 2475 4928 me,
2507 4883 2600 4933 pro
2628 4871 2828 4917 nullust:
2848 4874 3003 4916 erant
3033 4868 3155 4917 mihi
3177 4883 3195 4919 :
3227 4884 3347 4919 mox
3375 4864 3538 4921 etiam

1960 4947 2127 5006 metus
2174 4951 2266 4998 pro
2301 4936 2529 5000 fortuna
2590 4949 2754 5003 atque
2831 4935 2964 4986 infra
3004 4937 3056 4986 itt
3090 4939 3297 4988 deserto
3339 4955 3434 5006 pro
3487 4939 3542 4989 in

1960 5003 2273 5056 solitudine.

2035 5077 2080 5146 ‘7”
2107 5076 2449 5146 {ligustinus
2481 5094 2512 5128 a
2555 5075 3020 5146 pusillanimitate,
3077 5076 3542 5144 quemadmodum

1961 5153 2017 5196 et
2047 5145 2099 5195 in
2143 5143 2443 5197 \‘eronensi
2482 5162 2582 5198 ms.
2627 5145 2914 5213 legendum
2961 5157 3063 5210 est,
3097 5143 3344 5198 tametsi
3407 5155 3545 5199 terat

1962 5213 2179 5266 duobus
2213 5217 2394 5284 Verbis
2426 5217 2618 5278 pusilla
2655 5218 2930 5267 animitute
2972 5230 2989 5266 :
3021 5225 3133 5267 tum
3165 5221 3280 5284 pari
3315 5230 3545 5282 uterque

1963 5298 2254 5356 consensu,
2297 5283 2600 5356 Snbmerge,
2641 5289 2876 5346 Domine,
2913 5301 3012 5353 pro
3063 5283 3367 5354 Pra’cipita,
3433 5298 3542 5336 etc.

2039 5355 2079 5382 “
2113 5354 2316 5407 Vatiuse
2357 5354 2532 5409 antea
2555 5374 2669 5409 eum
2700 5367 2840 5420 erat,
2873 5372 2968 5414 pro
3001 5372 3138 5412 eant.
3169 5359 3311 5424 quod
3347 5369 3544 5422 prono-

1965 5440 2086 5477 men
2116 5425 2168 5476 in
2210 5426 2506 5481 Veroncnsi
2545 5445 2642 5480 ms.
2681 5439 2898 5492 penitus
2931 5426 3292 5478 desuderatur.

2040 5497 2083 5523 ”
2119 5494 2260 5547 Idem
2297 5512 2418 5546 (sum
2444 5501 2748 5566 Augustino
2773 5515 2876 5548 ius.
2904 5509 3202 5563 pionomen
3253 5511 3393 5566 meus
3425 5495 3546 5562 jure

1967 5565 2057 5617 hic
2091 5574 2252 5628 tacet,
2292 5576 2403 5617 tum
2440 5565 2550 5634 pro
2581 5577 2966 5636 supportnsscm
2992 5565 3544 5636 legitsustinuissem;

1967 5642 2310 5700 subsequens
2347 5631 2538 5691 vorans
2570 5631 2859 5690 mdnit’esto
2885 5637 3090 5696 librarii
3130 5631 3317 5688 errore
3371 5639 3426 5689 in
3475 5651 3544 5690 eo

1969 5723 2071 5760 tus.
2106 5714 2438 5773 dcpraVatus
2473 5721 2554 5764 est
2581 5711 2751 5762 lenm:
2781 5716 2947 5758 totus.
3161 5704 3165 5709 ’
