  <div class='ocr_page' id='page_1' title='image "/cluster/home/n/w/nwhite01/storage/ocr_20150623/29/hvd.32044096580519/130.png"; bbox 0 0 3898 6172; ppageno 0'>
   <div class='ocr_carea' id='block_1_1' title="bbox 223 331 316 393">
    <p class='ocr_par' dir='ltr' id='par_1_1' title="bbox 223 331 316 393">
     <span class='ocr_line' id='line_1_1' title="bbox 223 331 316 393; baseline -0.043 0"><span class='ocrx_word' id='word_1_1' title='bbox 223 331 316 393; x_wconf 65' lang='lat'><strong>9:20</strong></span> 
     </span>
    </p>
   </div>
   <div class='ocr_carea' id='block_1_2' title="bbox 223 532 788 585">
    <p class='ocr_par' dir='ltr' id='par_1_2' title="bbox 223 532 788 585">
     <span class='ocr_line' id='line_1_2' title="bbox 223 532 788 585; baseline -0.002 -1"><span class='ocrx_word' id='word_1_2' title='bbox 223 548 381 585; x_wconf 80' lang='lat' dir='ltr'><strong>meum</strong></span> <span class='ocrx_word' id='word_1_3' title='bbox 416 533 630 583; x_wconf 76' lang='lat' dir='ltr'><strong>observa</strong></span> <span class='ocrx_word' id='word_1_4' title='bbox 641 532 788 583; x_wconf 88' lang='lat' dir='ltr'><strong>bunt.</strong></span> 
     </span>
    </p>
   </div>
   <div class='ocr_carea' id='block_1_3' title="bbox 275 613 1784 684">
    <p class='ocr_par' dir='ltr' id='par_1_3' title="bbox 275 613 1784 684">
     <span class='ocr_line' id='line_1_3' title="bbox 275 613 1784 684; baseline -0.005 -9"><span class='ocrx_word' id='word_1_5' title='bbox 275 621 422 675; x_wconf 81' lang='lat' dir='ltr'><strong>Sicut</strong></span> <span class='ocrx_word' id='word_1_6' title='bbox 452 624 826 673; x_wconf 80' lang='lat' dir='ltr'><strong>sustinuerunt</strong></span> <span class='ocrx_word' id='word_1_7' title='bbox 855 619 1089 672; x_wconf 80' lang='lat' dir='ltr'><strong>animum</strong></span> <span class='ocrx_word' id='word_1_8' title='bbox 1140 633 1333 682; x_wconf 85' lang='lat' dir='ltr'><strong><em>meam,</em></strong></span> <span class='ocrx_word' id='word_1_9' title='bbox 1368 633 1462 684; x_wconf 89' lang='lat' dir='ltr'><strong>pro</strong></span> <span class='ocrx_word' id='word_1_10' title='bbox 1490 615 1650 670; x_wconf 71' lang='lat' dir='ltr'><strong>nihilo</strong></span> <span class='ocrx_word' id='word_1_11' title='bbox 1673 613 1784 669; x_wconf 85' lang='lat' dir='ltr'><strong>sal-</strong></span> 
     </span>
    </p>
   </div>
   <div class='ocr_carea' id='block_1_4' title="bbox 221 711 1479 779">
    <p class='ocr_par' dir='ltr' id='par_1_4' title="bbox 221 711 1479 779">
     <span class='ocr_line' id='line_1_4' title="bbox 221 711 1479 779; baseline -0.006 -13"><span class='ocrx_word' id='word_1_12' title='bbox 221 729 295 766; x_wconf 78' lang='lat' dir='ltr'><strong>ros</strong></span> <span class='ocrx_word' id='word_1_13' title='bbox 325 713 485 779; x_wconf 71' lang='lat' dir='ltr'><strong>facies</strong></span> <span class='ocrx_word' id='word_1_14' title='bbox 527 711 647 764; x_wconf 86' lang='lat' dir='ltr'><strong>illos</strong></span> <span class='ocrx_word' id='word_1_15' title='bbox 676 725 697 764; x_wconf 89' lang='lat'><strong><em>:</em></strong></span> <span class='ocrx_word' id='word_1_16' title='bbox 729 711 781 762; x_wconf 86' lang='lat' dir='ltr'><strong>in</strong></span> <span class='ocrx_word' id='word_1_17' title='bbox 818 715 897 761; x_wconf 89' lang='lat' dir='ltr'><strong>ira</strong></span> <span class='ocrx_word' id='word_1_18' title='bbox 920 711 1138 778; x_wconf 84' lang='lat' dir='ltr'><strong>populos</strong></span> <span class='ocrx_word' id='word_1_19' title='bbox 1169 712 1479 776; x_wconf 75' lang='lat' dir='ltr'><strong>confringes.</strong></span> 
     </span>
    </p>
   </div>
   <div class='ocr_carea' id='block_1_5' title="bbox 278 798 1784 867">
    <p class='ocr_par' dir='ltr' id='par_1_5' title="bbox 278 798 1784 867">
     <span class='ocr_line' id='line_1_5' title="bbox 278 798 1784 867; baseline -0.005 -12"><span class='ocrx_word' id='word_1_20' title='bbox 278 802 613 865; x_wconf 80' lang='lat' dir='ltr'><strong>Deus,oitnm</strong></span> <span class='ocrx_word' id='word_1_21' title='bbox 643 819 810 854; x_wconf 76' lang='lat' dir='ltr'><strong>meum</strong></span> <span class='ocrx_word' id='word_1_22' title='bbox 844 802 1154 855; x_wconf 83' lang='lat' dir='ltr'><strong>annuutiaoi</strong></span> <span class='ocrx_word' id='word_1_23' title='bbox 1183 803 1296 867; x_wconf 88' lang='lat' dir='ltr'><strong>tibi,</strong></span> <span class='ocrx_word' id='word_1_24' title='bbox 1334 800 1555 867; x_wconf 88' lang='lat' dir='ltr'><strong>posuisti</strong></span> <span class='ocrx_word' id='word_1_25' title='bbox 1610 798 1784 866; x_wconf 86' lang='lat' dir='ltr'><strong>lacry-</strong></span> 
     </span>
    </p>
   </div>
   <div class='ocr_carea' id='block_1_6' title="bbox 222 896 1011 961">
    <p class='ocr_par' dir='ltr' id='par_1_6' title="bbox 222 896 1011 961">
     <span class='ocr_line' id='line_1_6' title="bbox 222 896 1011 961; baseline -0.001 -13"><span class='ocrx_word' id='word_1_26' title='bbox 222 910 323 948; x_wconf 57' lang='lat' dir='ltr'><strong>atas</strong></span> <span class='ocrx_word' id='word_1_27' title='bbox 350 910 495 947; x_wconf 86' lang='lat' dir='ltr'><strong>meas</strong></span> <span class='ocrx_word' id='word_1_28' title='bbox 519 896 568 946; x_wconf 87' lang='lat' dir='ltr'><strong>in</strong></span> <span class='ocrx_word' id='word_1_29' title='bbox 590 908 865 961; x_wconf 81' lang='lat' dir='ltr'><strong>conspectu</strong></span> <span class='ocrx_word' id='word_1_30' title='bbox 901 904 1011 947; x_wconf 86' lang='lat' dir='ltr'><strong>tuo.</strong></span> 
     </span>
    </p>
   </div>
   <div class='ocr_carea' id='block_1_7' title="bbox 281 984 1196 1042">
    <p class='ocr_par' dir='ltr' id='par_1_7' title="bbox 281 984 1196 1042">
     <span class='ocr_line' id='line_1_7' title="bbox 281 984 1196 1042; baseline -0.002 -3"><span class='ocrx_word' id='word_1_31' title='bbox 281 985 421 1039; x_wconf 81' lang='lat' dir='ltr'><strong>Sicut</strong></span> <span class='ocrx_word' id='word_1_32' title='bbox 447 994 495 1037; x_wconf 83' lang='lat' dir='ltr'><strong>et</strong></span> <span class='ocrx_word' id='word_1_33' title='bbox 552 986 607 1036; x_wconf 91' lang='lat' dir='ltr'><strong>in</strong></span> <span class='ocrx_word' id='word_1_34' title='bbox 633 984 973 1042; x_wconf 81' lang='lat' dir='ltr'><strong>promissione</strong></span> <span class='ocrx_word' id='word_1_35' title='bbox 1032 996 1123 1036; x_wconf 85' lang='lat' dir='ltr'><strong>tua</strong></span> <span class='ocrx_word' id='word_1_36' title='bbox 1178 998 1196 1037; x_wconf 88' lang='lat'><strong><em>:</em></strong></span> 
     </span>
    </p>
   </div>
   <div class='ocr_carea' id='block_1_8' title="bbox 226 1076 885 1129">
    <p class='ocr_par' dir='ltr' id='par_1_8' title="bbox 226 1076 885 1129">
     <span class='ocr_line' id='line_1_8' title="bbox 226 1076 885 1129; baseline 0 0"><span class='ocrx_word' id='word_1_37' title='bbox 226 1078 415 1129; x_wconf 80' lang='lat' dir='ltr'><strong>inimici</strong></span> <span class='ocrx_word' id='word_1_38' title='bbox 444 1076 545 1127; x_wconf 86' lang='lat' dir='ltr'><strong>mei</strong></span> <span class='ocrx_word' id='word_1_39' title='bbox 572 1088 885 1129; x_wconf 85' lang='lat' dir='ltr'><strong>retrorsum.</strong></span> 
     </span>
    </p>
   </div>
   <div class='ocr_carea' id='block_1_9' title="bbox 291 1166 1791 1235">
    <p class='ocr_par' dir='ltr' id='par_1_9' title="bbox 291 1166 1791 1235">
     <span class='ocr_line' id='line_1_9' title="bbox 291 1166 1791 1235; baseline 0.001 -18"><span class='ocrx_word' id='word_1_40' title='bbox 291 1168 353 1217; x_wconf 82' lang='lat' dir='ltr'><strong>In</strong></span> <span class='ocrx_word' id='word_1_41' title='bbox 384 1182 697 1234; x_wconf 83' lang='lat' dir='ltr'><strong>quacunque</strong></span> <span class='ocrx_word' id='word_1_42' title='bbox 730 1167 814 1218; x_wconf 89' lang='lat' dir='ltr'><strong>die</strong></span> <span class='ocrx_word' id='word_1_43' title='bbox 868 1169 1172 1220; x_wconf 76' lang='lat' dir='ltr'><strong>invocavero</strong></span> <span class='ocrx_word' id='word_1_44' title='bbox 1201 1179 1263 1222; x_wconf 71' lang='grc' dir='ltr'><strong>-ιο</strong></span> <span class='ocrx_word' id='word_1_45' title='bbox 1296 1175 1344 1220; x_wconf 90' lang='lat' dir='ltr'><strong>te</strong></span> <span class='ocrx_word' id='word_1_46' title='bbox 1370 1167 1393 1235; x_wconf 71' lang='grc' dir='ltr'>ζ</span> <span class='ocrx_word' id='word_1_47' title='bbox 1423 1183 1536 1220; x_wconf 87' lang='lat' dir='ltr'><strong>ecce</strong></span> <span class='ocrx_word' id='word_1_48' title='bbox 1571 1166 1791 1234; x_wconf 83' lang='lat' dir='ltr'><strong>cognovi</strong></span> 
     </span>
    </p>
   </div>
   <div class='ocr_carea' id='block_1_10' title="bbox 228 1255 1775 1335">
    <p class='ocr_par' dir='ltr' id='par_1_10' title="bbox 228 1255 1775 1335">
     <span class='ocr_line' id='line_1_10' title="bbox 228 1255 1775 1335; baseline 0.001 -28"><span class='ocrx_word' id='word_1_49' title='bbox 228 1258 465 1325; x_wconf 79' lang='lat' dir='ltr'><strong>quoniam</strong></span> <span class='ocrx_word' id='word_1_50' title='bbox 497 1255 639 1308; x_wconf 88' lang='lat' dir='ltr'><strong>Deus</strong></span> <span class='ocrx_word' id='word_1_51' title='bbox 666 1271 809 1308; x_wconf 84' lang='lat' dir='ltr'><strong>meus</strong></span> <span class='ocrx_word' id='word_1_52' title='bbox 835 1271 912 1308; x_wconf 84' lang='lat' dir='ltr'><strong>es.</strong></span> <span class='ocrx_word' id='word_1_53' title='bbox 1768 1330 1775 1335; x_wconf 82' lang='lat'>_</span> 
     </span>
    </p>
   </div>
   <div class='ocr_carea' id='block_1_11' title="bbox 283 1345 1796 1410">
    <p class='ocr_par' dir='ltr' id='par_1_11' title="bbox 283 1345 1796 1410">
     <span class='ocr_line' id='line_1_11' title="bbox 283 1345 1796 1410; baseline 0.002 -12"><span class='ocrx_word' id='word_1_54' title='bbox 283 1346 341 1398; x_wconf 86' lang='lat' dir='ltr'><strong>lu</strong></span> <span class='ocrx_word' id='word_1_55' title='bbox 371 1347 478 1398; x_wconf 83' lang='lat' dir='ltr'><strong>Deo</strong></span> <span class='ocrx_word' id='word_1_56' title='bbox 514 1345 746 1400; x_wconf 78' lang='lat' dir='ltr'><strong>laudabo</strong></span> <span class='ocrx_word' id='word_1_57' title='bbox 778 1347 1013 1410; x_wconf 79' lang='lat' dir='ltr'><strong>verbum,</strong></span> <span class='ocrx_word' id='word_1_58' title='bbox 1059 1349 1111 1399; x_wconf 88' lang='lat' dir='ltr'><strong>in</strong></span> <span class='ocrx_word' id='word_1_59' title='bbox 1140 1347 1361 1402; x_wconf 84' lang='lat' dir='ltr'><strong>Domino</strong></span> <span class='ocrx_word' id='word_1_60' title='bbox 1401 1346 1632 1401; x_wconf 82' lang='lat' dir='ltr'><strong>laudabo</strong></span> <span class='ocrx_word' id='word_1_61' title='bbox 1684 1364 1796 1401; x_wconf 89' lang='lat' dir='ltr'><strong>ser-</strong></span> 
     </span>
    </p>
   </div>
   <div class='ocr_carea' id='block_1_12' title="bbox 230 1435 1797 1509">
    <p class='ocr_par' dir='ltr' id='par_1_12' title="bbox 230 1435 1797 1509">
     <span class='ocr_line' id='line_1_12' title="bbox 230 1435 1797 1509; baseline 0 -19"><span class='ocrx_word' id='word_1_62' title='bbox 230 1454 450 1497; x_wconf 81' lang='lat' dir='ltr'><strong>mortem,</strong></span> <span class='ocrx_word' id='word_1_63' title='bbox 511 1439 562 1489; x_wconf 86' lang='lat' dir='ltr'><strong>in</strong></span> <span class='ocrx_word' id='word_1_64' title='bbox 614 1435 720 1491; x_wconf 87' lang='lat' dir='ltr'><strong>Deo</strong></span> <span class='ocrx_word' id='word_1_65' title='bbox 767 1439 1017 1505; x_wconf 83' lang='lat' dir='ltr'><strong>speravi:</strong></span> <span class='ocrx_word' id='word_1_66' title='bbox 1053 1454 1158 1491; x_wconf 87' lang='lat' dir='ltr'><strong>non</strong></span> <span class='ocrx_word' id='word_1_67' title='bbox 1210 1439 1398 1493; x_wconf 86' lang='lat' dir='ltr'><strong>timebo</strong></span> <span class='ocrx_word' id='word_1_68' title='bbox 1455 1439 1580 1509; x_wconf 85' lang='lat' dir='ltr'><strong>quid</strong></span> <span class='ocrx_word' id='word_1_69' title='bbox 1630 1438 1797 1507; x_wconf 78' lang='lat' dir='ltr'><strong>faciat</strong></span> 
     </span>
    </p>
   </div>
   <div class='ocr_carea' id='block_1_13' title="bbox 230 1531 611 1584">
    <p class='ocr_par' dir='ltr' id='par_1_13' title="bbox 230 1531 611 1584">
     <span class='ocr_line' id='line_1_13' title="bbox 230 1531 611 1584; baseline -0.005 -1"><span class='ocrx_word' id='word_1_70' title='bbox 230 1532 344 1584; x_wconf 76' lang='lat' dir='ltr'><strong>mihi</strong></span> <span class='ocrx_word' id='word_1_71' title='bbox 376 1531 532 1583; x_wconf 85' lang='lat' dir='ltr'><strong>homo</strong></span> <span class='ocrx_word' id='word_1_72' title='bbox 564 1531 583 1559; x_wconf 79' lang='grc'><em>³</em></span> <span class='ocrx_word' id='word_1_73' title='bbox 597 1548 611 1561; x_wconf 90' lang='grc'><strong>·</strong></span> 
     </span>
    </p>
   </div>
   <div class='ocr_carea' id='block_1_14' title="bbox 289 1619 1505 1691">
    <p class='ocr_par' dir='ltr' id='par_1_14' title="bbox 289 1619 1505 1691">
     <span class='ocr_line' id='line_1_14' title="bbox 289 1619 1505 1691; baseline 0.007 -19"><span class='ocrx_word' id='word_1_74' title='bbox 289 1620 356 1672; x_wconf 81' lang='lat' dir='ltr'><strong>In</strong></span> <span class='ocrx_word' id='word_1_75' title='bbox 394 1638 472 1673; x_wconf 89' lang='lat' dir='ltr'><strong>me</strong></span> <span class='ocrx_word' id='word_1_76' title='bbox 513 1631 658 1687; x_wconf 85' lang='lat' dir='ltr'><strong>sunt,</strong></span> <span class='ocrx_word' id='word_1_77' title='bbox 692 1619 850 1687; x_wconf 86' lang='lat' dir='ltr'><strong>Deus,</strong></span> <span class='ocrx_word' id='word_1_78' title='bbox 881 1629 1000 1675; x_wconf 79' lang='lat' dir='ltr'><strong>uota</strong></span> <span class='ocrx_word' id='word_1_79' title='bbox 1051 1628 1143 1676; x_wconf 85' lang='lat' dir='ltr'><strong>tua</strong></span> <span class='ocrx_word' id='word_1_80' title='bbox 1170 1664 1186 1687; x_wconf 88' lang='lat'><strong>,</strong></span> <span class='ocrx_word' id='word_1_81' title='bbox 1221 1634 1284 1677; x_wconf 70' lang='grc' dir='ltr'><strong>σε·</strong></span> <span class='ocrx_word' id='word_1_82' title='bbox 1326 1637 1441 1691; x_wconf 78' lang='grc' dir='ltr'><strong>ιιιιω</strong></span> <span class='ocrx_word' id='word_1_83' title='bbox 1480 1622 1505 1690; x_wconf 71' lang='grc' dir='ltr'>ζ</span> 
     </span>
    </p>
   </div>
   <div class='ocr_carea' id='block_1_15' title="bbox 232 1715 714 1768">
    <p class='ocr_par' dir='ltr' id='par_1_15' title="bbox 232 1715 714 1768">
     <span class='ocr_line' id='line_1_15' title="bbox 232 1715 714 1768; baseline 0.008 -4"><span class='ocrx_word' id='word_1_84' title='bbox 232 1716 563 1766; x_wconf 78' lang='lat' dir='ltr'><strong>laudationes</strong></span> <span class='ocrx_word' id='word_1_85' title='bbox 595 1715 714 1768; x_wconf 80' lang='lat' dir='ltr'><strong>tibi.</strong></span> 
     </span>
    </p>
   </div>
   <div class='ocr_carea' id='block_1_16' title="bbox 1252 992 1792 1038">
    <p class='ocr_par' dir='ltr' id='par_1_16' title="bbox 1252 992 1792 1038">
     <span class='ocr_line' id='line_1_16' title="bbox 1252 992 1792 1038; baseline -0.002 -4"><span class='ocrx_word' id='word_1_86' title='bbox 1252 992 1375 1036; x_wconf 86' lang='lat' dir='ltr'><strong>tunc</strong></span> <span class='ocrx_word' id='word_1_87' title='bbox 1427 992 1792 1038; x_wconf 84' lang='lat' dir='ltr'><strong>convertentur</strong></span> 
     </span>
    </p>
   </div>
   <div class='ocr_carea' id='block_1_17' title="bbox 1575 1619 1795 1674">
    <p class='ocr_par' dir='ltr' id='par_1_17' title="bbox 1575 1619 1795 1674">
     <span class='ocr_line' id='line_1_17' title="bbox 1575 1619 1795 1674; baseline 0.005 -1"><span class='ocrx_word' id='word_1_88' title='bbox 1575 1619 1736 1674; x_wconf 83' lang='lat' dir='ltr'><strong>reddo</strong></span> <span class='ocrx_word' id='word_1_89' title='bbox 1747 1638 1795 1674; x_wconf 90' lang='lat' dir='ltr'><strong>m</strong></span> 
     </span>
    </p>
   </div>
   <div class='ocr_carea' id='block_1_18' title="bbox 1471 324 2242 386">
    <p class='ocr_par' dir='ltr' id='par_1_18' title="bbox 1471 324 2242 386">
     <span class='ocr_line' id='line_1_18' title="bbox 1471 324 2242 386; baseline 0 -2"><span class='ocrx_word' id='word_1_90' title='bbox 1471 326 1702 385; x_wconf 80' lang='lat' dir='ltr'><strong>LIBER</strong></span> <span class='ocrx_word' id='word_1_91' title='bbox 1746 324 2242 386; x_wconf 76' lang='lat' dir='ltr'><strong>PSALMORUM.</strong></span> 
     </span>
    </p>
   </div>
   <div class='ocr_carea' id='block_1_19' title="bbox 277 435 1867 507">
    <p class='ocr_par' dir='ltr' id='par_1_19' title="bbox 277 435 1867 507">
     <span class='ocr_line' id='line_1_19' title="bbox 277 435 1867 507; baseline -0.004 -12"><span class='ocrx_word' id='word_1_92' title='bbox 277 439 679 502; x_wconf 75' lang='lat' dir='ltr'><strong>Iubabtabunt.</strong></span> <span class='ocrx_word' id='word_1_93' title='bbox 726 447 776 492; x_wconf 89' lang='lat' dir='ltr'><strong>ct</strong></span> <span class='ocrx_word' id='word_1_94' title='bbox 838 438 1154 492; x_wconf 81' lang='lat' dir='ltr'><strong>abscondent</strong></span> <span class='ocrx_word' id='word_1_95' title='bbox 1197 451 1215 491; x_wconf 89' lang='lat'><strong><em>:</em></strong></span> <span class='ocrx_word' id='word_1_96' title='bbox 1271 438 1369 507; x_wconf 87' lang='lat' dir='ltr'><strong>ipsi</strong></span> <span class='ocrx_word' id='word_1_97' title='bbox 1417 438 1434 468; x_wconf 89' lang='grc'>¹</span> <span class='ocrx_word' id='word_1_98' title='bbox 1488 435 1789 490; x_wconf 85' lang='lat' dir='ltr'><strong>calcaneum</strong></span> <span class='ocrx_word' id='word_1_99' title='bbox 1821 443 1867 497; x_wconf 75' lang='grc' dir='ltr'>Α</span> 
     </span>
    </p>
   </div>
   <div class='ocr_carea' id='block_1_20' title="bbox 1967 433 3451 504">
    <p class='ocr_par' dir='ltr' id='par_1_20' title="bbox 1967 433 3451 504">
     <span class='ocr_line' id='line_1_20' title="bbox 1967 433 3451 504; baseline -0.001 -15"><span class='ocrx_word' id='word_1_100' title='bbox 1967 435 2370 497; x_wconf 86' lang='lat' dir='ltr'><strong>lnbabitabunt,</strong></span> <span class='ocrx_word' id='word_1_101' title='bbox 2417 443 2471 489; x_wconf 89' lang='lat' dir='ltr'><strong>et</strong></span> <span class='ocrx_word' id='word_1_102' title='bbox 2541 435 2914 499; x_wconf 84' lang='lat' dir='ltr'><strong>abscondent,</strong></span> <span class='ocrx_word' id='word_1_103' title='bbox 2983 433 3082 504; x_wconf 85' lang='lat' dir='ltr'><strong>ipsi</strong></span> <span class='ocrx_word' id='word_1_104' title='bbox 3139 433 3451 488; x_wconf 80' lang='lat' dir='ltr'><strong>ealcaneum</strong></span> 
     </span>
    </p>
   </div>
   <div class='ocr_carea' id='block_1_21' title="bbox 1893 525 3451 595">
    <p class='ocr_par' dir='ltr' id='par_1_21' title="bbox 1893 525 3451 595">
     <span class='ocr_line' id='line_1_21' title="bbox 1893 525 3451 595; baseline -0.003 -14"><span class='ocrx_word' id='word_1_105' title='bbox 1893 541 2073 581; x_wconf 89' lang='lat' dir='ltr'><strong>meum</strong></span> <span class='ocrx_word' id='word_1_106' title='bbox 2105 527 2474 580; x_wconf 83' lang='lat' dir='ltr'><strong>observabunt</strong></span> <span class='ocrx_word' id='word_1_107' title='bbox 2501 543 2516 580; x_wconf 88' lang='lat'><strong>:</strong></span> <span class='ocrx_word' id='word_1_108' title='bbox 2544 526 2686 580; x_wconf 83' lang='lat' dir='ltr'><strong>sicut</strong></span> <span class='ocrx_word' id='word_1_109' title='bbox 2701 525 3038 595; x_wconf 81' lang='lat' dir='ltr'><strong>exspectavit</strong></span> <span class='ocrx_word' id='word_1_110' title='bbox 3066 525 3245 577; x_wconf 84' lang='lat' dir='ltr'><strong>anima</strong></span> <span class='ocrx_word' id='word_1_111' title='bbox 3282 540 3401 578; x_wconf 89' lang='lat' dir='ltr'><strong>mea</strong></span> <span class='ocrx_word' id='word_1_112' title='bbox 3436 565 3451 589; x_wconf 93' lang='lat'><strong>,</strong></span> 
     </span>
    </p>
   </div>
   <div class='ocr_carea' id='block_1_22' title="bbox 1889 614 3455 686">
    <p class='ocr_par' dir='ltr' id='par_1_22' title="bbox 1889 614 3455 686">
     <span class='ocr_line' id='line_1_22' title="bbox 1889 614 3455 686; baseline -0.001 -16"><span class='ocrx_word' id='word_1_113' title='bbox 1889 632 1988 686; x_wconf 88' lang='lat' dir='ltr'><strong>pro</strong></span> <span class='ocrx_word' id='word_1_114' title='bbox 2012 615 2182 672; x_wconf 88' lang='lat' dir='ltr'><strong>nihilo</strong></span> <span class='ocrx_word' id='word_1_115' title='bbox 2208 615 2382 670; x_wconf 69' lang='lat' dir='ltr'><strong>salvos</strong></span> <span class='ocrx_word' id='word_1_116' title='bbox 2415 616 2579 671; x_wconf 79' lang='lat' dir='ltr'><strong>facies</strong></span> <span class='ocrx_word' id='word_1_117' title='bbox 2602 631 2698 671; x_wconf 85' lang='lat' dir='ltr'><strong>eos</strong></span> <span class='ocrx_word' id='word_1_118' title='bbox 2719 657 2734 683; x_wconf 92' lang='lat'><strong>,</strong></span> <span class='ocrx_word' id='word_1_119' title='bbox 2761 617 2816 670; x_wconf 84' lang='lat' dir='ltr'><strong>in</strong></span> <span class='ocrx_word' id='word_1_120' title='bbox 2844 618 2921 670; x_wconf 87' lang='lat' dir='ltr'><strong>ira</strong></span> <span class='ocrx_word' id='word_1_121' title='bbox 2954 616 3188 685; x_wconf 90' lang='lat' dir='ltr'><strong>populus</strong></span> <span class='ocrx_word' id='word_1_122' title='bbox 3207 614 3455 669; x_wconf 76' lang='lat' dir='ltr'><strong>confrin-</strong></span> 
     </span>
    </p>
   </div>
   <div class='ocr_carea' id='block_1_23' title="bbox 1887 725 2003 779">
    <p class='ocr_par' dir='ltr' id='par_1_23' title="bbox 1887 725 2003 779">
     <span class='ocr_line' id='line_1_23' title="bbox 1887 725 2003 779; baseline 0 -15"><span class='ocrx_word' id='word_1_123' title='bbox 1887 725 2003 779; x_wconf 78' lang='lat' dir='ltr'><strong>ges.</strong></span> 
     </span>
    </p>
   </div>
   <div class='ocr_carea' id='block_1_24' title="bbox 1971 800 3457 870">
    <p class='ocr_par' dir='ltr' id='par_1_24' title="bbox 1971 800 3457 870">
     <span class='ocr_line' id='line_1_24' title="bbox 1971 800 3457 870; baseline -0.001 -16"><span class='ocrx_word' id='word_1_124' title='bbox 1971 801 2114 858; x_wconf 87' lang='lat' dir='ltr'><strong>Deus</strong></span> <span class='ocrx_word' id='word_1_125' title='bbox 2146 802 2309 857; x_wconf 86' lang='lat' dir='ltr'><strong>vitam</strong></span> <span class='ocrx_word' id='word_1_126' title='bbox 2346 817 2522 856; x_wconf 97' lang='lat' dir='ltr'><strong>meam</strong></span> <span class='ocrx_word' id='word_1_127' title='bbox 2569 802 2886 856; x_wconf 78' lang='lat' dir='ltr'><strong>annuntiavi</strong></span> <span class='ocrx_word' id='word_1_128' title='bbox 2923 800 3042 866; x_wconf 86' lang='lat' dir='ltr'><strong>tibi,</strong></span> <span class='ocrx_word' id='word_1_129' title='bbox 3091 801 3250 870; x_wconf 82' lang='lat' dir='ltr'><strong>posui</strong></span> <span class='ocrx_word' id='word_1_130' title='bbox 3282 800 3457 870; x_wconf 84' lang='lat' dir='ltr'><strong>laery-</strong></span> 
     </span>
    </p>
   </div>
   <div class='ocr_carea' id='block_1_25' title="bbox 1892 891 3459 961">
    <p class='ocr_par' dir='ltr' id='par_1_25' title="bbox 1892 891 3459 961">
     <span class='ocr_line' id='line_1_25' title="bbox 1892 891 3459 961; baseline -0.002 -14"><span class='ocrx_word' id='word_1_131' title='bbox 1892 908 2008 947; x_wconf 88' lang='lat' dir='ltr'><strong>mas</strong></span> <span class='ocrx_word' id='word_1_132' title='bbox 2036 893 2250 947; x_wconf 90' lang='lat' dir='ltr'><strong>mcasin</strong></span> <span class='ocrx_word' id='word_1_133' title='bbox 2276 900 2572 961; x_wconf 89' lang='lat' dir='ltr'><strong>conspectu</strong></span> <span class='ocrx_word' id='word_1_134' title='bbox 2593 900 2686 945; x_wconf 90' lang='lat' dir='ltr'><strong>tuo</strong></span> <span class='ocrx_word' id='word_1_135' title='bbox 2719 908 2734 944; x_wconf 82' lang='lat'><strong>:</strong></span> <span class='ocrx_word' id='word_1_136' title='bbox 2766 892 2906 947; x_wconf 86' lang='lat' dir='ltr'><strong>sicut</strong></span> <span class='ocrx_word' id='word_1_137' title='bbox 2950 891 3004 945; x_wconf 86' lang='lat' dir='ltr'><strong>in</strong></span> <span class='ocrx_word' id='word_1_138' title='bbox 3030 891 3459 961; x_wconf 88' lang='lat' dir='ltr'><strong>repromissione</strong></span> 
     </span>
    </p>
   </div>
   <div class='ocr_carea' id='block_1_26' title="bbox 1896 991 2010 1036">
    <p class='ocr_par' dir='ltr' id='par_1_26' title="bbox 1896 991 2010 1036">
     <span class='ocr_line' id='line_1_26' title="bbox 1896 991 2010 1036; baseline -0.009 0"><span class='ocrx_word' id='word_1_139' title='bbox 1896 991 2010 1036; x_wconf 90' lang='lat' dir='ltr'><strong>tua.</strong></span> 
     </span>
    </p>
   </div>
   <div class='ocr_carea' id='block_1_27' title="bbox 1964 1065 3456 1140">
    <p class='ocr_par' dir='ltr' id='par_1_27' title="bbox 1964 1065 3456 1140">
     <span class='ocr_line' id='line_1_27' title="bbox 1964 1065 3456 1140; baseline -0.003 -13"><span class='ocrx_word' id='word_1_140' title='bbox 1964 1070 2369 1127; x_wconf 88' lang='lat' dir='ltr'><strong>Convertantur</strong></span> <span class='ocrx_word' id='word_1_141' title='bbox 2434 1068 2557 1140; x_wconf 88' lang='lat' dir='ltr'><strong>[ms.</strong></span> <span class='ocrx_word' id='word_1_142' title='bbox 2621 1065 3037 1136; x_wconf 71' lang='lat' dir='ltr'><strong>convertentur]</strong></span> <span class='ocrx_word' id='word_1_143' title='bbox 3089 1067 3295 1120; x_wconf 85' lang='lat' dir='ltr'><strong>inimici</strong></span> <span class='ocrx_word' id='word_1_144' title='bbox 3350 1069 3456 1122; x_wconf 87' lang='lat' dir='ltr'><strong>mei</strong></span> 
     </span>
    </p>
   </div>
   <div class='ocr_carea' id='block_1_28' title="bbox 1894 1157 3461 1228">
    <p class='ocr_par' dir='ltr' id='par_1_28' title="bbox 1894 1157 3461 1228">
     <span class='ocr_line' id='line_1_28' title="bbox 1894 1157 3461 1228; baseline -0.003 -12"><span class='ocrx_word' id='word_1_145' title='bbox 1894 1168 2199 1216; x_wconf 77' lang='lat' dir='ltr'><strong>retrorsum</strong></span> <span class='ocrx_word' id='word_1_146' title='bbox 2236 1175 2251 1215; x_wconf 73' lang='grc' dir='ltr'>ε</span> <span class='ocrx_word' id='word_1_147' title='bbox 2300 1161 2351 1213; x_wconf 89' lang='lat' dir='ltr'><strong>in</strong></span> <span class='ocrx_word' id='word_1_148' title='bbox 2382 1172 2708 1228; x_wconf 83' lang='lat' dir='ltr'><strong>quacunque</strong></span> <span class='ocrx_word' id='word_1_149' title='bbox 2742 1157 2830 1210; x_wconf 89' lang='lat' dir='ltr'><strong>die</strong></span> <span class='ocrx_word' id='word_1_150' title='bbox 2860 1157 3183 1211; x_wconf 65' lang='lat' dir='ltr'><strong>invocas-ero</strong></span> <span class='ocrx_word' id='word_1_151' title='bbox 3217 1165 3292 1219; x_wconf 86' lang='lat' dir='ltr'><strong>te,</strong></span> <span class='ocrx_word' id='word_1_152' title='bbox 3332 1171 3461 1212; x_wconf 85' lang='lat' dir='ltr'><strong>ecce</strong></span> 
     </span>
    </p>
   </div>
   <div class='ocr_carea' id='block_1_29' title="bbox 1895 1248 2944 1321">
    <p class='ocr_par' dir='ltr' id='par_1_29' title="bbox 1895 1248 2944 1321">
     <span class='ocr_line' id='line_1_29' title="bbox 1895 1248 2944 1321; baseline -0.003 -17"><span class='ocrx_word' id='word_1_153' title='bbox 1895 1253 2093 1321; x_wconf 79' lang='lat' dir='ltr'><strong>agnovi</strong></span> <span class='ocrx_word' id='word_1_154' title='bbox 2121 1250 2379 1318; x_wconf 88' lang='lat' dir='ltr'><strong>quoniam</strong></span> <span class='ocrx_word' id='word_1_155' title='bbox 2414 1248 2556 1302; x_wconf 88' lang='lat' dir='ltr'><strong>Deus</strong></span> <span class='ocrx_word' id='word_1_156' title='bbox 2595 1262 2752 1301; x_wconf 87' lang='lat' dir='ltr'><strong>meus</strong></span> <span class='ocrx_word' id='word_1_157' title='bbox 2782 1262 2841 1300; x_wconf 89' lang='lat' dir='ltr'><strong>es</strong></span> <span class='ocrx_word' id='word_1_158' title='bbox 2868 1257 2944 1301; x_wconf 90' lang='lat' dir='ltr'><strong>tu.</strong></span> 
     </span>
    </p>
   </div>
   <div class='ocr_carea' id='block_1_30' title="bbox 1964 1334 3462 1411">
    <p class='ocr_par' dir='ltr' id='par_1_30' title="bbox 1964 1334 3462 1411">
     <span class='ocr_line' id='line_1_30' title="bbox 1964 1334 3462 1411; baseline 0.001 -18"><span class='ocrx_word' id='word_1_159' title='bbox 1964 1339 2022 1394; x_wconf 88' lang='lat' dir='ltr'><strong>In</strong></span> <span class='ocrx_word' id='word_1_160' title='bbox 2045 1342 2156 1395; x_wconf 89' lang='lat' dir='ltr'><strong>Deo</strong></span> <span class='ocrx_word' id='word_1_161' title='bbox 2184 1339 2420 1395; x_wconf 82' lang='lat' dir='ltr'><strong>laudabo</strong></span> <span class='ocrx_word' id='word_1_162' title='bbox 2484 1339 2709 1392; x_wconf 86' lang='lat' dir='ltr'><strong>verbum</strong></span> <span class='ocrx_word' id='word_1_163' title='bbox 2756 1334 2878 1408; x_wconf 89' lang='lat' dir='ltr'><strong>[ms.</strong></span> <span class='ocrx_word' id='word_1_164' title='bbox 2926 1337 3282 1411; x_wconf 80' lang='lat' dir='ltr'><strong>sermonem],</strong></span> <span class='ocrx_word' id='word_1_165' title='bbox 3317 1340 3462 1394; x_wconf 83' lang='lat' dir='ltr'><strong>etin</strong></span> 
     </span>
    </p>
   </div>
   <div class='ocr_carea' id='block_1_31' title="bbox 1898 1430 3461 1505">
    <p class='ocr_par' dir='ltr' id='par_1_31' title="bbox 1898 1430 3461 1505">
     <span class='ocr_line' id='line_1_31' title="bbox 1898 1430 3461 1505; baseline -0.001 -18"><span class='ocrx_word' id='word_1_166' title='bbox 1898 1433 2128 1487; x_wconf 89' lang='lat' dir='ltr'><strong>Domino</strong></span> <span class='ocrx_word' id='word_1_167' title='bbox 2161 1431 2392 1486; x_wconf 75' lang='lat' dir='ltr'><strong>laudabo</strong></span> <span class='ocrx_word' id='word_1_168' title='bbox 2426 1433 2738 1486; x_wconf 79' lang='lat' dir='ltr'><strong>sermonem</strong></span> <span class='ocrx_word' id='word_1_169' title='bbox 2803 1432 2926 1503; x_wconf 86' lang='lat' dir='ltr'><strong>[ms.</strong></span> <span class='ocrx_word' id='word_1_170' title='bbox 2959 1430 3232 1505; x_wconf 80' lang='lat' dir='ltr'><strong>verbum].</strong></span> <span class='ocrx_word' id='word_1_171' title='bbox 3267 1432 3318 1484; x_wconf 89' lang='lat' dir='ltr'><strong>in</strong></span> <span class='ocrx_word' id='word_1_172' title='bbox 3351 1432 3461 1487; x_wconf 83' lang='lat' dir='ltr'><strong>Deo</strong></span> 
     </span>
    </p>
   </div>
   <div class='ocr_carea' id='block_1_32' title="bbox 1899 1524 3301 1595">
    <p class='ocr_par' dir='ltr' id='par_1_32' title="bbox 1899 1524 3301 1595">
     <span class='ocr_line' id='line_1_32' title="bbox 1899 1524 3301 1595; baseline -0.001 -15"><span class='ocrx_word' id='word_1_173' title='bbox 1899 1525 2128 1595; x_wconf 86' lang='lat' dir='ltr'><strong>sperabo</strong></span> <span class='ocrx_word' id='word_1_174' title='bbox 2169 1541 2184 1578; x_wconf 85' lang='lat'><strong>:</strong></span> <span class='ocrx_word' id='word_1_175' title='bbox 2220 1539 2329 1579; x_wconf 89' lang='lat' dir='ltr'><strong>non</strong></span> <span class='ocrx_word' id='word_1_176' title='bbox 2364 1524 2563 1577; x_wconf 90' lang='lat' dir='ltr'><strong>timebo</strong></span> <span class='ocrx_word' id='word_1_177' title='bbox 2594 1524 2723 1591; x_wconf 88' lang='lat' dir='ltr'><strong>quid</strong></span> <span class='ocrx_word' id='word_1_178' title='bbox 2760 1524 2924 1578; x_wconf 80' lang='lat' dir='ltr'><strong>iaciat</strong></span> <span class='ocrx_word' id='word_1_179' title='bbox 2958 1525 3089 1577; x_wconf 89' lang='lat' dir='ltr'><strong>mihi</strong></span> <span class='ocrx_word' id='word_1_180' title='bbox 3116 1524 3301 1578; x_wconf 87' lang='lat' dir='ltr'><strong>homo.</strong></span> 
     </span>
    </p>
   </div>
   <div class='ocr_carea' id='block_1_33' title="bbox 1976 1614 3462 1685">
    <p class='ocr_par' dir='ltr' id='par_1_33' title="bbox 1976 1614 3462 1685">
     <span class='ocr_line' id='line_1_33' title="bbox 1976 1614 3462 1685; baseline -0.002 -15"><span class='ocrx_word' id='word_1_181' title='bbox 1976 1618 2033 1670; x_wconf 81' lang='grc' dir='ltr'><strong>ιιι</strong></span> <span class='ocrx_word' id='word_1_182' title='bbox 2063 1632 2148 1670; x_wconf 89' lang='lat' dir='ltr'><strong>me</strong></span> <span class='ocrx_word' id='word_1_183' title='bbox 2172 1626 2321 1679; x_wconf 84' lang='lat' dir='ltr'><strong>sunt,</strong></span> <span class='ocrx_word' id='word_1_184' title='bbox 2356 1615 2521 1681; x_wconf 86' lang='lat' dir='ltr'><strong>Deus,</strong></span> <span class='ocrx_word' id='word_1_185' title='bbox 2558 1625 2703 1678; x_wconf 87' lang='lat' dir='ltr'><strong>vota,</strong></span> <span class='ocrx_word' id='word_1_186' title='bbox 2757 1631 2878 1685; x_wconf 68' lang='lat' dir='ltr'><strong>quae</strong></span> <span class='ocrx_word' id='word_1_187' title='bbox 2925 1615 3150 1670; x_wconf 81' lang='lat' dir='ltr'><strong>reddam</strong></span> <span class='ocrx_word' id='word_1_188' title='bbox 3194 1614 3462 1669; x_wconf 85' lang='lat' dir='ltr'><strong>laudatio-</strong></span> 
     </span>
    </p>
   </div>
   <div class='ocr_carea' id='block_1_34' title="bbox 1904 1706 2188 1761">
    <p class='ocr_par' dir='ltr' id='par_1_34' title="bbox 1904 1706 2188 1761">
     <span class='ocr_line' id='line_1_34' title="bbox 1904 1706 2188 1761; baseline 0 -1"><span class='ocrx_word' id='word_1_189' title='bbox 1904 1707 1990 1761; x_wconf 85' lang='lat' dir='ltr'><strong>nis</strong></span> <span class='ocrx_word' id='word_1_190' title='bbox 2016 1709 2036 1739; x_wconf 72' lang='grc'>⁸</span> <span class='ocrx_word' id='word_1_191' title='bbox 2065 1706 2188 1760; x_wconf 86' lang='lat' dir='ltr'><strong>tibi.</strong></span> 
     </span>
    </p>
   </div>
   <div class='ocr_carea' id='block_1_35' title="bbox 290 1779 3470 1874">
    <p class='ocr_par' dir='ltr' id='par_1_35' title="bbox 290 1779 3470 1874">
     <span class='ocr_line' id='line_1_35' title="bbox 290 1779 3470 1874; baseline -0.002 -17"><span class='ocrx_word' id='word_1_192' title='bbox 290 1804 560 1869; x_wconf 78' lang='lat' dir='ltr'><strong>Quoniam</strong></span> <span class='ocrx_word' id='word_1_193' title='bbox 630 1805 869 1874; x_wconf 85' lang='lat' dir='ltr'><strong>eripuisti</strong></span> <span class='ocrx_word' id='word_1_194' title='bbox 921 1805 1161 1859; x_wconf 81' lang='lat' dir='ltr'><strong>animant</strong></span> <span class='ocrx_word' id='word_1_195' title='bbox 1208 1807 1378 1857; x_wconf 84' lang='lat' dir='ltr'><strong>meam</strong></span> <span class='ocrx_word' id='word_1_196' title='bbox 1414 1803 1477 1857; x_wconf 87' lang='lat' dir='ltr'><strong>de</strong></span> <span class='ocrx_word' id='word_1_197' title='bbox 1508 1813 1690 1866; x_wconf 86' lang='lat' dir='ltr'><strong>morte,</strong></span> <span class='ocrx_word' id='word_1_198' title='bbox 1747 1779 1870 1854; x_wconf 77' lang='lat' dir='ltr'><strong>etB</strong></span> <span class='ocrx_word' id='word_1_199' title='bbox 1968 1797 2233 1862; x_wconf 76' lang='lat' dir='ltr'><strong>Quoniam</strong></span> <span class='ocrx_word' id='word_1_200' title='bbox 2291 1797 2548 1868; x_wconf 77' lang='lat' dir='ltr'><strong>eripuisti</strong></span> <span class='ocrx_word' id='word_1_201' title='bbox 2615 1798 2856 1851; x_wconf 86' lang='lat' dir='ltr'><strong>animam</strong></span> <span class='ocrx_word' id='word_1_202' title='bbox 2912 1811 3087 1851; x_wconf 84' lang='lat' dir='ltr'><strong>meam</strong></span> <span class='ocrx_word' id='word_1_203' title='bbox 3151 1797 3219 1851; x_wconf 89' lang='lat' dir='ltr'><strong>de</strong></span> <span class='ocrx_word' id='word_1_204' title='bbox 3272 1806 3470 1863; x_wconf 87' lang='lat' dir='ltr'><strong>morte,</strong></span> 
     </span>
    </p>
   </div>
   <div class='ocr_carea' id='block_1_36' title="bbox 234 1892 1797 1965">
    <p class='ocr_par' dir='ltr' id='par_1_36' title="bbox 234 1892 1797 1965">
     <span class='ocr_line' id='line_1_36' title="bbox 234 1892 1797 1965; baseline -0.003 -16"><span class='ocrx_word' id='word_1_205' title='bbox 234 1898 381 1965; x_wconf 74' lang='lat' dir='ltr'><strong>pedes</strong></span> <span class='ocrx_word' id='word_1_206' title='bbox 406 1913 545 1949; x_wconf 85' lang='lat' dir='ltr'><strong>meos</strong></span> <span class='ocrx_word' id='word_1_207' title='bbox 560 1897 624 1949; x_wconf 85' lang='lat' dir='ltr'><strong>de</strong></span> <span class='ocrx_word' id='word_1_208' title='bbox 654 1896 810 1965; x_wconf 90' lang='lat' dir='ltr'><strong>lapsu</strong></span> <span class='ocrx_word' id='word_1_209' title='bbox 842 1910 861 1949; x_wconf 90' lang='lat'><strong><em>:</em></strong></span> <span class='ocrx_word' id='word_1_210' title='bbox 896 1904 952 1949; x_wconf 87' lang='lat' dir='ltr'><strong>ut</strong></span> <span class='ocrx_word' id='word_1_211' title='bbox 995 1896 1232 1965; x_wconf 84' lang='lat' dir='ltr'><strong>placeam</strong></span> <span class='ocrx_word' id='word_1_212' title='bbox 1277 1909 1456 1949; x_wconf 87' lang='lat' dir='ltr'><strong>coram</strong></span> <span class='ocrx_word' id='word_1_213' title='bbox 1495 1894 1599 1947; x_wconf 83' lang='lat' dir='ltr'><strong>Deo</strong></span> <span class='ocrx_word' id='word_1_214' title='bbox 1631 1894 1685 1945; x_wconf 87' lang='lat' dir='ltr'><strong>in</strong></span> <span class='ocrx_word' id='word_1_215' title='bbox 1712 1892 1797 1945; x_wconf 86' lang='lat' dir='ltr'><strong>lu-</strong></span> 
     </span>
    </p>
   </div>
   <div class='ocr_carea' id='block_1_37' title="bbox 237 1986 707 2040">
    <p class='ocr_par' dir='ltr' id='par_1_37' title="bbox 237 1986 707 2040">
     <span class='ocr_line' id='line_1_37' title="bbox 237 1986 707 2040; baseline 0 -3"><span class='ocrx_word' id='word_1_216' title='bbox 237 1989 368 2040; x_wconf 73' lang='lat' dir='ltr'><strong>mine</strong></span> <span class='ocrx_word' id='word_1_217' title='bbox 398 1986 707 2040; x_wconf 75' lang='lat' dir='ltr'><strong>viventium.</strong></span> 
     </span>
    </p>
   </div>
   <div class='ocr_carea' id='block_1_38' title="bbox 1904 1888 3475 1960">
    <p class='ocr_par' dir='ltr' id='par_1_38' title="bbox 1904 1888 3475 1960">
     <span class='ocr_line' id='line_1_38' title="bbox 1904 1888 3475 1960; baseline -0.003 -14"><span class='ocrx_word' id='word_1_218' title='bbox 1904 1891 2097 1946; x_wconf 90' lang='lat' dir='ltr'><strong>oculos</strong></span> <span class='ocrx_word' id='word_1_219' title='bbox 2128 1904 2281 1944; x_wconf 88' lang='lat' dir='ltr'><strong>meos</strong></span> <span class='ocrx_word' id='word_1_220' title='bbox 2329 1905 2359 1943; x_wconf 86' lang='lat' dir='ltr'><strong>a</strong></span> <span class='ocrx_word' id='word_1_221' title='bbox 2394 1890 2648 1960; x_wconf 83' lang='lat' dir='ltr'><strong>lacrymis</strong></span> <span class='ocrx_word' id='word_1_222' title='bbox 2691 1908 2705 1943; x_wconf 87' lang='lat'><strong><em>:</em></strong></span> <span class='ocrx_word' id='word_1_223' title='bbox 2745 1888 2909 1958; x_wconf 77' lang='lat' dir='ltr'><strong>pedes</strong></span> <span class='ocrx_word' id='word_1_224' title='bbox 2958 1903 3109 1942; x_wconf 88' lang='lat' dir='ltr'><strong>meos</strong></span> <span class='ocrx_word' id='word_1_225' title='bbox 3138 1904 3166 1941; x_wconf 89' lang='lat' dir='ltr'><strong>a</strong></span> <span class='ocrx_word' id='word_1_226' title='bbox 3202 1889 3373 1958; x_wconf 86' lang='lat' dir='ltr'><strong>lapsu,</strong></span> <span class='ocrx_word' id='word_1_227' title='bbox 3416 1898 3475 1942; x_wconf 89' lang='lat' dir='ltr'><strong>ut</strong></span> 
     </span>
    </p>
   </div>
   <div class='ocr_carea' id='block_1_39' title="bbox 1905 1979 3291 2050">
    <p class='ocr_par' dir='ltr' id='par_1_39' title="bbox 1905 1979 3291 2050">
     <span class='ocr_line' id='line_1_39' title="bbox 1905 1979 3291 2050; baseline 0 -17"><span class='ocrx_word' id='word_1_228' title='bbox 1905 1980 2144 2050; x_wconf 82' lang='lat' dir='ltr'><strong>placeam</strong></span> <span class='ocrx_word' id='word_1_229' title='bbox 2182 1996 2363 2035; x_wconf 87' lang='lat' dir='ltr'><strong>coram</strong></span> <span class='ocrx_word' id='word_1_230' title='bbox 2389 1981 2618 2036; x_wconf 90' lang='lat' dir='ltr'><strong>Domino</strong></span> <span class='ocrx_word' id='word_1_231' title='bbox 2652 1983 2705 2035; x_wconf 90' lang='lat' dir='ltr'><strong>in</strong></span> <span class='ocrx_word' id='word_1_232' title='bbox 2737 1980 2943 2034; x_wconf 87' lang='lat' dir='ltr'><strong>lumine</strong></span> <span class='ocrx_word' id='word_1_233' title='bbox 2969 1979 3291 2035; x_wconf 79' lang='lat' dir='ltr'><strong>viventium.</strong></span> 
     </span>
    </p>
   </div>
   <div class='ocr_carea' id='block_1_40' title="bbox 1571 2140 2117 2201">
    <p class='ocr_par' dir='ltr' id='par_1_40' title="bbox 1571 2140 2117 2201">
     <span class='ocr_line' id='line_1_40' title="bbox 1571 2140 2117 2201; baseline -0.004 0"><span class='ocrx_word' id='word_1_234' title='bbox 1571 2141 1921 2201; x_wconf 83' lang='lat' dir='ltr'><strong>PSALMUS</strong></span> <span class='ocrx_word' id='word_1_235' title='bbox 1970 2140 2117 2201; x_wconf 81' lang='lat' dir='ltr'><strong>LVI.</strong></span> 
     </span>
    </p>
   </div>
   <div class='ocr_carea' id='block_1_41' title="bbox 236 2266 1803 2320">
    <p class='ocr_par' dir='ltr' id='par_1_41' title="bbox 236 2266 1803 2320">
     <span class='ocr_line' id='line_1_41' title="bbox 236 2266 1803 2320; baseline -0.004 -11"><span class='ocrx_word' id='word_1_236' title='bbox 236 2271 280 2309; x_wconf 64' lang='lat' dir='ltr'><strong>ll</strong></span> <span class='ocrx_word' id='word_1_237' title='bbox 304 2270 480 2320; x_wconf 60' lang='grc' dir='ltr'><strong>σιω-ξω,</strong></span> <span class='ocrx_word' id='word_1_238' title='bbox 535 2270 603 2308; x_wconf 68' lang='grc' dir='ltr'><strong>ΝΕ</strong></span> <span class='ocrx_word' id='word_1_239' title='bbox 644 2269 963 2316; x_wconf 69' lang='grc' dir='ltr'><strong>ιιμῐιεκωε,</strong></span> <span class='ocrx_word' id='word_1_240' title='bbox 1024 2268 1183 2309; x_wconf 70' lang='grc' dir='ltr'><strong>ωνιι)</strong></span> <span class='ocrx_word' id='word_1_241' title='bbox 1246 2268 1297 2307; x_wconf 72' lang='lat' dir='ltr'><strong>lN</strong></span> <span class='ocrx_word' id='word_1_242' title='bbox 1351 2268 1532 2307; x_wconf 77' lang='grc' dir='ltr'>τιτυιι</span> <span class='ocrx_word' id='word_1_243' title='bbox 1600 2266 1803 2306; x_wconf 60' lang='grc' dir='ltr'><strong><em>ηερω-</em></strong></span> 
     </span>
    </p>
   </div>
   <div class='ocr_carea' id='block_1_42' title="bbox 268 2336 1775 2391">
    <p class='ocr_par' dir='ltr' id='par_1_42' title="bbox 268 2336 1775 2391">
     <span class='ocr_line' id='line_1_42' title="bbox 268 2336 1775 2391; baseline -0.003 -13"><span class='ocrx_word' id='word_1_244' title='bbox 268 2341 479 2391; x_wconf 68' lang='lat' dir='ltr'><strong>PTIONE,</strong></span> <span class='ocrx_word' id='word_1_245' title='bbox 536 2340 645 2378; x_wconf 74' lang='lat' dir='ltr'><strong>CCII</strong></span> <span class='ocrx_word' id='word_1_246' title='bbox 681 2339 920 2379; x_wconf 71' lang='lat' dir='ltr'><strong>FUGERBT</strong></span> <span class='ocrx_word' id='word_1_247' title='bbox 949 2342 980 2379; x_wconf 80' lang='grc' dir='ltr'><strong>Δ</strong></span> <span class='ocrx_word' id='word_1_248' title='bbox 1018 2339 1167 2379; x_wconf 72' lang='lat' dir='ltr'><strong>FACIE</strong></span> <span class='ocrx_word' id='word_1_249' title='bbox 1194 2340 1323 2381; x_wconf 74' lang='lat' dir='ltr'><strong>SAUL</strong></span> <span class='ocrx_word' id='word_1_250' title='bbox 1351 2339 1402 2377; x_wconf 73' lang='lat' dir='ltr'><strong>lN</strong></span> <span class='ocrx_word' id='word_1_251' title='bbox 1440 2336 1775 2378; x_wconf 73' lang='lat' dir='ltr'><strong>SPELUNCAII.</strong></span> 
     </span>
    </p>
   </div>
   <div class='ocr_carea' id='block_1_43' title="bbox 299 2422 1805 2507">
    <p class='ocr_par' dir='ltr' id='par_1_43' title="bbox 299 2422 1805 2507">
     <span class='ocr_line' id='line_1_43' title="bbox 299 2422 1805 2507; baseline -0.003 -16"><span class='ocrx_word' id='word_1_252' title='bbox 299 2438 553 2491; x_wconf 66' lang='lat' dir='ltr'><strong>Miserere</strong></span> <span class='ocrx_word' id='word_1_253' title='bbox 589 2438 713 2501; x_wconf 86' lang='lat' dir='ltr'><strong>mei,</strong></span> <span class='ocrx_word' id='word_1_254' title='bbox 750 2436 909 2500; x_wconf 89' lang='lat' dir='ltr'><strong>Deus,</strong></span> <span class='ocrx_word' id='word_1_255' title='bbox 945 2438 1189 2490; x_wconf 83' lang='lat' dir='ltr'><strong>miserere</strong></span> <span class='ocrx_word' id='word_1_256' title='bbox 1212 2439 1311 2490; x_wconf 85' lang='lat' dir='ltr'><strong>mei</strong></span> <span class='ocrx_word' id='word_1_257' title='bbox 1341 2452 1359 2491; x_wconf 89' lang='lat'><strong><em>:</em></strong></span> <span class='ocrx_word' id='word_1_258' title='bbox 1393 2422 1643 2507; x_wconf 81' lang='lat' dir='ltr'><strong>quoniam</strong></span> <span class='ocrx_word' id='word_1_259' title='bbox 1677 2436 1805 2488; x_wconf 84' lang='lat' dir='ltr'><strong>inte</strong></span> 
     </span>
    </p>
   </div>
   <div class='ocr_carea' id='block_1_44' title="bbox 235 2530 823 2597">
    <p class='ocr_par' dir='ltr' id='par_1_44' title="bbox 235 2530 823 2597">
     <span class='ocr_line' id='line_1_44' title="bbox 235 2530 823 2597; baseline 0.002 -15"><span class='ocrx_word' id='word_1_260' title='bbox 235 2530 445 2597; x_wconf 77' lang='lat' dir='ltr'><strong>conﬁdit</strong></span> <span class='ocrx_word' id='word_1_261' title='bbox 475 2531 659 2582; x_wconf 87' lang='lat' dir='ltr'><strong>anima</strong></span> <span class='ocrx_word' id='word_1_262' title='bbox 684 2544 823 2583; x_wconf 85' lang='lat' dir='ltr'><strong>mea.</strong></span> 
     </span>
    </p>
   </div>
   <div class='ocr_carea' id='block_1_45' title="bbox 286 2619 1799 2689">
    <p class='ocr_par' dir='ltr' id='par_1_45' title="bbox 286 2619 1799 2689">
     <span class='ocr_line' id='line_1_45' title="bbox 286 2619 1799 2689; baseline -0.001 -16"><span class='ocrx_word' id='word_1_263' title='bbox 286 2621 357 2674; x_wconf 78' lang='lat' dir='ltr'><strong>Et</strong></span> <span class='ocrx_word' id='word_1_264' title='bbox 392 2621 412 2652; x_wconf 89' lang='grc'>³</span> <span class='ocrx_word' id='word_1_265' title='bbox 435 2622 486 2673; x_wconf 80' lang='lat' dir='ltr'><strong>in</strong></span> <span class='ocrx_word' id='word_1_266' title='bbox 521 2620 714 2675; x_wconf 82' lang='lat' dir='ltr'><strong>umbra</strong></span> <span class='ocrx_word' id='word_1_267' title='bbox 745 2619 957 2673; x_wconf 87' lang='lat' dir='ltr'><strong>alarum</strong></span> <span class='ocrx_word' id='word_1_268' title='bbox 976 2629 1189 2674; x_wconf 87' lang='lat' dir='ltr'><strong>tuarum</strong></span> <span class='ocrx_word' id='word_1_269' title='bbox 1212 2619 1429 2689; x_wconf 84' lang='lat' dir='ltr'><strong>sperabo</strong></span> <span class='ocrx_word' id='word_1_270' title='bbox 1443 2620 1799 2674; x_wconf 84' lang='lat' dir='ltr'><strong>donectrans-</strong></span> 
     </span>
    </p>
   </div>
   <div class='ocr_carea' id='block_1_46' title="bbox 232 2713 618 2781">
    <p class='ocr_par' dir='ltr' id='par_1_46' title="bbox 232 2713 618 2781">
     <span class='ocr_line' id='line_1_46' title="bbox 232 2713 618 2781; baseline -0.008 -13"><span class='ocrx_word' id='word_1_271' title='bbox 232 2724 307 2768; x_wconf 79' lang='lat' dir='ltr'><strong>ut</strong></span> <span class='ocrx_word' id='word_1_272' title='bbox 339 2713 618 2781; x_wconf 84' lang='lat' dir='ltr'><strong>iniquitas.</strong></span> 
     </span>
    </p>
   </div>
   <div class='ocr_carea' id='block_1_47' title="bbox 297 2801 1808 2871">
    <p class='ocr_par' dir='ltr' id='par_1_47' title="bbox 297 2801 1808 2871">
     <span class='ocr_line' id='line_1_47' title="bbox 297 2801 1808 2871; baseline -0.002 -13"><span class='ocrx_word' id='word_1_273' title='bbox 297 2803 554 2859; x_wconf 73' lang='lat' dir='ltr'><strong>Clamath</strong></span> <span class='ocrx_word' id='word_1_274' title='bbox 594 2805 664 2856; x_wconf 86' lang='lat' dir='ltr'><strong>ad</strong></span> <span class='ocrx_word' id='word_1_275' title='bbox 698 2801 860 2856; x_wconf 85' lang='lat' dir='ltr'><strong>Deum</strong></span> <span class='ocrx_word' id='word_1_276' title='bbox 906 2801 1225 2855; x_wconf 83' lang='lat' dir='ltr'><strong>altissimum</strong></span> <span class='ocrx_word' id='word_1_277' title='bbox 1259 2818 1277 2855; x_wconf 89' lang='lat'><strong><em>:</em></strong></span> <span class='ocrx_word' id='word_1_278' title='bbox 1305 2801 1491 2866; x_wconf 88' lang='lat' dir='ltr'><strong>Deum,</strong></span> <span class='ocrx_word' id='word_1_279' title='bbox 1527 2803 1615 2871; x_wconf 85' lang='lat' dir='ltr'><strong>qui</strong></span> <span class='ocrx_word' id='word_1_280' title='bbox 1654 2801 1808 2855; x_wconf 87' lang='lat' dir='ltr'><strong>bene-</strong></span> 
     </span>
    </p>
   </div>
   <div class='ocr_carea' id='block_1_48' title="bbox 239 2895 547 2962">
    <p class='ocr_par' dir='ltr' id='par_1_48' title="bbox 239 2895 547 2962">
     <span class='ocr_line' id='line_1_48' title="bbox 239 2895 547 2962; baseline 0.003 -16"><span class='ocrx_word' id='word_1_281' title='bbox 239 2895 359 2962; x_wconf 74' lang='lat' dir='ltr'><strong>fecit</strong></span> <span class='ocrx_word' id='word_1_282' title='bbox 395 2895 547 2947; x_wconf 78' lang='lat' dir='ltr'><strong>mihi.</strong></span> 
     </span>
    </p>
   </div>
   <div class='ocr_carea' id='block_1_49' title="bbox 293 2982 1809 3051">
    <p class='ocr_par' dir='ltr' id='par_1_49' title="bbox 293 2982 1809 3051">
     <span class='ocr_line' id='line_1_49' title="bbox 293 2982 1809 3051; baseline -0.001 -14"><span class='ocrx_word' id='word_1_283' title='bbox 293 2983 441 3037; x_wconf 69' lang='lat' dir='ltr'><strong>Risit</strong></span> <span class='ocrx_word' id='word_1_284' title='bbox 472 2986 537 3037; x_wconf 88' lang='lat' dir='ltr'><strong>de</strong></span> <span class='ocrx_word' id='word_1_285' title='bbox 564 2983 713 3047; x_wconf 63' lang='lat' dir='ltr'><strong>caelo,</strong></span> <span class='ocrx_word' id='word_1_286' title='bbox 734 2992 782 3036; x_wconf 92' lang='lat' dir='ltr'><strong>et</strong></span> <span class='ocrx_word' id='word_1_287' title='bbox 811 2983 1053 3036; x_wconf 81' lang='lat' dir='ltr'><strong>liberavit</strong></span> <span class='ocrx_word' id='word_1_288' title='bbox 1082 2998 1159 3035; x_wconf 87' lang='lat' dir='ltr'><strong>me</strong></span> <span class='ocrx_word' id='word_1_289' title='bbox 1182 2997 1202 3037; x_wconf 88' lang='lat'><strong><em>:</em></strong></span> <span class='ocrx_word' id='word_1_290' title='bbox 1223 2982 1364 3036; x_wconf 84' lang='lat' dir='ltr'><strong>dedit</strong></span> <span class='ocrx_word' id='word_1_291' title='bbox 1396 2983 1448 3035; x_wconf 86' lang='lat' dir='ltr'><strong>in</strong></span> <span class='ocrx_word' id='word_1_292' title='bbox 1474 2983 1809 3051; x_wconf 81' lang='lat' dir='ltr'><strong>opprobrium</strong></span> 
     </span>
    </p>
   </div>
   <div class='ocr_carea' id='block_1_50' title="bbox 232 3066 1100 3131">
    <p class='ocr_par' dir='ltr' id='par_1_50' title="bbox 232 3066 1100 3131">
     <span class='ocr_line' id='line_1_50' title="bbox 232 3066 1100 3131; baseline -0.002 0"><span class='ocrx_word' id='word_1_293' title='bbox 232 3066 612 3131; x_wconf 39' lang='lat' dir='ltr'><strong>conculcantes‘</strong></span> <span class='ocrx_word' id='word_1_294' title='bbox 623 3093 725 3130; x_wconf 85' lang='lat' dir='ltr'><strong>me.</strong></span> <span class='ocrx_word' id='word_1_295' title='bbox 768 3077 1100 3130; x_wconf 69' lang='lat' dir='ltr'><strong>Durssun.</strong></span> 
     </span>
    </p>
   </div>
   <div class='ocr_carea' id='block_1_51' title="bbox 302 3167 1807 3233">
    <p class='ocr_par' dir='ltr' id='par_1_51' title="bbox 302 3167 1807 3233">
     <span class='ocr_line' id='line_1_51' title="bbox 302 3167 1807 3233; baseline -0.003 -10"><span class='ocrx_word' id='word_1_296' title='bbox 302 3168 451 3223; x_wconf 68' lang='lat' dir='ltr'><strong>Misit</strong></span> <span class='ocrx_word' id='word_1_297' title='bbox 507 3168 650 3222; x_wconf 82' lang='lat' dir='ltr'><strong>Deus</strong></span> <span class='ocrx_word' id='word_1_298' title='bbox 731 3168 1149 3221; x_wconf 80' lang='lat' dir='ltr'><strong>misericordiam</strong></span> <span class='ocrx_word' id='word_1_299' title='bbox 1201 3182 1377 3233; x_wconf 84' lang='lat' dir='ltr'><strong>suam,</strong></span> <span class='ocrx_word' id='word_1_300' title='bbox 1430 3177 1480 3220; x_wconf 89' lang='lat' dir='ltr'><strong>et</strong></span> <span class='ocrx_word' id='word_1_301' title='bbox 1535 3167 1807 3221; x_wconf 68' lang='lat' dir='ltr'><strong>ceritatem</strong></span> 
     </span>
    </p>
   </div>
   <div class='ocr_carea' id='block_1_52' title="bbox 234 3258 1807 3328">
    <p class='ocr_par' dir='ltr' id='par_1_52' title="bbox 234 3258 1807 3328">
     <span class='ocr_line' id='line_1_52' title="bbox 234 3258 1807 3328; baseline 0 -16"><span class='ocrx_word' id='word_1_302' title='bbox 234 3276 385 3313; x_wconf 75' lang='lat' dir='ltr'><strong>suam</strong></span> <span class='ocrx_word' id='word_1_303' title='bbox 415 3277 433 3313; x_wconf 91' lang='lat'><strong><em>:</em></strong></span> <span class='ocrx_word' id='word_1_304' title='bbox 467 3270 516 3312; x_wconf 89' lang='lat' dir='ltr'><strong>et</strong></span> <span class='ocrx_word' id='word_1_305' title='bbox 577 3273 640 3313; x_wconf 59' lang='grc' dir='ltr'><strong>οξ-</strong></span> <span class='ocrx_word' id='word_1_306' title='bbox 675 3259 872 3328; x_wconf 87' lang='lat' dir='ltr'><strong>eripuit</strong></span> <span class='ocrx_word' id='word_1_307' title='bbox 908 3258 929 3290; x_wconf 75' lang='lat'><strong>‘</strong></span> <span class='ocrx_word' id='word_1_308' title='bbox 967 3258 1255 3325; x_wconf 68' lang='lat' dir='ltr'><strong>:animam</strong></span> <span class='ocrx_word' id='word_1_309' title='bbox 1307 3274 1476 3311; x_wconf 87' lang='lat' dir='ltr'><strong>meam</strong></span> <span class='ocrx_word' id='word_1_310' title='bbox 1534 3265 1598 3312; x_wconf 85' lang='lat' dir='ltr'><strong>de</strong></span> <span class='ocrx_word' id='word_1_311' title='bbox 1639 3260 1807 3312; x_wconf 80' lang='lat' dir='ltr'><strong>medio</strong></span> 
     </span>
    </p>
   </div>
   <div class='ocr_carea' id='block_1_53' title="bbox 237 3348 1444 3415">
    <p class='ocr_par' dir='ltr' id='par_1_53' title="bbox 237 3348 1444 3415">
     <span class='ocr_line' id='line_1_53' title="bbox 237 3348 1444 3415; baseline 0.001 -12"><span class='ocrx_word' id='word_1_312' title='bbox 237 3352 530 3404; x_wconf 78' lang='lat' dir='ltr'><strong>catulorum</strong></span> <span class='ocrx_word' id='word_1_313' title='bbox 560 3351 791 3415; x_wconf 84' lang='lat' dir='ltr'><strong>leonum,</strong></span> <span class='ocrx_word' id='word_1_314' title='bbox 823 3351 1049 3403; x_wconf 80' lang='lat' dir='ltr'><strong>dormivi</strong></span> <span class='ocrx_word' id='word_1_315' title='bbox 1078 3348 1444 3404; x_wconf 77' lang='lat' dir='ltr'><strong>conturbatus.</strong></span> 
     </span>
    </p>
   </div>
   <div class='ocr_carea' id='block_1_54' title="bbox 293 3440 1808 3509">
    <p class='ocr_par' dir='ltr' id='par_1_54' title="bbox 293 3440 1808 3509">
     <span class='ocr_line' id='line_1_54' title="bbox 293 3440 1808 3509; baseline -0.002 -15"><span class='ocrx_word' id='word_1_316' title='bbox 293 3442 422 3496; x_wconf 81' lang='lat' dir='ltr'><strong>Filii</strong></span> <span class='ocrx_word' id='word_1_317' title='bbox 448 3444 724 3496; x_wconf 83' lang='lat' dir='ltr'><strong>hominum</strong></span> <span class='ocrx_word' id='word_1_318' title='bbox 751 3442 928 3494; x_wconf 81' lang='lat' dir='ltr'><strong>dentes</strong></span> <span class='ocrx_word' id='word_1_319' title='bbox 975 3456 1157 3492; x_wconf 88' lang='lat' dir='ltr'><strong>eorum</strong></span> <span class='ocrx_word' id='word_1_320' title='bbox 1190 3456 1343 3493; x_wconf 89' lang='lat' dir='ltr'><strong>arma</strong></span> <span class='ocrx_word' id='word_1_321' title='bbox 1403 3449 1450 3493; x_wconf 87' lang='lat' dir='ltr'><strong>et</strong></span> <span class='ocrx_word' id='word_1_322' title='bbox 1475 3440 1683 3509; x_wconf 76' lang='lat' dir='ltr'><strong>sagitta:</strong></span> <span class='ocrx_word' id='word_1_323' title='bbox 1710 3455 1728 3494; x_wconf 89' lang='lat'><strong><em>:</em></strong></span> <span class='ocrx_word' id='word_1_324' title='bbox 1760 3446 1808 3493; x_wconf 90' lang='lat' dir='ltr'><strong>et</strong></span> 
     </span>
    </p>
   </div>
   <div class='ocr_carea' id='block_1_55' title="bbox 238 3532 1098 3601">
    <p class='ocr_par' dir='ltr' id='par_1_55' title="bbox 238 3532 1098 3601">
     <span class='ocr_line' id='line_1_55' title="bbox 238 3532 1098 3601; baseline -0.001 -15"><span class='ocrx_word' id='word_1_325' title='bbox 238 3532 407 3601; x_wconf 76' lang='lat' dir='ltr'><strong>lingua</strong></span> <span class='ocrx_word' id='word_1_326' title='bbox 437 3548 625 3586; x_wconf 80' lang='lat' dir='ltr'><strong>eorum</strong></span> <span class='ocrx_word' id='word_1_327' title='bbox 655 3532 867 3601; x_wconf 82' lang='lat' dir='ltr'><strong>gladius</strong></span> <span class='ocrx_word' id='word_1_328' title='bbox 889 3543 1098 3585; x_wconf 85' lang='lat' dir='ltr'><strong>acutus.</strong></span> 
     </span>
    </p>
   </div>
   <div class='ocr_carea' id='block_1_56' title="bbox 294 3619 1809 3692">
    <p class='ocr_par' dir='ltr' id='par_1_56' title="bbox 294 3619 1809 3692">
     <span class='ocr_line' id='line_1_56' title="bbox 294 3619 1809 3692; baseline 0.001 -19"><span class='ocrx_word' id='word_1_329' title='bbox 294 3620 557 3675; x_wconf 64' lang='lat' dir='ltr'><strong>Exultare</strong></span> <span class='ocrx_word' id='word_1_330' title='bbox 595 3638 752 3692; x_wconf 82' lang='lat' dir='ltr'><strong>super</strong></span> <span class='ocrx_word' id='word_1_331' title='bbox 784 3623 960 3683; x_wconf 67' lang='lat' dir='ltr'><strong>caelos.</strong></span> <span class='ocrx_word' id='word_1_332' title='bbox 990 3623 1125 3676; x_wconf 89' lang='lat' dir='ltr'><strong>Deus</strong></span> <span class='ocrx_word' id='word_1_333' title='bbox 1146 3634 1203 3677; x_wconf 63' lang='grc' dir='ltr'><strong>-εν</strong></span> <span class='ocrx_word' id='word_1_334' title='bbox 1225 3631 1273 3675; x_wconf 88' lang='lat' dir='ltr'><strong>et</strong></span> <span class='ocrx_word' id='word_1_335' title='bbox 1312 3623 1335 3691; x_wconf 74' lang='grc' dir='ltr'>ζ</span> <span class='ocrx_word' id='word_1_336' title='bbox 1369 3622 1421 3674; x_wconf 89' lang='lat' dir='ltr'><strong>in</strong></span> <span class='ocrx_word' id='word_1_337' title='bbox 1449 3622 1591 3675; x_wconf 83' lang='lat' dir='ltr'><strong>omni</strong></span> <span class='ocrx_word' id='word_1_338' title='bbox 1614 3630 1757 3674; x_wconf 86' lang='lat' dir='ltr'><strong>terra</strong></span> <span class='ocrx_word' id='word_1_339' title='bbox 1787 3619 1809 3652; x_wconf 80' lang='grc'><strong><em>⁸</em></strong></span> 
     </span>
    </p>
   </div>
   <div class='ocr_carea' id='block_1_57' title="bbox 237 3711 971 3779">
    <p class='ocr_par' dir='ltr' id='par_1_57' title="bbox 237 3711 971 3779">
     <span class='ocr_line' id='line_1_57' title="bbox 237 3711 971 3779; baseline 0.008 -17"><span class='ocrx_word' id='word_1_340' title='bbox 237 3711 401 3779; x_wconf 78' lang='lat' dir='ltr'><strong>gloria</strong></span> <span class='ocrx_word' id='word_1_341' title='bbox 434 3722 556 3768; x_wconf 89' lang='lat' dir='ltr'><strong>tua.</strong></span> <span class='ocrx_word' id='word_1_342' title='bbox 954 3723 971 3734; x_wconf 83' lang='lat'><strong><em>‘</em></strong></span> 
     </span>
    </p>
   </div>
   <div class='ocr_carea' id='block_1_58' title="bbox 298 3804 1809 3874">
    <p class='ocr_par' dir='ltr' id='par_1_58' title="bbox 298 3804 1809 3874">
     <span class='ocr_line' id='line_1_58' title="bbox 298 3804 1809 3874; baseline -0.001 -16"><span class='ocrx_word' id='word_1_343' title='bbox 298 3804 567 3873; x_wconf 77' lang='lat' dir='ltr'><strong>Laqueum</strong></span> <span class='ocrx_word' id='word_1_344' title='bbox 595 3814 919 3874; x_wconf 74' lang='lat' dir='ltr'><strong>paraverunt</strong></span> <span class='ocrx_word' id='word_1_345' title='bbox 949 3804 1162 3871; x_wconf 84' lang='lat' dir='ltr'><strong>pedibus</strong></span> <span class='ocrx_word' id='word_1_346' title='bbox 1197 3804 1323 3859; x_wconf 84' lang='lat' dir='ltr'><strong>meis</strong></span> <span class='ocrx_word' id='word_1_347' title='bbox 1350 3819 1370 3858; x_wconf 92' lang='lat'><strong><em>:</em></strong></span> <span class='ocrx_word' id='word_1_348' title='bbox 1403 3818 1463 3859; x_wconf 72' lang='grc' dir='ltr'><strong>-ε-</strong></span> <span class='ocrx_word' id='word_1_349' title='bbox 1492 3812 1538 3857; x_wconf 80' lang='lat' dir='ltr'><strong>et</strong></span> <span class='ocrx_word' id='word_1_350' title='bbox 1564 3804 1588 3873; x_wconf 71' lang='grc' dir='ltr'>ζ</span> <span class='ocrx_word' id='word_1_351' title='bbox 1629 3805 1809 3858; x_wconf 85' lang='lat' dir='ltr'><strong>incur-</strong></span> 
     </span>
    </p>
   </div>
   <div class='ocr_carea' id='block_1_59' title="bbox 239 3900 986 3950">
    <p class='ocr_par' dir='ltr' id='par_1_59' title="bbox 239 3900 986 3950">
     <span class='ocr_line' id='line_1_59' title="bbox 239 3900 986 3950; baseline 0.004 -3"><span class='ocrx_word' id='word_1_352' title='bbox 239 3906 485 3949; x_wconf 64' lang='lat' dir='ltr'><strong>saverant</strong></span> <span class='ocrx_word' id='word_1_353' title='bbox 517 3900 759 3950; x_wconf 87' lang='lat' dir='ltr'><strong>animam</strong></span> <span class='ocrx_word' id='word_1_354' title='bbox 794 3913 986 3950; x_wconf 86' lang='lat' dir='ltr'><strong>meam.</strong></span> 
     </span>
    </p>
   </div>
   <div class='ocr_carea' id='block_1_60' title="bbox 298 3986 1813 4059">
    <p class='ocr_par' dir='ltr' id='par_1_60' title="bbox 298 3986 1813 4059">
     <span class='ocr_line' id='line_1_60' title="bbox 298 3986 1813 4059; baseline 0.003 -20"><span class='ocrx_word' id='word_1_355' title='bbox 298 3986 571 4041; x_wconf 73' lang='lat' dir='ltr'><strong>Fuderunt</strong></span> <span class='ocrx_word' id='word_1_356' title='bbox 618 3997 742 4042; x_wconf 86' lang='lat' dir='ltr'><strong>ante</strong></span> <span class='ocrx_word' id='word_1_357' title='bbox 764 3988 952 4055; x_wconf 80' lang='lat' dir='ltr'><strong>[aciem</strong></span> <span class='ocrx_word' id='word_1_358' title='bbox 983 4004 1156 4042; x_wconf 85' lang='lat' dir='ltr'><strong>meam</strong></span> <span class='ocrx_word' id='word_1_359' title='bbox 1175 3990 1375 4059; x_wconf 76' lang='lat' dir='ltr'><strong>foveam</strong></span> <span class='ocrx_word' id='word_1_360' title='bbox 1408 4002 1426 4040; x_wconf 90' lang='lat'><strong><em>:</em></strong></span> <span class='ocrx_word' id='word_1_361' title='bbox 1458 4002 1519 4043; x_wconf 74' lang='grc' dir='ltr'><strong>-ε-</strong></span> <span class='ocrx_word' id='word_1_362' title='bbox 1550 3999 1599 4042; x_wconf 88' lang='lat' dir='ltr'><strong>et</strong></span> <span class='ocrx_word' id='word_1_363' title='bbox 1626 3989 1648 4058; x_wconf 71' lang='grc' dir='ltr'>ζ</span> <span class='ocrx_word' id='word_1_364' title='bbox 1681 3991 1813 4044; x_wconf 87' lang='lat' dir='ltr'><strong>inci-</strong></span> 
     </span>
    </p>
   </div>
   <div class='ocr_carea' id='block_1_61' title="bbox 236 4078 1036 4135">
    <p class='ocr_par' dir='ltr' id='par_1_61' title="bbox 236 4078 1036 4135">
     <span class='ocr_line' id='line_1_61' title="bbox 236 4078 1036 4135; baseline 0.005 -5"><span class='ocrx_word' id='word_1_365' title='bbox 236 4078 419 4132; x_wconf 66' lang='lat' dir='ltr'><strong>derunt</strong></span> <span class='ocrx_word' id='word_1_366' title='bbox 446 4083 503 4133; x_wconf 87' lang='lat' dir='ltr'><strong>in</strong></span> <span class='ocrx_word' id='word_1_367' title='bbox 532 4097 673 4133; x_wconf 88' lang='lat' dir='ltr'><strong>eam.</strong></span> <span class='ocrx_word' id='word_1_368' title='bbox 719 4080 1036 4135; x_wconf 68' lang='lat' dir='ltr'><strong>DIAPSALDIA.</strong></span> 
     </span>
    </p>
   </div>
   <div class='ocr_carea' id='block_1_62' title="bbox 294 4166 1812 4240">
    <p class='ocr_par' dir='ltr' id='par_1_62' title="bbox 294 4166 1812 4240">
     <span class='ocr_line' id='line_1_62' title="bbox 294 4166 1812 4240; baseline 0.003 -18"><span class='ocrx_word' id='word_1_369' title='bbox 294 4166 558 4222; x_wconf 75' lang='lat' dir='ltr'><strong>Paratum</strong></span> <span class='ocrx_word' id='word_1_370' title='bbox 594 4185 687 4223; x_wconf 92' lang='lat' dir='ltr'><strong>cor</strong></span> <span class='ocrx_word' id='word_1_371' title='bbox 724 4185 914 4233; x_wconf 82' lang='lat' dir='ltr'><strong>meum,</strong></span> <span class='ocrx_word' id='word_1_372' title='bbox 958 4169 1121 4234; x_wconf 79' lang='lat' dir='ltr'><strong>Deus,</strong></span> <span class='ocrx_word' id='word_1_373' title='bbox 1172 4178 1420 4240; x_wconf 87' lang='lat' dir='ltr'><strong>paratunt</strong></span> <span class='ocrx_word' id='word_1_374' title='bbox 1476 4186 1566 4225; x_wconf 93' lang='lat' dir='ltr'><strong>cor</strong></span> <span class='ocrx_word' id='word_1_375' title='bbox 1592 4187 1764 4225; x_wconf 89' lang='lat' dir='ltr'><strong>meum</strong></span> <span class='ocrx_word' id='word_1_376' title='bbox 1790 4186 1812 4228; x_wconf 90' lang='lat'><strong><em>:</em></strong></span> 
     </span>
    </p>
   </div>
   <div class='ocr_carea' id='block_1_63' title="bbox 234 4260 1075 4329">
    <p class='ocr_par' dir='ltr' id='par_1_63' title="bbox 234 4260 1075 4329">
     <span class='ocr_line' id='line_1_63' title="bbox 234 4260 1075 4329; baseline 0.004 -17"><span class='ocrx_word' id='word_1_377' title='bbox 234 4261 476 4327; x_wconf 78' lang='lat' dir='ltr'><strong>cantabo,</strong></span> <span class='ocrx_word' id='word_1_378' title='bbox 497 4270 548 4314; x_wconf 88' lang='lat' dir='ltr'><strong>et</strong></span> <span class='ocrx_word' id='word_1_379' title='bbox 586 4260 852 4329; x_wconf 79' lang='lat' dir='ltr'><strong>psalmum</strong></span> <span class='ocrx_word' id='word_1_380' title='bbox 877 4260 1075 4315; x_wconf 83' lang='lat' dir='ltr'><strong>dicam.</strong></span> 
     </span>
    </p>
   </div>
   <div class='ocr_carea' id='block_1_64' title="bbox 295 4351 1810 4425">
    <p class='ocr_par' dir='ltr' id='par_1_64' title="bbox 295 4351 1810 4425">
     <span class='ocr_line' id='line_1_64' title="bbox 295 4351 1810 4425; baseline 0.003 -19"><span class='ocrx_word' id='word_1_381' title='bbox 295 4351 558 4422; x_wconf 66' lang='lat' dir='ltr'><strong>Exsurge,</strong></span> <span class='ocrx_word' id='word_1_382' title='bbox 587 4353 762 4421; x_wconf 83' lang='lat' dir='ltr'><strong>gloria</strong></span> <span class='ocrx_word' id='word_1_383' title='bbox 780 4368 1146 4425; x_wconf 74' lang='lat' dir='ltr'><strong>mea,exsurge</strong></span> <span class='ocrx_word' id='word_1_384' title='bbox 1158 4354 1468 4424; x_wconf 86' lang='lat' dir='ltr'><strong>psalterium</strong></span> <span class='ocrx_word' id='word_1_385' title='bbox 1491 4361 1541 4409; x_wconf 87' lang='lat' dir='ltr'><strong>et</strong></span> <span class='ocrx_word' id='word_1_386' title='bbox 1567 4355 1770 4409; x_wconf 78' lang='lat' dir='ltr'><strong>cithara</strong></span> <span class='ocrx_word' id='word_1_387' title='bbox 1790 4370 1810 4410; x_wconf 87' lang='lat'><strong><em>:</em></strong></span> 
     </span>
    </p>
   </div>
   <div class='ocr_carea' id='block_1_65' title="bbox 234 4447 799 4518">
    <p class='ocr_par' dir='ltr' id='par_1_65' title="bbox 234 4447 799 4518">
     <span class='ocr_line' id='line_1_65' title="bbox 234 4447 799 4518; baseline 0.005 -18"><span class='ocrx_word' id='word_1_388' title='bbox 234 4461 515 4518; x_wconf 66' lang='lat' dir='ltr'><strong>exsargam</strong></span> <span class='ocrx_word' id='word_1_389' title='bbox 538 4447 799 4503; x_wconf 81' lang='lat' dir='ltr'><strong>diluculo.</strong></span> 
     </span>
    </p>
   </div>
   <div class='ocr_carea' id='block_1_66' title="bbox 308 4600 1811 4674">
    <p class='ocr_par' dir='ltr' id='par_1_66' title="bbox 308 4600 1811 4674">
     <span class='ocr_line' id='line_1_66' title="bbox 308 4600 1811 4674; baseline 0.005 -22"><span class='ocrx_word' id='word_1_390' title='bbox 308 4601 324 4632; x_wconf 80' lang='grc'>¹</span> <span class='ocrx_word' id='word_1_391' title='bbox 355 4600 612 4671; x_wconf 73' lang='lat' dir='ltr'><strong>Sagensis</strong></span> <span class='ocrx_word' id='word_1_392' title='bbox 650 4616 756 4658; x_wconf 88' lang='lat' dir='ltr'><strong>ms.</strong></span> <span class='ocrx_word' id='word_1_393' title='bbox 798 4616 922 4655; x_wconf 89' lang='lat' dir='ltr'><strong>cum</strong></span> <span class='ocrx_word' id='word_1_394' title='bbox 986 4603 1135 4659; x_wconf 85' lang='lat' dir='ltr'><strong>edito</strong></span> <span class='ocrx_word' id='word_1_395' title='bbox 1171 4603 1318 4670; x_wconf 82' lang='lat' dir='ltr'><strong>Cari,</strong></span> <span class='ocrx_word' id='word_1_396' title='bbox 1347 4604 1564 4660; x_wconf 86' lang='lat' dir='ltr'><strong>obelum</strong></span> <span class='ocrx_word' id='word_1_397' title='bbox 1602 4620 1811 4674; x_wconf 53' lang='lat' dir='ltr'><strong>praeno-</strong></span> 
     </span>
    </p>
   </div>
   <div class='ocr_carea' id='block_1_67' title="bbox 234 4674 1814 4744">
    <p class='ocr_par' dir='ltr' id='par_1_67' title="bbox 234 4674 1814 4744">
     <span class='ocr_line' id='line_1_67' title="bbox 234 4674 1814 4744; baseline 0.005 -21"><span class='ocrx_word' id='word_1_398' title='bbox 234 4674 374 4723; x_wconf 78' lang='lat' dir='ltr'><strong>tavit</strong></span> <span class='ocrx_word' id='word_1_399' title='bbox 400 4681 523 4724; x_wconf 81' lang='lat' dir='ltr'><strong>ante</strong></span> <span class='ocrx_word' id='word_1_400' title='bbox 554 4686 860 4744; x_wconf 79' lang='lat' dir='ltr'><strong>pronomen</strong></span> <span class='ocrx_word' id='word_1_401' title='bbox 902 4674 1023 4739; x_wconf 85' lang='lat' dir='ltr'><strong>ipsi,</strong></span> <span class='ocrx_word' id='word_1_402' title='bbox 1070 4675 1166 4728; x_wconf 80' lang='lat' dir='ltr'><strong>sed</strong></span> <span class='ocrx_word' id='word_1_403' title='bbox 1223 4686 1503 4744; x_wconf 86' lang='lat' dir='ltr'><strong>corrupte,</strong></span> <span class='ocrx_word' id='word_1_404' title='bbox 1564 4686 1624 4729; x_wconf 92' lang='lat' dir='ltr'><strong>ut</strong></span> <span class='ocrx_word' id='word_1_405' title='bbox 1676 4676 1814 4731; x_wconf 82' lang='lat' dir='ltr'><strong>alias</strong></span> 
     </span>
    </p>
   </div>
   <div class='ocr_carea' id='block_1_68' title="bbox 231 4742 1813 4810">
    <p class='ocr_par' dir='ltr' id='par_1_68' title="bbox 231 4742 1813 4810">
     <span class='ocr_line' id='line_1_68' title="bbox 231 4742 1813 4810; baseline 0.003 -16"><span class='ocrx_word' id='word_1_406' title='bbox 231 4744 452 4807; x_wconf 62' lang='lat' dir='ltr'><strong>sapius,</strong></span> <span class='ocrx_word' id='word_1_407' title='bbox 488 4742 593 4792; x_wconf 81' lang='lat' dir='ltr'><strong>etsi</strong></span> <span class='ocrx_word' id='word_1_408' title='bbox 621 4742 884 4795; x_wconf 81' lang='lat' dir='ltr'><strong>lectorem</strong></span> <span class='ocrx_word' id='word_1_409' title='bbox 911 4758 1033 4796; x_wconf 86' lang='lat' dir='ltr'><strong>raro</strong></span> <span class='ocrx_word' id='word_1_410' title='bbox 1068 4742 1447 4799; x_wconf 76' lang='lat' dir='ltr'><strong>mon-terimus</strong></span> <span class='ocrx_word' id='word_1_411' title='bbox 1495 4746 1813 4810; x_wconf 69' lang='lat' dir='ltr'><strong>huiusmodi</strong></span> 
     </span>
    </p>
   </div>
   <div class='ocr_carea' id='block_1_69' title="bbox 232 4812 1808 4929">
    <p class='ocr_par' dir='ltr' id='par_1_69' title="bbox 232 4812 1808 4929">
     <span class='ocr_line' id='line_1_69' title="bbox 232 4812 1808 4929; baseline 0.005 -70"><span class='ocrx_word' id='word_1_412' title='bbox 232 4812 732 4929; x_wconf 43' lang='lat' dir='ltr'><strong>thl‘epmvationutu,</strong></span> <span class='ocrx_word' id='word_1_413' title='bbox 809 4812 893 4864; x_wconf 88' lang='lat' dir='ltr'><strong>vel</strong></span> <span class='ocrx_word' id='word_1_414' title='bbox 966 4823 1280 4868; x_wconf 87' lang='lat' dir='ltr'><strong>nostrarum</strong></span> <span class='ocrx_word' id='word_1_415' title='bbox 1359 4815 1808 4885; x_wconf 81' lang='lat' dir='ltr'><strong>castigationum.</strong></span> 
     </span>
     <span class='ocr_line' id='line_1_70' title="bbox 288 4894 1089 4929; baseline 0 0"><span class='ocrx_word' id='word_1_416' title='bbox 288 4894 414 4929; x_wconf 64' lang='lat' dir='ltr'><strong>sar.</strong></span> <span class='ocrx_word' id='word_1_417' title='bbox 1076 4925 1089 4929; x_wconf 89' lang='lat'><em>_</em></span> 
     </span>
    </p>
   </div>
   <div class='ocr_carea' id='block_1_70' title="bbox 288 4894 1089 4935">
    <p class='ocr_par' dir='ltr' id='par_1_70' title="bbox 288 4894 1089 4935">
     <span class='ocr_line' id='line_1_71' title="bbox 288 4894 1089 4935; baseline 0.006 -5"><span class='ocrx_word' id='word_1_418' title='bbox 288 4894 414 4933; x_wconf 63' lang='grc' dir='ltr'><strong>Αιη.</strong></span> <span class='ocrx_word' id='word_1_419' title='bbox 1075 4925 1089 4935; x_wconf 84' lang='lat'><strong>.</strong></span> 
     </span>
    </p>
   </div>
   <div class='ocr_carea' id='block_1_71' title="bbox 306 4948 1810 5020">
    <p class='ocr_par' dir='ltr' id='par_1_71' title="bbox 306 4948 1810 5020">
     <span class='ocr_line' id='line_1_72' title="bbox 306 4948 1810 5020; baseline 0.007 -22"><span class='ocrx_word' id='word_1_420' title='bbox 306 4950 327 4977; x_wconf 81' lang='grc'>³</span> <span class='ocrx_word' id='word_1_421' title='bbox 355 4950 600 5002; x_wconf 77' lang='lat' dir='ltr'><strong>Alterum</strong></span> <span class='ocrx_word' id='word_1_422' title='bbox 629 4948 719 5001; x_wconf 87' lang='lat' dir='ltr'><strong>hic</strong></span> <span class='ocrx_word' id='word_1_423' title='bbox 772 4948 1108 5019; x_wconf 84' lang='lat' dir='ltr'><strong>Diapsalma,</strong></span> <span class='ocrx_word' id='word_1_424' title='bbox 1158 4951 1312 5006; x_wconf 86' lang='lat' dir='ltr'><strong>addit</strong></span> <span class='ocrx_word' id='word_1_425' title='bbox 1358 4950 1641 5009; x_wconf 85' lang='lat' dir='ltr'><strong>Palatinus</strong></span> <span class='ocrx_word' id='word_1_426' title='bbox 1680 4971 1810 5020; x_wconf 85' lang='lat' dir='ltr'><strong>ms.;</strong></span> 
     </span>
    </p>
   </div>
   <div class='ocr_carea' id='block_1_72' title="bbox 232 5015 1812 5090">
    <p class='ocr_par' dir='ltr' id='par_1_72' title="bbox 232 5015 1812 5090">
     <span class='ocr_line' id='line_1_73' title="bbox 232 5015 1812 5090; baseline 0.008 -22"><span class='ocrx_word' id='word_1_427' title='bbox 232 5015 451 5069; x_wconf 75' lang='lat' dir='ltr'><strong>obelunt</strong></span> <span class='ocrx_word' id='word_1_428' title='bbox 488 5033 624 5070; x_wconf 79' lang='lat' dir='ltr'><strong>vero</strong></span> <span class='ocrx_word' id='word_1_429' title='bbox 653 5015 1017 5088; x_wconf 77' lang='lat' dir='ltr'><strong>subsequenti</strong></span> <span class='ocrx_word' id='word_1_430' title='bbox 1071 5037 1255 5084; x_wconf 89' lang='lat' dir='ltr'><strong>versu,</strong></span> <span class='ocrx_word' id='word_1_431' title='bbox 1319 5039 1439 5088; x_wconf 58' lang='lat' dir='ltr'><strong>qut?</strong></span> <span class='ocrx_word' id='word_1_432' title='bbox 1492 5015 1812 5090; x_wconf 87' lang='lat' dir='ltr'><strong>pronomini</strong></span> 
     </span>
    </p>
   </div>
   <div class='ocr_carea' id='block_1_73' title="bbox 232 5089 1463 5158">
    <p class='ocr_par' dir='ltr' id='par_1_73' title="bbox 232 5089 1463 5158">
     <span class='ocr_line' id='line_1_74' title="bbox 232 5089 1463 5158; baseline 0.007 -21"><span class='ocrx_word' id='word_1_433' title='bbox 232 5089 512 5158; x_wconf 57' lang='lat' dir='ltr'><strong>praeﬁxum</strong></span> <span class='ocrx_word' id='word_1_434' title='bbox 541 5097 689 5158; x_wconf 79' lang='lat' dir='ltr'><strong>tacet</strong></span> <span class='ocrx_word' id='word_1_435' title='bbox 721 5105 735 5140; x_wconf 89' lang='lat'><strong>:</strong></span> <span class='ocrx_word' id='word_1_436' title='bbox 771 5098 1061 5158; x_wconf 84' lang='lat' dir='ltr'><strong>utrumque</strong></span> <span class='ocrx_word' id='word_1_437' title='bbox 1092 5093 1274 5145; x_wconf 86' lang='lat' dir='ltr'><strong>minus</strong></span> <span class='ocrx_word' id='word_1_438' title='bbox 1308 5094 1463 5146; x_wconf 87' lang='lat' dir='ltr'><strong>bene.</strong></span> 
     </span>
    </p>
   </div>
   <div class='ocr_carea' id='block_1_74' title="bbox 295 5156 1811 5228">
    <p class='ocr_par' dir='ltr' id='par_1_74' title="bbox 295 5156 1811 5228">
     <span class='ocr_line' id='line_1_75' title="bbox 295 5156 1811 5228; baseline 0.009 -22"><span class='ocrx_word' id='word_1_439' title='bbox 295 5156 631 5228; x_wconf 75' lang='lat' dir='ltr'><strong>&#39;_Immerito</strong></span> <span class='ocrx_word' id='word_1_440' title='bbox 665 5166 714 5228; x_wconf 85' lang='lat' dir='ltr'><strong>et</strong></span> <span class='ocrx_word' id='word_1_441' title='bbox 738 5160 951 5224; x_wconf 75' lang='lat' dir='ltr'><strong>capulo,</strong></span> <span class='ocrx_word' id='word_1_442' title='bbox 975 5156 1100 5228; x_wconf 64' lang='lat' dir='ltr'><strong>qua:</strong></span> <span class='ocrx_word' id='word_1_443' title='bbox 1156 5162 1210 5215; x_wconf 86' lang='lat' dir='ltr'><strong>in</strong></span> <span class='ocrx_word' id='word_1_444' title='bbox 1273 5160 1502 5216; x_wconf 79' lang='lat' dir='ltr'><strong>Hebraeo</strong></span> <span class='ocrx_word' id='word_1_445' title='bbox 1563 5174 1811 5228; x_wconf 85' lang='lat' dir='ltr'><strong>resonat,</strong></span> 
     </span>
    </p>
   </div>
   <div class='ocr_carea' id='block_1_75' title="bbox 230 5223 1810 5296">
    <p class='ocr_par' dir='ltr' id='par_1_75' title="bbox 230 5223 1810 5296">
     <span class='ocr_line' id='line_1_76' title="bbox 230 5223 1810 5296; baseline 0.006 -17"><span class='ocrx_word' id='word_1_446' title='bbox 230 5223 397 5279; x_wconf 84' lang='lat' dir='ltr'><strong>obelo</strong></span> <span class='ocrx_word' id='word_1_447' title='bbox 423 5223 868 5291; x_wconf 80' lang='lat' dir='ltr'><strong>confodiebatur,</strong></span> <span class='ocrx_word' id='word_1_448' title='bbox 923 5223 1087 5296; x_wconf 76' lang='lat' dir='ltr'><strong>quem</strong></span> <span class='ocrx_word' id='word_1_449' title='bbox 1145 5246 1246 5283; x_wconf 88' lang='lat' dir='ltr'><strong>nos</strong></span> <span class='ocrx_word' id='word_1_450' title='bbox 1313 5235 1378 5284; x_wconf 87' lang='lat' dir='ltr'><strong>ad</strong></span> <span class='ocrx_word' id='word_1_451' title='bbox 1420 5232 1655 5286; x_wconf 76' lang='lat' dir='ltr'><strong>Palatini</strong></span> <span class='ocrx_word' id='word_1_452' title='bbox 1708 5223 1810 5289; x_wconf 54' lang='lat' dir='ltr'><strong>ins;</strong></span> 
     </span>
    </p>
   </div>
   <div class='ocr_carea' id='block_1_76' title="bbox 232 5296 765 5352">
    <p class='ocr_par' dir='ltr' id='par_1_76' title="bbox 232 5296 765 5352">
     <span class='ocr_line' id='line_1_77' title="bbox 232 5296 765 5352; baseline 0.011 -6"><span class='ocrx_word' id='word_1_453' title='bbox 232 5296 403 5347; x_wconf 71' lang='lat' dir='ltr'><strong>tidem</strong></span> <span class='ocrx_word' id='word_1_454' title='bbox 423 5297 765 5352; x_wconf 85' lang='lat' dir='ltr'><strong>sustulimus.</strong></span> 
     </span>
    </p>
   </div>
   <div class='ocr_carea' id='block_1_77' title="bbox 307 5364 1811 5441">
    <p class='ocr_par' dir='ltr' id='par_1_77' title="bbox 307 5364 1811 5441">
     <span class='ocr_line' id='line_1_78' title="bbox 307 5364 1811 5441; baseline 0.007 -24"><span class='ocrx_word' id='word_1_455' title='bbox 307 5366 332 5393; x_wconf 73' lang='grc'><strong>⁸</strong></span> <span class='ocrx_word' id='word_1_456' title='bbox 358 5364 459 5418; x_wconf 79' lang='lat' dir='ltr'><strong>ﬂio</strong></span> <span class='ocrx_word' id='word_1_457' title='bbox 485 5376 677 5441; x_wconf 63' lang='lat' dir='ltr'><strong>putem</strong></span> <span class='ocrx_word' id='word_1_458' title='bbox 733 5368 927 5441; x_wconf 75' lang='lat' dir='ltr'><strong>vitiose</strong></span> <span class='ocrx_word' id='word_1_459' title='bbox 972 5369 1147 5438; x_wconf 74' lang='lat' dir='ltr'><strong>magis</strong></span> <span class='ocrx_word' id='word_1_460' title='bbox 1179 5385 1285 5422; x_wconf 83' lang='lat' dir='ltr'><strong>una</strong></span> <span class='ocrx_word' id='word_1_461' title='bbox 1322 5380 1371 5423; x_wconf 89' lang='lat' dir='ltr'><strong>et</strong></span> <span class='ocrx_word' id='word_1_462' title='bbox 1417 5372 1611 5441; x_wconf 84' lang='lat' dir='ltr'><strong>copula</strong></span> <span class='ocrx_word' id='word_1_463' title='bbox 1647 5375 1811 5427; x_wconf 79' lang='lat' dir='ltr'><strong>obolo</strong></span> 
     </span>
    </p>
   </div>
   <div class='ocr_carea' id='block_1_78' title="bbox 229 5433 1810 5512">
    <p class='ocr_par' dir='ltr' id='par_1_78' title="bbox 229 5433 1810 5512">
     <span class='ocr_line' id='line_1_79' title="bbox 229 5433 1810 5512; baseline 0.006 -26"><span class='ocrx_word' id='word_1_464' title='bbox 229 5433 666 5512; x_wconf 65' lang='lat' dir='ltr'><strong>praenptabatur,</strong></span> <span class='ocrx_word' id='word_1_465' title='bbox 704 5452 829 5491; x_wconf 82' lang='lat' dir='ltr'><strong>cum</strong></span> <span class='ocrx_word' id='word_1_466' title='bbox 850 5440 1043 5512; x_wconf 71' lang='lat' dir='ltr'><strong>ipsum</strong></span> <span class='ocrx_word' id='word_1_467' title='bbox 1066 5433 1292 5508; x_wconf 71' lang='lat' dir='ltr'><strong>quoque</strong></span> <span class='ocrx_word' id='word_1_468' title='bbox 1317 5433 1545 5494; x_wconf 75' lang='lat' dir='ltr'><strong>verbniu</strong></span> <span class='ocrx_word' id='word_1_469' title='bbox 1578 5446 1810 5512; x_wconf 81' lang='lat' dir='ltr'><strong>arripuit</strong></span> 
     </span>
    </p>
   </div>
   <div class='ocr_carea' id='block_1_79' title="bbox 230 5503 1809 5581">
    <p class='ocr_par' dir='ltr' id='par_1_79' title="bbox 230 5503 1809 5581">
     <span class='ocr_line' id='line_1_80' title="bbox 230 5503 1809 5581; baseline 0.006 -25"><span class='ocrx_word' id='word_1_470' title='bbox 230 5506 288 5581; x_wconf 76' lang='lat' dir='ltr'><strong>in</strong></span> <span class='ocrx_word' id='word_1_471' title='bbox 346 5503 793 5581; x_wconf 28' lang='lat' dir='ltr'><strong>Allebrmoutextu</strong></span> <span class='ocrx_word' id='word_1_472' title='bbox 829 5503 1212 5572; x_wconf 47' lang='lat' dir='ltr'><strong>desideretur,&#39;</strong></span> <span class='ocrx_word' id='word_1_473' title='bbox 1251 5513 1557 5581; x_wconf 83' lang='lat' dir='ltr'><strong>eodemque</strong></span> <span class='ocrx_word' id='word_1_474' title='bbox 1605 5503 1809 5567; x_wconf 78' lang='lat' dir='ltr'><strong>debeat</strong></span> 
     </span>
    </p>
   </div>
   <div class='ocr_carea' id='block_1_80' title="bbox 228 5576 702 5647">
    <p class='ocr_par' dir='ltr' id='par_1_80' title="bbox 228 5576 702 5647">
     <span class='ocr_line' id='line_1_81' title="bbox 228 5576 702 5647; baseline 0.002 -18"><span class='ocrx_word' id='word_1_475' title='bbox 228 5576 402 5647; x_wconf 62' lang='lat' dir='ltr'><strong>obeln</strong></span> <span class='ocrx_word' id='word_1_476' title='bbox 435 5578 702 5647; x_wconf 74' lang='lat' dir='ltr'><strong>transﬁgi.</strong></span> 
     </span>
    </p>
   </div>
   <div class='ocr_carea' id='block_1_81' title="bbox 305 5644 1807 5709">
    <p class='ocr_par' dir='ltr' id='par_1_81' title="bbox 305 5644 1807 5709">
     <span class='ocr_line' id='line_1_82' title="bbox 305 5644 1807 5709; baseline 0.007 -13"><span class='ocrx_word' id='word_1_477' title='bbox 305 5644 744 5703; x_wconf 69' lang='lat' dir='ltr'><strong>‘Pauloreciius</strong></span> <span class='ocrx_word' id='word_1_478' title='bbox 765 5648 996 5702; x_wconf 82' lang='lat' dir='ltr'><strong>Palatia.</strong></span> <span class='ocrx_word' id='word_1_479' title='bbox 1043 5662 1173 5709; x_wconf 62' lang='lat' dir='ltr'><strong>ms...</strong></span> <span class='ocrx_word' id='word_1_480' title='bbox 1225 5650 1278 5702; x_wconf 85' lang='lat' dir='ltr'><strong>in</strong></span> <span class='ocrx_word' id='word_1_481' title='bbox 1327 5667 1534 5706; x_wconf 85' lang='lat' dir='ltr'><strong>omnem</strong></span> <span class='ocrx_word' id='word_1_482' title='bbox 1588 5660 1807 5707; x_wconf 88' lang='lat' dir='ltr'><strong>terram.</strong></span> 
     </span>
    </p>
   </div>
   <div class='ocr_carea' id='block_1_82' title="bbox 231 5714 1380 5777">
    <p class='ocr_par' dir='ltr' id='par_1_82' title="bbox 231 5714 1380 5777">
     <span class='ocr_line' id='line_1_83' title="bbox 231 5714 1380 5777; baseline 0.008 -9"><span class='ocrx_word' id='word_1_483' title='bbox 231 5714 474 5768; x_wconf 77' lang='lat' dir='ltr'><strong>Lenora</strong></span> <span class='ocrx_word' id='word_1_484' title='bbox 506 5719 644 5772; x_wconf 77' lang='lat' dir='ltr'><strong>intra</strong></span> <span class='ocrx_word' id='word_1_485' title='bbox 677 5734 742 5773; x_wconf 76' lang='lat' dir='ltr'><strong>ex</strong></span> <span class='ocrx_word' id='word_1_486' title='bbox 764 5722 961 5775; x_wconf 85' lang='lat' dir='ltr'><strong>eodem</strong></span> <span class='ocrx_word' id='word_1_487' title='bbox 995 5719 1380 5777; x_wconf 78' lang='lat' dir='ltr'><strong>emendantur.</strong></span> 
     </span>
    </p>
   </div>
   <div class='ocr_carea' id='block_1_83' title="bbox 1903 2253 3474 2320">
    <p class='ocr_par' dir='ltr' id='par_1_83' title="bbox 1903 2253 3474 2320">
     <span class='ocr_line' id='line_1_84' title="bbox 1903 2253 3474 2320; baseline 0.008 -15"><span class='ocrx_word' id='word_1_488' title='bbox 1903 2267 1955 2305; x_wconf 77' lang='lat' dir='ltr'><strong>IN</strong></span> <span class='ocrx_word' id='word_1_489' title='bbox 1986 2265 2167 2316; x_wconf 68' lang='lat' dir='ltr'><strong>FINEM,</strong></span> <span class='ocrx_word' id='word_1_490' title='bbox 2197 2267 2261 2304; x_wconf 78' lang='lat' dir='ltr'><strong>NE</strong></span> <span class='ocrx_word' id='word_1_491' title='bbox 2282 2266 2569 2307; x_wconf 71' lang='lat' dir='ltr'><strong>DISPERDAS</strong></span> <span class='ocrx_word' id='word_1_492' title='bbox 2595 2253 2633 2320; x_wconf 74' lang='grc'><strong>⁷,</strong></span> <span class='ocrx_word' id='word_1_493' title='bbox 2715 2271 2874 2309; x_wconf 73' lang='lat' dir='ltr'><strong>DAVID</strong></span> <span class='ocrx_word' id='word_1_494' title='bbox 2934 2272 2988 2311; x_wconf 81' lang='lat' dir='ltr'><strong>IN</strong></span> <span class='ocrx_word' id='word_1_495' title='bbox 3034 2274 3218 2314; x_wconf 80' lang='grc' dir='ltr'><strong>τιτυιι</strong></span> <span class='ocrx_word' id='word_1_496' title='bbox 3277 2277 3474 2317; x_wconf 73' lang='lat' dir='ltr'><strong>INSCRI-</strong></span> 
     </span>
    </p>
   </div>
   <div class='ocr_carea' id='block_1_84' title="bbox 1963 2335 3437 2388">
    <p class='ocr_par' dir='ltr' id='par_1_84' title="bbox 1963 2335 3437 2388">
     <span class='ocr_line' id='line_1_85' title="bbox 1963 2335 3437 2388; baseline 0.009 -14"><span class='ocrx_word' id='word_1_497' title='bbox 1963 2335 2178 2386; x_wconf 74' lang='lat' dir='ltr'><strong>PTIONE,</strong></span> <span class='ocrx_word' id='word_1_498' title='bbox 2224 2338 2326 2376; x_wconf 71' lang='grc' dir='ltr'><strong>αι</strong></span> <span class='ocrx_word' id='word_1_499' title='bbox 2365 2338 2605 2377; x_wconf 74' lang='lat' dir='ltr'><strong>FUGEBET</strong></span> <span class='ocrx_word' id='word_1_500' title='bbox 2631 2340 2665 2377; x_wconf 76' lang='grc' dir='ltr'><strong>Δ</strong></span> <span class='ocrx_word' id='word_1_501' title='bbox 2692 2340 2841 2380; x_wconf 73' lang='lat' dir='ltr'><strong>FACIE</strong></span> <span class='ocrx_word' id='word_1_502' title='bbox 2864 2342 2995 2381; x_wconf 76' lang='lat' dir='ltr'><strong>SAUL</strong></span> <span class='ocrx_word' id='word_1_503' title='bbox 3032 2344 3084 2383; x_wconf 73' lang='lat' dir='ltr'><strong>IN</strong></span> <span class='ocrx_word' id='word_1_504' title='bbox 3116 2346 3437 2388; x_wconf 67' lang='lat' dir='ltr'><strong>SPELUNCAI.</strong></span> 
     </span>
    </p>
   </div>
   <div class='ocr_carea' id='block_1_85' title="bbox 1976 2432 3473 2513">
    <p class='ocr_par' dir='ltr' id='par_1_85' title="bbox 1976 2432 3473 2513">
     <span class='ocr_line' id='line_1_86' title="bbox 1976 2432 3473 2513; baseline 0.011 -28"><span class='ocrx_word' id='word_1_505' title='bbox 1976 2432 2235 2513; x_wconf 79' lang='lat' dir='ltr'><strong>Miserere</strong></span> <span class='ocrx_word' id='word_1_506' title='bbox 2268 2437 2394 2502; x_wconf 86' lang='lat' dir='ltr'><strong>mei,</strong></span> <span class='ocrx_word' id='word_1_507' title='bbox 2427 2436 2593 2502; x_wconf 87' lang='lat' dir='ltr'><strong>Deus,</strong></span> <span class='ocrx_word' id='word_1_508' title='bbox 2628 2440 2894 2496; x_wconf 83' lang='lat' dir='ltr'><strong>miserere</strong></span> <span class='ocrx_word' id='word_1_509' title='bbox 2938 2442 3045 2498; x_wconf 91' lang='lat' dir='ltr'><strong>mei</strong></span> <span class='ocrx_word' id='word_1_510' title='bbox 3084 2460 3098 2497; x_wconf 91' lang='lat'><strong>:</strong></span> <span class='ocrx_word' id='word_1_511' title='bbox 3130 2445 3387 2513; x_wconf 88' lang='lat' dir='ltr'><strong>quoniam</strong></span> <span class='ocrx_word' id='word_1_512' title='bbox 3416 2445 3473 2501; x_wconf 89' lang='lat' dir='ltr'><strong>in</strong></span> 
     </span>
    </p>
   </div>
   <div class='ocr_carea' id='block_1_86' title="bbox 1906 2512 2865 2586">
    <p class='ocr_par' dir='ltr' id='par_1_86' title="bbox 1906 2512 2865 2586">
     <span class='ocr_line' id='line_1_87' title="bbox 1906 2512 2865 2586; baseline 0.007 -5"><span class='ocrx_word' id='word_1_513' title='bbox 1906 2535 1958 2581; x_wconf 91' lang='lat' dir='ltr'><strong>te</strong></span> <span class='ocrx_word' id='word_1_514' title='bbox 1982 2512 2206 2582; x_wconf 83' lang='lat' dir='ltr'><strong>conlidit</strong></span> <span class='ocrx_word' id='word_1_515' title='bbox 2238 2529 2420 2583; x_wconf 88' lang='lat' dir='ltr'><strong>anima</strong></span> <span class='ocrx_word' id='word_1_516' title='bbox 2452 2547 2595 2586; x_wconf 76' lang='lat' dir='ltr'><strong>mea.</strong></span> <span class='ocrx_word' id='word_1_517' title='bbox 2830 2514 2865 2529; x_wconf 46' lang='grc' dir='ltr'><em>ί</em></span> 
     </span>
    </p>
   </div>
   <div class='ocr_carea' id='block_1_87' title="bbox 1964 2619 3140 2686">
    <p class='ocr_par' dir='ltr' id='par_1_87' title="bbox 1964 2619 3140 2686">
     <span class='ocr_line' id='line_1_88' title="bbox 1964 2619 3140 2686; baseline 0.008 -13"><span class='ocrx_word' id='word_1_518' title='bbox 1964 2619 2034 2673; x_wconf 85' lang='grc' dir='ltr'><strong>Ει</strong></span> <span class='ocrx_word' id='word_1_519' title='bbox 2062 2619 2116 2672; x_wconf 88' lang='lat' dir='ltr'><strong>in</strong></span> <span class='ocrx_word' id='word_1_520' title='bbox 2145 2621 2335 2674; x_wconf 87' lang='lat' dir='ltr'><strong>umbra</strong></span> <span class='ocrx_word' id='word_1_521' title='bbox 2393 2621 2603 2677; x_wconf 83' lang='lat' dir='ltr'><strong>alarum</strong></span> <span class='ocrx_word' id='word_1_522' title='bbox 2637 2633 2852 2679; x_wconf 88' lang='lat' dir='ltr'><strong>tuarum</strong></span> <span class='ocrx_word' id='word_1_523' title='bbox 2906 2628 3140 2686; x_wconf 80' lang='lat' dir='ltr'><strong>sperabo</strong></span> 
     </span>
    </p>
   </div>
   <div class='ocr_carea' id='block_1_88' title="bbox 1905 2710 2454 2779">
    <p class='ocr_par' dir='ltr' id='par_1_88' title="bbox 1905 2710 2454 2779">
     <span class='ocr_line' id='line_1_89' title="bbox 1905 2710 2454 2779; baseline 0.002 -17"><span class='ocrx_word' id='word_1_524' title='bbox 1905 2717 2147 2763; x_wconf 87' lang='lat' dir='ltr'><strong>transeat</strong></span> <span class='ocrx_word' id='word_1_525' title='bbox 2171 2710 2454 2779; x_wconf 86' lang='lat' dir='ltr'><strong>iniquitas.</strong></span> 
     </span>
    </p>
   </div>
   <div class='ocr_carea' id='block_1_89' title="bbox 1974 2798 3476 2863">
    <p class='ocr_par' dir='ltr' id='par_1_89' title="bbox 1974 2798 3476 2863">
     <span class='ocr_line' id='line_1_90' title="bbox 1974 2798 3476 2863; baseline 0.007 -12"><span class='ocrx_word' id='word_1_526' title='bbox 1974 2799 2229 2853; x_wconf 84' lang='lat' dir='ltr'><strong>Clamabo</strong></span> <span class='ocrx_word' id='word_1_527' title='bbox 2263 2800 2331 2853; x_wconf 88' lang='lat' dir='ltr'><strong>ad</strong></span> <span class='ocrx_word' id='word_1_528' title='bbox 2357 2802 2524 2855; x_wconf 91' lang='lat' dir='ltr'><strong>Deum</strong></span> <span class='ocrx_word' id='word_1_529' title='bbox 2548 2803 2876 2859; x_wconf 88' lang='lat' dir='ltr'><strong>altissimum</strong></span> <span class='ocrx_word' id='word_1_530' title='bbox 2905 2821 2920 2859; x_wconf 89' lang='lat'>:</span> <span class='ocrx_word' id='word_1_531' title='bbox 2945 2815 2997 2861; x_wconf 89' lang='lat' dir='ltr'><strong>et</strong></span> <span class='ocrx_word' id='word_1_532' title='bbox 3036 2810 3103 2860; x_wconf 86' lang='lat' dir='ltr'><strong>ad</strong></span> <span class='ocrx_word' id='word_1_533' title='bbox 3140 2798 3427 2863; x_wconf 82' lang='lat' dir='ltr'><strong>Dominum</strong></span> <span class='ocrx_word' id='word_1_534' title='bbox 3450 2807 3476 2841; x_wconf 82' lang='grc'>⁸</span> 
     </span>
    </p>
   </div>
   <div class='ocr_carea' id='block_1_90' title="bbox 1905 2889 2510 2959">
    <p class='ocr_par' dir='ltr' id='par_1_90' title="bbox 1905 2889 2510 2959">
     <span class='ocr_line' id='line_1_91' title="bbox 1905 2889 2510 2959; baseline 0.008 -18"><span class='ocrx_word' id='word_1_535' title='bbox 1905 2889 2000 2959; x_wconf 90' lang='lat' dir='ltr'><strong>qui</strong></span> <span class='ocrx_word' id='word_1_536' title='bbox 2034 2889 2314 2945; x_wconf 83' lang='lat' dir='ltr'><strong>benefecit</strong></span> <span class='ocrx_word' id='word_1_537' title='bbox 2353 2893 2510 2946; x_wconf 77' lang='lat' dir='ltr'><strong>milii.</strong></span> 
     </span>
    </p>
   </div>
   <div class='ocr_carea' id='block_1_91' title="bbox 1965 2980 3478 3061">
    <p class='ocr_par' dir='ltr' id='par_1_91' title="bbox 1965 2980 3478 3061">
     <span class='ocr_line' id='line_1_92' title="bbox 1965 2980 3478 3061; baseline 0.009 -28"><span class='ocrx_word' id='word_1_538' title='bbox 1965 2980 2108 3034; x_wconf 76' lang='lat' dir='ltr'><strong>Misit</strong></span> <span class='ocrx_word' id='word_1_539' title='bbox 2140 2981 2206 3035; x_wconf 90' lang='lat' dir='ltr'><strong>de</strong></span> <span class='ocrx_word' id='word_1_540' title='bbox 2233 2982 2394 3049; x_wconf 88' lang='lat' dir='ltr'><strong>coelo,</strong></span> <span class='ocrx_word' id='word_1_541' title='bbox 2437 2993 2496 3037; x_wconf 91' lang='lat' dir='ltr'><strong>et</strong></span> <span class='ocrx_word' id='word_1_542' title='bbox 2528 2983 2782 3039; x_wconf 83' lang='lat' dir='ltr'><strong>liberavit</strong></span> <span class='ocrx_word' id='word_1_543' title='bbox 2816 3001 2903 3042; x_wconf 89' lang='lat' dir='ltr'><strong>me</strong></span> <span class='ocrx_word' id='word_1_544' title='bbox 2935 3001 2952 3040; x_wconf 73' lang='grc' dir='ltr'><em>τ</em></span> <span class='ocrx_word' id='word_1_545' title='bbox 2982 2988 3132 3044; x_wconf 86' lang='lat' dir='ltr'><strong>dedit</strong></span> <span class='ocrx_word' id='word_1_546' title='bbox 3184 2990 3240 3044; x_wconf 90' lang='lat' dir='ltr'><strong>in</strong></span> <span class='ocrx_word' id='word_1_547' title='bbox 3272 3006 3478 3061; x_wconf 81' lang='lat' dir='ltr'><strong>oppro-</strong></span> 
     </span>
    </p>
   </div>
   <div class='ocr_carea' id='block_1_92' title="bbox 1916 3070 3012 3132">
    <p class='ocr_par' dir='ltr' id='par_1_92' title="bbox 1916 3070 3012 3132">
     <span class='ocr_line' id='line_1_93' title="bbox 1916 3070 3012 3132; baseline 0.006 -6"><span class='ocrx_word' id='word_1_548' title='bbox 1916 3070 2095 3126; x_wconf 87' lang='lat' dir='ltr'><strong>brium</strong></span> <span class='ocrx_word' id='word_1_549' title='bbox 2126 3073 2515 3130; x_wconf 82' lang='lat' dir='ltr'><strong>conculcantes</strong></span> <span class='ocrx_word' id='word_1_550' title='bbox 2552 3091 2657 3131; x_wconf 90' lang='lat' dir='ltr'><strong>me.</strong></span> <span class='ocrx_word' id='word_1_551' title='bbox 2694 3077 3012 3132; x_wconf 65' lang='lat' dir='ltr'><strong>Drusum.</strong></span> 
     </span>
    </p>
   </div>
   <div class='ocr_carea' id='block_1_93' title="bbox 1982 3162 3474 3241">
    <p class='ocr_par' dir='ltr' id='par_1_93' title="bbox 1982 3162 3474 3241">
     <span class='ocr_line' id='line_1_94' title="bbox 1982 3162 3474 3241; baseline 0.007 -26"><span class='ocrx_word' id='word_1_552' title='bbox 1982 3162 2130 3216; x_wconf 81' lang='lat' dir='ltr'><strong>Misit</strong></span> <span class='ocrx_word' id='word_1_553' title='bbox 2152 3164 2294 3221; x_wconf 85' lang='lat' dir='ltr'><strong>Deus</strong></span> <span class='ocrx_word' id='word_1_554' title='bbox 2331 3164 2461 3238; x_wconf 65' lang='lat' dir='ltr'><strong>luas.</strong></span> <span class='ocrx_word' id='word_1_555' title='bbox 2502 3168 2790 3241; x_wconf 83' lang='lat' dir='ltr'><strong>Dominus]</strong></span> <span class='ocrx_word' id='word_1_556' title='bbox 2855 3170 3286 3226; x_wconf 86' lang='lat' dir='ltr'><strong>misericordiam</strong></span> <span class='ocrx_word' id='word_1_557' title='bbox 3319 3187 3474 3229; x_wconf 88' lang='lat' dir='ltr'><strong>suam</strong></span> 
     </span>
    </p>
   </div>
   <div class='ocr_carea' id='block_1_94' title="bbox 1909 3255 3481 3333">
    <p class='ocr_par' dir='ltr' id='par_1_94' title="bbox 1909 3255 3481 3333">
     <span class='ocr_line' id='line_1_95' title="bbox 1909 3255 3481 3333; baseline 0.008 -25"><span class='ocrx_word' id='word_1_558' title='bbox 1909 3263 1965 3309; x_wconf 92' lang='lat' dir='ltr'><strong>et</strong></span> <span class='ocrx_word' id='word_1_559' title='bbox 1995 3255 2279 3310; x_wconf 86' lang='lat' dir='ltr'><strong>veritatem</strong></span> <span class='ocrx_word' id='word_1_560' title='bbox 2313 3272 2465 3312; x_wconf 88' lang='lat' dir='ltr'><strong>suam</strong></span> <span class='ocrx_word' id='word_1_561' title='bbox 2502 3274 2518 3316; x_wconf 87' lang='lat'><strong>:</strong></span> <span class='ocrx_word' id='word_1_562' title='bbox 2550 3260 2788 3314; x_wconf 68' lang='lat' dir='ltr'><strong>animum</strong></span> <span class='ocrx_word' id='word_1_563' title='bbox 2826 3277 3001 3317; x_wconf 87' lang='lat' dir='ltr'><strong>meam</strong></span> <span class='ocrx_word' id='word_1_564' title='bbox 3037 3264 3246 3333; x_wconf 86' lang='lat' dir='ltr'><strong>eripuit</strong></span> <span class='ocrx_word' id='word_1_565' title='bbox 3273 3265 3340 3320; x_wconf 90' lang='lat' dir='ltr'><strong>de</strong></span> <span class='ocrx_word' id='word_1_566' title='bbox 3369 3280 3481 3319; x_wconf 88' lang='lat' dir='ltr'><strong>me-</strong></span> 
     </span>
    </p>
   </div>
   <div class='ocr_carea' id='block_1_95' title="bbox 1909 3345 3319 3414">
    <p class='ocr_par' dir='ltr' id='par_1_95' title="bbox 1909 3345 3319 3414">
     <span class='ocr_line' id='line_1_96' title="bbox 1909 3345 3319 3414; baseline 0.009 -17"><span class='ocrx_word' id='word_1_567' title='bbox 1909 3345 2001 3399; x_wconf 90' lang='lat' dir='ltr'><strong>dio</strong></span> <span class='ocrx_word' id='word_1_568' title='bbox 2031 3347 2339 3399; x_wconf 88' lang='lat' dir='ltr'><strong>catulorum</strong></span> <span class='ocrx_word' id='word_1_569' title='bbox 2381 3349 2624 3414; x_wconf 89' lang='lat' dir='ltr'><strong>leonum,</strong></span> <span class='ocrx_word' id='word_1_570' title='bbox 2658 3349 2893 3405; x_wconf 86' lang='lat' dir='ltr'><strong>dormivi</strong></span> <span class='ocrx_word' id='word_1_571' title='bbox 2940 3354 3319 3409; x_wconf 87' lang='lat' dir='ltr'><strong>conturbatus.</strong></span> 
     </span>
    </p>
   </div>
   <div class='ocr_carea' id='block_1_96' title="bbox 1978 3436 3488 3516">
    <p class='ocr_par' dir='ltr' id='par_1_96' title="bbox 1978 3436 3488 3516">
     <span class='ocr_line' id='line_1_97' title="bbox 1978 3436 3488 3516; baseline 0.004 -26"><span class='ocrx_word' id='word_1_572' title='bbox 1978 3436 2097 3492; x_wconf 84' lang='lat' dir='ltr'><strong>Filii</strong></span> <span class='ocrx_word' id='word_1_573' title='bbox 2135 3438 2419 3493; x_wconf 84' lang='lat' dir='ltr'><strong>hominum</strong></span> <span class='ocrx_word' id='word_1_574' title='bbox 2446 3440 2637 3495; x_wconf 84' lang='lat' dir='ltr'><strong>dentes</strong></span> <span class='ocrx_word' id='word_1_575' title='bbox 2695 3456 2891 3495; x_wconf 88' lang='lat' dir='ltr'><strong>eorum</strong></span> <span class='ocrx_word' id='word_1_576' title='bbox 2934 3459 3083 3497; x_wconf 89' lang='lat' dir='ltr'><strong>arma</strong></span> <span class='ocrx_word' id='word_1_577' title='bbox 3111 3454 3165 3499; x_wconf 89' lang='lat' dir='ltr'><strong>et</strong></span> <span class='ocrx_word' id='word_1_578' title='bbox 3221 3447 3488 3516; x_wconf 69' lang='lat' dir='ltr'><strong>sagittae;</strong></span> 
     </span>
    </p>
   </div>
   <div class='ocr_carea' id='block_1_97' title="bbox 1911 3528 2919 3598">
    <p class='ocr_par' dir='ltr' id='par_1_97' title="bbox 1911 3528 2919 3598">
     <span class='ocr_line' id='line_1_98' title="bbox 1911 3528 2919 3598; baseline 0.004 -15"><span class='ocrx_word' id='word_1_579' title='bbox 1911 3536 1965 3583; x_wconf 89' lang='lat' dir='ltr'><strong>et</strong></span> <span class='ocrx_word' id='word_1_580' title='bbox 1995 3528 2176 3598; x_wconf 79' lang='lat' dir='ltr'><strong>lingua</strong></span> <span class='ocrx_word' id='word_1_581' title='bbox 2216 3544 2407 3583; x_wconf 89' lang='lat' dir='ltr'><strong>eorum</strong></span> <span class='ocrx_word' id='word_1_582' title='bbox 2441 3533 2707 3586; x_wconf 74' lang='lat' dir='ltr'><strong>machaera</strong></span> <span class='ocrx_word' id='word_1_583' title='bbox 2738 3541 2919 3587; x_wconf 87' lang='lat' dir='ltr'><strong>acuta.</strong></span> 
     </span>
    </p>
   </div>
   <div class='ocr_carea' id='block_1_98' title="bbox 1986 3620 3481 3695">
    <p class='ocr_par' dir='ltr' id='par_1_98' title="bbox 1986 3620 3481 3695">
     <span class='ocr_line' id='line_1_99' title="bbox 1986 3620 3481 3695; baseline 0.007 -21"><span class='ocrx_word' id='word_1_584' title='bbox 1986 3620 2241 3676; x_wconf 82' lang='lat' dir='ltr'><strong>Exaltare</strong></span> <span class='ocrx_word' id='word_1_585' title='bbox 2280 3637 2445 3691; x_wconf 88' lang='lat' dir='ltr'><strong>super</strong></span> <span class='ocrx_word' id='word_1_586' title='bbox 2476 3625 2668 3691; x_wconf 71' lang='lat' dir='ltr'><strong>cados,</strong></span> <span class='ocrx_word' id='word_1_587' title='bbox 2721 3622 2866 3679; x_wconf 87' lang='lat' dir='ltr'><strong>Deus</strong></span> <span class='ocrx_word' id='word_1_588' title='bbox 2902 3633 2999 3679; x_wconf 87' lang='lat' dir='ltr'><strong>:et</strong></span> <span class='ocrx_word' id='word_1_589' title='bbox 3045 3639 3211 3695; x_wconf 88' lang='lat' dir='ltr'><strong>super</strong></span> <span class='ocrx_word' id='word_1_590' title='bbox 3257 3642 3481 3684; x_wconf 87' lang='lat' dir='ltr'><strong>omnem</strong></span> 
     </span>
    </p>
   </div>
   <div class='ocr_carea' id='block_1_99' title="bbox 1913 3713 2455 3779">
    <p class='ocr_par' dir='ltr' id='par_1_99' title="bbox 1913 3713 2455 3779">
     <span class='ocr_line' id='line_1_100' title="bbox 1913 3713 2455 3779; baseline 0.007 -16"><span class='ocrx_word' id='word_1_591' title='bbox 1913 3718 2113 3765; x_wconf 88' lang='lat' dir='ltr'><strong>terram</strong></span> <span class='ocrx_word' id='word_1_592' title='bbox 2137 3713 2309 3779; x_wconf 80' lang='lat' dir='ltr'><strong>gloria</strong></span> <span class='ocrx_word' id='word_1_593' title='bbox 2344 3723 2455 3767; x_wconf 89' lang='lat' dir='ltr'><strong>tua.</strong></span> 
     </span>
    </p>
   </div>
   <div class='ocr_carea' id='block_1_100' title="bbox 1985 3802 3485 3878">
    <p class='ocr_par' dir='ltr' id='par_1_100' title="bbox 1985 3802 3485 3878">
     <span class='ocr_line' id='line_1_101' title="bbox 1985 3802 3485 3878; baseline 0.007 -23"><span class='ocrx_word' id='word_1_594' title='bbox 1985 3802 2235 3870; x_wconf 80' lang='lat' dir='ltr'><strong>Laqueos</strong></span> <span class='ocrx_word' id='word_1_595' title='bbox 2267 3802 2391 3873; x_wconf 86' lang='lat' dir='ltr'><strong>[ms.</strong></span> <span class='ocrx_word' id='word_1_596' title='bbox 2431 3802 2826 3876; x_wconf 87' lang='lat' dir='ltr'><strong>muscipulam]</strong></span> <span class='ocrx_word' id='word_1_597' title='bbox 2879 3816 3212 3874; x_wconf 86' lang='lat' dir='ltr'><strong>paraverunt</strong></span> <span class='ocrx_word' id='word_1_598' title='bbox 3243 3810 3485 3878; x_wconf 77' lang='lat' dir='ltr'><strong>pedibus</strong></span> 
     </span>
    </p>
   </div>
   <div class='ocr_carea' id='block_1_101' title="bbox 1919 3894 3160 3951">
    <p class='ocr_par' dir='ltr' id='par_1_101' title="bbox 1919 3894 3160 3951">
     <span class='ocr_line' id='line_1_102' title="bbox 1919 3894 3160 3951; baseline 0.006 -8"><span class='ocrx_word' id='word_1_599' title='bbox 1919 3894 2055 3946; x_wconf 75' lang='lat' dir='ltr'><strong>meis</strong></span> <span class='ocrx_word' id='word_1_600' title='bbox 2085 3909 2099 3948; x_wconf 84' lang='lat'>;</span> <span class='ocrx_word' id='word_1_601' title='bbox 2139 3903 2195 3947; x_wconf 88' lang='lat' dir='ltr'><strong>et</strong></span> <span class='ocrx_word' id='word_1_602' title='bbox 2223 3898 2652 3948; x_wconf 81' lang='lat' dir='ltr'><strong>incurvaverunt</strong></span> <span class='ocrx_word' id='word_1_603' title='bbox 2683 3895 2918 3948; x_wconf 86' lang='lat' dir='ltr'><strong>animam</strong></span> <span class='ocrx_word' id='word_1_604' title='bbox 2960 3912 3160 3951; x_wconf 87' lang='lat' dir='ltr'><strong>meam.</strong></span> 
     </span>
    </p>
   </div>
   <div class='ocr_carea' id='block_1_102' title="bbox 1988 3982 3481 4059">
    <p class='ocr_par' dir='ltr' id='par_1_102' title="bbox 1988 3982 3481 4059">
     <span class='ocr_line' id='line_1_103' title="bbox 1988 3982 3481 4059; baseline 0.005 -24"><span class='ocrx_word' id='word_1_605' title='bbox 1988 3982 2271 4035; x_wconf 80' lang='lat' dir='ltr'><strong>Fuderunt</strong></span> <span class='ocrx_word' id='word_1_606' title='bbox 2305 3992 2432 4038; x_wconf 87' lang='lat' dir='ltr'><strong>ante</strong></span> <span class='ocrx_word' id='word_1_607' title='bbox 2462 3982 2658 4038; x_wconf 82' lang='lat' dir='ltr'><strong>faciem</strong></span> <span class='ocrx_word' id='word_1_608' title='bbox 2696 4000 2874 4039; x_wconf 89' lang='lat' dir='ltr'><strong>meam</strong></span> <span class='ocrx_word' id='word_1_609' title='bbox 2926 3987 3139 4041; x_wconf 85' lang='lat' dir='ltr'><strong>loveam</strong></span> <span class='ocrx_word' id='word_1_610' title='bbox 3176 4002 3194 4043; x_wconf 86' lang='lat'><strong>:</strong></span> <span class='ocrx_word' id='word_1_611' title='bbox 3224 3999 3279 4043; x_wconf 90' lang='lat' dir='ltr'><strong>et</strong></span> <span class='ocrx_word' id='word_1_612' title='bbox 3332 3989 3431 4059; x_wconf 74' lang='lat' dir='ltr'><strong>ipsi</strong></span> <span class='ocrx_word' id='word_1_613' title='bbox 3457 3990 3481 4021; x_wconf 83' lang='lat'><strong>’</strong></span> 
     </span>
    </p>
   </div>
   <div class='ocr_carea' id='block_1_103' title="bbox 1914 4073 2838 4130">
    <p class='ocr_par' dir='ltr' id='par_1_103' title="bbox 1914 4073 2838 4130">
     <span class='ocr_line' id='line_1_104' title="bbox 1914 4073 2838 4130; baseline 0.001 -3"><span class='ocrx_word' id='word_1_614' title='bbox 1914 4073 2227 4127; x_wconf 89' lang='lat' dir='ltr'><strong>inciderunt</strong></span> <span class='ocrx_word' id='word_1_615' title='bbox 2258 4074 2312 4128; x_wconf 90' lang='lat' dir='ltr'><strong>in</strong></span> <span class='ocrx_word' id='word_1_616' title='bbox 2336 4088 2481 4129; x_wconf 83' lang='lat' dir='ltr'><strong>eam.</strong></span> <span class='ocrx_word' id='word_1_617' title='bbox 2521 4075 2838 4130; x_wconf 66' lang='lat' dir='ltr'><strong>DIAPSALHA.</strong></span> 
     </span>
    </p>
   </div>
   <div class='ocr_carea' id='block_1_104' title="bbox 1976 4162 3485 4237">
    <p class='ocr_par' dir='ltr' id='par_1_104' title="bbox 1976 4162 3485 4237">
     <span class='ocr_line' id='line_1_105' title="bbox 1976 4162 3485 4237; baseline 0.008 -24"><span class='ocrx_word' id='word_1_618' title='bbox 1976 4162 2232 4215; x_wconf 89' lang='lat' dir='ltr'><strong>Paratum</strong></span> <span class='ocrx_word' id='word_1_619' title='bbox 2266 4176 2362 4216; x_wconf 90' lang='lat' dir='ltr'><strong>eor</strong></span> <span class='ocrx_word' id='word_1_620' title='bbox 2388 4178 2590 4228; x_wconf 90' lang='lat' dir='ltr'><strong>meum,</strong></span> <span class='ocrx_word' id='word_1_621' title='bbox 2628 4165 2792 4231; x_wconf 87' lang='lat' dir='ltr'><strong>Deus,</strong></span> <span class='ocrx_word' id='word_1_622' title='bbox 2828 4176 3076 4237; x_wconf 87' lang='lat' dir='ltr'><strong>paratum</strong></span> <span class='ocrx_word' id='word_1_623' title='bbox 3116 4184 3211 4224; x_wconf 89' lang='lat' dir='ltr'><strong>eor</strong></span> <span class='ocrx_word' id='word_1_624' title='bbox 3243 4185 3421 4225; x_wconf 86' lang='lat' dir='ltr'><strong>meum</strong></span> <span class='ocrx_word' id='word_1_625' title='bbox 3461 4186 3485 4226; x_wconf 87' lang='lat'><strong>:</strong></span> 
     </span>
    </p>
   </div>
   <div class='ocr_carea' id='block_1_105' title="bbox 1914 4254 3064 4323">
    <p class='ocr_par' dir='ltr' id='par_1_105' title="bbox 1914 4254 3064 4323">
     <span class='ocr_line' id='line_1_106' title="bbox 1914 4254 3064 4323; baseline 0.005 -15"><span class='ocrx_word' id='word_1_626' title='bbox 1914 4254 2169 4319; x_wconf 88' lang='lat' dir='ltr'><strong>cantabo,</strong></span> <span class='ocrx_word' id='word_1_627' title='bbox 2205 4262 2262 4308; x_wconf 89' lang='lat' dir='ltr'><strong>et</strong></span> <span class='ocrx_word' id='word_1_628' title='bbox 2294 4257 2563 4323; x_wconf 87' lang='lat' dir='ltr'><strong>psalmum</strong></span> <span class='ocrx_word' id='word_1_629' title='bbox 2588 4256 2767 4312; x_wconf 84' lang='lat' dir='ltr'><strong>dicam</strong></span> <span class='ocrx_word' id='word_1_630' title='bbox 2816 4259 3064 4314; x_wconf 87' lang='lat' dir='ltr'><strong>Domino.</strong></span> 
     </span>
    </p>
   </div>
   <div class='ocr_carea' id='block_1_106' title="bbox 1984 4345 3487 4421">
    <p class='ocr_par' dir='ltr' id='par_1_106' title="bbox 1984 4345 3487 4421">
     <span class='ocr_line' id='line_1_107' title="bbox 1984 4345 3487 4421; baseline 0.007 -24"><span class='ocrx_word' id='word_1_631' title='bbox 1984 4345 2223 4416; x_wconf 80' lang='lat' dir='ltr'><strong>Exsurge</strong></span> <span class='ocrx_word' id='word_1_632' title='bbox 2253 4346 2424 4416; x_wconf 82' lang='lat' dir='ltr'><strong>gloria</strong></span> <span class='ocrx_word' id='word_1_633' title='bbox 2475 4363 2618 4414; x_wconf 89' lang='lat' dir='ltr'><strong>mea,</strong></span> <span class='ocrx_word' id='word_1_634' title='bbox 2673 4365 2903 4420; x_wconf 81' lang='lat' dir='ltr'><strong>exsurge</strong></span> <span class='ocrx_word' id='word_1_635' title='bbox 2936 4353 3262 4421; x_wconf 86' lang='lat' dir='ltr'><strong>psalterium</strong></span> <span class='ocrx_word' id='word_1_636' title='bbox 3317 4364 3370 4408; x_wconf 92' lang='lat' dir='ltr'><strong>et</strong></span> <span class='ocrx_word' id='word_1_637' title='bbox 3400 4353 3487 4408; x_wconf 63' lang='lat' dir='ltr'><strong>ei»</strong></span> 
     </span>
    </p>
   </div>
   <div class='ocr_carea' id='block_1_107' title="bbox 3213 2627 3471 2685">
    <p class='ocr_par' dir='ltr' id='par_1_107' title="bbox 3213 2627 3471 2685">
     <span class='ocr_line' id='line_1_108' title="bbox 3213 2627 3471 2685; baseline 0.016 -4"><span class='ocrx_word' id='word_1_638' title='bbox 3213 2644 3228 2681; x_wconf 88' lang='lat'><strong>:</strong></span> <span class='ocrx_word' id='word_1_639' title='bbox 3296 2627 3471 2685; x_wconf 89' lang='lat' dir='ltr'><strong>donec</strong></span> 
     </span>
    </p>
   </div>
   <div class='ocr_carea' id='block_1_108' title="bbox 1839 4438 2741 4524">
    <p class='ocr_par' dir='ltr' id='par_1_108' title="bbox 1839 4438 2741 4524">
     <span class='ocr_line' id='line_1_109' title="bbox 1839 4438 2741 4524; baseline 0.006 -33"><span class='ocrx_word' id='word_1_640' title='bbox 1839 4469 1886 4524; x_wconf 67' lang='grc' dir='ltr'><strong><em>υ</em></strong></span> <span class='ocrx_word' id='word_1_641' title='bbox 1922 4438 2080 4492; x_wconf 88' lang='lat' dir='ltr'><strong>tbara</strong></span> <span class='ocrx_word' id='word_1_642' title='bbox 2112 4454 2127 4493; x_wconf 84' lang='lat'><strong>:</strong></span> <span class='ocrx_word' id='word_1_643' title='bbox 2166 4454 2453 4509; x_wconf 80' lang='lat' dir='ltr'><strong>exsurgant</strong></span> <span class='ocrx_word' id='word_1_644' title='bbox 2477 4440 2741 4496; x_wconf 88' lang='lat' dir='ltr'><strong>diluculo.</strong></span> 
     </span>
    </p>
   </div>
   <div class='ocr_carea' id='block_1_109' title="bbox 1991 4596 3485 4671">
    <p class='ocr_par' dir='ltr' id='par_1_109' title="bbox 1991 4596 3485 4671">
     <span class='ocr_line' id='line_1_110' title="bbox 1991 4596 3485 4671; baseline 0.007 -21"><span class='ocrx_word' id='word_1_645' title='bbox 1991 4599 2013 4630; x_wconf 82' lang='lat'><strong><em>°</em></strong></span> <span class='ocrx_word' id='word_1_646' title='bbox 2043 4596 2120 4651; x_wconf 81' lang='lat' dir='ltr'><strong>Ex</strong></span> <span class='ocrx_word' id='word_1_647' title='bbox 2155 4598 2458 4671; x_wconf 82' lang='lat' dir='ltr'><strong>Augustino</strong></span> <span class='ocrx_word' id='word_1_648' title='bbox 2486 4599 2815 4655; x_wconf 77' lang='lat' dir='ltr'><strong>Veronensis</strong></span> <span class='ocrx_word' id='word_1_649' title='bbox 2844 4616 2944 4656; x_wconf 90' lang='lat' dir='ltr'><strong>ms.</strong></span> <span class='ocrx_word' id='word_1_650' title='bbox 2971 4618 3085 4671; x_wconf 77' lang='lat' dir='ltr'><strong>qua:</strong></span> <span class='ocrx_word' id='word_1_651' title='bbox 3117 4604 3334 4658; x_wconf 84' lang='lat' dir='ltr'><strong>reddam</strong></span> <span class='ocrx_word' id='word_1_652' title='bbox 3362 4605 3485 4660; x_wconf 71' lang='lat' dir='ltr'><strong>latr-</strong></span> 
     </span>
    </p>
   </div>
   <div class='ocr_carea' id='block_1_110' title="bbox 1916 4669 3497 4792">
    <p class='ocr_par' dir='ltr' id='par_1_110' title="bbox 1916 4669 3497 4792">
     <span class='ocr_line' id='line_1_111' title="bbox 1916 4669 3497 4792; baseline 0.006 -71"><span class='ocrx_word' id='word_1_653' title='bbox 1916 4669 1998 4792; x_wconf 51' lang='lat' dir='ltr'><strong>;lis</strong></span> <span class='ocrx_word' id='word_1_654' title='bbox 2034 4685 2052 4722; x_wconf 91' lang='lat'><strong><em>:</em></strong></span> <span class='ocrx_word' id='word_1_655' title='bbox 2089 4677 2202 4721; x_wconf 89' lang='lat' dir='ltr'><strong>tum</strong></span> <span class='ocrx_word' id='word_1_656' title='bbox 2233 4670 2485 4737; x_wconf 83' lang='lat' dir='ltr'><strong>quoniam</strong></span> <span class='ocrx_word' id='word_1_657' title='bbox 2510 4673 2712 4738; x_wconf 83' lang='lat' dir='ltr'><strong>eruisti,</strong></span> <span class='ocrx_word' id='word_1_658' title='bbox 2746 4681 2887 4737; x_wconf 88' lang='lat' dir='ltr'><strong>etc.;</strong></span> <span class='ocrx_word' id='word_1_659' title='bbox 2931 4669 2991 4727; x_wconf 83' lang='lat' dir='ltr'><strong>et</strong></span> <span class='ocrx_word' id='word_1_660' title='bbox 3017 4674 3169 4743; x_wconf 85' lang='lat' dir='ltr'><strong>pedes</strong></span> <span class='ocrx_word' id='word_1_661' title='bbox 3232 4691 3367 4729; x_wconf 85' lang='lat' dir='ltr'><strong>nteos</strong></span> <span class='ocrx_word' id='word_1_662' title='bbox 3421 4679 3497 4731; x_wconf 75' lang='lat' dir='ltr'><strong>de</strong></span> 
     </span>
     <span class='ocr_line' id='line_1_112' title="bbox 1939 4755 2092 4792; baseline 0 -1"><span class='ocrx_word' id='word_1_663' title='bbox 1939 4755 2092 4792; x_wconf 80' lang='lat' dir='ltr'><strong>ausu.</strong></span> 
     </span>
    </p>
   </div>
   <div class='ocr_carea' id='block_1_111' title="bbox 1939 4755 2092 4806">
    <p class='ocr_par' dir='ltr' id='par_1_111' title="bbox 1939 4755 2092 4806">
     <span class='ocr_line' id='line_1_113' title="bbox 1939 4755 2092 4806; baseline 0 -15"><span class='ocrx_word' id='word_1_664' title='bbox 1939 4755 2092 4806; x_wconf 84' lang='lat' dir='ltr'><strong>apsu.</strong></span> 
     </span>
    </p>
   </div>
   <div class='ocr_carea' id='block_1_112' title="bbox 1991 4808 3489 4880">
    <p class='ocr_par' dir='ltr' id='par_1_112' title="bbox 1991 4808 3489 4880">
     <span class='ocr_line' id='line_1_114' title="bbox 1991 4808 3489 4880; baseline 0.005 -19"><span class='ocrx_word' id='word_1_665' title='bbox 1991 4808 2189 4880; x_wconf 59' lang='lat' dir='ltr'><strong>quta</strong></span> <span class='ocrx_word' id='word_1_666' title='bbox 2212 4812 2605 4880; x_wconf 81' lang='lat' dir='ltr'><strong>Augustinum,</strong></span> <span class='ocrx_word' id='word_1_667' title='bbox 2640 4825 2701 4862; x_wconf 87' lang='lat' dir='ltr'><strong>ne</strong></span> <span class='ocrx_word' id='word_1_668' title='bbox 2734 4827 3062 4880; x_wconf 86' lang='lat' dir='ltr'><strong>corrumpas,</strong></span> <span class='ocrx_word' id='word_1_669' title='bbox 3091 4814 3193 4880; x_wconf 84' lang='lat' dir='ltr'><strong>ipsi</strong></span> <span class='ocrx_word' id='word_1_670' title='bbox 3220 4812 3386 4868; x_wconf 82' lang='lat' dir='ltr'><strong>David</strong></span> <span class='ocrx_word' id='word_1_671' title='bbox 3427 4816 3489 4870; x_wconf 80' lang='lat' dir='ltr'><strong>in</strong></span> 
     </span>
    </p>
   </div>
   <div class='ocr_carea' id='block_1_113' title="bbox 1919 4877 3493 4954">
    <p class='ocr_par' dir='ltr' id='par_1_113' title="bbox 1919 4877 3493 4954">
     <span class='ocr_line' id='line_1_115' title="bbox 1919 4877 3493 4954; baseline 0.006 -24"><span class='ocrx_word' id='word_1_672' title='bbox 1919 4877 2059 4954; x_wconf 76' lang='lat' dir='ltr'><strong>tituli</strong></span> <span class='ocrx_word' id='word_1_673' title='bbox 2088 4877 2512 4952; x_wconf 67' lang='lat' dir='ltr'><strong>inscriptionem,</strong></span> <span class='ocrx_word' id='word_1_674' title='bbox 2563 4889 2671 4954; x_wconf 76' lang='lat' dir='ltr'><strong>etc.</strong></span> <span class='ocrx_word' id='word_1_675' title='bbox 2741 4877 3070 4936; x_wconf 47' lang='lat' dir='ltr'><strong>Verene&#39;nsis</strong></span> <span class='ocrx_word' id='word_1_676' title='bbox 3111 4877 3337 4954; x_wconf 70' lang='lat' dir='ltr'><strong>quoque</strong></span> <span class='ocrx_word' id='word_1_677' title='bbox 3380 4902 3493 4941; x_wconf 60' lang='lat' dir='ltr'><strong>ins.</strong></span> 
     </span>
    </p>
   </div>
   <div class='ocr_carea' id='block_1_114' title="bbox 1919 4947 3008 5012">
    <p class='ocr_par' dir='ltr' id='par_1_114' title="bbox 1919 4947 3008 5012">
     <span class='ocr_line' id='line_1_116' title="bbox 1919 4947 3008 5012; baseline 0.002 -8"><span class='ocrx_word' id='word_1_678' title='bbox 1919 4947 2105 5012; x_wconf 75' lang='lat' dir='ltr'><strong>habet,</strong></span> <span class='ocrx_word' id='word_1_679' title='bbox 2149 4947 2356 5005; x_wconf 81' lang='lat' dir='ltr'><strong>tantum</strong></span> <span class='ocrx_word' id='word_1_680' title='bbox 2385 4966 2493 5004; x_wconf 89' lang='lat' dir='ltr'><strong>non</strong></span> <span class='ocrx_word' id='word_1_681' title='bbox 2535 4949 2670 5003; x_wconf 87' lang='lat' dir='ltr'><strong>satis</strong></span> <span class='ocrx_word' id='word_1_682' title='bbox 2700 4957 3008 5006; x_wconf 84' lang='lat' dir='ltr'><strong>emendate.</strong></span> 
     </span>
    </p>
   </div>
   <div class='ocr_carea' id='block_1_115' title="bbox 1983 5017 3484 5093">
    <p class='ocr_par' dir='ltr' id='par_1_115' title="bbox 1983 5017 3484 5093">
     <span class='ocr_line' id='line_1_117' title="bbox 1983 5017 3484 5093; baseline 0.003 -22"><span class='ocrx_word' id='word_1_683' title='bbox 1983 5017 2005 5047; x_wconf 87' lang='grc'><strong>⁸</strong></span> <span class='ocrx_word' id='word_1_684' title='bbox 2038 5018 2203 5073; x_wconf 84' lang='lat' dir='ltr'><strong>Iidem</strong></span> <span class='ocrx_word' id='word_1_685' title='bbox 2240 5022 2367 5093; x_wconf 78' lang='lat' dir='ltr'><strong>libri</strong></span> <span class='ocrx_word' id='word_1_686' title='bbox 2402 5021 2589 5093; x_wconf 80' lang='lat' dir='ltr'><strong>Deum,</strong></span> <span class='ocrx_word' id='word_1_687' title='bbox 2626 5035 2723 5093; x_wconf 83' lang='lat' dir='ltr'><strong>pro</strong></span> <span class='ocrx_word' id='word_1_688' title='bbox 2742 5028 2792 5093; x_wconf 70' lang='lat' dir='ltr'><strong>et</strong></span> <span class='ocrx_word' id='word_1_689' title='bbox 2820 5024 2885 5073; x_wconf 81' lang='lat' dir='ltr'><strong>ad</strong></span> <span class='ocrx_word' id='word_1_690' title='bbox 2906 5020 3208 5093; x_wconf 77' lang='lat' dir='ltr'><strong>hominum.</strong></span> <span class='ocrx_word' id='word_1_691' title='bbox 3237 5022 3484 5093; x_wconf 69' lang='lat' dir='ltr'><strong>Subjnn~</strong></span> 
     </span>
    </p>
   </div>
   <div class='ocr_carea' id='block_1_116' title="bbox 1918 5086 3493 5163">
    <p class='ocr_par' dir='ltr' id='par_1_116' title="bbox 1918 5086 3493 5163">
     <span class='ocr_line' id='line_1_118' title="bbox 1918 5086 3493 5163; baseline 0.003 -24"><span class='ocrx_word' id='word_1_692' title='bbox 1918 5086 1996 5156; x_wconf 82' lang='lat' dir='ltr'><strong>git</strong></span> <span class='ocrx_word' id='word_1_693' title='bbox 2036 5103 2167 5163; x_wconf 52' lang='lat' dir='ltr'><strong>uero</strong></span> <span class='ocrx_word' id='word_1_694' title='bbox 2241 5090 2372 5163; x_wconf 72' lang='lat' dir='ltr'><strong>ltuic</strong></span> <span class='ocrx_word' id='word_1_695' title='bbox 2423 5086 2690 5163; x_wconf 77' lang='lat' dir='ltr'><strong>versiculo</strong></span> <span class='ocrx_word' id='word_1_696' title='bbox 2742 5086 3074 5163; x_wconf 76' lang='lat' dir='ltr'><strong>Veronensis</strong></span> <span class='ocrx_word' id='word_1_697' title='bbox 3146 5086 3493 5163; x_wconf 74' lang='lat' dir='ltr'><strong>Diapsalntu,</strong></span> 
     </span>
    </p>
   </div>
   <div class='ocr_carea' id='block_1_117' title="bbox 1921 5158 3484 5228">
    <p class='ocr_par' dir='ltr' id='par_1_117' title="bbox 1921 5158 3484 5228">
     <span class='ocr_line' id='line_1_119' title="bbox 1921 5158 3484 5228; baseline 0.004 -19"><span class='ocrx_word' id='word_1_698' title='bbox 1921 5158 2143 5225; x_wconf 76' lang='lat' dir='ltr'><strong>quodin</strong></span> <span class='ocrx_word' id='word_1_699' title='bbox 2186 5160 2575 5228; x_wconf 78' lang='lat' dir='ltr'><strong>subsequentis</strong></span> <span class='ocrx_word' id='word_1_700' title='bbox 2622 5159 2730 5213; x_wconf 88' lang='lat' dir='ltr'><strong>line</strong></span> <span class='ocrx_word' id='word_1_701' title='bbox 2789 5169 2951 5215; x_wconf 71' lang='lat' dir='ltr'><strong>tacet.</strong></span> <span class='ocrx_word' id='word_1_702' title='bbox 2988 5161 3195 5215; x_wconf 49' lang='lat' dir='ltr'><strong>Cretera</strong></span> <span class='ocrx_word' id='word_1_703' title='bbox 3246 5158 3311 5217; x_wconf 80' lang='lat' dir='ltr'><strong>de</strong></span> <span class='ocrx_word' id='word_1_704' title='bbox 3335 5179 3484 5217; x_wconf 87' lang='lat' dir='ltr'><strong>more</strong></span> 
     </span>
    </p>
   </div>
   <div class='ocr_carea' id='block_1_118' title="bbox 1921 5229 3477 5301">
    <p class='ocr_par' dir='ltr' id='par_1_118' title="bbox 1921 5229 3477 5301">
     <span class='ocr_line' id='line_1_120' title="bbox 1921 5229 3477 5301; baseline 0.003 -22"><span class='ocrx_word' id='word_1_705' title='bbox 1921 5243 2043 5279; x_wconf 89' lang='lat' dir='ltr'><strong>cum</strong></span> <span class='ocrx_word' id='word_1_706' title='bbox 2074 5229 2403 5295; x_wconf 67' lang='lat' dir='ltr'><strong>Augustino,</strong></span> <span class='ocrx_word' id='word_1_707' title='bbox 2432 5234 2636 5281; x_wconf 82' lang='lat' dir='ltr'><strong>salvum</strong></span> <span class='ocrx_word' id='word_1_708' title='bbox 2673 5246 2752 5283; x_wconf 84' lang='lat' dir='ltr'><strong>me</strong></span> <span class='ocrx_word' id='word_1_709' title='bbox 2771 5233 2914 5300; x_wconf 80' lang='lat' dir='ltr'><strong>fecit,</strong></span> <span class='ocrx_word' id='word_1_710' title='bbox 2948 5246 3047 5301; x_wconf 91' lang='lat' dir='ltr'><strong>pro</strong></span> <span class='ocrx_word' id='word_1_711' title='bbox 3097 5231 3333 5286; x_wconf 74' lang='lat' dir='ltr'><strong>liberavit</strong></span> <span class='ocrx_word' id='word_1_712' title='bbox 3378 5247 3477 5296; x_wconf 86' lang='lat' dir='ltr'><strong>me,</strong></span> 
     </span>
    </p>
   </div>
   <div class='ocr_carea' id='block_1_119' title="bbox 1921 5300 2849 5370">
    <p class='ocr_par' dir='ltr' id='par_1_119' title="bbox 1921 5300 2849 5370">
     <span class='ocr_line' id='line_1_121' title="bbox 1921 5300 2849 5370; baseline 0.004 -21"><span class='ocrx_word' id='word_1_713' title='bbox 1921 5308 2083 5370; x_wconf 75' lang='lat' dir='ltr'><strong>atque</strong></span> <span class='ocrx_word' id='word_1_714' title='bbox 2108 5302 2265 5364; x_wconf 74' lang='lat' dir='ltr'><strong>intra,</strong></span> <span class='ocrx_word' id='word_1_715' title='bbox 2304 5300 2462 5361; x_wconf 88' lang='lat' dir='ltr'><strong>eruit,</strong></span> <span class='ocrx_word' id='word_1_716' title='bbox 2500 5312 2597 5366; x_wconf 89' lang='lat' dir='ltr'><strong>pro</strong></span> <span class='ocrx_word' id='word_1_717' title='bbox 2636 5301 2849 5370; x_wconf 86' lang='lat' dir='ltr'><strong>eripuit.</strong></span> 
     </span>
    </p>
   </div>
   <div class='ocr_carea' id='block_1_120' title="bbox 1979 5365 3493 5439">
    <p class='ocr_par' dir='ltr' id='par_1_120' title="bbox 1979 5365 3493 5439">
     <span class='ocr_line' id='line_1_122' title="bbox 1979 5365 3493 5439; baseline 0.003 -21"><span class='ocrx_word' id='word_1_718' title='bbox 1979 5370 1998 5399; x_wconf 76' lang='grc' dir='ltr'><strong>ο</strong></span> <span class='ocrx_word' id='word_1_719' title='bbox 2028 5365 2335 5423; x_wconf 80' lang='lat' dir='ltr'><strong>Prnnomen</strong></span> <span class='ocrx_word' id='word_1_720' title='bbox 2363 5371 2485 5438; x_wconf 84' lang='lat' dir='ltr'><strong>ipsi,</strong></span> <span class='ocrx_word' id='word_1_721' title='bbox 2520 5371 2664 5437; x_wconf 87' lang='lat' dir='ltr'><strong>quod</strong></span> <span class='ocrx_word' id='word_1_722' title='bbox 2701 5365 2875 5439; x_wconf 65' lang='lat' dir='ltr'><strong>{neque</strong></span> <span class='ocrx_word' id='word_1_723' title='bbox 2907 5373 2961 5426; x_wconf 92' lang='lat' dir='ltr'><strong>in</strong></span> <span class='ocrx_word' id='word_1_724' title='bbox 2988 5371 3174 5426; x_wconf 63' lang='lat' dir='ltr'><strong>Graeco</strong></span> <span class='ocrx_word' id='word_1_725' title='bbox 3224 5380 3327 5433; x_wconf 82' lang='lat' dir='ltr'><strong>est,</strong></span> <span class='ocrx_word' id='word_1_726' title='bbox 3363 5369 3493 5439; x_wconf 12' lang='lat' dir='ltr'><strong>“Ver</strong></span> 
     </span>
    </p>
   </div>
   <div class='ocr_carea' id='block_1_121' title="bbox 1924 5438 3491 5511">
    <p class='ocr_par' dir='ltr' id='par_1_121' title="bbox 1924 5438 3491 5511">
     <span class='ocr_line' id='line_1_123' title="bbox 1924 5438 3491 5511; baseline 0.001 -20"><span class='ocrx_word' id='word_1_727' title='bbox 1924 5454 2147 5495; x_wconf 66' lang='lat' dir='ltr'><strong>ronens.</strong></span> <span class='ocrx_word' id='word_1_728' title='bbox 2188 5454 2299 5511; x_wconf 76' lang='lat' dir='ltr'><strong>ms.</strong></span> <span class='ocrx_word' id='word_1_729' title='bbox 2321 5448 2482 5494; x_wconf 85' lang='lat' dir='ltr'><strong>tacet.</strong></span> <span class='ocrx_word' id='word_1_730' title='bbox 2538 5438 2618 5493; x_wconf 66' lang='lat' dir='ltr'><strong>lix</strong></span> <span class='ocrx_word' id='word_1_731' title='bbox 2650 5438 2958 5511; x_wconf 80' lang='lat' dir='ltr'><strong>Augustino</strong></span> <span class='ocrx_word' id='word_1_732' title='bbox 3014 5452 3197 5495; x_wconf 86' lang='lat' dir='ltr'><strong>autem</strong></span> <span class='ocrx_word' id='word_1_733' title='bbox 3251 5438 3491 5511; x_wconf 69' lang='lat' dir='ltr'><strong>psallens</strong></span> 
     </span>
    </p>
   </div>
   <div class='ocr_carea' id='block_1_122' title="bbox 1922 5510 3486 5583">
    <p class='ocr_par' dir='ltr' id='par_1_122' title="bbox 1922 5510 3486 5583">
     <span class='ocr_line' id='line_1_124' title="bbox 1922 5510 3486 5583; baseline 0.005 -26"><span class='ocrx_word' id='word_1_734' title='bbox 1922 5519 2184 5583; x_wconf 76' lang='lat' dir='ltr'><strong>continuo</strong></span> <span class='ocrx_word' id='word_1_735' title='bbox 2216 5510 2399 5583; x_wconf 67' lang='lat' dir='ltr'><strong>liabet,</strong></span> <span class='ocrx_word' id='word_1_736' title='bbox 2434 5527 2532 5578; x_wconf 88' lang='lat' dir='ltr'><strong>pro</strong></span> <span class='ocrx_word' id='word_1_737' title='bbox 2573 5510 2836 5576; x_wconf 79' lang='lat' dir='ltr'><strong>psalmum</strong></span> <span class='ocrx_word' id='word_1_738' title='bbox 2868 5514 3037 5583; x_wconf 81' lang='lat' dir='ltr'><strong>dicam</strong></span> <span class='ocrx_word' id='word_1_739' title='bbox 3084 5510 3285 5583; x_wconf 82' lang='lat' dir='ltr'><strong>(neque</strong></span> <span class='ocrx_word' id='word_1_740' title='bbox 3330 5512 3486 5565; x_wconf 60' lang='lat' dir='ltr'><strong>addit</strong></span> 
     </span>
    </p>
   </div>
   <div class='ocr_carea' id='block_1_123' title="bbox 1927 5581 3492 5650">
    <p class='ocr_par' dir='ltr' id='par_1_123' title="bbox 1927 5581 3492 5650">
     <span class='ocr_line' id='line_1_125' title="bbox 1927 5581 3492 5650; baseline 0.001 -21"><span class='ocrx_word' id='word_1_741' title='bbox 1927 5581 2149 5634; x_wconf 77' lang='lat' dir='ltr'><strong>l-lomiuo</strong></span> <span class='ocrx_word' id='word_1_742' title='bbox 2171 5581 2337 5649; x_wconf 77' lang='lat' dir='ltr'><strong>priori</strong></span> <span class='ocrx_word' id='word_1_743' title='bbox 2370 5584 2510 5649; x_wconf 74' lang='lat' dir='ltr'><strong>loco)</strong></span> <span class='ocrx_word' id='word_1_744' title='bbox 2537 5597 2552 5646; x_wconf 86' lang='lat'><strong>;</strong></span> <span class='ocrx_word' id='word_1_745' title='bbox 2586 5591 2697 5633; x_wconf 86' lang='lat' dir='ltr'><strong>tum</strong></span> <span class='ocrx_word' id='word_1_746' title='bbox 2726 5583 2777 5634; x_wconf 89' lang='lat' dir='ltr'><strong>iu</strong></span> <span class='ocrx_word' id='word_1_747' title='bbox 2802 5581 3038 5650; x_wconf 80' lang='lat' dir='ltr'><strong>gentibus</strong></span> <span class='ocrx_word' id='word_1_748' title='bbox 3065 5595 3163 5647; x_wconf 85' lang='lat' dir='ltr'><strong>pro</strong></span> <span class='ocrx_word' id='word_1_749' title='bbox 3188 5581 3326 5637; x_wconf 77' lang='lat' dir='ltr'><strong>inter</strong></span> <span class='ocrx_word' id='word_1_750' title='bbox 3354 5597 3492 5650; x_wconf 66' lang='lat' dir='ltr'><strong>gen~</strong></span> 
     </span>
    </p>
   </div>
   <div class='ocr_carea' id='block_1_124' title="bbox 1924 5650 3495 5719">
    <p class='ocr_par' dir='ltr' id='par_1_124' title="bbox 1924 5650 3495 5719">
     <span class='ocr_line' id='line_1_126' title="bbox 1924 5650 3495 5719; baseline 0.006 -18"><span class='ocrx_word' id='word_1_751' title='bbox 1924 5659 2020 5705; x_wconf 84' lang='lat' dir='ltr'><strong>tes.</strong></span> <span class='ocrx_word' id='word_1_752' title='bbox 2063 5650 2258 5703; x_wconf 79' lang='lat' dir='ltr'><strong>Verum</strong></span> <span class='ocrx_word' id='word_1_753' title='bbox 2296 5651 2535 5707; x_wconf 80' lang='lat' dir='ltr'><strong>librariis</strong></span> <span class='ocrx_word' id='word_1_754' title='bbox 2594 5659 2761 5719; x_wconf 74' lang='lat' dir='ltr'><strong>atque</strong></span> <span class='ocrx_word' id='word_1_755' title='bbox 2802 5652 3241 5717; x_wconf 69' lang='lat' dir='ltr'><strong>ortliograplticis</strong></span> <span class='ocrx_word' id='word_1_756' title='bbox 3273 5652 3495 5709; x_wconf 67' lang='lat' dir='ltr'><strong>inet-dis</strong></span> 
     </span>
    </p>
   </div>
   <div class='ocr_carea' id='block_1_125' title="bbox 1927 5721 3166 5791">
    <p class='ocr_par' dir='ltr' id='par_1_125' title="bbox 1927 5721 3166 5791">
     <span class='ocr_line' id='line_1_127' title="bbox 1927 5721 3166 5791; baseline -0.001 -17"><span class='ocrx_word' id='word_1_757' title='bbox 1927 5733 2117 5785; x_wconf 70' lang='lat' dir='ltr'><strong>scatet,</strong></span> <span class='ocrx_word' id='word_1_758' title='bbox 2144 5735 2281 5791; x_wconf 76' lang='lat' dir='ltr'><strong>quas</strong></span> <span class='ocrx_word' id='word_1_759' title='bbox 2306 5723 2444 5775; x_wconf 84' lang='lat' dir='ltr'><strong>scire</strong></span> <span class='ocrx_word' id='word_1_760' title='bbox 2480 5726 2734 5776; x_wconf 75' lang='lat' dir='ltr'><strong>lectorem</strong></span> <span class='ocrx_word' id='word_1_761' title='bbox 2768 5722 2898 5773; x_wconf 73' lang='lat' dir='ltr'><strong>nihil</strong></span> <span class='ocrx_word' id='word_1_762' title='bbox 2938 5721 3166 5779; x_wconf 71' lang='lat' dir='ltr'><strong>interest</strong></span> 
     </span>
    </p>
   </div>
  </div>
