3898 6172
330 307 428 372 231

393 419 698 490 Conﬁtebor
725 418 818 472 tibi
851 415 904 468 in
965 409 1192 482 populis,
1247 405 1473 460 Domine
1543 419 1560 456 :

325 513 590 586 psalmum
624 506 907 562 dicamtibi
945 501 1279 572 ingentibus.

387 605 646 670 Quoniam
677 595 1014 666 magniﬁcata
1046 599 1122 644 est
1151 603 1314 659 usque
1349 587 1418 638 ad
1475 583 1628 638 caelos
1691 579 1898 634 miseri-

329 697 511 749 cordia
539 704 630 746 tua
665 707 683 746 :
723 697 770 741 et
807 699 966 754 usque
998 683 1066 736 ad
1096 681 1252 734 nubes
1283 679 1476 732 ueritas
1502 685 1614 727 tua.

395 784 652 838 Exaltare
681 794 836 846 super
858 775 1034 838 caelos,
1067 773 1204 826 Deus
1239 787 1258 824 :
1299 784 1358 824 ἀρ
1386 778 1432 820 et
1463 768 1485 834 1
1519 781 1674 834 super
1693 776 1899 817 onmem

332 886 530 930 terram
559 872 733 943 gloria
762 878 880 922 tua.

1233 295 1288 357 S.
1329 287 1766 352 HIERONYMI
1810 283 2078 344 DIVINA
2123 279 2662 340 BIBLIOTHECA.

1627 413 1686 454 -t-
1740 411 1785 453 et
1813 399 1828 430 ¹
1864 397 1885 465 1
1917 405 1968 466 Α
2061 393 2374 448 Conlitebor
2399 393 2495 448 tibi
2531 395 2582 446 in
2617 387 2852 460 populis,
2905 382 3134 440 Domine
3176 399 3189 436 ε
3219 389 3274 436 et
3301 379 3584 450 psalmum

2003 487 2180 540 dicam
2215 485 2312 538 libi
2348 485 2492 538 inter
2528 493 2744 552 gentes.

3459 261 3578 326 232

2073 575 2340 642 Quoniam
2378 573 2724 643 magniﬁcam
2785 580 2870 624 cst
2899 583 3070 639 usque
3097 567 3163 622 ad
3211 564 3378 620 cmlos
3411 565 3589 616 mise-

2005 665 2244 720 ricordia
2277 673 2368 716 tua
2409 681 2422 716 :
2457 672 2514 716 et
2543 677 2717 729 usque
2747 663 2812 714 ait
2839 661 3010 714 nubes
3033 657 3246 714 veritas
3283 663 3394 707 tua.

2081 756 2330 810 Exaltare
2387 771 2556 822 super
2615 753 2810 814 coelcs,
2849 751 2992 806 Deus
3025 759 3124 806 :et
3161 761 3329 816 super
3361 757 3592 798 omnem

2009 857 2212 904 terram
2235 846 2406 916 gloria
2445 854 2557 899 tua.

1663 1013 2018 1076 PSALMUS
2062 1011 2244 1071 LVII.

671 1155 738 1194 NE
780 1146 1086 1196 DISPEBDAS,
1149 1149 1304 1186 DAVID
1346 1147 1397 1184 IN
1471 1144 1652 1184 'I'ITL'LI
1709 1141 1904 1182 INSCBI-

1017 1219 1233 1258 PTIONE.

332 1157 386 1201 IN
429 1156 614 1206 FINEI,

401 1326 463 1382 Si
489 1341 604 1380 vere
636 1323 813 1393 utique
839 1321 1104 1391 justitiam
1140 1315 1412 1386 loquimini
1442 1329 1458 1366 :
1485 1321 1623 1365 recta
1653 1311 1903 1375 iudicate,

335 1419 436 1487 filii
463 1419 754 1473 hominum.

409 1508 618 1560 Etenim
649 1507 702 1558 in
733 1507 886 1558 corde
935 1503 1241 1571 iniquitates
1289 1495 1586 1566 operamini
1643 1494 1696 1546 in
1721 1501 1907 1544 terra:

339 1598 634 1668 injustitias
663 1612 848 1648 manus
875 1603 1058 1646 vestra:
1084 1595 1422 1644 concinnant.

2017 1139 2066 1176 IN
2123 1138 2298 1185 FINEII,
2355 1137 2420 1174 ΝΕ
2449 1133 2756 1180 υιςιτειιωις,
2805 1131 2960 1170 ωνιι)
2990 1115 3010 1144 ⁸
3065 1129 3114 1167 IN
3153 1129 3330 1168 TITULI
3383 1126 3598 1166 lN‘CR’.‘

2703 1203 2914 1240 PTIUNE.

2077 1303 2132 1356 Si
2161 1318 2286 1356 vere
2307 1301 2493 1370 utique
2511 1299 2776 1371 justitiam
2801 1297 3088 1366 loquimini
3115 1313 3129 1350 :
3153 1296 3296 1366 justa
3319 1294 3599 1366 judicale.

2017 1391 2110 1444 ﬁlii
2145 1390 2446 1444 hominum.

2083 1481 2297 1534 Etenim
2327 1481 2381 1532 in
2407 1479 2570 1533 corde
2593 1477 2914 1546 iniquitates
2946 1473 3254 1543 Operamini
3296 1474 3352 1528 in
3393 1480 3538 1526 terra
3581 1487 3602 1529 :

2019 1572 2336 1640 iniquitates
2365 1585 2560 1624 manus
2593 1579 2791 1624 vestra:
2817 1567 3172 1622 concinnant.

413 1689 644 1743 Alienati
676 1696 794 1739 sunt
836 1694 1134 1752 peccatores
1191 1699 1224 1736 α
1271 1680 1448 1742 vulva,
1508 1683 1816 1730 erraverunt
1845 1671 1908 1724 ab
1945 1664 1982 1716 Β
2083 1664 2317 1718 Alienati
2354 1673 2480 1716 sum
2509 1671 2827 1730 peccatores
2857 1657 2924 1712 ab
2959 1669 3140 1719 utero.
3193 1663 3522 1712 erraverunt
3559 1668 3598 1707 ει

349 1789 493 1833 u’ero
526 1795 544 1833 :
583 1779 744 1834 locuti
773 1785 892 1830 sunt
919 1777 1076 1845 falsa.

417 1867 593 1922 Furor
621 1870 726 1921 illis
753 1869 1040 1920 secundum
1073 1863 1469 1918 similitudinem
1492 1860 1742 1926 serpentis
1770 1873 1788 1909 :
1814 1857 1918 1910 sic-

361 1973 419 2016 ut
458 1962 656 2026 aspidis
683 1963 880 2022 surdas,
924 1969 971 2012 et
999 1957 1292 2010 obturantis
1321 1957 1340 1984 ’
1375 1969 1528 2006 aures
1560 1969 1708 2006 suas.

420 2052 548 2116 Qum
581 2068 681 2103 non
710 2051 952 2103 exaudiet
977 2067 1149 2104 uocem
1179 2051 1592 2108 incantantium,
1623 2054 1670 2095 et
1705 2042 1916 2108 veneﬁci

345 2141 673 2194 incantantis
705 2141 994 2208 sapienter.

425 2231 558 2284 Dens
599 2241 826 2284 canteret
869 2233 1058 2283 dentes
1087 2246 1270 2285 eorum
1297 2230 1348 2283 in
1377 2243 1466 2280 ore
1489 2228 1722 2296 ipsorum
1757 2240 1775 2276 :
1807 2239 1914 2276 mo-

353 2321 432 2376 las
459 2322 668 2374 leonum
700 2322 993 2391 confringet
1035 2321 1304 2372 Dominus.

419 2416 496 2466 Ad
531 2413 754 2466 nihilum
781 2415 1053 2466 devenient
1107 2421 1360 2481 tanquam
1413 2427 1552 2478 aqua
1593 2409 1874 2462 decurrens
1901 2421 1920 2457 :

351 2508 574 2560 intendit
606 2523 790 2560 arcum
821 2521 972 2558 suum
1003 2507 1165 2558 donec
1189 2505 1538 2572 inﬁrmentur.
1755 2493 1768 2506 ’

419 2599 569 2654 Sicut
601 2615 716 2652 cera
751 2614 867 2668 qua:
893 2599 1028 2666 ﬂuit.
1057 2597 1364 2666 auferentur
1395 2608 1413 2646 :
1441 2606 1504 2648 -ι-
1546 2607 1702 2658 super
1737 2591 1759 2657 1
1786 2589 1923 2642 ceci-

351 2693 426 2746 dit
459 2692 620 2760 ignis,
653 2691 829 2742 et'non
855 2689 1100 2742 uiderunt
1140 2686 1324 2740 solem.

423 2781 738 2850 Priusquam
771 2779 1120 2848 intelligerent
1157 2778 1324 2846 spinae
1355 2785 1534 2828 vestrm
1589 2775 1872 2826 rliamnum
1899 2783 1916 2820 :

352 2873 482 2926 sicut
519 2877 760 2936 viventes,
791 2873 864 2924 sic
889 2872 1038 2922 inira
1061 2869 1291 2922 absorbet
1322 2883 1430 2920 eos.

2021 1763 2209 1808 ventre
2249 1768 2262 1806 :
2299 1753 2465 1806 locuti
2503 1759 2632 1806 sunt
2665 1750 2822 1803 falsa.

2101 1845 2184 1899 lra
2250 1845 2356 1898 illis
2408 1843 2722 1898 secundum
2755 1843 2775 1873 ⁵
2815 1841 3230 1895 similitudinem
3295 1835 3606 1904 serpentis.

2020 1937 2160 1990 sicut
2183 1937 2390 2004 aspidis
2432 1936 2630 1996 surdae.
2663 1933 3039 1988 etobturantis
3065 1945 3228 1985 aures
3259 1944 3386 1984 suas
3425 1943 3441 1982 :
3473 1942 3613 1994 quia:

2021 2043 2130 2082 non
2161 2028 2424 2082 exaudiet.
2475 2042 2662 2080 vocem
2721 2025 3148 2088 incantantium,
3215 2031 3273 2074 et
3333 2018 3610 2074 veneﬁcia

2022 2135 2144 2192 quae
2171 2121 2520 2174 incantantur
2569 2135 2598 2173 a
2635 2120 2903 2188 sapiente.

2091 2211 2234 2266 Deus
2279 2219 2530 2264 conteret
2610 2211 2806 2264 dentes
2835 2223 3026 2264 eorum
3075 2211 3128 2260 in
3161 2221 3260 2259 ore
3305 2203 3552 2273 ipsorum
3593 2215 3612 2253 :

2025 2305 2197 2358 molas
2221 2303 2442 2357 leonum
2475 2301 2786 2372 confringet
2817 2301 3100 2355 Dominus.

2092 2396 2174 2448 Ad
2211 2395 2444 2448 nihilum
2507 2394 2807 2448 devenient
2867 2393 3012 2446 velut
3067 2405 3208 2459 aqua
3243 2389 3546 2442 decurrens
3593 2401 3612 2439 :

2027 2487 2264 2542 intendit
2285 2501 2472 2539 arcum
2499 2499 2660 2540 suum
2687 2484 2862 2538 donec
2893 2483 3265 2538 inﬁrmentur.

2099 2575 2252 2630 Sicut
2287 2591 2416 2630 cera
2447 2573 2748 2643 liquefacta
2787 2571 3109 2626 auferentur
3151 2587 3166 2626 :
3197 2582 3362 2638 super
3385 2579 3480 2620 eos
3501 2577 3612 2620 cc-

2029 2669 2164 2724 cidit
2195 2667 2359 2737 ignis,
2385 2677 2438 2721 et
2463 2682 2571 2720 non
2607 2667 2866 2720 viderunt
2889 2665 3081 2720 solem.

2099 2763 2427 2832 Priusquam
2463 2762 2735 2832 producat
2782 2761 2970 2829 spinas
3040 2765 3248 2811 vestras
3283 2753 3550 2807 rbamnus
3591 2765 3614 2808 :

2031 2857 2172 2912 sicut
2200 2857 2470 2922 viventes,
2503 2853 2664 2909 sicin
2691 2853 2771 2906 ira
2803 2850 3062 2905 absorbet
3095 2861 3210 2902 eos.

411 2963 704 3016 Lwtabitur
733 2965 934 3032 justus,
965 2979 1084 3016 cum
1115 2961 1304 3014 uiderit
1361 2959 1650 3012 vindictam
1673 2973 1692 3012 :
1739 2971 1924 3008 manus
1953 2987 1996 3046 ο
2097 2951 2394 3007 Laetabitur
2419 2953 2624 3022 justus,
2659 2963 2784 3004 cum
2823 2945 3020 3000 viderit
3055 2942 3350 2998 vindictam
3401 2939 3614 3008 impio-

354 3071 481 3110 suas
512 3055 702 3108 levabit
726 3057 782 3108 in
810 3057 1062 3124 sanguine
1100 3054 1409 3123 peccatoris.

423 3145 493 3197 Et
517 3147 646 3198 dicet
671 3147 822 3198 homo
851 3163 868 3198 :
893 3145 952 3198 Si
989 3146 1167 3213 utique
1187 3153 1262 3196 est
1289 3143 1494 3211 fructus
1521 3143 1668 3212 justo
1699 3158 1720 3196 .'
1753 3143 1926 3210 utique

358 3244 432 3292 est
469 3233 608 3287 Deus
633 3234 886 3298 judicans
919 3248 980 3290 οε-
1019 3251 1106 3287 eos
1141 3233 1164 3301 1
1201 3235 1254 3286 in
1301 3241 1466 3286 terra.

2035 3060 2156 3100 rum
2199 3058 2214 3099 :
2245 3059 2436 3098 manus
2465 3056 2592 3097 suas
2621 3040 2825 3095 lavabit
2857 3039 2910 3092 in
2934 3037 3202 3106 sanguine
3229 3041 3614 3103 peccatorum.

2093 3137 2162 3193 Et
2185 3137 2331 3192 dicet
2359 3137 2524 3191 homo
2562 3151 2578 3192 :
2613 3133 2668 3188 Si
2701 3135 2887 3202 utique
2921 3141 3004 3186 est
3035 3131 3248 3184 fructus
3275 3127 3424 3198 justo
3453 3142 3470 3184 :
3501 3125 3622 3180 uti-

2035 3243 2142 3299 que
2178 3238 2264 3284 est
2297 3227 2440 3282 Deus
2471 3227 2724 3296 judicans
2747 3239 2841 3280 eos
2865 3223 2920 3278 in
2953 3231 3120 3278 terra.

1675 3387 2026 3449 PSALMUS
2089 3389 2240 3447 LVII
2259 3389 2302 3448 l.

359 3523 412 3562 IN
449 3519 628 3566 ΡΙΝΕΜ,
659 3517 724 3556 NE
747 3516 1049 3564 DISPERDAS,
1067 3515 1222 3554 ωνιθ
1250 3516 1298 3554 IN
1329 3515 1500 3552 TITULI
1535 3513 1926 3560 INSCRIP'I'IONE,

431 3589 634 3638 QUANDO
666 3588 804 3624 IllalT
843 3589 995 3634 SAUL,
1027 3587 1090 3623 ΕΤ
1123 3585 1432 3624 ευετυῡινιτ
1467 3582 1646 3622 ῡοηυιι
1679 3582 1817 3630 ειυς,
1851 3582 1920 3620 UT

429 3660 538 3700 EUI
581 3657 989 3696 ltNTBRFlCBi‘uET.

433 3757 594 3828 Eripe
623 3773 700 3811 me
723 3757 786 3810 de
805 3756 1032 3809 inimicis
1073 3754 1223 3817 meis,
1249 3751 1384 3806 Deus
1419 3765 1562 3804 meus
1589 3750 1608 3780 ³
1642 3763 1660 3802 :
1689 3758 1736 3803 et
1761 3749 1821 3802 ab
1843 3749 1930 3802 in-

361 3851 685 3919 surgentibus
725 3849 778 3900 in
811 3863 888 3900 me
926 3846 1091 3900 libera
1131 3861 1230 3898 me.

437 3943 592 4009 Eripe
624 3957 703 3993 me
733 3939 793 3992 de
819 3937 1157 4008 operantibus
1201 3937 1537 4006 iniquitatem
1579 3952 1597 3988 :
1625 3943 1670 3986 et
1699 3935 1760 3986 de
1805 3931 1932 3986 viris

365 4036 680 4102 sanguinum
704 4032 852 4086 salva
883 4046 984 4087 me.

439 4127 575 4192 Quia
616 4142 728 4180 ecce
761 4131 1012 4191 ceperunt
1062 4124 1298 4175 animam
1329 4135 1498 4174 meam
1539 4119 1849 4172 :irruerunt
1881 4118 1936 4169 in

368 4238 448 4275 me
484 4221 662 4290 fortes.

435 4313 615 4382 Neque
638 4309 888 4380 iniquitas
903 4323 1038 4372 mea,
1087 4321 1252 4376 neque
1279 4312 1552 4374 peccatum
1591 4305 1797 4366 meum,‘
1824 4301 1936 4356 Do-

367 4407 507 4460 mine
534 4422 553 4460 :
593 4406 704 4458 sine
743 4403 1024 4471 iniquitate
1049 4399 1279 4466 cucurri,
1311 4409 1358 4452 et
1391 4397 1584 4450 direxi.

449 4560 464 4589 ¹
501 4559 722 4612 ltectius
754 4557 954 4611 iterum
1009 4555 1288 4610 Palatinus
1347 4569 1450 4610 ms.
1487 4553 1706 4610 obelum
1737 4553 1938 4621 ipsam-

369 4645 477 4698 que
509 4639 552 4680 et
586 4637 836 4680 vncutam
871 4627 1262 4698 pra'termittit.

445 4699 748 4752 2Secundis
781 4693 930 4749 curis
981 4697 1034 4748 in
1101 4697 1287 4746 eodem
1347 4709 1452 4746 ms.
1493 4693 1818 4760 Iobdurantis
1859 4709 1944 4748 re-

375 4769 638 4833 scriptum
663 4777 767 4828 est,
811 4767 988 4817 mimis
1028 4779 1175 4818 vere.
1213 4764 1329 4833 Ipse
1355 4773 1538 4815 autem
1577 4764 1943 4832 Hieronymus

373 4841 426 4890 in
463 4838 611 4889 Isaia:
659 4851 778 4903 cap.
818 4847 876 4886 ιιι
913 4835 1038 4901 legit
1071 4849 1192 4886 mox
1227 4833 1387 4902 paulo
1419 4833 1619 4885 aliter:
1659 4835 1787 4896 Qua:
1841 4851 1942 4886 non

371 4907 580 4959 eauudit
615 4921 786 4957 vocem
824 4906 1233 4968 incantantium,
1291 4915 1338 4956 et
1367 4903 1576 4969 vene/lci
1632 4903 1942 4956 medicantis

371 4979 656 5040 sapienter.
695 4975 862 5027 Porro
897 4975 948 5026 in
977 4977 1078 5028 line
1112 4975 1500 5044 subsequentis
1547 4973 1805 5026 versiculi
1845 4975 1942 5026 ad-

372 5047 444 5098 dit
481 5047 620 5096 idem
649 5061 747 5096 ius.
785 5044 1114 5112 Dinpsalma.

447 5115 468 5144 ³
504 5115 645 5186 \‘eru
682 5127 943 5186 pramotst
997 5115 1228 5168 Palatin.
1278 5129 1375 5166 ms.
1416 5131 1718 5186 pronomen
1777 5131 1941 5174 meus,

370 5185 514 5253 quod
549 5201 722 5252 neque
753 5186 805 5237 in
841 5185 1029 5238 Graeco
1063 5187 1284 5252 quidem
1319 5197 1422 5250 est,
1456 5203 1524 5241 ex
1568 5185 1796 5240 Hebraeo
1843 5201 1944 5238 au-

374 5267 478 5308 tem
513 5266 784 5323 utcunque
809 5265 981 5321 potest
1008 5257 1222 5308 excudi.

447 5325 469 5355 ⁸
491 5326 838 5378 (inluxit-nter
869 5324 1192 5378 Veronensis
1220 5328 1494 5378 liberrum
1518 5323 1840 5392 Augustino,
1865 5323 1945 5376 Ne

372 5409 682 5464 corrumpas
725 5397 823 5462 ipsi
859 5396 1049 5456 Dauid,
1108 5407 1213 5449 clc.
1277 5397 1330 5448 In
1361 5407 1542 5446 textus
1577 5397 1742 5461 priori
1778 5411 1937 5446 versu

373 5477 532 5526 recte,
581 5471 901 5534 Augustitn,
941 5479 1106 5526 t‘cctu,
1160 5483 1254 5533 pro
1297 5473 1444 5530 justa
1495 5469 1682 5530 legunt
1729 5479 1740 5516 :
1781 5473 1942 5534 paulo

373 5548 488 5602 pOst
523 5533 859 5601 connectunt,
892 5553 989 5605 pro
1009 5539 1343 5600 concimtant,
1385 5548 1438 5588 et
1475 5553 1506 5588 a
1537 5538 1710 5595 vulva,
1753 5551 1848 5602 pro
1876 5533 1937 5584 ab

373 5615 542 5657 utero.

441 5678 462 5707 ⁵
499 5679 556 5730 lu
585 5677 795 5742 iisdem,
844 5677 1147 5746 lndiqnatio
1187 5678 1256 5728 eis
1289 5673 1590 5742 secundum,
1641 5683 1774 5736 etc,
1811 5689 1936 5728 cor-

2035 3515 2086 3550 IN
2125 3514 2310 3563 “seu,
2337 3513 2402 3552 ne
2429 3513 2710 3554 DISPERDAS
2742 3502 2782 3565 ε,
2810 3515 2970 3553 υλγιι)
2999 3513 3050 3553 IN
3079 3511 3256 3552 τιτυιι
3283 3509 3622 3553 tuscutrrto-

2107 3585 2194 3631 NE,
2241 3583 2451 3630 QUANDO
2514 3585 2662 3624 HISIT
2723 3585 2875 3632 SAUL,
2943 3583 3012 3624 ΕΤ
3059 3582 3372 3624 ευετοωνιτ
3419 3581 3613 3622 ΒΟΙυΙΙ

2097 3655 2237 3704 EJUS,
2267 3655 2332 3692 UT
2358 3655 2463 3692 ΕΒΗ
2501 3655 2898 3694 INTERFICEBET.

2099 3749 2257 3819 Eripe
2284 3765 2370 3804 me
2401 3751 2468 3804 de
2509 3751 2748 3806 inimicis
2805 3752 2964 3818 meis,
3019 3753 3159 3809 Deus
3217 3766 3369 3807 meus
3397 3761 3491 3810 :et
3529 3751 3610 3807 ab

2043 3842 2452 3908 insurgentibus
2476 3842 2528 3894 in
2559 3857 2648 3896 tne
2674 3844 2844 3896 libera
2875 3859 2980 3898 me.

2111 3933 2275 4002 Eripe
2305 3949 2388 3990 me
2429 3935 2496 3988 dc
2525 3937 2880 4004 operantibus
2909 3937 3255 4005 iniquitatem
3295 3955 3310 3992 :
3341 3949 3398 3993 et
3429 3937 3498 3992 de
3523 3937 3614 3992 vi-

2043 4027 2118 4080 ris
2145 4026 2470 4094 sanguinum
2517 4026 2666 4080 salva
2691 4041 2798 4082 me.
3379 4033 3393 4044 ‘

2117 4116 2252 4182 Quia
2281 4129 2406 4170 ecce
2437 4125 2854 4185 aucupaverunt
2907 4118 3145 4172 animam
3167 4133 3337 4172 meam
3373 4133 3390 4172 :
3425 4119 3614 4173 irrue-

2047 4221 2176 4266 runt
2201 4214 2258 4269 in
2293 4229 2380 4269 me
2443 4215 2618 4296 fortes
2648 4231 2662 4269 :
2692 4231 2870 4284 neque
2921 4217 3178 4285 iniquitas
3231 4231 3370 4284 mea,
3437 4232 3624 4286 neque

2047 4317 2332 4378 peccatum
2365 4323 2570 4370 meum,
2603 4309 2850 4364 Domine.

1971 4411 2014 4466 ῐ)
2116 4403 2246 4456 Sine
2273 4402 2562 4470 iniquitate
2623 4403 2876 4464 cucurri,
2928 4411 2985 4455 et
3025 4401 3344 4472 dirigebar:
3383 4417 3622 4474 exsurge

2043 4569 2223 4626 ruptc.
2259 4557 2732 4620 Veronens.,sicut
2761 4575 2778 4612 :
2805 4565 2918 4610 tum
2955 4573 3064 4610 uno
3103 4572 3399 4618 consensu,
3429 4567 3478 4611 et
3509 4575 3624 4611 me-

2043 4629 2325 4681 dicamenti
2361 4630 2612 4680 medicati
2645 4645 2674 4678 a
2705 4627 2966 4694 sapiente.
3023 4627 3158 4680 Deus
3201 4629 3444 4680 contrivit
3493 4629 3624 4681 den-

2048 4709 2144 4762 tes,
2180 4707 2331 4764 etc.1;
2356 4709 2432 4758 et,
2451 4697 2699 4766 confregit
2725 4697 2996 4750 Dominus.
3017 4697 3342 4766 Spernentur
3359 4708 3624 4762 tanquam

2052 4785 2217 4836 aqua,
2247 4779 2351 4820 etc.
2403 4769 2579 4834 Atque
2637 4771 2860 4830 iterum,
2897 4768 3242 4836 supet'cecidit
3286 4769 3440 4834 ignis.
3505 4783 3618 4823 non

2045 4839 2328 4904 interiecto
2353 4853 2436 4888 eos
2461 4837 2802 4902 pronomine,
2825 4849 2880 4890 ct
2909 4853 3053 4895 mox,
3085 4853 3340 4904 tanquam
3367 4839 3618 4900 viventes,

2047 4917 2302 4972 tanquam
2333 4907 2386 4956 in
2439 4909 2520 4958 ira
2579 4907 2826 4958 combibet
2854 4922 2960 4960 eos.
3006 4906 3231 4960 Demum
3274 4909 3328 4958 in
3360 4909 3624 4972 sanguine

2045 4979 2355 5046 peccaturis,
2415 4991 2510 5046 pro
2542 4984 2894 5044 peccatorum.
2953 4975 3132 5046 Unum
3189 4976 3242 5029 in
3303 4977 3388 5030 his
3449 4985 3624 5046 atque

2045 5045 2278 5098 alterum
2339 5045 2684 5100 manifestum
2743 5046 2949 5100 codicis
2985 5045 3316 5100 Veronensis
3389 5045 3626 5116 σφάλμα

2045 5129 2334 5182 prunerco.

2120 5185 2139 5216 ⁶
2179 5187 2248 5236 in:
2287 5201 2435 5238 more
2469 5185 2798 5254 Augustinus
2821 5195 2876 5240 et
2899 5186 3192 5240 Veronens.
3225 5201 3352 5248 ms.,
3407 5203 3472 5238 ne
3501 5203 3624 5239 cor-

2047 5271 2260 5321 rumpas
2292 5257 2388 5324 ipsi
2425 5256 2625 5320 David;
2662 5266 2770 5308 tum
2813 5271 2950 5309 unus
2979 5257 3298 5318 Veronens.,
3353 5265 3402 5308 et
3441 5269 3622 5309 custo-

2045 5327 2177 5378 dicit
2217 5325 2381 5379 Dauid
2405 5331 2640 5390 domum,
2671 5337 2747 5386 ut.
2783 5327 3036 5396 (itemqui
3075 5338 3130 5380 et
3189 5327 3365 5396 primo
3427 5329 3616 5380 statim

2049 5411 2206 5466 versu
2237 5413 2533 5462 pronomen
2587 5412 2732 5448 meus
2785 5397 2862 5466 τῷ
2901 5395 3042 5448 Deus
3089 5395 3195 5449 non
3249 5396 3422 5458 addit,
3461 5397 3622 5463 juxta

2046 5465 2315 5518 Graecum.
2350 5467 2616 5519 (lanarum
2639 5469 2689 5518 in
2733 5465 2882 5520 textu
2907 5483 3048 5526 erue,
3091 5481 3188 5533 pro
3209 5468 3368 5532 eripe,
3397 5476 3454 5519 et
3501 5467 3620 5519 sal-

2049 5551 2166 5586 rnm
2202 5553 2278 5584 me
2305 5545 2410 5603 fur,
2439 5553 2532 5604 μ’.)
2554 5537 2698 5589 silva
2741 5555 2840 5592 me.
2867 5551 2920 5590 et
2951 5538 3120 5590 renati
3141 5546 3286 5598 sunt,
3321 5553 3420 5604 pro
3447 5553 3622 5589 aucu-

2049 5618 2332 5686 puretunt,
2360 5619 2416 5660 «ει,
2449 5625 2605 5674 super
2647 5626 2724 5661 me
2761 5615 2918 5676 fortes
2947 5623 3043 5676 pro
3073 5607 3128 5659 in
3161 5623 3262 5669 me,
3294 5617 3426 5673 etc.,
3487 5621 3625 5660 cou-

2053 5678 2291 5729 tiuemer
2317 5678 2472 5746 juxta
2504 5681 2884 5746 Augustinum.
