3898 6172
435 369 472 432 2
482 371 546 433 ’ῖ9

1331 366 1394 426 S.
1435 361 1878 424 IIIERONYMI
1923 358 2190 421 DIVINA
2232 352 2765 417 BIBLIOTIIECA.

3595 340 3703 403 210

511 481 688 536 Sitiuit
723 495 778 536 -ι-
812 481 864 534 in
901 481 920 545 ζ
955 491 1001 531 lc
1035 477 1218 530 anima
1251 490 1330 528 me
1355 476 1370 505 '
1407 491 1426 528 :
1454 491 1611 545 quam
1651 472 2016 542 multipliciter
2047 481 2090 534 Α
2194 467 2378 524 Sitivit
2408 467 2461 521 in
2495 475 2547 521 te
2577 467 2758 520 anima
2798 478 2913 517 mea
2948 479 2960 515 :
2997 474 3158 531 quam
3191 457 3571 528 multipliciter
3601 460 3702 513 tibi

441 574 536 627 tibi
562 591 687 628 caro
721 591 834 626 mea
871 587 888 623 .·

514 665 575 719 1η
610 668 674 732 ΒΞ(
702 674 843 717 terra
877 665 899 732 ζ
933 664 1163 722 deserta,
1202 670 1249 714 et
1278 661 1441 722 invia,
1479 659 1825 726 etinaquosa,
1847 659 1923 709 sic
1963 657 2017 708 in

372 803 381 822 ._
440 771 624 815 sancto
674 757 901 825 apparui
943 755 1054 815 tibi.
1106 763 1162 807 ut
1217 753 1442 807 uiderent
1512 749 1750 804 virtutem
1782 759 1927 801 tuam
1969 754 2020 799 et

442 849 671 918 gloriam
699 855 872 898 luant.

511 935 773 1000 Quoniam
799 933 982 984 melior
1016 939 1091 983 est
1122 928 1483 983 misericordia
1508 936 1601 980 tua
1641 942 1800 993 super
1825 927 1958 980 vitas
1997 941 2014 978 :

441 1026 581 1077 labia
613 1037 726 1075 mea
767 1019 1064 1075 laudabunt
1099 1029 1168 1074 te.

385 1126 404 1178 j
515 1112 606 1166 Sic
632 1110 936 1163 benedicant
979 1117 1026 1163 te
1057 1112 1111 1162 in
1143 1109 1250 1162 vita
1282 1125 1396 1163 mea
1424 1122 1442 1162 :
1472 1122 1536 1164 σε·
1562 1116 1610 1160 et
1647 1106 1669 1174 ζ
1723 1106 1777 1160 in
1808 1103 2019 1158 nomine

444 1214 532 1258 tuo
559 1205 739 1258 levabo
771 1219 957 1256 manus
992 1219 1160 1256 meas.

513 1297 660 1351 Sicut
695 1297 848 1364 adipe
885 1306 932 1349 et
970 1295 1288 1365 pinguedine
1332 1295 1603 1364 repleatur
1639 1294 1825 1346 anima
1853 1307 1968 1344 mea
2001 1305 2022 1341 :

443 1402 488 1444 et
525 1389 678 1443 labiis
708 1386 1080 1440 exsultatiouis
1113 1385 1352 1440 laudabit
1381 1402 1438 1440 os
1469 1402 1644 1439 meum
1671 1386 1718 1439 '.

514 1482 572 1536 Si
611 1495 810 1533 memor
835 1479 916 1547 [ui
970 1481 1050 1532 tui
1081 1495 1243 1548 super
1277 1487 1506 1532 stratum
1537 1493 1729 1537 meum.
1762 1479 1817 1530 in
1848 1483 2024 1529 matu~

447 1576 571 1629 tinis
599 1571 889 1625 meditabor
914 1571 964 1623 in
1003 1579 1052 1624 te
1081 1587 1099 1624 :
1132 1572 1256 1640 quia
1285 1571 1431 1638 fuisti
1457 1570 1672 1638 adjutor
1692 1585 1853 1624 meus.

525 1666 592 1719 Et
615 1667 669 1718 in
694 1663 986 1718 uelamento
1011 1662 1218 1716 alarum
1241 1671 1455 1716 tuarum
1481 1662 1778 1726 cxsultabo,
1803 1661 2023 1715 adha’sit

447 1760 628 1814 anima
658 1772 775 1810 mea
808 1764 922 1823 post
957 1765 1005 1807 te
1035 1769 1052 1808 :
1080 1771 1160 1807 me
1191 1755 1418 1817 suscepit
1448 1754 1661 1808 dextera
1699 1762 1812 1807 tua.

2121 572 2176 616 et
2210 577 2337 616 caro
2365 549 2482 614 mea
2512 561 2525 614 ι

2195 656 2255 709 in
2287 654 2505 709 deserto
2527 653 2570 718 ⁸,
2595 662 2651 706 et
2679 653 2733 705 in
2766 651 2914 705 invio
2941 659 2996 705 et
3027 649 3315 718 inaquoso.
3349 649 3429 705 sic
3471 649 3538 703 in
3575 664 3711 703 san-

2133 758 2226 802 cto
2261 745 2490 816 apparui
2523 745 2619 799 tibi
2648 762 2663 800 :
2709 753 2764 797 ut
2789 744 3034 798 viderem
3063 746 3318 797 virtutem
3351 742 3473 815 [ms.
3510 754 3712 811 poten-

2128 837 2281 909 tiam]
2309 848 2454 891 tuam
2496 847 2550 891 et
2584 836 2808 906 gloriam
2839 846 3006 888 tuam.

2195 928 2333 995 Quia
2394 927 2588 981 melior
2615 935 2701 981 est
2731 924 3103 979 misericordia
3137 931 3230 978 tua
3279 939 3447 994 super
3472 922 3607 977 vitas
3637 924 3659 956 ⁸
3690 938 3705 975 :

2125 1021 2270 1076 labia
2301 1037 2418 1073 mea
2446 1019 2749 1074 laudabunt
2789 1029 2860 1073 te.

2196 1111 2288 1166 Sic
2317 1111 2647 1170 benedictum
2679 1120 2730 1165 tc
2760 1110 2812 1164 in
2842 1110 2950 1164 vita
2978 1125 3096 1165 mea
3127 1129 3141 1165 :
3177 1119 3235 1164 et
3268 1109 3321 1163 in
3355 1107 3576 1163 nomine
3615 1118 3714 1163 tuo

2127 1202 2318 1256 levabo
2356 1217 2548 1254 manus
2581 1215 2753 1254 meas.
3227 1211 3236 1216 '

2197 1293 2350 1347 Sicut
2374 1292 2532 1360 adipe
2562 1301 2618 1345 et
2639 1292 2967 1361 pinguedine
2990 1292 3268 1361 repleatur
3288 1291 3466 1346 anima
3495 1304 3615 1343 mea
3645 1289 3670 1320 ⁶
3696 1307 3713 1343 :

2127 1394 2182 1439 et
2213 1384 2357 1438 labia
2393 1384 2779 1438 cxsnltationis
2819 1385 3122 1438 laudabunt.
3160 1400 3360 1438 nomen
3390 1393 3566 1438 tuum.

2199 1476 2253 1532 Si
2292 1491 2502 1530 memor
2537 1476 2612 1530 lui
2641 1478 2718 1530 tui
2749 1492 2916 1545 super
2945 1487 3176 1532 stratum
3201 1492 3404 1536 meum,
3439 1476 3492 1528 in
3525 1482 3718 1527 utatu-

2129 1568 2261 1623 tinis
2292 1568 2603 1624 meditabor
2640 1569 2693 1621 in
2730 1578 2779 1623 te
2812 1583 2828 1621 ε
2866 1569 2994 1637 quia
3027 1567 3180 1620 luisti
3221 1567 3641 1636 adjutormeus.

2199 1661 2266 1714 Et
2292 1662 2343 1713 in
2381 1661 2690 1716 velamento
2713 1661 2919 1713 alarum
2955 1667 3173 1712 tuarum
3197 1659 3506 1721 exsultabo,
3533 1658 3722 1710 adlice-

2132 1754 2203 1808 sit
2237 1754 2418 1808 anima
2456 1768 2577 1809 mea
2616 1763 2742 1824 post
2774 1763 2826 1808 te
2856 1771 2869 1808 :
2904 1768 2990 1805 me
3027 1751 3271 1820 suscepit
3307 1750 3527 1802 dextera
3563 1761 3682 1802 tua.

523 1849 638 1919 Ipsi
667 1863 786 1902 vero
818 1847 871 1899 in
910 1862 1108 1899 vanum
1157 1848 1478 1916 quasierunt
1537 1847 1778 1899 animam
1831 1862 2024 1909 meam,
2060 1823 2106 1880 Β
2202 1846 2311 1915 Ipsi
2370 1861 2500 1901 vero
2541 1847 2596 1900 in
2631 1860 2830 1900 vanum
2861 1843 3196 1913 quaesierunt
3246 1843 3482 1896 animam
3509 1857 3719 1905 meam,

379 1972 393 1977 -
448 1943 736 1997 introibant
771 1941 826 1993 in
867 1939 1120 2008 inferiora
1159 1949 1318 1992 tet-rte
1352 1954 1370 1992 :
1421 1937 1697 1991 tradentur
1739 1939 1795 1991 in
1841 1954 2033 1992 manus

451 2035 642 2106 gladii,
674 2042 852 2101 partes
874 2029 1108 2096 vulpium
1137 2040 1312 2084 erunt.

525 2127 636 2180 Rea;
667 2139 788 2179 uero
831 2122 1108 2177 latabitur
1159 2123 1213 2176 in
1261 2121 1392 2190 Deo,
1421 2121 1786 2177 laudabuntur
1827 2138 2030 2188 omnes,

453 2218 746 2288 quijurant
779 2213 834 2268 in
858 2228 917 2268 εο
947 2214 1114 2280 ειᾳυία
1148 2213 1472 2268 obstructum
1507 2223 1582 2268 est
1619 2230 1674 2268 os
1709 2213 2034 2284 loquentium

455 2323 659 2377 iniqua.

2132 1939 2445 1994 introibunt
2486 1943 2538 1994 in
2583 1940 2842 1994 inferiora
2871 1949 3027 1993 terra:
3061 1957 3074 1992 :
3108 1937 3391 1992 tradentur
3425 1937 3476 1989 in
3518 1951 3725 1990 manus

2132 2032 2318 2104 gladii,
2355 2041 2540 2101 partes
2574 2032 2817 2100 vulpium
2847 2039 3029 2086 erunt.

2206 2125 2320 2178 Rex
2350 2139 2480 2178 vero
2511 2123 2789 2178 lietabitur
2820 2125 2876 2178 in
2905 2124 3161 2190 Domino,
3193 2123 3562 2178 laudabuntur
3593 2139 3726 2177 om-

2132 2228 2250 2279 nes,
2286 2214 2378 2282 qui
2402 2214 2591 2284 jurant
2620 2213 2674 2268 in
2731 2229 2795 2270 eo
2826 2230 2840 2268 :
2871 2214 2998 2284 quia
3059 2216 3402 2270 obstructum
3431 2222 3512 2269 est
3536 2228 3603 2269 os
3640 2215 3725 2266 ιο-

2133 2309 2422 2379 quentium
2449 2309 2656 2380 iniqua.

1769 2467 2133 2532 PSALMUS
2166 2471 2400 2534 LXIII.

846 2593 900 2632 in
930 2592 1123 2642 verum,
1172 2590 1410 2632 rsnwus
1451 2591 1631 2632 eum.

527 2695 761 2761 Exaudi,
800 2694 960 2757 Deus,
992 2693 1290 2747 orationem
1333 2708 1530 2758 meam,
1575 2706 1692 2745 cum
1737 2693 2032 2759 deprecor:

455 2804 486 2840 a
513 2788 698 2841 timore
733 2784 936 2838 inimici
966 2783 1113 2851 eripe
1143 2783 1378 2836 animam
1420 2798 1617 2837 meam.

532 2879 817 2934 Protexisti
853 2893 933 2930 me
975 2893 1006 2930 a
1032 2888 1287 2930 conventu
1319 2876 1752 2948 malignantium,
1781 2895 1812 2931 a
1848 2877 2032 2931 multi-

458 2975 638 3026 tudine
673 2970 1009 3040 operantium
1031 2969 1385 3037 iniquitatem.

533 3066 672 3128 Quia
708 3066 1034 3115 emacuerunt
1059 3067 1125 3110 .ut
1155 3058 1392 3128 gladium
1429 3057 1635 3128 linguas
1659 3074 1826 3113 suas:
1861 3061 2036 3113 inten-

2296 2595 2350 2638 IN
2382 2595 2566 2645 rtxzu,
2597 2585 2833 2636 pssnuus
2862 2594 3018 2636 »Αγιυ
3051 2579 3173 2652 [ins.
3209 2595 3309 2634 IPSI
3341 2581 3544 2652 omn].

2211 2695 2440 2760 Exaudi,
2473 2695 2962 2760 Deus,orationem
2988 2709 3190 2760 meam,
3213 2708 3341 2749 cum
3369 2695 3643 2761 deprecor
3673 2696 3729 2763 ’ς

2136 2801 2167 2840 a
2197 2787 2393 2840 timore
2433 2787 2642 2842 inimici
2669 2789 2823 2856 eripe
2853 2787 3092 2841 animam
3127 2803 3326 2842 meam.

2209 2879 2500 2933 Protexisti
2522 2894 2610 2934 me
2633 2895 2662 2933 a
2695 2889 2967 2935 conventu
2990 2879 3425 2951 malignantium,
3447 2890 3506 2936 et
3527 2897 3559 2936 a
3585 2882 3738 2936 mul-

2142 2968 2374 3024 titudine
2401 2971 2746 3040 operantium
2782 2970 3153 3041 iniquitatem.

2215 3062 2351 3129 Quia
2381 3061 2525 3135 [τηε.
2573 3062 2703 3136 Qui]
2752 3075 3088 3120 exacuerunt
3145 3076 3202 3120 ut
3237 3065 3372 3138 [ωε.
3425 3066 3736 3138 tanquam]

459 3155 649 3206 derunt
685 3167 871 3204 arcum
910 3163 1019 3202 rem
1045 3164 1318 3215 amaram,
1353 3157 1409 3202 ut
1440 3153 1695 3219 sagittent
1728 3151 1783 3204 in
1817 3151 2034 3206 occultis
2065 3172 2107 3230 ο
2140 3155 2381 3228 gladium
2414 3156 2627 3226 linguas
2655 3156 3404 3215 suas:intenderuntarcum
3433 3173 3546 3212 rem
3569 3175 3739 3214 ama-

460 3244 884 3298 immaculatum.

531 3338 712 3392 Subito
739 3337 1065 3409 sagittabunt
1101 3353 1242 3402 eum,
1282 3344 1330 3389 et
1363 3351 1466 3390 non
1503 3336 1805 3392 timebunt:
1851 3336 2039 3405 ﬁrma-

462 3440 645 3486 rerunt
669 3431 768 3485 sibi
804 3445 1096 3484 sermonem
1134 3446 1384 3500 nequam.

535 3522 906 3578 Narrauerunt
957 3533 1013 3576 ut
1041 3522 1416 3578 absconderem
1460 3521 2035 3594 laqueos;dixerunt:

463 3617 591 3680 Quis
617 3614 806 3669 videbit
831 3614 958 3668 eos?

535 3709 773 3765 Scrutati
818 3717 944 3764 sunt
995 3707 1356 3779 iniquitates:
1399 3707 1697 3777 defecerunt
1743 3717 2040 3763 scrutantes

461 3804 737 3860 scrutinio.

534 3898 751 3952 Accedet
806 3896 825 3927 ³
873 3898 1028 3950 homo
1090 3895 1158 3948 ad
1192 3910 1286 3947 cor
1343 3893 1532 3957 altum,

463 3997 623 4048 Deus.

1599 3904 1646 3947 et
1703 3893 2038 3950 exaltabitur

537 4089 760 4158 Sagittae
785 4087 1129 4156 parvulorum
1178 4083 1333 4150 facta:
1357 4091 1479 4134 sunt
1508 4081 1682 4149 plaga:
1725 4096 1933 4150 eorum,
1991 4090 2040 4135 et
2093 4095 2110 4101 ’

463 4181 750 4250 inﬁrmata
781 4183 900 4232 sunt
926 4185 1114 4230 contra
1145 4191 1229 4229 eos
1263 4174 1456 4246 linguaz
1480 4191 1684 4230 eorum.

535 4272 854 4329 Conturbati
873 4279 996 4324 sunt
1027 4283 1227 4334 omnes,
1247 4267 1337 4336 qui
1365 4267 1612 4321 uidebant
1643 4282 1768 4322 eos:
1801 4280 1847 4322 ct
1868 4270 2041 4323 timuit

414 4352 418 4356 ”
466 4369 632 4421 omnis
673 4370 848 4420 (tanta.

2148 3263 2288 3315 ram,
2319 3257 2379 3303 ut
2407 3250 2673 3318 sagittent
2707 3249 2764 3303 in
2802 3250 3034 3304 occultis
3065 3251 3469 3306 immaculatum
3501 3250 3544 3305 ⁸.

2216 3339 2412 3396 Subito
2433 3339 2774 3410 sagittabunt
2796 3355 2945 3406 eum,
2973 3352 3031 3397 et
3056 3358 3163 3397 non
3198 3344 3494 3408 timebunt,
3535 3345 3707 3398 lis-ma
3724 3373 3745 3384 -

2147 3441 2348 3488 verunt
2381 3433 2484 3487 sibi
2508 3433 2754 3503 zverbum
2771 3434 2973 3487 malum
3006 3435 3465 3504 :disputaverunt
3502 3445 3563 3490 ut
3602 3438 3747 3492 abs-

2147 3525 2449 3582 conderem
2480 3526 2709 3596 laqueos
2741 3543 2756 3594 ;
2788 3525 3082 3585 dixerunt:
3114 3529 3248 3594 Quis
3279 3528 3490 3584 videbit
3514 3544 3621 3586 eos
3652 3531 3680 3582 ἲ

2221 3705 2461 3762 Scrutati
2483 3708 2974 3780 sunt‘iniquitatem
2999 3725 3015 3764 :
3049 3709 3374 3767 deiecerunt
3399 3718 3743 3767 scrutantes

2148 3799 2504 3856 scrutinium.

2219 3894 2457 3950 Accedet.
2490 3894 2653 3950 homo
2674 3893 2741 3949 ad
2765 3907 2863 3949 cor
2893 3896 3061 3950 altum
3083 3909 3096 3949 :
3119 3905 3176 3950 et
3202 3894 3531 3950 exaltabitur
3557 3897 3754 3951 Deus.

2218 4081 2443 4152 Sagittae
2471 4081 2826 4150 parvulorum
2862 4081 3018 4136 facta:
3050 4087 3179 4135 sunt
3206 4084 3376 4151 plaga
3401 4093 3602 4136 eorum
3640 4099 3656 4136 :
3691 4092 3761 4138 et

2151 4189 2251 4244 pro
2279 4174 2454 4228 nihilo
2482 4173 2792 4228 habuerunt
2818 4183 3009 4228 contra
3037 4188 3134 4228 eos
3161 4173 3360 4242 lingua:
3390 4172 3676 4242 ipsorum.

2220 4268 2542 4323 Conturbati
2580 4276 2708 4320 sunt
2741 4280 2958 4331 omnes,
2990 4265 3084 4334 qui
3125 4264 3388 4321 videbant
3417 4279 3513 4321 eos
3542 4276 3648 4320 :ct
3689 4267 3765 4322 ti-

2152 4360 2291 4416 muit
2325 4361 2504 4416 omnis
2521 4359 2706 4415 homo.
2749 4417 2751 4420 ,

538 4523 554 4552 ¹
593 4517 1102 4594 llieronymuslegit
1129 4517 1188 4594 in_
1212 4517 1444 4594 epistola
1459 4533 1579 4584 sua,
1601 4516 2046 4594 Siligittibiani-
2077 4536 2125 4592 ο
2155 4522 2316 4592 paulo
2343 4521 2526 4594 exesis
2549 4527 2830 4594 vetustate
2857 4521 3071 4594 aliquot
3119 4521 3346 4588 litteris,
3381 4522 3438 4576 in
3489 4536 3558 4577 eo
3619 4524 3768 4594 ipso

464 4609 551 4644 ma
589 4609 724 4655 mea,
757 4587 856 4660 pro
875 4603 986 4659 quo
1017 4587 1238 4660 (inquit)
1265 4588 1320 4642 in
1349 4589 1538 4660 Graeco
1565 4591 1662 4651 sit.
1697 4589 1875 4643 Sitiuit
1911 4593 1963 4642 in
1995 4601 2042 4643 te

468 4665 646 4715 anima
665 4677 802 4714 mea.
831 4660 1121 4729 Subiungit
1149 4659 1315 4713 etiam
1347 4659 1404 4712 in
1431 4659 1662 4714 Hebraeo
1689 4660 1878 4713 haberi
1913 4674 2046 4713 LACI!

467 4762 484 4826 (
511 4739 616 4837 15)
655 4750 1121 4837 quodsignitica‘t.
1151 4751 1262 4816 tibi,
1293 4752 1438 4837 quod
1471 4762 1526 4806 et
1553 4766 1746 4837 pmucs
1775 4751 2050 4832 interpre-

473 4822 554 4881 teé
584 4822 1005 4881 transtulerunt.
1049 4825 1186 4890 Ergo
1213 4823 1517 4876 secundum
1553 4822 1757 4890 lingua:
1789 4823 2050 4893 proprie-

469 4907 633 4951 tatem
667 4909 884 4949 versum
918 4902 1002 4947 est
1037 4893 1090 4946 in
1121 4893 1396 4946 Latinum.
1431 4893 1614 4946 Mmr.

454 4990 460 5002 -
505 4966 820 5020 -—Obelum
847 4962 1659 5036 Palatii:.ms.pruitermittit.lu
1681 4963 1799 5032 ipso
1825 4977 2047 5036 quoque

469 5040 660 5092 Graeco
681 5045 831 5090 textu
858 5035 976 5088 sine
994 5034 1378 5104 praepositione
1401 5044 1484 5087 est
1503 5033 1722 5104 scionec
1755 5050 1861 5087 σοι.
1889 5034 2051 5089 Vide-

469 5110 546 5162 sis
572 5107 734 5176 epist.
762 5106 828 5158 ad
854 5105 1120 5158 Sunniam
1151 5115 1208 5159 et
1229 5103 1522 5176 Fretelam.
1547 5103 1742 5176 l’cc’cat
1764 5119 1894 5159 vero
1919 5120 2048 5159 mox

470 5182 526 5233 in
559 5175 824 5232 asterisco
864 5176 1192 5243 apponendo
1224 5175 1367 5227 idem
1399 5175 1632 5228 Palatio.
1660 5192 1760 5227 ms.

545 5251 566 5280 ²
601 5247 900 5315 Subjungit
935 5246 1026 5298 hic
1062 5245 1346 5298 Palatinus
1381 5260 1483 5298 ms.
1519 5245 1854 5310 Diapsalma.

542 5319 900 5385 ’πέδοι-ἱρείη
954 5319 1178 5382 sequior
1239 5316 1764 5385 [nauusﬁineodcui
1820 5315 2045 5382 codice,

473 5389 710 5453 Accedit,
747 5384 841 5441 ubi
889 5399 946 5441 et
975 5385 1291 5452 Diapsalma
1343 5386 1397 5437 in
1448 5384 1554 5437 line
1585 5400 1781 5439 tersus
1809 5387 2045 5439 ascribi-

472 5477 585 5517 IIII‘.

543 5532 566 5563 ⁸
602 5531 900 5587 Veronens.
931 5541 1060 5592 ms.,
1091 5524 1156 5580 In
1193 5535 1339 5578 terra
1370 5527 1574 5578 deserta
1598 5534 1649 5578 et
1681 5526 1822 5579 furia
1860 5529 2046 5596 (.\ug.,

473 5613 522 5655 et
553 5604 665 5655 sine
691 5601 799 5669 uia)
837 5608 885 5652 et
916 5602 1031 5652 sine
1055 5613 1217 5668 aqua,
1251 5597 1346 5669 sic,
1379 5605 1489 5669 etc.

545 5667 943 5724 'Prtetermisit
1015 5667 1216 5724 Veron.
1285 5667 1536 5720 Psalterii
1598 5668 1778 5722 editor
1851 5668 2044 5731 verba,

474 5755 632 5808 super
663 5742 816 5803 vitas,
849 5756 970 5810 quae
997 5741 1073 5795 ait
1101 5739 1164 5793 in
1198 5755 1264 5793 eo
1296 5739 1484 5792 codice
1517 5739 1734 5794 deesse.
1767 5738 1878 5791 lino
1907 5740 2047 5792 etin-

474 5819 672 5880 gerunt
725 5811 846 5880 ejus
893 5812 1249 5882 diligentiam,
1304 5819 1560 5880 prostant
1612 5813 1782 5873 enim,
1823 5811 2042 5865 tametsi

2152 4592 2478 4662 exemplari.
2515 4605 2579 4646 ac
2613 4592 2752 4648 lecta
2785 4593 2948 4647 nobis
2975 4601 3129 4648 sunt.

2226 4687 2247 4715 ⁸
2275 4684 2435 4738 Juxta
2475 4683 2842 4753 Augustinum
2873 4684 3017 4756 idem
3054 4699 3156 4739 ms.
3185 4700 3202 4742 :
3241 4683 3518 4755 Tanquam
3551 4686 3766 4756 adipe,

2154 4763 2290 4818 ctc.,
2351 4756 2554 4823 repleta
2587 4764 2661 4806 est
2701 4756 2861 4822 (Aug.
2905 4755 3197 4824 repleatur)
3232 4757 3413 4808 anima
3456 4772 3606 4808 utea.
3655 4755 3766 4818 Et.

2156 4825 2216 4879 Si
2246 4835 2570 4877 memoratus
2595 4841 2714 4876 sum
2745 4829 2845 4886 tui,
2873 4834 2979 4878 etc.
3023 4826 3310 4879 Postremo
3342 4841 3506 4878 versu
3540 4843 3556 4880 ;
3602 4826 3778 4881 Lau-

2153 4893 2372 4947 dabitur
2401 4897 2572 4948 omnis
2593 4897 2685 4965 qui
2703 4897 2861 4964 jurat
2891 4896 2946 4948 in
2973 4897 3112 4967 ipso,
3139 4896 3396 4965 quoniam
3427 4896 3774 4966 oppilatum

2153 4979 2227 5017 est
2252 4981 2329 5026 03,
2358 4977 2465 5020 CIC.

2223 5035 2428 5089 'Juxta
2489 5035 2849 5105 Augustinum
2914 5033 3250 5105 Veronensis
3309 5051 3411 5105 ms.
3485 5036 3779 5095 tribulor.

2152 5106 2397 5178 Moxpro
2426 5104 2830 5178 eripe’August.
2876 5121 3022 5169 erue,
3051 5104 3359 5159 Veronens.
3395 5104 3597 5178 libera.

2223 5177 2245 5207 δ
2283 5176 2405 5230 Pari
2436 5175 2712 5230 consensu
2747 5175 2936 5241 iidem,
2977 5183 3034 5227 ut
3091 5181 3343 5244 sagittent
3395 5177 3454 5227 in
3509 5177 3786 5236 abscon-

2152 5249 2262 5301 dito
2289 5248 2718 5318 immaculatum.
2773 5245 3002 5314 Repente
3046 5248 3403 5314 sagittabunt,‘
3431 5257 3577 5310 etc.,
3657 5253 3782 5318 [ἰν-

2153 5328 2427 5371 mavcrunt
2472 5320 2577 5386 (vel
2609 5317 3045 5384 obﬁrmauerunt)
3100 5318 3199 5371 sibi
3232 5331 3532 5368 sermonem
3584 5317 3788 5375 mali.

2150 5406 2312 5455 gnum
2338 5405 2354 5442 :
2389 5398 2743 5440 nari-nuerunt
2766 5393 2819 5436 u't
2844 5387 3224 5440 absconderant
3253 5386 3619 5456 muscipulas,
3654 5405 3790 5449 etc.

2153 5459 2315 5520 Tum,
2355 5458 2683 5511 Pcrscrutati
2732 5465 2878 5518 sunt.
2941 5467 3018 5520 et,
3052 5457 3358 5526 defecerunt
3412 5467 3790 5516 scrutantes.

2152 5531 2374 5582 Accedet
2401 5530 2552 5582 homo
2595 5541 2641 5580 et
2674 5543 2765 5580 cor
2801 5530 2996 5590 altum,
3026 5542 3111 5583 etc
3141 5571 3157 5594 ,
3191 5538 3269 5590 et,
3307 5526 3530 5599 Sagittae
3551 5529 3791 5599 infan-

2155 5603 2284 5652 tium
2313 5601 2470 5670 facta:
2510 5607 2636 5651 sunt
2685 5599 2858 5667 plaga:
2901 5613 3102 5670 eorum,
3161 5607 3209 5651 et
3260 5598 3559 5658 infirmant
3631 5614 3799 5660 sum

2153 5668 2320 5736 superi
2348 5687 2431 5723 eos
2495 5670 2690 5740 lingua
2747 5685 2962 5740 cornm._
3004 5668 3277 5740 Denique,
3309 5680 3356 5719 et
3384 5671 3804 5728 unuuntiave-

2155 5753 2347 5795 runt...
2392 5736 2598 5805 omnes,
2643 5741 2732 5809 qui
2776 5749 2914 5792 recto
2945 5736 3040 5808 [ιιι.
3081 5739 3233 5809 recti]
3259 5750 3381 5792 sunt
3411 5749 3616 5794 conte.
