3958 6176
220 242 317 308 ΞΗ
1451 242 1684 303 LIBER
1755 237 2249 303 PSALMORUM.
3364 225 3473 289 2H

282 358 356 411 Et
385 356 838 410 annuntiavcrunt
869 371 1026 427 opera
1056 354 1151 408 Dei
1196 371 1212 408 :
1244 367 1293 409 et
1320 355 1461 424 facta
1496 354 1608 425 ejus
1636 354 1790 407 intel-
1824 368 1869 418 Α
1970 349 2451 406 Annuntiavcrunt
2481 359 2645 416 opera
2680 343 2770 399 Dci
2809 360 2821 397 :
2849 355 2902 399 et
2937 342 3078 398 facta
3107 343 3227 413 ejus
3261 343 3473 396 intentu

223 453 487 505 (exerunt.

285 544 583 599 La’labitnr
617 544 804 611 justus
836 542 891 594 in
924 540 1170 605 Domino,
1196 550 1245 595 et
1272 539 1508 610 sperabit
1535 539 1587 591 in
1617 553 1676 591 co
1702 553 1721 590 :
1749 546 1798 590 et

214 637 577 690 laudabuntur
610 651 793 689 onmes
831 633 958 685 recti
994 633 1174 686 corde.

1903 451 2126 499 xerunt.

1980 531 2475 599 Laetabiturjuslus
2508 529 2561 584 in
2594 528 2844 590 Domino,
2876 541 2931 582 et
2958 527 3201 597 sperabit
3225 526 3279 581 in
3310 543 3377 580 eo
3399 544 3411 581 :
3433 536 3487 579 et

1908 624 2279 682 laudabuntur
2306 634 2499 673 omnes
2534 620 2666 673 recti
2699 616 2885 672 corde.

1568 789 1920 852 PSALMUS
1963 789 2167 851 LXIV.

387 903 439 942 IN
464 902 623 941 men
662 901 893 941 PSALIUS
937 900 1121 950 υλγιυ,
1147 888 1215 954 »ί
1239 897 1507 939 csurtccu
1550 881 1565 914 ⁸
1604 881 1627 947 ζ

288 1114 364 1168 Te
396 1113 535 1166 decet
562 1113 809 1181 hymnus,
840 1109 1002 1175 Deus,
1034 1112 1088 1164 in
1129 1107 1281 1175 Sion,
1315 1118 1366 1163 et
1418 1110 1512 1164 tibi
1550 1109 1802 1164 reddetur

218 1216 407 1260 votum
434 1218 491 1259 -ιν
524 1206 576 1256 in
601 1201 902 1255 Jerusalem
934 1201 956 1269 ζ

294 1298 514 1352 Exaudi
544 1299 564 1330 ³
597 1297 896 1351 orationem
928 1310 989 1350 -t~
1025 1311 1196 1350 meam
1226 1298 1250 1367 ζ
1284 1295 1357 1349 ad
1398 1305 1447 1349 te
1482 1296 1649 1350 omnis
1682 1312 1807 1350 caro

222 1393 424 1447 reiciet.

308 1484 482 1537 Verba
501 1483 799 1553 iniquorum
822 1481 1219 1551 pra'valnerunt
1249 1495 1409 1551 super
1437 1496 1529 1534 nos
1554 1495 1573 1533 :
1616 1493 1677 1535 -ε-
1710 1488 1758 1534 et
1785 1480 1809 1550 ζ

225 1575 595 1647 impietatibus
623 1576 814 1628 nostris
844 1582 898 1627 tu
925 1574 1318 1642 propitiaberis.

1910 895 1967 933 IN
2007 895 2189 940 FINEM,
2226 895 2458 934 νελωιυς
2494 894 2675 941 ωνιι),
2707 890 2973 935 εΑΝτιειχκ
3010 887 3248 925 ΙΕΙΠΞΙΗᾸΞ
3281 884 3349 923 ΕΤ
3404 888 3492 925 ω’

1982 966 2087 1005 ϐΕΙ
2118 966 2187 1006 DE
2218 966 2387 1004 \‘EltBO
2405 961 2901 1010 PEREGBINATIONIS,
2925 958 3129 1006 ρυΑΝυυ
3165 957 3492 1003 INCIPIEBAN‘I‘

1982 1036 2265 1052 ιηηυηπιοηι
2300 1023 2320 1052 l

1978 1036 2267 1076 PROFICISCI
2300 1036 2342 1075 ⁰.

1982 1114 2060 1170 'l‘e
2088 1115 2247 1171 decet
2279 1115 2536 1185 hymnus,
2568 1113 2735 1175 Deus,
2768 1108 2821 1165 in
2845 1108 2998 1173 Sion,
3032 1116 3085 1161 et
3113 1104 3205 1160 tibi
3232 1103 3494 1159 reddetur

1913 1217 2102 1263 vatum
2135 1207 2188 1261 in
2227 1207 2551 1261 Jerusalem.

1988 1298 2200 1354 Exaudi
2230 1300 2534 1352 orationem
2564 1310 2737 1351 meam
2767 1311 2780 1349 :
2821 1292 2888 1349 ad
2933 1303 2983 1347 te
3012 1288 3192 1345 omnis
3230 1304 3358 1344 caro
3399 1306 3492 1344 γε·

1912 1391 2049 1447 niet.

1986 1479 2167 1535 Verba
2200 1478 2567 1548 “iniquorum
2624 1476 3033 1548 prmvaluerunt
3072 1488 3238 1545 super
3270 1487 3405 1529 nos:
3442 1478 3499 1525 ct

1915 1568 2296 1638 impietatibus
2326 1567 2534 1622 nostris
2566 1575 2621 1619 tu
2667 1563 3074 1635 prepitia'beris.

300 1667 501 1720 Beatus
530 1681 679 1734 quem
715 1664 934 1735 elegisti,
970 1672 1020 1717 et
1036 1664 1381 1735 ‘assumpsisti
1400 1680 1420 1721 :
1451 1665 1764 1721 inhabitabit
1793 1665 1813 1698 ⁸
1847 1664 1885 1720 Β
1983 1660 2185 1715 Beatus
2216 1673 2380 1729 quem
2413 1656 2623 1726 elegisti
2645 1665 2700 1710 et
2733 1655 3083 1725 assumpsi'sti
3128 1670 3148 1710 ;
3171 1650 3499 1707 inltabitabit

235 1772 299 1812 +
340 1758 399 1809 in
431 1756 452 1824 ζ
486 1756 638 1808 atriis
667 1755 792 1808 tuis.

320 1845 661 1915 Replebimur
707 1846 760 1898 in
805 1844 953 1899 bonis
1003 1846 1190 1899 domus
1246 1854 1352 1900 tua:
1384 1863 1402 1901 :
1439 1855 1684 1902 sanctum
1740 1854 1818 1900 est

239 1936 502 2007 templum
532 1944 700 2003 tuum,
755 1936 998 1990 mirabile
1027 1937 1080 1990 in
1117 1939 1385 2008 (equitate.

327 2122 541 2177 Exaudi
569 2137 685 2187 nos,
718 2121 875 2188 Deus,
913 2121 1165 2175 salutaris
1201 2129 1378 2176 noster
1400 2137 1419 2176 :
1450 2134 1566 2192 spes
1596 2121 1825 2175 omnium

237 2215 438 2283 ﬁnium
468 2224 644 2278 terra,
673 2223 723 2266 et
760 2214 813 2266 in
849 2214 987 2267 mari
1014 2212 1185 2282 longe.

331 2305 657 2374 Prwparans
682 2313 880 2358 montes
912 2306 966 2357 in
984 2304 1173 2358 virtute
1203 2310 1318 2370 tua,
1348 2304 1616 2359 accinctus
1643 2312 1826 2376 poten‘

240 2402 326 2453 tia
362 2415 380 2452 :
427 2400 516 2464 qui
557 2397 837 2451 conturbas
859 2395 1185 2467 profundum
1233 2396 1420 2462 maris,
1477 2413 1666 2450 sonum
1729 2399 1831 2467 ﬂu-

240 2504 437 2548 ctuum
460 2492 598 2555 eius.
1408 2550 1411 2555 η

325 2582 702 2637 Turbabuntur
725 2589 926 2652 gentes,
958 2589 1008 2634 et
1037 2579 1296 2634 timebunt
1332 2580 1421 2648 qui
1451 2579 1693 2633 habitant
1718 2588 1834 2634 ‘ter-

246 2675 427 2726 ruinas
450 2689 483 2724 a
526 2672 688 2741 signis
723 2672 862 2725 tuis:
894 2672 1063 2726 exitus
1093 2669 1341 2723 matutini
1368 2677 1417 2722 et
1448 2684 1661 2739 vespere
1695 2668 1717 2701 ⁸
1744 2669 1836 2724 de-

246 2764 500 2819 lectabis.

334 2853 571 2910 Visitasti
612 2865 831 2919 terram,
858 2860 909 2908 et
942 2853 1220 2908 inebriasti
1249 2867 1367 2907 eam
1392 2868 1413 2907 :
1463 2850 1838 2923 multiplicasti

248 2948 584 3017 locupletare
610 2964 752 3002 eam.

318 3042 542 3096 Flumen
570 3039 663 3094 Dei
690 3038 945 3109 repletum
966 3050 1039 3094 est
1061 3038 1235 3109 aquis,
1269 3040 1474 3109 parasti
1498 3038 1667 3093 cibum
1708 3036 1836 3092 illo-

248 3151 376 3187 rum
406 3149 431 3189 :
479 3134 735 3204 quoniam
767 3132 847 3185 ita
883 3140 957 3186 est
987 3132 1310 3200 praeparatio
1351 3130 1467 3200 ejus
1512 3127 1586 3201 [id
1621 3139 1703 3185 est
1732 3136 1840 3183 ter-

253 3226 383 3298 rer].

332 3318 487 3371 Rivos
518 3317 631 3386 ejus
653 3316 883 3379 inebria,
925 3314 1220 3387 multiplica
1274 3313 1542 3385 genimina
1592 3313 1750 3382 ejus:
1783 3314 1840 3366 in

254 3411 548 3466 stillicidiis
581 3410 697 3479 ejus
725 3409 991 3463 laetabitur
1017 3410 1340 3481 germinans.

335 3504 617 3557 Benedices
646 3518 853 3556 corona:
882 3503 1009 3555 anni
1037 3501 1374 3571 benignitatis
1406 3510 1509 3554 tua:
1544 3515 1562 3553 :
1596 3507 1646 3553 et
1669 3500 1842 3566 campi

262 3595 341 3646 tui
371 3592 724 3663 replebantur
752 3592 1011 3646 ubertate.

336 3777 353 3808 ¹
389 3774 493 3829 Hic
523 3773 707 3828 addita
737 3781 868 3828 sunt
902 3773 1136 3844 plurima
1162 3775 1329 3829 verba
1364 3774 1417 3828 in
1476 3789 1608 3828 mss.
1638 3771 1843 3844 codici-

268 3848 397 3901 bus.
432 3844 793 3900 Carnutcnsis
829 3842 932 3899 hoc
961 3846 1123 3899 modo
1161 3845 1329 3914 legit:
1372 3844 1436 3897 In
1470 3845 1652 3911 finem,
1687 3842 1842 3914 Psal-

266 3934 384 3969 mns
414 3914 612 3973 David.
654 3918 720 3981 Χ
752 3914 1031 3967 Canticum
1067 3912 1346 3968 llicreinia:
1375 3925 1421 3967 et
1453 3915 1633 3982 Aggwi
1677 3926 1739 3967 σει
1776 3912 1840 3964 de

270 3991 428 4040 verbo
458 3986 922 4053 peregrinationis,
962 3985 1511 4053 quandoiucipiebant
1541 3984 1841 4051 proficisci:

272 4060 363 4108 alii
388 4052 488 4123 pro
505 4057 701 4121 Aggzeo
719 4054 923 4107 habent
947 4068 1147 4105 nomen
1168 4052 1493 4116 Ezechielis,
1512 4053 1611 4123 sed
1630 4056 1843 4121 absque

272 4122 399 4177 ullo
436 4125 592 4192 signo
636 4124 885 4192 asterisci
919 4132 972 4177 et
1011 4122 1156 4175 obeli
1200 4124 1253 4175 in
1281 4124 1512 4192 caeteris.
1569 4122 1680 4192 Nos
1722 4134 1845 4189 qua:

272 4190 539 4263 leguntur
589 4193 643 4244 in
699 4191 924 4246 llebrmo
974 4202 1055 4263 et,
1088 4192 1232 4260 apud
1280 4191 1422 4244 LXX
1478 4190 1838 4256 retiuuimus,

274 4262 463 4317 addita
493 4276 623 4316 vero
654 4278 682 4314 a
709 4263 949 4315 librariis
973 4262 1295 4331 abjecimus.
1330 4263 1506 4331 Μυκη

341 4335 823 4387 ——Praztermlsso
870 4333 1156 4393 asterisco,
1212 4332 1364 4384 addit
1423 4330 1700 4384 Palatinus
1738 4344 1841 4384 ms.

1921 1751 1976 1807 in
2011 1752 2377 1808 tabernaculis
2420 1750 2550 1806 tuis.

1989 1843 2477 1915 Replebtmurms.
2506 1840 2851 1913 Replebitur]
2871 1842 2924 1896 in
2950 1841 3109 1896 bouis
3131 1840 3325 1895 domus
3356 1849 3461 1894 tua:
3486 1856 3498 1892 :

1922 1944 2176 1991 sanctum
2230 1942 2318 1991 est
2358 1934 2619 2004 templum
2662 1942 2839 1997 tuum,
2879 1931 3132 1985 mirabile
3159 1934 3280 1999 (ms.
3319 1930 3498 1984 adiui-

1927 2029 2118 2097 rabile)
2151 2028 2206 2082 in
2234 2028 2517 2097 :rquitate.

1998 2118 2208 2174 Exaudi
2242 2133 2363 2185 nos,
2387 2118 2554 2184 Deus,
2578 2118 2835 2173 salutaris
2867 2128 3051 2172 noster
3074 2134 3086 2170 :
3107 2131 3235 2186 spes
3257 2116 3502 2171 oumium

1932 2213 2120 2267 ﬁnium
2148 2223 2327 2275 terra),
2360 2222 2415 2267 et
2450 2214 2506 2266 in
2541 2213 2675 2265 mari
2715 2211 2897 2280 longe.

2005 2305 2322 2376 Praeparans
2358 2314 2572 2359 montes
2616 2305 2672 2359 in
2721 2304 2926 2359 virtute
2958 2313 3070 2368 tua,
3100 2303 3379 2360 accinctus
3407 2318 3507 2373 po-

1934 2401 2142 2456 tentia"
2179 2416 2193 2453 :
2226 2399 2317 2469 qui
2365 2399 2665 2454 conturbas
2686 2399 2914 2454 fundum
2939 2398 3131 2464 maris,
3174 2413 3372 2454 sonum
3405 2412 3507 2452 au-

1934 2499 2042 2549 tem
2079 2491 2345 2546 ﬂuctuum
2376 2491 2497 2562 ejus
2530 2491 2655 2560 quis
2698 2490 3081 2546 sustinebit“?

2009 2582 2406 2642 Turbabuntur
2446 2592 2656 2654 gentes,
2685 2593 2740 2638 et
2780 2584 3050 2640 timebunt
3074 2597 3269 2639 omnes
3294 2582 3388 2654 qui
3420 2583 3512 2637 lia-

1935 2675 2114 2731 bitant
2140 2675 2277 2729 ﬁnes
2306 2684 2463 2729 teme
2498 2689 2529 2728 a
2565 2675 2734 2743 signis
2762 2676 2889 2729 tuis.

2008 2768 2204 2824 Exitus
2239 2766 2494 2820 matutini
2524 2775 2579 2821 et
2621 2767 2835 2835 vesperi
2876 2766 3240 2823 delectaberis
3268 2769 3288 2800 °
3321 2784 3339 2817 :
3378 2767 3512 2822 visi-

1941 2860 2067 2915 tasti
2112 2869 2335 2923 terram,
2359 2866 2415 2912 et
2446 2856 2728 2912 inebriasti
2773 2871 2914 2921 eam,
2957 2857 3328 2929 multiplicasli
3362 2859 3513 2914 locu-

1941 2953 2148 3024 pletare
2172 2965 2315 3005 eam.

2023 3045 2249 3100 Flumen
2288 3041 2381 3098 Dei
2414 3042 2681 3112 repletum
2710 3050 2793 3096 est
2824 3057 2982 3110 aqua,
3014 3044 3416 3110 parasticibum
3451 3043 3517 3097 il-

1939 3136 2153 3191 lorum:
2184 3135 2313 3207 quia
2354 3133 2483 3205 [ms.
2518 3131 2804 3204 quoniam]
2830 3134 2901 3187 ita
2929 3143 3012 3188 est
3057 3135 3377 3204 praeparatio
3404 3145 3514 3188 tua.

2015 3317 2180 3371 llivos
2218 3318 2338 3386 eius
2382 3315 2683 3380 inebrians,
2738 3315 3108 3385 multiplicans
3136 3318 3519 3386 generationes

1946 3412 2066 3481 ejus
2096 3426 2110 3464 ;
2145 3409 2197 3463 in
2235 3408 2530 3463 stillicidiis
2554 3408 2672 3463 suis
2719 3407 3014 3471 ltetabitur,
3062 3407 3192 3461 dum
3216 3410 3518 3464 exorietur.

2016 3501 2321 3556 Bencdfces
2372 3515 2627 3553 coronam
2695 3500 2822 3553 anni
2897 3499 3250 3571 benignitatis
3277 3510 3423 3559 tuan:
3464 3514 3520 3559 et

1943 3593 2120 3662 campi
2151 3593 2228 3647 tui
2259 3591 2613 3661 replebuntur
2641 3590 2914 3645 ubertate.

1944 3787 2126 3834 mana,
2158 3784 2317 3841 atque
2342 3771 2462 3825 aliis
2493 3770 2702 3824 Latinis
2732 3767 3301 3841 interpretationibus.
3339 3773 3515 3825 Arno-

1945 3846 2091 3903 bius,
2128 3843 2188 3895 In
2223 3838 2363 3896 exitu
2390 3842 2641 3895 matutini
2677 3852 2724 3893 et
2755 3838 2952 3908 vesperi
2977 3838 3323 3894 delectabitur
3353 3843 3514 3895 Deus.

1944 3914 2047 3968 Sed
2077 3926 2130 3965 et
2164 3912 2299 3964 LXX
2343 3913 2607 3977 ὲςπέρας.

2018 3986 2039 4015 ⁵
2069 3982 2523 4058 Veronensisms.
2556 3998 2568 4033 :
2620 3991 2667 4034 el
2688 3980 2931 4058 Ezechiel
2947 4004 3009 4041 ex
3034 3983 3227 4058 populo
3260 3986 3508 4058 transmi-

1954 4055 2212 4124 grationis
2244 4067 2357 4124 cum
2390 4052 2676 4124 inciperent
2709 4054 2872 4124 excire,
2912 4052 3065 4124 juxta
3104 4052 3508 4123 'AnguStinum.

1950 4121 2082 4179 Vide
2114 4138 2241 4189 qua:
2266 4121 2331 4174 ad
2368 4121 2994 4190 Oppositamcolumnam
3030 4121 3385 4181 annotamus.

2021 4195 2043 4225 ⁸
2083 4191 2179 4245 llic
2227 4206 2515 4265 sermones,
2574 4207 2674 4265 pro
2727 4196 2902 4257 verba,
2943 4206 2999 4249 et
3051 4195 3301 4265 sequenti
3362 4210 3527 4250 versu.

1950 4265 2127 4335 atriis,
2166 4278 2263 4332 pro
2314 4260 2713 4335 tabernaculis:
2757 4273 2868 4335 tum
2927 4267 2981 4317 in
3031 4260 3270 4335 jusiitia,
3324 4280 3424 4332 pro
3469 4267 3529 4317 in

1950 4330 2218 4401 (equitate,
2244 4340 2300 4386 et
2326 4330 2597 4402 Salvator,
2630 4349 2728 4402 pro
2755 4330 3052 4400 Salutaris,
3087 4336 3228 4390 idem
3265 4330 3390 4390 cum
3417 4336 3526 4389 Au-

280 4405 555 4473 reliquum
600 4402 687 4474 _ad
750 4401 997 4474 Romani
1036 4401 1298 4474 Psalterii
1343 4401 1518 4474 instar
1575 4401 1794 4474 titulum
1824 4410 1839 4453 :
1874 4396 1920 4450 ο
1948 4396 2168 4474 gustino
2197 4417 2297 4455 ms.
2323 4401 2473 4468 legit.

280 4469 563 4526 Canticum
585 4469 828 4524 Jeremiw
871 4482 921 4522 et
954 4470 1237 4522 Ezechielis
1264 4470 1328 4522 de
1362 4470 1514 4523 verbo
1541 4472 1848 4538 peregrina-

283 4546 462 4599 tionis.
507 4540 723 4609 quando
772 4542 1113 4609 incipiebant,
1147 4542 1433 4608 proﬁcisci.
1500 4540 1851 4593 Hartianzeus

284 4613 484 4681 quwi,
518 4608 620 4681 pro
656 4609 937 4664 Ezechielis
973 4608 1194 4681 nomine
1247 4612 1301 4663 in
1353 4611 1683 4681 Carnulensi
1743 4624 1847 4661 ms.

287 4680 521 4743 inuenit,
558 4680 613 4732 in
645 4695 754 4747 quo
804 4689 861 4733 et
914 4680 1123 4747 reliqua
1172 4681 1339 4734 verba
1392 4680 1551 4733 obelo
1592 4688 1854 4746 pronota-

288 4753 512 4805 bantur.
542 4749 714 4802 Carus
746 4763 808 4803 ea
845 4750 1016 4802 lenne
1052 4764 1177 4802 cum
1209 4750 1517 4804 Veronensi
1553 4763 1657 4801 ms.
1692 4748 1852 4817 legit,

289 4821 477 4890 populo
507 4820 1018 4888 transmigrationis,
1046 4834 1173 4890 cum
1192 4821 1479 4887 inciperent
1501 4823 1663 4890 exire.

363 4895 384 4923 ⁸
417 4887 876 4956 Prazpositioitem
936 4890 1087 4942 verbi
1131 4889 1367 4953 Exaudi,
1428 4890 1571 4941 idem
1620 4887 1853 4942 Palatia.

290 4978 393 5015 ms.
424 4961 492 5014 de
542 4974 696 5012 more
728 4962 957 5029 jugulat.
992 4959 1071 5012 Ad
1099 4961 1257 5028 cujus
1292 4959 1455 5011 tidem
1485 4957 1850 5026 subsequenti

293 5048 447 5086 versu
482 5038 530 5082 et
561 5032 839 5101 copulam,
884 5044 1005 5098 quae
1032 5044 1215 5101 neque
1256 5030 1311 5083 in
1346 5029 1577 5084 Hebraso
1612 5037 1856 5093 resonat,

292 5104 452 5157 obelo
479 5100 856 5154 confodimus.

359 5174 378 5203 ³
408 5172 653 5244 Priorem
682 5169 847 5234 hanc,
882 5186 949 5227 ex
971 5189 1075 5244 qua
1106 5171 1335 5244 verbum
1377 5167 1755 5244 componitur,
1807 5167 1862 5219 in

294 5241 763 5312 pm'posilionem,
806 5257 914 5312 non
955 5240 1077 5311 quae
1128 5240 1523 5312 sttbsequitur,
1560 5240 1705 5291 idem
1755 5252 1858 5312 ius:

294 5306 452 5366 obelo
481 5321 770 5379 praenotat.
799 5306 982 5366 Carus
996 5322 1247 5365 neutrum
1278 5306 1464 5363 habet.
1492 5306 1862 5374 Subsequenti

294 5393 473 5435 autem
511 5393 669 5432 versu
702 5384 818 5448 pari
852 5396 1119 5435 cunsettsn
1148 5382 1396 5434 eamdem
1426 5381 1482 5431 in
1516 5380 1862 5446 pra-positam

296 5454 439 5506 bonis
495 5450 743 5502 voculam
780 5452 1052 5505 immerito
1080 5451 1241 5504 obelo
1276 5453 1767 5503 transverberaut:
1805 5455 1867 5500 ut

297 5537 348 5577 et
374 5522 539 5591 paulo
570 5530 689 5586 post
720 5531 768 5572 et
803 5526 1147 5589 cepitlam,+
1180 5530 1227 5573 et
1261 5520 1283 5585 ζ
1322 5521 1375 5571 in
1405 5523 1565 5581 mari,
1598 5526 1707 5570 etc.

370 5598 385 5621 ‘
422 5592 860 5645 llescrtbendum
897 5594 1114 5647 videtur
1140 5596 1192 5645 in
1219 5591 1474 5659 gignendi
1507 5603 1636 5641 casu
1660 5658 1663 5659 ν
1688 5602 1870 5658 uespe-

302 5681 394 5729 re,
425 5679 581 5733 cujus
615 5678 773 5715 Catella
796 5674 874 5716 cst
905 5678 1122 5732 quoque
1154 5658 1373 5731 vesperi,
1401 5662 1455 5713 in
1477 5658 1728 5729 opposita
1762 5660 1867 5713 lto-

2032 4473 2050 4503 ⁷
2084 4472 2252 4551 tidem
2304 4486 2579 4551 consensu
2626 4486 2893 4547 perpetuo
2938 4477 3089 4543 libri,
3134 4479 3190 4531 in
3222 4478 3528 4549 fortitudine

1954 4559 2071 4607 sua,
2098 4548 2494 4617 circumductus
2524 4548 2578 4617 in
2610 4555 2908 4616 potentatu,
2954 4557 3010 4601 et
3044 4562 3161 4601 unos
3184 4548 3373 4602 sonum
3432 4551 3533 4617 ﬂu-

1953 4612 2279 4690 ctuumnejus
2298 4612 2412 4679 quis
2438 4612 2668 4690 sufferet,
2690 4621 2967 4690 mendose
2996 4618 3295 4690 _Veronens.
3311 4612 3530 4690 suffert.

1960 4683 2101 4757 Ante
2139 4680 2532 4757 Hieronymum
2564 4680 2867 4757 legebatur,
2907 4685 3035 4750 Quis
3062 4689 3363 4751 sustinebit,
3384 4680 3532 4757 quod

1960 4753 2141 4824 ipsum
2200 4752 2541 4824 superﬂuum
2591 4770 2713 4809 esse
2761 4756 2818 4808 iu
2854 4752 3033 4824 epist.
3077 4758 3145 4812 ad
3181 4752 3446 4812 Sunniam
3478 4766 3536 4812 et

1960 4822 2233 4875 Fletclam
2262 4822 2472 4877 docuit.

2032 4894 2051 4923 ⁵
2080 4892 2146 4967 in
2180 4890 2642 4967 Graecoadditum
2672 4894 2935 4967 scribitis,
2962 4896 3143 4967 inquit
3171 4895 3539 4967 Hieronymus

1960 4961 2025 5038 ad
2077 4962 2251 5014 Sunn.
2288 4970 2345 5013 ct
2372 4962 2594 5038 Protei”
2639 4966 2753 5033 quis
2782 4961 3062 5038 sustinebit
3094 4967 3118 5018 ?
3147 4966 3302 5032 Quod
3342 4961 3539 5038 super-

1958 5030 2131 5107 iluum
2168 5040 2293 5083 est:
2338 5030 2666 5107 subauditur
2703 5036 2876 5107 enim,
2928 5036 3024 5103 qui
3071 5030 3369 5091 conturbas
3411 5030 3539 5107 pro-

1962 5100 2195 5224 ﬁmdum
2230 5101 2419 5165 maris,
2454 5111 2511 5155 et
2542 5106 2841 5158 conturbas
2879 5100 3075 5158 sonum
3103 5108 3368 5162 tluctuum
3398 5100 3539 5179 ejus.

2016 5186 2133 5224 tur.
2440 5196 2443 5197 ν

2016 5186 2133 5224 ΛΒΤ.
2440 5196 2443 5197 ⁷

2035 5241 2448 5311 ’νϐοηιίιιθηιρτ
2505 5257 2629 5295 cum
2675 5241 2979 5311 Augustino
3012 5242 3316 5301 Veronens.
3359 5246 3538 5299 liber:

1966 5309 2156 5386 Eaitus
2191 5328 2364 5378 mane,
2377 5322 2442 5386 _et
2492 5328 2697 5386 uespere
2717 5309 2998 5386 delectabis
3027 5332 3045 5381 ;
3076 5325 3152 5380 et,
3174 5314 3541 5386 mnltiplieasti

1966 5379 2134 5453 ditare
2166 5397 2299 5453 eam.
2365 5379 2589 5435 Flavius
2641 5382 2738 5435 Dei
2790 5379 3034 5453 repletus
3070 5395 3167 5449 est,
3207 5379 3539 5437 etc.'Sulcos

1965 5449 2077 5517 ejus
2110 5450 2328 5523 inebria,
2348 5462 2395 5504 et
2424 5454 2717 5521 multiplica
2741 5449 3124 5523 generationes,
3151 5466 3282 5517 etc.;
3303 5463 3381 5516 et,
3408 5453 3543 5508 Cum

1968 5523 2255 5594 exorietur.
2285 5521 2341 5575 In
2385 5523 2511 5587 line,
2532 5521 2884 5579 Abundubunt
2910 5524 3195 5594 frumento,
3220 5525 3547 5587 clamabunt,

1970 5593 2157 5647 etenim
2188 5595 2434 5662 hymnum
2468 5594 2661 5646 dicent.
