3898 6172
386 249 490 313 2-17
1297 256 1356 317 s.
1404 252 1844 316 HIEltONYMI
1886 249 2153 312 unum
2200 241 2730 305 BiBIJOTHECA.
3541 224 3641 287 sis

477 366 709 425 Cantate
741 368 851 425 Deo
877 410 892 436 ,
932 374 1197 443 psalmum
1249 374 1403 426 dicite
1454 374 1654 428 nomini
1693 376 1805 440 ejus
1830 388 1849 425 :
1876 374 1974 427 iter
2004 377 2049 434 Α
2154 366 2388 423 Caritate
2415 365 2550 431 Deo,
2584 362 2858 431 psalmum
2902 353 3069 409 dicite
3099 347 3305 406 nomini
3346 346 3466 448 611's
3495 344 3649 448 ille"

393 462 549 530 facite
575 463 644 530 ei,
670 465 762 532 qui
787 466 1019 519 ascendit
1039 481 1199 534 super
1220 467 1761 529 occasum,Domiuus
1782 481 1969 519 nomen
2074 459 2239 515 facite
2271 458 2349 523 ei,
2384 458 2477 522 qui
2535 452 2785 509 ascendit
2840 462 3006 519 super
3054 457 3308 500 occasum
3340 479 3358 504 ,
3396 440 3650 493 Dominus

387 556 499 613 ilt'i.
2076 565 2273 606 nomen
2317 558 2403 604 est
2435 549 2481 602 ei
2516 546 2638 618 [ms.
2678 541 2804 613 illi].

470 651 537 705 Et
576 651 837 707 ez‘sultate
876 652 928 703 :‘n
960 660 1237 716 conspectu
1276 652 1389 721 ejus
1444 652 1477 704 '.
1542 665 1599 706 -ιν
1683 651 1969 706 turbabun-
2161 642 2407 698 Gaudete
2441 639 2566 711 in".
2598 634 2905 707 Εκδιιιῑεὶῑε]
2952 634 3005 687 ί¹¹
3041 635 3339 699 (Ὃηεβεοῑυ
3370 624 3509 695 θῙ¹¹⁵ο
3541 630 3656 721 ⁸ξ¹τ⁸

392 751 478 794 tur
505 758 536 795 a
563 742 701 809 facie
729 741 841 811 ejus
872 739 895 809 ζ
924 715 1093 807 patris
1114 715 1468 808 orphanorum
1496 741 1754 809 etjudicis
1785 743 1971 793 viduu-
2075 734 2354 789 babuntur
2394 746 2424 785 a
2459 730 2599 785 faeie
2635 729 2759 798 ejus
2795 744 2808 780 :
2856 726 3029 796 patris
3061 722 3438 791 Orphauorum
3484 725 3542 771 et
3564 715 3653 785 ju-

391 853 530 890 ram.
2077 826 2219 881 dicis
2250 825 2565 879 viduarum.

473 930 609 983 Deus
645 930 832 983 inloco
860 936 1049 983 sancto
1090 944 1184 982 suo
1210 945 1228 982 :
1270 929 1437 998 Deus,
1467 932 1557 999 qui
1579 929 1817 984 habitare
1844 929 1972 997 facit
2162 921 2307 974 Deus
2360 920 2414 972 in
2462 919 2585 973 loco
2632 918 2824 971 sanctd
2858 929 2959 971 suo
2996 930 3010 965 :
3055 910 3200 965 Deus
3231 906 3327 977 qui
3371 900 3493 977 [ms.
3523 909 3657 956 tacet

391 1024 665 1075 unanimes
692 1023 745 1075 in
783 1025 937 1077 duino
973 1024 1013 1079 '.
2078 1013 2197 1084 qui]
2229 1013 2482 1067 habitare
2509 1010 2640 1065 facit
2674 1008 2964 1062 unanimes
2993 1006 3048 1060 in
3082 1005 3269 1058 domo.

471 1130 531 1168 σξ-
566 1113 670 1177 Qui
700 1119 721 1182 ζ
757 1114 931 1168 educit
984 1116 1181 1171 cinctos
1231 1116 1287 1168 in
1337 1115 1643 1183 fortitudine
1678 1129 1697 1167 :
1727 1112 1973 1168 similiter
2163 1105 2268 1172 Qui
2318 1105 2505 1159 educit
2553 1104 2765 1157 vinctos
2798 1101 2853 1154 in
2904 1096 3233 1153 fortitudine
3266 1110 3281 1146 :
3316 1092 3572 1147 similiter
3609 1099 3662 1144 et

390 1220 477 1257 eos
509 1206 597 1274 qui
629 1216 975 1273 exasperant,
1019 1210 1107 1277 qui
1154 1208 1393 1262 habitant
1433 1210 1485 1260 in
1518 1205 1795 1276 sepulcris.
2086 1200 2210 1272 ints.
2244 1208 2380 1252 tacet
2409 1196 2487 1269 et]
2522 1212 2618 1251 eos
2649 1196 2741 1265 qui
2778 1194 2858 1247 ’in
2909 1192 3044 1244 iram
3082 1196 3403 1260 provocant,
3434 1184 3526 1255 qui
3562 1184 3662 1238 ha-

2078 1291 2260 1347 bitant
2291 1292 2343 1344 in
2381 1288 2671 1359 sepulcris.

2154 1382 2321 1445 Deus,
2361 1381 2491 1435 dum
2524 1378 2871 1448 egredereris
2896 1389 3083 1430 coram
3116 1371 3315 1442 populo
3356 1380 3451 1424 tuo
3484 1386 3497 1422 :
3532 1366 3663 1422 dum

2082 1472 2553 1543 transgredereris
2606 1485 2702 1540 per
2738 1469 3017 1524 desertum
3052 1468 3093 1522 ⁵.
3128 1464 3445 1517 Dispsscus.
3493 1459 3665 1515 Terra

479 1382 635 1445 Deus,
675 1399 790 1435 cum
833 1386 1151 1454 egrerlereris
1196 1385 1249 1437 in
1295 1393 1575 1453 conspectu
1622 1383 1802 1451 populi
1851 1383 1975 1447 tui;

393 1492 512 1529 cum
570 1479 924 1547 pertransires
973 1480 1028 1532 in
1074 1482 1281 1534 deserto
1324 1477 1434 1550 [ΑΙ.
1489 1477 1803 1546 desertum].
1850 1476 1977 1529 Dut-

394 1585 617 1623 PSALMA.

470 1661 630 1714 Terra
661 1672 803 1717 mota
841 1671 938 1726 est,
966 1676 1011 1717 et
1043 1677 1103 1719 -t—
1144 1666 1279 1719 enim
1317 1665 1338 1732 ζ
1380 1662 1495 1718 cwli
1529 1662 1918 1717 distillavernnt
1945 1678 1977 1715 a

402 1752 538 1819 facie
581 1752 677 1805 Dei
713 1752 868 1806 Sinni
900 1756 967 1821 3K
998 1771 1030 1807 a
1064 1756 1200 1824 {acie
1228 1754 1325 1809 Dei
1353 1753 1525 1808 Israel
1568 1754 1591 1824 ζ

478 1844 721 1899 Pluviam
752 1846 1109 1900 voluntarium
1150 1846 1467 1917 segregabis,
1501 1846 1658 1911 Deus,
1684 1843 1981 1901 hazreditati

403 1945 508 1990 tute
538 1953 559 2001 ;
594 1948 640 1991 et
690 1938 967 2005 inﬁrmata
1013 1947 1118 2005 est,
1150 1947 1206 1991 tu
1241 1952 1304 1994 οε-
1333 1955 1453 1994 vero
1483 1940 1506 2008 ζ
1537 1938 1800 2010 perfecisti
1843 1952 1980 1992 eam.

476 2098 751 2153 Animalia
799 2108 891 2153 tua
932 2098 1245 2153 habitabant
1284 2101 1340 2153 in
1390 2115 1451 2153 ea
1485 2114 1503 2154 :
1533 2100 1741 2167 parasti
1770 2098 1821 2151 in
1866 2097 1987 2151 dul-

404 2191 585 2247 cedine
628 2201 721 2247 tua
759 2196 1025 2263 pauperi,
1080 2194 1241 2263 ρεαδ.

485 2255 768 2341 Dominus
799 2255 946 2341 dabit
988 2255 1197 2341 uerbum
1246 2286 1757 2359 euangelizantibus,
1791 2287 1989 2339 virtute

411 2377 604 2432 multa.

484 2469 598 2523 Rea:
637 2470 894 2524 virtutum
924 2471 989 2538 ῖς(
1029 2471 1203 2527 άίῖεεη
1251 2474 1271 2540 ἶ

408 2563 531 2617 dere
572 2562 763 2631 spolia.

1332 2483 1381 2526 et
1409 2472 1597 2542 speciei
1629 2472 1812 2525 domus
1859 2472 1993 2525 divi-

501 2677 561 2733 εἰ
592 2679 874 2734 dormiatis
904 2681 1042 2733 inter
1068 2682 1265 2734 medios
1304 2682 1474 2735 cteros
1514 2696 1699 2749 penna:
1739 2678 1995 2733 columbte

411 2776 772 2843 deargentata:
799 2787 818 2826 :
854 2781 904 2827 et
933 2774 1223 2843 posteriora
1256 2776 1323 2841 Χ
1347 2773 1492 2828 dorsi
1520 2774 1541 2842 ζ
1570 2773 1683 2842 ejus
1704 2774 1760 2827 in
1792 2771 1997 2843 pallore

414 2868 557 2917 auri.
592 2863 921 2920 Diarssws.

492 2954 629 3010 Dum
678 2958 927 3012 discernit
982 2958 1205 3011 caelestis
1246 2974 1388 3027 reges
1445 2973 1604 3027 super
1652 2974 1770 3011 eam
1800 2998 1815 3022 ,
1867 2957 1983 3010 nive

2082 1576 2228 1621 mota
2258 1576 2365 1619 est.

2168 1656 2384 1711 Etenim
2433 1654 2559 1710 caeli
2610 1651 3018 1707 distillaveruut
3075 1661 3106 1701 a
3164 1646 3303 1701 facie
3333 1644 3428 1699 Dei
3462 1658 3478 1697 :
3508 1656 3670 1698 mons

2012 1722 2052 1777 Β
2084 1749 2213 1805 Sina
2256 1764 2283 1801 a
2316 1748 2453 1802 facie
2490 1746 2585 1802 Dei
2626 1745 2817 1800 Israel.

2157 1840 2405 1896 Pluviam
2445 1838 2815 1895 voluntariam
2869 1847 3163 1905 segregans
3213 1840 3338 1905 lius.
3393 1826 3708 1902 θεωρίαι..

2087 1930 2253 1997 Deus,
2308 1927 2610 1984 haereditati
2658 1937 2767 1981 tua:
2813 1926 3069 1980 :eteuim
3121 1921 3247 1995 [ms.
3280 1916 3361 1994 et]
3391 1920 3670 1975 inﬁrmata

2089 2029 2196 2085 est,
2230 2028 2287 2074 tu
2325 2033 2455 2073 vero
2485 2016 2764 2087 perfecisti
2810 2030 2959 2070 eam.

2170 2109 2445 2164 Animalia
2495 2118 2587 2163 tua
2645 2104 3034 2162 inhabitabunt
3071 2106 3127 2162 in
3182 2120 3246 2161 ea
3298 2104 3557 2176 :parasti
3615 2103 3671 2159 in

2090 2203 2384 2259 dulcedine
2418 2212 2509 2256 tua
2547 2215 2820 2270 pauperes
2851 2198 2975 2270 [ms.
3005 2197 3281 2271 pauperi],
3321 2197 3486 2254 Deus.

2180 2295 2452 2351 Dominus
2498 2292 2655 2348 dabit
2711 2297 2940 2346 verbum
2998 2290 3529 2361 evangelizantibus,
3563 2288 3679 2342 vir-

2095 2398 2210 2446 tute
2262 2388 2431 2441 multa
2468 2402 2482 2439 :
2518 2401 2616 2441 rex
2649 2384 2914 2438 virtutum
2969 2382 3179 2447 dilecti,
3212 2390 3270 2436 et
3308 2380 3513 2451 Speciei
3546 2378 3676 2451 [ms.

2094 2480 2306 2557 species
2347 2480 2546 2535 domus
2589 2477 2835 2533 dividere
2864 2477 3062 2547 spolia.

2178 2686 2237 2741 Si
2268 2684 2561 2741 dormiatis
2585 2683 2729 2738 inter
2757 2680 2883 2751 (ms.
2922 2678 3002 2751 in]
3029 2678 3238 2734 medios
3259 2677 3457 2743 cleros,
3488 2690 3686 2749 periure

2097 2778 2366 2833 columba:
2396 2776 2789 2846 deargentatzc,
2834 2782 2890 2829 et
2944 2772 3250 2842 posteriora
3282 2770 3437 2825 dorsi
3467 2770 3589 2837 ejus
3630 2770 3685 2824 in

2097 2869 2283 2940 specie
2316 2868 2459 2924 auri.
2493 2868 2791 2922 Dursscus
2834 2864 2954 2938 [ms.
2998 2872 3133 2919 tacet
3176 2861 3533 2933 Diapsalmal.

2193 2962 2333 3018 Dum
2362 2961 2628 3015 discernit
2672 2959 2920 3015 etclestis
2967 2973 3124 3029 reges
3153 2972 3317 3028 super
3346 2970 3468 3011 eam
3503 2969 3517 3007 :
3558 2954 3688 3009 nive

418 3049 813 3105 dealbabuntur
855 3051 911 3103 in
952 3050 1187 3115 Selmon,
1234 3067 1387 3106 mons
1416 3051 1514 3105 Dei
1561 3066 1710 3104 mons
1759 3051 1989 3119 pinguis.
2020 3077 2063 3134 ο
2098 3054 2511 3109 dealbabuntur
2538 3054 2592 3108 in
2625 3052 2872 3109 Selinon.

491 3141 648 3196 Mons
679 3142 1016 3212 coagulatus,
1055 3160 1203 3197 mons
1254 3144 1507 3213 pinguis:
1545 3153 1600 3195 ut
1647 3144 1772 3212 quid
1823 3143 1991 3210 suspi-

418 3236 619 3290 camini
654 3244 853 3289 montes
878 3236 1232 3304 coagulatos?

494 3324 652 3379 Mons
684 3328 737 3380 in
768 3342 869 3395 quo
901 3326 1290 3395 beneplacitum
1316 3337 1391 3381 est
1422 3326 1527 3381 Deo
1550 3328 1793 3381 habitare
1824 3329 1877 3380 in
1910 3344 1999 3383 eo:

422 3420 613 3474 etenim
656 3417 915 3472 Dominus
947 3417 1208 3472 habitabit
1250 3421 1303 3471 in
1356 3419 1512 3482 ﬁnem
1543 3420 1584 3474 ³.

502 3627 706 3681 Currus
764 3626 860 3682 Dei
916 3630 1095 3682 decem
1161 3627 1390 3682 millibus
1464 3627 1760 3695 multiplex,
1833 3629 2001 3682 millia

430 3723 725 3776 laetantium
754 3738 773 3775 :
818 3720 1076 3776 Dominus
1106 3722 1162 3775 in
1197 3722 1272 3775 eis
1304 3721 1324 3752 ⁸
1366 3726 1427 3790 βξ(
1468 3723 1522 3775 in
1559 3722 1579 3789 ζ
1622 3722 1753 3777 Sina
1788 3722 1843 3775 in
1878 3737 2003 3774 san-

426 3826 529 3867 ίιο.

504 3929 801 3984 Ascendisti
849 3934 903 3985 in
935 3934 1126 3997 altum,
1161 3932 1346 3998 cepisti
1398 3933 1756 4001 captivitatem
1792 3949 1809 3985 :
1855 3947 2005 3986 acce-

2175 3146 2415 3202 Montem
2452 3146 2573 3207 Dei,
2624 3154 2869 3199 montem
2906 3144 3131 3199 uberem
3184 3158 3196 3194 :
3246 3156 3404 3198 mons
3435 3141 3695 3211 coagula-

2110 3250 2199 3295 tus
2227 3239 2269 3305 ‘,
2301 3254 2459 3294 mons
2498 3238 2738 3308 pinguis.

2195 3332 2265 3388 Ut
2319 3332 2453 3401 quid
2497 3331 2781 3401 suscipitis
2822 3339 3063 3385 montem
3115 3328 3385 3384 uberem?
3424 3340 3586 3380 mons
3639 3324 3695 3377 iu

2108 3440 2220 3495 quo
2255 3423 2666 3494 beneplacitum
2711 3434 2797 3478 est
2830 3422 2939 3477 Deo
2972 3422 3223 3476 habitare
3251 3421 3306 3474 in
3334 3435 3402 3474 eo
3436 3435 3455 3473 ;
3483 3419 3697 3473 etenim

2115 3520 2375 3573 Dominus
2411 3517 2681 3571 habitabit
2710 3531 2881 3587 usque
2913 3518 2966 3572 in
3004 3519 3186 3570 linem.

2191 3633 2403 3689 Currus
2458 3632 2553 3688 Dei
2604 3634 2792 3689 decem
2850 3634 3080 3688 millium
3143 3631 3467 3701 multiplex,
3518 3626 3696 3683 milii:

2107 3727 2431 3781 laetantium.

2202 3927 2469 3983 Dominus
2501 3929 2552 3983 in
2581 3928 2688 3983 illis
2722 3927 2781 3980 in-
2807 3928 2935 3983 Sina
2972 3930 3023 3980 in
3061 3934 3272 3989 sancto,
3309 3920 3621 3977 ascendens
3646 3922 3703 3974 in

430 4024 550 4093 pisti
580 4024 719 4077 dona
755 4025 807 4077 in
841 4025 1155 4077 hominibus.
2117 4022 2287 4076 altum
2329 4039 2341 4073 ε
2379 4021 2651 4091 captivam
2705 4021 2865 4075 duxit
2920 4021 3324 4091 captivitatem,
3354 4016 3505 4071 dedit
3558 4015 3704 4067 dona

2116 4114 2454 4169 hominibus.

510 4294 525 4324 ί
560 4290 863 4364 Depravata
899 4294 1072 4366 docet
1109 4291 1478 4366 Hieronymus
1512 4294 1876 4366 exemplaria,
1915 4294 2008 4349 ubi

430 4367 762 4464 conjuncti:
813 4374 861 4417 et
888 4364 1263 4464 lnonplegi’tur
1299 4364 1427 4419 {sic
1459 4366 1604 4419 enim
1636 4364 1916 4445 scribebat
1946 4366 2012 4418 ad
2045 4402 2099 4464 Β

454 4437 581 4464 ’.ιη-ι
639 4446 687 4464 nl
769 4444 879 4464 μηθη
957 4452 967 4463 ι
1068 4450 1151 4464 νου
1185 4444 1289 4464 ιηιη
1318 4437 1370 4464 .‘n
1404 4444 1674 4464 ηηηρηι-ΑΙ..
1713 4451 1823 4464 ιη...
1866 4453 1877 4464 ι
1916 4450 2014 4464 ιιι-ιι

434 4434 604 4489 διιιιιι.
638 4446 694 4489 et
723 4434 923 4488 Fretel.
957 4452 967 4485 :
1010 4434 1289 4497 Exsultate
1318 4437 1372 4488 in
1400 4444 1677 4505 conspectu
1710 4435 1823 4503 ejus
1860 4453 1877 4501 ;
1916 4450 2015 4501 pro

432 4521 544 4574 quo
597 4508 651 4559 in
702 4505 890 4559 Graeco
945 4504 1222 4574 invenisse
1260 4520 1356 4558 vos
1390 4504 1609 4569 dicitis,
1653 4506 1721 4558 Et
1755 4505 2019 4558 exsultate

2121 4292 2351 4358 foditur,
2383 4294 2528 4365 quod
2560 4303 2615 4348 et
2642 4294 2932 4364 probatum
2969 4305 3053 4349 est
3079 4293 3261 4349 nobis.

2201 4367 2221 4396 ⁸
2274 4364 2545 4433 Corrupte
2582 4364 2887 4419 Veronens.
2926 4382 3056 4429 ms.,
3094 4364 3395 4432 egredieris,
3427 4372 3485 4417 et
3531 4378 3663 4418 mox
3692 4402 3709 4428 .

2130 4437 2535 4505 transgredieris
2574 4436 2627 4487 in
2667 4435 2892 4495 deserto,
2949 4450 3127 4505 neque
3179 4435 3330 4486 addit
3358 4434 3713 4505 Diapsalnta.

2130 4501 2502 4573 Subsequenti
2534 4520 2719 4567 versu,
2749 4521 2779 4555 (ι
2810 4506 2944 4571 facie
2963 4503 3055 4556 Dei
3087 4501 3262 4565 Sindi,
3293 4518 3391 4571 pro
3426 4501 3577 4559 mons
3618 4503 3713 4557 Si-

434 4578 488 4627 in
528 4588 804 4643 conspectu
834 4575 967 4641 ejus.
1005 4573 1159 4637 Quod
1186 4574 1261 4626 ita
1286 4589 1505 4627 versum
1535 4586 1619 4628 est
1649 4592 1676 4626 a
1708 4576 1890 4639 nobis,
1922 4575 2016 4628 sed

436 4662 465 4698 a
518 4660 626 4713 quo
686 4647 739 4697 in
796 4644 988 4713 codice
1020 4653 1206 4695 vestro
1243 4655 1563 4713 corruptum
1598 4648 1693 4711 sit,
1727 4648 1874 4698 scire
1906 4660 2016 4697 non

438 4712 684 4782 posSum.
714 4715 813 4766 Ms.
852 4712 1216 4777 Sorbonicus,
1244 4714 1373 4780 legit
1405 4712 1525 4767 Sine
1548 4724 1622 4775 et,
1660 4715 1753 4768 sed
1792 4716 1843 4767 in
1871 4730 2019 4767 mar-

434 4787 560 4852 gine
589 4785 753 4837 habet
792 4783 948 4837 istam
983 4782 1227 4835 notulam
1263 4800 1276 4835 :
1316 4783 1403 4847 Et,
1451 4784 1675 4838 habetur
1719 4786 1767 4837 in
1806 4785 2020 4852 quibus-

434 4858 585 4908 dam.
623 4854 681 4907 In
715 4852 981 4907 Psalterio
1010 4853 1342 4907 Carnutensi
1384 4856 1649 4921 scriptum
1686 4864 1803 4909 crat
1842 4858 2018 4922 prima

437 4940 628 4989 manu,
671 4924 735 4975 Et
763 4923 1045 4986 exsultate,
1087 4932 1233 4987 etc.,
1273 4932 1463 4995 postea
1518 4940 1647 4979 vero
1695 4935 2019 4995 corruptum

437 5006 521 5050 est
553 4998 621 5050 ab
654 4995 911 5063 imperito
937 4994 1317 5047 emendatore.
1349 4992 1530 5048 Msnr.

509 5073 530 5095 ‘
564 5070 672 5120 t’ro
713 5064 1013 5129 unanimes,
1057 5065 1340 5119 Palatinus
1394 5080 1494 5118 ms.
1548 5076 1603 5120 et
1651 5065 1826 5121 Carus
1866 5066 2022 5121 unius

438 5138 601 5190 moris
633 5139 842 5208 legunt,
870 5138 1100 5206 propius
1126 5134 1330 5208 _Gra_:co
1375 5138 1769 5207 μονοτρόπους.
1809 5137 1863 5189 S.
1906 5140 2018 5189 Au-

436 5205 830 5291 gustinus',.cui
865 5216 921 5291 et
962 5205 1290 5289 .nota'lectio
1320 5205 1555 5285 utraque
1587 5208 2019 5291 ltuit,lpra:tuli‘t,

435 5277 595 5333 unius
627 5278 767 5331 modi
812 5291 829 5330 :
869 5277 971 5341 Qui
1030 5278 1203 5341 enim,
1252 5277 1427 5346 inquit
1454 5314 1469 5338 ,
1504 5280 1695 5346 τρόπω.
1728 5277 1907 5331 Cra'ce
1935 5278 2022 5328 di-

436 5359 669 5415 cuntur,
710 5358 759 5403 et
799 5348 940 5401 modi
965 5357 1012 5401 et
1053 5363 1223 5400 mores
1271 5345 1460 5400 Latine
1522 5347 1862 5416 interpretari
1904 5361 2023 5414 pos-

438 5429 582 5474 sunt.

514 5492 534 5522 ³
574 5493 866 5562 Perperam
927 5491 981 5542 in
1036 5488 1161 5543 cod.
1225 5489 1473 5545 Palatino
1526 5488 1683 5545 verba
1734 5489 1789 5541 in
1837 5485 2019 5553 ﬁnem,

440 5561 598 5615 obolo
629 5561 1025 5630 praenotantur.

516 5632 535 5659 ‘
568 5628 909 5687 lii—Palatino
936 5644 1039 5686 ms.
1065 5645 1329 5701 perquam
1364 5639 1508 5685 recte
1544 5630 1607 5683 ad
1648 5628 1687 5682 ν
1714 5628 1858 5683 ειπωὶ
1889 5645 2023 5698 quo-

444 5715 553 5768 que
613 5714 793 5756 textus
831 5705 992 5756 [idem
1043 5703 1193 5773 prior
1230 5704 1419 5759 ἰδιιιωο
1461 5703 1513 5754 in
1541 5702 1859 5772 praepositio
1893 5719 2023 5755 cono

2127 4595 2220 4642 nu,
2250 4576 2396 4644 quod
2454 4576 2521 4629 ab
2560 4575 2875 4644 exemplari
2922 4590 3023 4644 suo
3065 4574 3363 4627 abhorrere
3400 4576 3514 4644 ipse
3550 4583 3717 4627 notat

2124 4642 2491 4717 Augustinus,
2530 4646 2621 4717 ubi
2682 4648 2797 4708 ait,
2843 4642 3072 4717 Quidam
3116 4644 3318 4717 codices
3364 4643 3636 4717 etALatini
3664 4652 3717 4717 et

2126 4713 2299 4771 mea
2335 4732 2437 4769 non
2482 4714 2672 4768 habent
2710 4729 2728 4766 :
2768 4730 2925 4767 mons
2967 4716 3095 4766 Sina
3134 4713 3267 4779 μετέ
3295 4752 3308 4775 ,
3351 4728 3380 4764 a
3412 4714 3553 4768 facie
3595 4713 3716 4777 .Dei

2128 4790 2281 4850 Sina,
2314 4802 2344 4839 a
2375 4787 2515 4839 l'acic
2547 4785 2643 4839 Dei
2675 4784 2864 4838 Israel.
2902 4783 3127 4847 Verum,
3162 4793 3221 4836 ut
3258 4783 3523 4846 d'ximus,
3558 4786 3714 4847 haec,

2124 4874 2245 4927 qua:
2277 4856 2551 4926 posterior
2584 4871 2795 4927 manus
2829 4854 3126 4921 supplevit,
3162 4853 3287 4906 folia
3321 4854 3390 4927 sb
3434 4855 3583 4906 alitis
3622 4870 3717 4906 rc-

2125 4923 2405 4982 censiouis
2440 4928 2583 4979 libro
2618 4923 2895 4993 descripta
2926 4934 3076 4985 sunt,
3109 4939 3232 4991 quae
3282 4926 3419 4978 adeo
3474 4939 3719 4992 compa-

2128 5013 2252 5053 rare
2287 5013 2410 5054 cunt
2451 4994 2948 5067 Augustino,_niltil
2987 4996 3238 5067 interest.

2106 5112 2109 5119 .
2196 5069 2217 5100 ⁸
2250 5062 2561 5123 νετυιιειιδῖ
2609 5080 2735 5129 IIIS.,
2788 5062 2940 5117 Mons
2998 5063 3317 5128 incaseatus,
3366 5079 3514 5117 mons
3566 5063 3727 5117 uber.

2132 5141 2196 5195 Ut
2232 5142 2356 5209 quid
2392 5135 2690 5203 suscepistis
2728 5132 3172 5209 (pro_suscipitis)
3211 5144 3409 5187 montes
3439 5145 3725 5209 caseatos,

2129 5203 2379 5271 montem,
2405 5210 2455 5261 in
2486 5223 2585 5274 quo
2628 5207 2825 5274 placuit
2855 5204 2982 5267 Deo,
3022 5215 3172 5268 etc.;
3227 5218 3283 5258 et
3326 5220 3476 5267 mox,
3516 5203 3728 5257 Decem

2129 5282 2296 5335 millia
2328 5277 2601 5346 multiplex
2630 5276 2926 5346 laetantium
2961 5288 2975 5325 :
3013 5284 3066 5327 et
3098 5274 3258 5342 paulo
3281 5285 3423 5342 post,
3454 5276 3508 5326 in
3552 5274 3727 5346 Sinni

2130 5370 2182 5405 in
2216 5352 2434 5411 Sancto,
2463 5344 2747 5400 accendisti
2783 5346 2837 5397 in
2871 5345 3077 5408 altum,
3106 5354 3215 5398 etc.
3249 5346 3385 5397 'luin
3415 5348 3600 5399 altero
3647 5344 3726 5399 ab

2130 5424 2234 5476 hoc
2273 5435 2458 5483 versu,
2505 5417 2814 5470 Benedictus
2869 5414 3123 5467 Dominus
3171 5414 3253 5467 die
3286 5416 3545 5483 quotidie,
3593 5433 3729 5484 pro-

2127 5508 2338 5563 sperum
2367 5490 2669 5563 iter‘uobis,
2701 5488 2909 5563 absque
2946 5486 3151 5563 facie-tr:
3184 5501 3367 5563 neque
3392 5486 3549 5563 addit
3580 5487 3730 5563 Dia-

2128 5554 2383 5631 p'salma.‘
2426 5559 2582 5613 addit
2608 5572 2739 5631 vero
2778 5558 3013 5631 alterum
3060 5555 3282 5631 Domini
3328 5571 3453 5608 cunt
3503 5554 3729 5631 Fulgu-

2131 5626 2219 5702 tis,
2249 5633 2341 5687 ubi
2377 5631 2603 5698 dicitur,
2644 5626 2876 5695 Domini,
2917 5626 3125 5679 Domini
3151 5628 3325 5681 exitus
3366 5626 3579 5679 mortis.
