  <div class='ocr_page' id='page_1' title='image "/cluster/home/n/w/nwhite01/storage/ocr_20150623/29/hvd.32044096580519/140.png"; bbox 0 0 3958 6176; ppageno 0'>
   <div class='ocr_carea' id='block_1_1' title="bbox 275 239 375 305">
    <p class='ocr_par' dir='ltr' id='par_1_1' title="bbox 275 239 375 305">
     <span class='ocr_line' id='line_1_1' title="bbox 275 239 375 305; baseline 0.02 -2"><span class='ocrx_word' id='word_1_1' title='bbox 275 239 375 305; x_wconf 70' lang='grc'><strong><em>249</em></strong></span> 
     </span>
    </p>
   </div>
   <div class='ocr_carea' id='block_1_2' title="bbox 1482 234 2309 305">
    <p class='ocr_par' dir='ltr' id='par_1_2' title="bbox 1482 234 2309 305">
     <span class='ocr_line' id='line_1_2' title="bbox 1482 234 2309 305; baseline 0.004 -3"><span class='ocrx_word' id='word_1_2' title='bbox 1482 234 1749 304; x_wconf 66' lang='grc' dir='ltr'><strong><em>ἹᾹΒΕΒ</em></strong></span> <span class='ocrx_word' id='word_1_3' title='bbox 1814 236 2309 305; x_wconf 77' lang='lat' dir='ltr'><strong><em>PSALMORUM.</em></strong></span> 
     </span>
    </p>
   </div>
   <div class='ocr_carea' id='block_1_3' title="bbox 3429 244 3538 309">
    <p class='ocr_par' dir='ltr' id='par_1_3' title="bbox 3429 244 3538 309">
     <span class='ocr_line' id='line_1_3' title="bbox 3429 244 3538 309; baseline 0.009 -2"><span class='ocrx_word' id='word_1_4' title='bbox 3429 244 3538 309; x_wconf 71' lang='lat'><strong><em>250</em></strong></span> 
     </span>
    </p>
   </div>
   <div class='ocr_carea' id='block_1_4' title="bbox 349 352 3536 420">
    <p class='ocr_par' dir='ltr' id='par_1_4' title="bbox 349 352 3536 420">
     <span class='ocr_line' id='line_1_4' title="bbox 349 352 3536 420; baseline 0.001 -11"><span class='ocrx_word' id='word_1_5' title='bbox 349 353 561 410; x_wconf 66' lang='lat' dir='ltr'><strong><em>i&#39;tenim</em></strong></span> <span class='ocrx_word' id='word_1_6' title='bbox 616 368 721 405; x_wconf 81' lang='lat' dir='ltr'><strong><em>non</em></strong></span> <span class='ocrx_word' id='word_1_7' title='bbox 776 352 1048 407; x_wconf 81' lang='lat' dir='ltr'><strong><em>credentes</em></strong></span> <span class='ocrx_word' id='word_1_8' title='bbox 1110 352 1411 406; x_wconf 69' lang='lat' dir='ltr'><strong><em>inhabitare</em></strong></span> <span class='ocrx_word' id='word_1_9' title='bbox 1469 354 1484 384; x_wconf 85' lang='grc'>¹</span> <span class='ocrx_word' id='word_1_10' title='bbox 1570 353 1857 410; x_wconf 88' lang='lat' dir='ltr'><strong><em>Dominum</em></strong></span> <span class='ocrx_word' id='word_1_11' title='bbox 1890 366 1930 420; x_wconf 75' lang='grc' dir='ltr'><strong>Α</strong></span> <span class='ocrx_word' id='word_1_12' title='bbox 2040 360 2258 414; x_wconf 84' lang='lat' dir='ltr'><strong><em>Etenim</em></strong></span> <span class='ocrx_word' id='word_1_13' title='bbox 2314 373 2422 415; x_wconf 90' lang='lat' dir='ltr'><strong><em>non</em></strong></span> <span class='ocrx_word' id='word_1_14' title='bbox 2450 357 2685 414; x_wconf 83' lang='lat' dir='ltr'><strong><em>credunt</em></strong></span> <span class='ocrx_word' id='word_1_15' title='bbox 2713 356 3022 414; x_wconf 80' lang='lat' dir='ltr'><strong><em>inhabitare</em></strong></span> <span class='ocrx_word' id='word_1_16' title='bbox 3058 357 3365 413; x_wconf 82' lang='lat' dir='ltr'><strong><em>:Domintts</em></strong></span> <span class='ocrx_word' id='word_1_17' title='bbox 3394 354 3536 413; x_wconf 85' lang='lat' dir='ltr'><strong><em>Deus</em></strong></span> 
     </span>
    </p>
   </div>
   <div class='ocr_carea' id='block_1_5' title="bbox 281 448 465 504">
    <p class='ocr_par' dir='ltr' id='par_1_5' title="bbox 281 448 465 504">
     <span class='ocr_line' id='line_1_5' title="bbox 281 448 465 504; baseline -0.016 0"><span class='ocrx_word' id='word_1_18' title='bbox 281 448 388 504; x_wconf 77' lang='lat' dir='ltr'><strong><em>Deu</em></strong></span> <span class='ocrx_word' id='word_1_19' title='bbox 395 466 441 502; x_wconf 69' lang='grc' dir='ltr'><strong><em>δι</em></strong></span> <span class='ocrx_word' id='word_1_20' title='bbox 452 490 465 501; x_wconf 90' lang='grc'><strong>.</strong></span> 
     </span>
    </p>
   </div>
   <div class='ocr_carea' id='block_1_6' title="bbox 344 539 1856 610">
    <p class='ocr_par' dir='ltr' id='par_1_6' title="bbox 344 539 1856 610">
     <span class='ocr_line' id='line_1_6' title="bbox 344 539 1856 610; baseline 0.001 -14"><span class='ocrx_word' id='word_1_21' title='bbox 344 542 664 596; x_wconf 72' lang='lat' dir='ltr'><strong><em>Benedictus</em></strong></span> <span class='ocrx_word' id='word_1_22' title='bbox 696 539 955 593; x_wconf 75' lang='lat' dir='ltr'><strong><em>Dominus</em></strong></span> <span class='ocrx_word' id='word_1_23' title='bbox 982 540 1066 593; x_wconf 80' lang='lat' dir='ltr'><strong><em>die</em></strong></span> <span class='ocrx_word' id='word_1_24' title='bbox 1087 541 1362 610; x_wconf 75' lang='lat' dir='ltr'><strong><em>quotidie:</em></strong></span> <span class='ocrx_word' id='word_1_25' title='bbox 1396 559 1709 610; x_wconf 78' lang='lat' dir='ltr'><strong><em>prosperum</em></strong></span> <span class='ocrx_word' id='word_1_26' title='bbox 1758 545 1856 599; x_wconf 85' lang='lat' dir='ltr'><strong><em>iter</em></strong></span> 
     </span>
    </p>
   </div>
   <div class='ocr_carea' id='block_1_7' title="bbox 278 632 1852 705">
    <p class='ocr_par' dir='ltr' id='par_1_7' title="bbox 278 632 1852 705">
     <span class='ocr_line' id='line_1_7' title="bbox 278 632 1852 705; baseline 0.001 -18"><span class='ocrx_word' id='word_1_27' title='bbox 278 636 432 705; x_wconf 76' lang='lat' dir='ltr'><strong><em>faciet</em></strong></span> <span class='ocrx_word' id='word_1_28' title='bbox 464 633 610 686; x_wconf 84' lang='lat' dir='ltr'><strong><em>nobis</em></strong></span> <span class='ocrx_word' id='word_1_29' title='bbox 637 632 775 685; x_wconf 78' lang='lat' dir='ltr'><strong><em>Deus</em></strong></span> <span class='ocrx_word' id='word_1_30' title='bbox 808 633 1131 686; x_wconf 72' lang='lat' dir='ltr'><strong><em>salutarium</em></strong></span> <span class='ocrx_word' id='word_1_31' title='bbox 1155 640 1484 687; x_wconf 86' lang='lat' dir='ltr'><strong><em>nostrorum.</em></strong></span> <span class='ocrx_word' id='word_1_32' title='bbox 1526 632 1852 689; x_wconf 60' lang='lat' dir='ltr'><strong><em>Dursauu.</em></strong></span> 
     </span>
    </p>
   </div>
   <div class='ocr_carea' id='block_1_8' title="bbox 346 722 1856 796">
    <p class='ocr_par' dir='ltr' id='par_1_8' title="bbox 346 722 1856 796">
     <span class='ocr_line' id='line_1_8' title="bbox 346 722 1856 796; baseline 0.003 -19"><span class='ocrx_word' id='word_1_33' title='bbox 346 725 488 778; x_wconf 86' lang='lat' dir='ltr'><strong><em>Deus</em></strong></span> <span class='ocrx_word' id='word_1_34' title='bbox 520 735 718 785; x_wconf 86' lang='lat' dir='ltr'><strong><em>noster.</em></strong></span> <span class='ocrx_word' id='word_1_35' title='bbox 753 722 890 777; x_wconf 88' lang='lat' dir='ltr'><strong><em>Deus</em></strong></span> <span class='ocrx_word' id='word_1_36' title='bbox 917 724 1091 777; x_wconf 80' lang='lat' dir='ltr'><strong><em>salvos</em></strong></span> <span class='ocrx_word' id='word_1_37' title='bbox 1127 738 1186 779; x_wconf 62' lang='grc' dir='ltr'><strong><em>-θ-</em></strong></span> <span class='ocrx_word' id='word_1_38' title='bbox 1225 725 1458 793; x_wconf 80' lang='lat' dir='ltr'><strong><em>faciendi</em></strong></span> <span class='ocrx_word' id='word_1_39' title='bbox 1491 727 1513 796; x_wconf 73' lang='grc' dir='ltr'>ζ</span> <span class='ocrx_word' id='word_1_40' title='bbox 1553 736 1602 779; x_wconf 87' lang='lat' dir='ltr'><strong><em>ct</em></strong></span> <span class='ocrx_word' id='word_1_41' title='bbox 1647 728 1856 782; x_wconf 86' lang='lat' dir='ltr'><strong><em>Domini</em></strong></span> 
     </span>
    </p>
   </div>
   <div class='ocr_carea' id='block_1_9' title="bbox 280 814 1089 887">
    <p class='ocr_par' dir='ltr' id='par_1_9' title="bbox 280 814 1089 887">
     <span class='ocr_line' id='line_1_9' title="bbox 280 814 1089 887; baseline -0.001 -15"><span class='ocrx_word' id='word_1_42' title='bbox 280 823 339 885; x_wconf 56' lang='grc' dir='ltr'>Χ</span> <span class='ocrx_word' id='word_1_43' title='bbox 380 817 599 872; x_wconf 79' lang='lat' dir='ltr'><strong><em>Domini</em></strong></span> <span class='ocrx_word' id='word_1_44' title='bbox 631 814 654 887; x_wconf 67' lang='grc' dir='ltr'>ζ</span> <span class='ocrx_word' id='word_1_45' title='bbox 684 819 855 871; x_wconf 75' lang='lat' dir='ltr'><strong><em>exitus</em></strong></span> <span class='ocrx_word' id='word_1_46' title='bbox 887 819 1089 871; x_wconf 87' lang='lat' dir='ltr'><strong><em>mortis.</em></strong></span> 
     </span>
    </p>
   </div>
   <div class='ocr_carea' id='block_1_10' title="bbox 353 909 1856 982">
    <p class='ocr_par' dir='ltr' id='par_1_10' title="bbox 353 909 1856 982">
     <span class='ocr_line' id='line_1_10' title="bbox 353 909 1856 982; baseline 0.001 -19"><span class='ocrx_word' id='word_1_47' title='bbox 353 910 720 963; x_wconf 69' lang='lat' dir='ltr'><strong><em>Verumtamen</em></strong></span> <span class='ocrx_word' id='word_1_48' title='bbox 775 909 909 962; x_wconf 89' lang='lat' dir='ltr'><strong><em>Deus</em></strong></span> <span class='ocrx_word' id='word_1_49' title='bbox 951 909 1247 982; x_wconf 75' lang='lat' dir='ltr'><strong><em>confringet</em></strong></span> <span class='ocrx_word' id='word_1_50' title='bbox 1296 912 1476 980; x_wconf 86' lang='lat' dir='ltr'><strong><em>capita</em></strong></span> <span class='ocrx_word' id='word_1_51' title='bbox 1524 913 1856 966; x_wconf 89' lang='lat' dir='ltr'><strong><em>inimicorum</em></strong></span> 
     </span>
    </p>
   </div>
   <div class='ocr_carea' id='block_1_11' title="bbox 279 1001 1858 1071">
    <p class='ocr_par' dir='ltr' id='par_1_11' title="bbox 279 1001 1858 1071">
     <span class='ocr_line' id='line_1_11' title="bbox 279 1001 1858 1071; baseline 0.001 -16"><span class='ocrx_word' id='word_1_52' title='bbox 279 1017 517 1066; x_wconf 72' lang='lat' dir='ltr'><strong><em>suorum,</em></strong></span> <span class='ocrx_word' id='word_1_53' title='bbox 562 1002 803 1055; x_wconf 81' lang='lat' dir='ltr'><strong><em>verticem</em></strong></span> <span class='ocrx_word' id='word_1_54' title='bbox 854 1001 1038 1071; x_wconf 87' lang='lat' dir='ltr'><strong><em>capilli</em></strong></span> <span class='ocrx_word' id='word_1_55' title='bbox 1075 1016 1133 1057; x_wconf 71' lang='lat' dir='ltr'><strong><em>ot-</em></strong></span> <span class='ocrx_word' id='word_1_56' title='bbox 1176 1019 1268 1071; x_wconf 87' lang='lat' dir='ltr'><strong><em>per</em></strong></span> <span class='ocrx_word' id='word_1_57' title='bbox 1304 1004 1323 1071; x_wconf 72' lang='grc' dir='ltr'>ζ</span> <span class='ocrx_word' id='word_1_58' title='bbox 1369 1003 1760 1057; x_wconf 55' lang='grc' dir='ltr'><strong><em>αηιὺιιιαρλέιυη</em></strong></span> <span class='ocrx_word' id='word_1_59' title='bbox 1804 1005 1858 1056; x_wconf 85' lang='lat' dir='ltr'><strong><em>in</em></strong></span> 
     </span>
    </p>
   </div>
   <div class='ocr_carea' id='block_1_12' title="bbox 280 1093 632 1146">
    <p class='ocr_par' dir='ltr' id='par_1_12' title="bbox 280 1093 632 1146">
     <span class='ocr_line' id='line_1_12' title="bbox 280 1093 632 1146; baseline -0.009 -1"><span class='ocrx_word' id='word_1_60' title='bbox 280 1094 481 1146; x_wconf 68' lang='lat' dir='ltr'><strong><em>delictis</em></strong></span> <span class='ocrx_word' id='word_1_61' title='bbox 502 1093 632 1145; x_wconf 78' lang='lat' dir='ltr'><strong><em>suis.</em></strong></span> 
     </span>
    </p>
   </div>
   <div class='ocr_carea' id='block_1_13' title="bbox 351 1181 1861 1253">
    <p class='ocr_par' dir='ltr' id='par_1_13' title="bbox 351 1181 1861 1253">
     <span class='ocr_line' id='line_1_13' title="bbox 351 1181 1861 1253; baseline 0.004 -16"><span class='ocrx_word' id='word_1_62' title='bbox 351 1186 499 1237; x_wconf 65' lang='lat' dir='ltr'><strong><em>Dixit</em></strong></span> <span class='ocrx_word' id='word_1_63' title='bbox 533 1183 793 1239; x_wconf 76' lang='lat' dir='ltr'><strong><em>Dominus</em></strong></span> <span class='ocrx_word' id='word_1_64' title='bbox 828 1200 846 1238; x_wconf 90' lang='lat'><strong><em>:</em></strong></span> <span class='ocrx_word' id='word_1_65' title='bbox 879 1181 961 1240; x_wconf 80' lang='lat' dir='ltr'><strong><em>Ea:</em></strong></span> <span class='ocrx_word' id='word_1_66' title='bbox 997 1182 1177 1241; x_wconf 84' lang='lat' dir='ltr'><strong><em>Busan</em></strong></span> <span class='ocrx_word' id='word_1_67' title='bbox 1204 1196 1527 1253; x_wconf 82' lang='lat' dir='ltr'><strong><em>convertam,</em></strong></span> <span class='ocrx_word' id='word_1_68' title='bbox 1560 1198 1861 1244; x_wconf 80' lang='lat' dir='ltr'><strong><em>convertam</em></strong></span> 
     </span>
    </p>
   </div>
   <div class='ocr_carea' id='block_1_14' title="bbox 283 1279 906 1347">
    <p class='ocr_par' dir='ltr' id='par_1_14' title="bbox 283 1279 906 1347">
     <span class='ocr_line' id='line_1_14' title="bbox 283 1279 906 1347; baseline 0.003 -18"><span class='ocrx_word' id='word_1_69' title='bbox 283 1279 332 1329; x_wconf 88' lang='lat' dir='ltr'><strong><em>in</em></strong></span> <span class='ocrx_word' id='word_1_70' title='bbox 364 1279 689 1347; x_wconf 82' lang='lat' dir='ltr'><strong><em>profundum</em></strong></span> <span class='ocrx_word' id='word_1_71' title='bbox 724 1280 906 1332; x_wconf 88' lang='lat' dir='ltr'><strong><em>maris.</em></strong></span> 
     </span>
    </p>
   </div>
   <div class='ocr_carea' id='block_1_15' title="bbox 356 1371 1861 1443">
    <p class='ocr_par' dir='ltr' id='par_1_15' title="bbox 356 1371 1861 1443">
     <span class='ocr_line' id='line_1_15' title="bbox 356 1371 1861 1443; baseline 0.001 -15"><span class='ocrx_word' id='word_1_72' title='bbox 356 1374 425 1428; x_wconf 86' lang='lat' dir='ltr'><strong><em>Ut</em></strong></span> <span class='ocrx_word' id='word_1_73' title='bbox 453 1377 754 1443; x_wconf 83' lang='lat' dir='ltr'><strong><em>intiugatur</em></strong></span> <span class='ocrx_word' id='word_1_74' title='bbox 785 1389 874 1443; x_wconf 77' lang='lat' dir='ltr'><strong><em>pes</em></strong></span> <span class='ocrx_word' id='word_1_75' title='bbox 904 1381 1026 1426; x_wconf 90' lang='lat' dir='ltr'><strong><em>tuus</em></strong></span> <span class='ocrx_word' id='word_1_76' title='bbox 1057 1371 1111 1425; x_wconf 89' lang='lat' dir='ltr'><strong><em>in</em></strong></span> <span class='ocrx_word' id='word_1_77' title='bbox 1134 1374 1394 1442; x_wconf 87' lang='lat' dir='ltr'><strong><em>sanguine</em></strong></span> <span class='ocrx_word' id='word_1_78' title='bbox 1418 1392 1435 1427; x_wconf 89' lang='lat'><strong><em>:</em></strong></span> <span class='ocrx_word' id='word_1_79' title='bbox 1467 1373 1648 1443; x_wconf 84' lang='lat' dir='ltr'><strong><em>lingua</em></strong></span> <span class='ocrx_word' id='word_1_80' title='bbox 1670 1390 1861 1429; x_wconf 86' lang='lat' dir='ltr'><strong><em>canum</em></strong></span> 
     </span>
    </p>
   </div>
   <div class='ocr_carea' id='block_1_16' title="bbox 287 1462 1103 1531">
    <p class='ocr_par' dir='ltr' id='par_1_16' title="bbox 287 1462 1103 1531">
     <span class='ocr_line' id='line_1_16' title="bbox 287 1462 1103 1531; baseline -0.002 -12"><span class='ocrx_word' id='word_1_81' title='bbox 287 1477 496 1520; x_wconf 89' lang='lat' dir='ltr'><strong><em>tuorum</em></strong></span> <span class='ocrx_word' id='word_1_82' title='bbox 525 1481 593 1518; x_wconf 76' lang='lat' dir='ltr'><strong><em>ex</em></strong></span> <span class='ocrx_word' id='word_1_83' title='bbox 624 1466 847 1519; x_wconf 88' lang='lat' dir='ltr'><strong><em>inimicis</em></strong></span> <span class='ocrx_word' id='word_1_84' title='bbox 876 1462 940 1516; x_wconf 87' lang='lat' dir='ltr'><strong><em>ab</em></strong></span> <span class='ocrx_word' id='word_1_85' title='bbox 968 1464 1103 1531; x_wconf 79' lang='lat' dir='ltr'><strong><em>ipso.</em></strong></span> 
     </span>
    </p>
   </div>
   <div class='ocr_carea' id='block_1_17' title="bbox 368 1556 1862 1627">
    <p class='ocr_par' dir='ltr' id='par_1_17' title="bbox 368 1556 1862 1627">
     <span class='ocr_line' id='line_1_17' title="bbox 368 1556 1862 1627; baseline -0.001 -16"><span class='ocrx_word' id='word_1_86' title='bbox 368 1558 622 1611; x_wconf 75' lang='lat' dir='ltr'><strong><em>Viderunt</em></strong></span> <span class='ocrx_word' id='word_1_87' title='bbox 647 1557 915 1627; x_wconf 82' lang='lat' dir='ltr'><strong><em>ingressus</em></strong></span> <span class='ocrx_word' id='word_1_88' title='bbox 956 1565 1094 1618; x_wconf 86' lang='lat' dir='ltr'><strong><em>tuos,</em></strong></span> <span class='ocrx_word' id='word_1_89' title='bbox 1132 1556 1292 1622; x_wconf 90' lang='lat' dir='ltr'><strong><em>Deus,</em></strong></span> <span class='ocrx_word' id='word_1_90' title='bbox 1326 1558 1593 1627; x_wconf 81' lang='lat' dir='ltr'><strong><em>ingressus</em></strong></span> <span class='ocrx_word' id='word_1_91' title='bbox 1619 1556 1713 1612; x_wconf 88' lang='lat' dir='ltr'><strong><em>Dei</em></strong></span> <span class='ocrx_word' id='word_1_92' title='bbox 1740 1558 1862 1622; x_wconf 88' lang='lat' dir='ltr'><strong><em>mei,</em></strong></span> 
     </span>
    </p>
   </div>
   <div class='ocr_carea' id='block_1_18' title="bbox 287 1648 1247 1719">
    <p class='ocr_par' dir='ltr' id='par_1_18' title="bbox 287 1648 1247 1719">
     <span class='ocr_line' id='line_1_18' title="bbox 287 1648 1247 1719; baseline -0.002 -16"><span class='ocrx_word' id='word_1_93' title='bbox 287 1651 423 1719; x_wconf 77' lang='lat' dir='ltr'><strong><em>regis</em></strong></span> <span class='ocrx_word' id='word_1_94' title='bbox 455 1649 557 1703; x_wconf 87' lang='lat' dir='ltr'><strong><em>ruei</em></strong></span> <span class='ocrx_word' id='word_1_95' title='bbox 587 1663 652 1703; x_wconf 87' lang='lat' dir='ltr'><strong><em>-t-</em></strong></span> <span class='ocrx_word' id='word_1_96' title='bbox 686 1649 778 1717; x_wconf 85' lang='lat' dir='ltr'><strong><em>qui</em></strong></span> <span class='ocrx_word' id='word_1_97' title='bbox 806 1657 881 1701; x_wconf 90' lang='lat' dir='ltr'><strong><em>est</em></strong></span> <span class='ocrx_word' id='word_1_98' title='bbox 908 1648 929 1716; x_wconf 73' lang='grc' dir='ltr'>ζ</span> <span class='ocrx_word' id='word_1_99' title='bbox 964 1649 1016 1701; x_wconf 91' lang='lat' dir='ltr'><strong><em>in</em></strong></span> <span class='ocrx_word' id='word_1_100' title='bbox 1042 1659 1247 1701; x_wconf 89' lang='lat' dir='ltr'><strong><em>sancto.</em></strong></span> 
     </span>
    </p>
   </div>
   <div class='ocr_carea' id='block_1_19' title="bbox 353 1739 1861 1810">
    <p class='ocr_par' dir='ltr' id='par_1_19' title="bbox 353 1739 1861 1810">
     <span class='ocr_line' id='line_1_19' title="bbox 353 1739 1861 1810; baseline -0.001 -13"><span class='ocrx_word' id='word_1_101' title='bbox 353 1742 738 1797; x_wconf 77' lang='lat' dir='ltr'><strong><em>Prcevenerunt</em></strong></span> <span class='ocrx_word' id='word_1_102' title='bbox 788 1740 1056 1810; x_wconf 90' lang='lat' dir='ltr'><strong><em>principes</em></strong></span> <span class='ocrx_word' id='word_1_103' title='bbox 1091 1740 1363 1809; x_wconf 85' lang='lat' dir='ltr'><strong><em>conjuncti</em></strong></span> <span class='ocrx_word' id='word_1_104' title='bbox 1393 1739 1768 1810; x_wconf 84' lang='lat' dir='ltr'><strong><em>psallentibus,</em></strong></span> <span class='ocrx_word' id='word_1_105' title='bbox 1807 1743 1861 1796; x_wconf 88' lang='lat' dir='ltr'><strong><em>in</em></strong></span> 
     </span>
    </p>
   </div>
   <div class='ocr_carea' id='block_1_20' title="bbox 288 1830 1866 1903">
    <p class='ocr_par' dir='ltr' id='par_1_20' title="bbox 288 1830 1866 1903">
     <span class='ocr_line' id='line_1_20' title="bbox 288 1830 1866 1903; baseline 0.001 -14"><span class='ocrx_word' id='word_1_106' title='bbox 288 1835 450 1889; x_wconf 74' lang='lat' dir='ltr'><strong><em>medio</em></strong></span> <span class='ocrx_word' id='word_1_107' title='bbox 498 1830 939 1903; x_wconf 83' lang='lat' dir='ltr'><strong><em>juvencularum,</em></strong></span> <span class='ocrx_word' id='word_1_108' title='bbox 1015 1832 1535 1902; x_wconf 81' lang='lat' dir='ltr'><strong><em>tympanistriarum.</em></strong></span> <span class='ocrx_word' id='word_1_109' title='bbox 1607 1834 1866 1890; x_wconf 66' lang='lat' dir='ltr'><strong><em>Dureau.-</em></strong></span> 
     </span>
    </p>
   </div>
   <div class='ocr_carea' id='block_1_21' title="bbox 290 1940 377 1979">
    <p class='ocr_par' dir='ltr' id='par_1_21' title="bbox 290 1940 377 1979">
     <span class='ocr_line' id='line_1_21' title="bbox 290 1940 377 1979; baseline 0 0"><span class='ocrx_word' id='word_1_110' title='bbox 290 1940 377 1979; x_wconf 63' lang='lat' dir='ltr'><strong><em>UA.</em></strong></span> 
     </span>
    </p>
   </div>
   <div class='ocr_carea' id='block_1_22' title="bbox 358 2014 1864 2089">
    <p class='ocr_par' dir='ltr' id='par_1_22' title="bbox 358 2014 1864 2089">
     <span class='ocr_line' id='line_1_22' title="bbox 358 2014 1864 2089; baseline 0.001 -17"><span class='ocrx_word' id='word_1_111' title='bbox 358 2016 423 2072; x_wconf 89' lang='lat' dir='ltr'><strong><em>In</em></strong></span> <span class='ocrx_word' id='word_1_112' title='bbox 480 2017 714 2073; x_wconf 87' lang='lat' dir='ltr'><strong><em>ecclesiis</em></strong></span> <span class='ocrx_word' id='word_1_113' title='bbox 744 2015 1035 2071; x_wconf 84' lang='lat' dir='ltr'><strong><em>benedicite</em></strong></span> <span class='ocrx_word' id='word_1_114' title='bbox 1083 2014 1190 2070; x_wconf 88' lang='lat' dir='ltr'><strong><em>Deo</em></strong></span> <span class='ocrx_word' id='word_1_115' title='bbox 1240 2016 1493 2083; x_wconf 74' lang='lat' dir='ltr'><strong><em>Domino,</em></strong></span> <span class='ocrx_word' id='word_1_116' title='bbox 1521 2018 1587 2072; x_wconf 86' lang='lat' dir='ltr'><strong><em>de</em></strong></span> <span class='ocrx_word' id='word_1_117' title='bbox 1630 2017 1864 2089; x_wconf 80' lang='lat' dir='ltr'><strong><em>fontibus</em></strong></span> 
     </span>
    </p>
   </div>
   <div class='ocr_carea' id='block_1_23' title="bbox 293 2109 484 2166">
    <p class='ocr_par' dir='ltr' id='par_1_23' title="bbox 293 2109 484 2166">
     <span class='ocr_line' id='line_1_23' title="bbox 293 2109 484 2166; baseline 0 -1"><span class='ocrx_word' id='word_1_118' title='bbox 293 2109 484 2166; x_wconf 88' lang='lat' dir='ltr'><strong><em>Israel.</em></strong></span> 
     </span>
    </p>
   </div>
   <div class='ocr_carea' id='block_1_24' title="bbox 370 2201 1864 2273">
    <p class='ocr_par' dir='ltr' id='par_1_24' title="bbox 370 2201 1864 2273">
     <span class='ocr_line' id='line_1_24' title="bbox 370 2201 1864 2273; baseline 0.001 -16"><span class='ocrx_word' id='word_1_119' title='bbox 370 2203 452 2257; x_wconf 84' lang='lat' dir='ltr'><strong><em>lbi</em></strong></span> <span class='ocrx_word' id='word_1_120' title='bbox 490 2202 781 2273; x_wconf 82' lang='lat' dir='ltr'><strong><em>Benjamin</em></strong></span> <span class='ocrx_word' id='word_1_121' title='bbox 820 2201 1264 2270; x_wconf 84' lang='lat' dir='ltr'><strong><em>adolescentulus,</em></strong></span> <span class='ocrx_word' id='word_1_122' title='bbox 1320 2202 1374 2255; x_wconf 78' lang='lat' dir='ltr'><strong><em>iu</em></strong></span> <span class='ocrx_word' id='word_1_123' title='bbox 1409 2203 1599 2256; x_wconf 85' lang='lat' dir='ltr'><strong><em>mentis</em></strong></span> <span class='ocrx_word' id='word_1_124' title='bbox 1632 2212 1864 2259; x_wconf 62' lang='lat' dir='ltr'><strong><em>excessu.</em></strong></span> 
     </span>
    </p>
   </div>
   <div class='ocr_carea' id='block_1_25' title="bbox 358 2292 1867 2365">
    <p class='ocr_par' dir='ltr' id='par_1_25' title="bbox 358 2292 1867 2365">
     <span class='ocr_line' id='line_1_25' title="bbox 358 2292 1867 2365; baseline -0.001 -15"><span class='ocrx_word' id='word_1_125' title='bbox 358 2295 635 2362; x_wconf 86' lang='lat' dir='ltr'><strong><em>Principes</em></strong></span> <span class='ocrx_word' id='word_1_126' title='bbox 666 2294 838 2358; x_wconf 86' lang='lat' dir='ltr'><strong><em>Juda,</em></strong></span> <span class='ocrx_word' id='word_1_127' title='bbox 863 2294 1020 2348; x_wconf 88' lang='lat' dir='ltr'><strong><em>duces</em></strong></span> <span class='ocrx_word' id='word_1_128' title='bbox 1049 2310 1229 2350; x_wconf 90' lang='lat' dir='ltr'><strong><em>eorum</em></strong></span> <span class='ocrx_word' id='word_1_129' title='bbox 1254 2310 1273 2349; x_wconf 87' lang='lat'><strong><em>:</em></strong></span> <span class='ocrx_word' id='word_1_130' title='bbox 1308 2295 1569 2365; x_wconf 78' lang='lat' dir='ltr'><strong><em>principes</em></strong></span> <span class='ocrx_word' id='word_1_131' title='bbox 1602 2292 1867 2359; x_wconf 87' lang='lat' dir='ltr'><strong><em>Zabulon,</em></strong></span> 
     </span>
    </p>
   </div>
   <div class='ocr_carea' id='block_1_26' title="bbox 295 2384 985 2459">
    <p class='ocr_par' dir='ltr' id='par_1_26' title="bbox 295 2384 985 2459">
     <span class='ocr_line' id='line_1_26' title="bbox 295 2384 985 2459; baseline -0.003 -18"><span class='ocrx_word' id='word_1_132' title='bbox 295 2388 555 2457; x_wconf 80' lang='lat' dir='ltr'><strong><em>principes</em></strong></span> <span class='ocrx_word' id='word_1_133' title='bbox 590 2384 640 2439; x_wconf 82' lang='grc' dir='ltr'><strong><em>Ν</em></strong></span> <span class='ocrx_word' id='word_1_134' title='bbox 648 2385 884 2456; x_wconf 81' lang='lat' dir='ltr'><strong><em>epltthali</em></strong></span> <span class='ocrx_word' id='word_1_135' title='bbox 891 2424 905 2439; x_wconf 94' lang='lat'><strong><em>.</em></strong></span> <span class='ocrx_word' id='word_1_136' title='bbox 984 2456 985 2459; x_wconf 16' lang='grc' dir='ltr'><strong>η</strong></span> 
     </span>
    </p>
   </div>
   <div class='ocr_carea' id='block_1_27' title="bbox 364 2478 1867 2548">
    <p class='ocr_par' dir='ltr' id='par_1_27' title="bbox 364 2478 1867 2548">
     <span class='ocr_line' id='line_1_27' title="bbox 364 2478 1867 2548; baseline -0.001 -13"><span class='ocrx_word' id='word_1_137' title='bbox 364 2480 593 2545; x_wconf 69' lang='lat' dir='ltr'><strong><em>Munda,</em></strong></span> <span class='ocrx_word' id='word_1_138' title='bbox 628 2480 790 2542; x_wconf 88' lang='lat' dir='ltr'><strong><em>Deus.</em></strong></span> <span class='ocrx_word' id='word_1_139' title='bbox 825 2480 1006 2533; x_wconf 78' lang='lat' dir='ltr'><strong><em>virtuti</em></strong></span> <span class='ocrx_word' id='word_1_140' title='bbox 1030 2488 1176 2535; x_wconf 80' lang='lat' dir='ltr'><strong><em>tute:</em></strong></span> <span class='ocrx_word' id='word_1_141' title='bbox 1235 2479 1492 2548; x_wconf 82' lang='lat' dir='ltr'><strong><em>conﬁrma</em></strong></span> <span class='ocrx_word' id='word_1_142' title='bbox 1550 2482 1669 2547; x_wconf 85' lang='lat' dir='ltr'><strong><em>hoc,</em></strong></span> <span class='ocrx_word' id='word_1_143' title='bbox 1704 2478 1867 2545; x_wconf 85' lang='lat' dir='ltr'><strong><em>Deus,</em></strong></span> 
     </span>
    </p>
   </div>
   <div class='ocr_carea' id='block_1_28' title="bbox 295 2574 1093 2647">
    <p class='ocr_par' dir='ltr' id='par_1_28' title="bbox 295 2574 1093 2647">
     <span class='ocr_line' id='line_1_28' title="bbox 295 2574 1093 2647; baseline -0.003 -16"><span class='ocrx_word' id='word_1_144' title='bbox 295 2578 428 2647; x_wconf 83' lang='lat' dir='ltr'><strong><em>quod</em></strong></span> <span class='ocrx_word' id='word_1_145' title='bbox 459 2586 711 2647; x_wconf 86' lang='lat' dir='ltr'><strong><em>operatus</em></strong></span> <span class='ocrx_word' id='word_1_146' title='bbox 758 2591 812 2629; x_wconf 90' lang='lat' dir='ltr'><strong><em>es</em></strong></span> <span class='ocrx_word' id='word_1_147' title='bbox 843 2575 898 2628; x_wconf 90' lang='lat' dir='ltr'><strong><em>in</em></strong></span> <span class='ocrx_word' id='word_1_148' title='bbox 920 2574 1093 2629; x_wconf 89' lang='lat' dir='ltr'><strong><em>nobis.</em></strong></span> 
     </span>
    </p>
   </div>
   <div class='ocr_carea' id='block_1_29' title="bbox 362 2665 1869 2739">
    <p class='ocr_par' dir='ltr' id='par_1_29' title="bbox 362 2665 1869 2739">
     <span class='ocr_line' id='line_1_29' title="bbox 362 2665 1869 2739; baseline 0 -16"><span class='ocrx_word' id='word_1_149' title='bbox 362 2672 405 2723; x_wconf 77' lang='grc' dir='ltr'><em>Α</em></span> <span class='ocrx_word' id='word_1_150' title='bbox 447 2669 643 2739; x_wconf 87' lang='lat' dir='ltr'><strong><em>templo</em></strong></span> <span class='ocrx_word' id='word_1_151' title='bbox 670 2677 759 2722; x_wconf 92' lang='lat' dir='ltr'><strong><em>tuo</em></strong></span> <span class='ocrx_word' id='word_1_152' title='bbox 787 2668 842 2722; x_wconf 91' lang='lat' dir='ltr'><strong><em>in</em></strong></span> <span class='ocrx_word' id='word_1_153' title='bbox 879 2665 1181 2723; x_wconf 82' lang='lat' dir='ltr'><strong><em>Jerusalem</em></strong></span> <span class='ocrx_word' id='word_1_154' title='bbox 1215 2704 1232 2735; x_wconf 85' lang='grc'><em>,</em></span> <span class='ocrx_word' id='word_1_155' title='bbox 1281 2667 1373 2722; x_wconf 88' lang='lat' dir='ltr'><strong><em>tibi</em></strong></span> <span class='ocrx_word' id='word_1_156' title='bbox 1424 2668 1638 2738; x_wconf 61' lang='lat' dir='ltr'><strong><em>offerent</em></strong></span> <span class='ocrx_word' id='word_1_157' title='bbox 1670 2670 1689 2700; x_wconf 84' lang='lat'>&#39;</span> <span class='ocrx_word' id='word_1_158' title='bbox 1723 2676 1869 2739; x_wconf 82' lang='lat' dir='ltr'><strong><em>reges</em></strong></span> 
     </span>
    </p>
   </div>
   <div class='ocr_carea' id='block_1_30' title="bbox 295 2777 541 2815">
    <p class='ocr_par' dir='ltr' id='par_1_30' title="bbox 295 2777 541 2815">
     <span class='ocr_line' id='line_1_30' title="bbox 295 2777 541 2815; baseline -0.004 0"><span class='ocrx_word' id='word_1_159' title='bbox 295 2777 541 2815; x_wconf 72' lang='lat' dir='ltr'><strong><em>munera.</em></strong></span> 
     </span>
    </p>
   </div>
   <div class='ocr_carea' id='block_1_31' title="bbox 362 2849 1870 2921">
    <p class='ocr_par' dir='ltr' id='par_1_31' title="bbox 362 2849 1870 2921">
     <span class='ocr_line' id='line_1_31' title="bbox 362 2849 1870 2921; baseline 0 -15"><span class='ocrx_word' id='word_1_160' title='bbox 362 2854 585 2918; x_wconf 80' lang='lat' dir='ltr'><strong><em>lncrepa</em></strong></span> <span class='ocrx_word' id='word_1_161' title='bbox 627 2851 768 2920; x_wconf 77' lang='lat' dir='ltr'><strong><em>feras</em></strong></span> <span class='ocrx_word' id='word_1_162' title='bbox 801 2849 1110 2917; x_wconf 88' lang='lat' dir='ltr'><strong><em>arundinis,</em></strong></span> <span class='ocrx_word' id='word_1_163' title='bbox 1138 2860 1472 2921; x_wconf 81' lang='lat' dir='ltr'><strong><em>congregatio</em></strong></span> <span class='ocrx_word' id='word_1_164' title='bbox 1500 2861 1779 2905; x_wconf 88' lang='lat' dir='ltr'><strong><em>taurorum</em></strong></span> <span class='ocrx_word' id='word_1_165' title='bbox 1813 2852 1870 2906; x_wconf 86' lang='lat' dir='ltr'><strong><em>in</em></strong></span> 
     </span>
    </p>
   </div>
   <div class='ocr_carea' id='block_1_32' title="bbox 294 2939 1871 3016">
    <p class='ocr_par' dir='ltr' id='par_1_32' title="bbox 294 2939 1871 3016">
     <span class='ocr_line' id='line_1_32' title="bbox 294 2939 1871 3016; baseline 0.002 -19"><span class='ocrx_word' id='word_1_166' title='bbox 294 2944 464 2997; x_wconf 74' lang='lat' dir='ltr'><strong><em>vaccis</em></strong></span> <span class='ocrx_word' id='word_1_167' title='bbox 510 2944 829 3013; x_wconf 87' lang='lat' dir='ltr'><strong><em>populorum</em></strong></span> <span class='ocrx_word' id='word_1_168' title='bbox 857 2959 877 2998; x_wconf 85' lang='lat'><strong><em>:</em></strong></span> <span class='ocrx_word' id='word_1_169' title='bbox 906 2958 964 2999; x_wconf 70' lang='grc' dir='ltr'><strong><em>σι-</em></strong></span> <span class='ocrx_word' id='word_1_170' title='bbox 1009 2951 1066 2996; x_wconf 87' lang='lat' dir='ltr'><strong><em>ut</em></strong></span> <span class='ocrx_word' id='word_1_171' title='bbox 1101 2939 1125 3011; x_wconf 70' lang='grc' dir='ltr'>ζ</span> <span class='ocrx_word' id='word_1_172' title='bbox 1163 2942 1449 2999; x_wconf 75' lang='lat' dir='ltr'><strong><em>excludant</em></strong></span> <span class='ocrx_word' id='word_1_173' title='bbox 1482 2960 1588 3011; x_wconf 89' lang='lat' dir='ltr'><strong><em>eos,</em></strong></span> <span class='ocrx_word' id='word_1_174' title='bbox 1621 2947 1713 3015; x_wconf 85' lang='lat' dir='ltr'><strong><em>qui</em></strong></span> <span class='ocrx_word' id='word_1_175' title='bbox 1748 2961 1871 3016; x_wconf 88' lang='lat' dir='ltr'><strong><em>pro-</em></strong></span> 
     </span>
    </p>
   </div>
   <div class='ocr_carea' id='block_1_33' title="bbox 293 3037 814 3106">
    <p class='ocr_par' dir='ltr' id='par_1_33' title="bbox 293 3037 814 3106">
     <span class='ocr_line' id='line_1_33' title="bbox 293 3037 814 3106; baseline -0.002 -16"><span class='ocrx_word' id='word_1_176' title='bbox 293 3037 396 3090; x_wconf 75' lang='lat' dir='ltr'><strong><em>bati</em></strong></span> <span class='ocrx_word' id='word_1_177' title='bbox 422 3046 547 3089; x_wconf 89' lang='lat' dir='ltr'><strong><em>sunt</em></strong></span> <span class='ocrx_word' id='word_1_178' title='bbox 571 3045 814 3106; x_wconf 86' lang='lat' dir='ltr'><strong><em>argento.</em></strong></span> 
     </span>
    </p>
   </div>
   <div class='ocr_carea' id='block_1_34' title="bbox 297 3216 1729 3292">
    <p class='ocr_par' dir='ltr' id='par_1_34' title="bbox 297 3216 1729 3292">
     <span class='ocr_line' id='line_1_34' title="bbox 297 3216 1729 3292; baseline 0.004 -21"><span class='ocrx_word' id='word_1_179' title='bbox 297 3216 536 3291; x_wconf 75' lang='lat' dir='ltr'><strong><em>£gypto</em></strong></span> <span class='ocrx_word' id='word_1_180' title='bbox 565 3233 587 3274; x_wconf 88' lang='lat'><strong><em>:</em></strong></span> <span class='ocrx_word' id='word_1_181' title='bbox 622 3218 895 3290; x_wconf 72' lang='grc' dir='ltr'><strong><em>ΔΞιΙιὶορὶα</em></strong></span> <span class='ocrx_word' id='word_1_182' title='bbox 927 3222 1206 3290; x_wconf 68' lang='grc' dir='ltr'><strong><em>ρνανυεηὶει</em></strong></span> <span class='ocrx_word' id='word_1_183' title='bbox 1241 3237 1432 3276; x_wconf 85' lang='lat' dir='ltr'><strong><em>manus</em></strong></span> <span class='ocrx_word' id='word_1_184' title='bbox 1454 3224 1571 3292; x_wconf 81' lang='lat' dir='ltr'><strong><em>ejus</em></strong></span> <span class='ocrx_word' id='word_1_185' title='bbox 1601 3222 1729 3278; x_wconf 90' lang='lat' dir='ltr'><strong><em>Deo.</em></strong></span> 
     </span>
    </p>
   </div>
   <div class='ocr_carea' id='block_1_35' title="bbox 367 3396 1875 3470">
    <p class='ocr_par' dir='ltr' id='par_1_35' title="bbox 367 3396 1875 3470">
     <span class='ocr_line' id='line_1_35' title="bbox 367 3396 1875 3470; baseline 0.005 -17"><span class='ocrx_word' id='word_1_186' title='bbox 367 3397 546 3470; x_wconf 69' lang='lat' dir='ltr'><strong><em>Regna</em></strong></span> <span class='ocrx_word' id='word_1_187' title='bbox 592 3409 770 3467; x_wconf 70' lang='lat' dir='ltr'><strong><em>terra,</em></strong></span> <span class='ocrx_word' id='word_1_188' title='bbox 830 3408 1045 3456; x_wconf 87' lang='lat' dir='ltr'><strong><em>can‘ate</em></strong></span> <span class='ocrx_word' id='word_1_189' title='bbox 1101 3396 1209 3453; x_wconf 87' lang='lat' dir='ltr'><strong><em>Deo</em></strong></span> <span class='ocrx_word' id='word_1_190' title='bbox 1270 3412 1295 3452; x_wconf 90' lang='lat'><strong><em>.&#39;</em></strong></span> <span class='ocrx_word' id='word_1_191' title='bbox 1347 3399 1563 3470; x_wconf 87' lang='lat' dir='ltr'><strong><em>psallite</em></strong></span> <span class='ocrx_word' id='word_1_192' title='bbox 1630 3402 1875 3461; x_wconf 87' lang='lat' dir='ltr'><strong><em>Domino.</em></strong></span> 
     </span>
    </p>
   </div>
   <div class='ocr_carea' id='block_1_36' title="bbox 300 3493 680 3549">
    <p class='ocr_par' dir='ltr' id='par_1_36' title="bbox 300 3493 680 3549">
     <span class='ocr_line' id='line_1_36' title="bbox 300 3493 680 3549; baseline 0.011 -4"><span class='ocrx_word' id='word_1_193' title='bbox 300 3496 603 3548; x_wconf 68' lang='lat' dir='ltr'><strong><em>UIAI’SALIA</em></strong></span> <span class='ocrx_word' id='word_1_194' title='bbox 635 3493 680 3549; x_wconf 83' lang='grc'><strong><em>⁸.</em></strong></span> 
     </span>
    </p>
   </div>
   <div class='ocr_carea' id='block_1_37' title="bbox 380 3584 1873 3660">
    <p class='ocr_par' dir='ltr' id='par_1_37' title="bbox 380 3584 1873 3660">
     <span class='ocr_line' id='line_1_37' title="bbox 380 3584 1873 3660; baseline 0.005 -21"><span class='ocrx_word' id='word_1_195' title='bbox 380 3598 441 3639; x_wconf 66' lang='grc' dir='ltr'><strong><em>σιν</em></strong></span> <span class='ocrx_word' id='word_1_196' title='bbox 476 3585 705 3639; x_wconf 85' lang='lat' dir='ltr'><strong><em>Psallite</em></strong></span> <span class='ocrx_word' id='word_1_197' title='bbox 746 3584 856 3639; x_wconf 89' lang='lat' dir='ltr'><strong><em>Deo</em></strong></span> <span class='ocrx_word' id='word_1_198' title='bbox 890 3587 912 3654; x_wconf 71' lang='grc' dir='ltr'>ζ</span> <span class='ocrx_word' id='word_1_199' title='bbox 945 3586 1037 3656; x_wconf 88' lang='lat' dir='ltr'><strong><em>qui</em></strong></span> <span class='ocrx_word' id='word_1_200' title='bbox 1067 3587 1305 3641; x_wconf 86' lang='lat' dir='ltr'><strong><em>ascendit</em></strong></span> <span class='ocrx_word' id='word_1_201' title='bbox 1333 3604 1490 3658; x_wconf 85' lang='lat' dir='ltr'><strong><em>super</em></strong></span> <span class='ocrx_word' id='word_1_202' title='bbox 1519 3588 1704 3644; x_wconf 76' lang='lat' dir='ltr'><strong><em>ctelum</em></strong></span> <span class='ocrx_word' id='word_1_203' title='bbox 1738 3593 1873 3660; x_wconf 77' lang='lat' dir='ltr'><strong><em>caeli,</em></strong></span> 
     </span>
    </p>
   </div>
   <div class='ocr_carea' id='block_1_38' title="bbox 302 3678 674 3731">
    <p class='ocr_par' dir='ltr' id='par_1_38' title="bbox 302 3678 674 3731">
     <span class='ocr_line' id='line_1_38' title="bbox 302 3678 674 3731; baseline 0.008 -3"><span class='ocrx_word' id='word_1_204' title='bbox 302 3678 368 3729; x_wconf 85' lang='lat' dir='ltr'><strong><em>ad</em></strong></span> <span class='ocrx_word' id='word_1_205' title='bbox 395 3679 674 3731; x_wconf 86' lang='lat' dir='ltr'><strong><em>orientem.</em></strong></span> 
     </span>
    </p>
   </div>
   <div class='ocr_carea' id='block_1_39' title="bbox 375 3770 1877 3848">
    <p class='ocr_par' dir='ltr' id='par_1_39' title="bbox 375 3770 1877 3848">
     <span class='ocr_line' id='line_1_39' title="bbox 375 3770 1877 3848; baseline 0.005 -25"><span class='ocrx_word' id='word_1_206' title='bbox 375 3770 506 3824; x_wconf 82' lang='lat' dir='ltr'><strong><em>Ecce</em></strong></span> <span class='ocrx_word' id='word_1_207' title='bbox 551 3772 702 3824; x_wconf 87' lang='lat' dir='ltr'><strong><em>dabit</em></strong></span> <span class='ocrx_word' id='word_1_208' title='bbox 730 3773 840 3826; x_wconf 88' lang='lat' dir='ltr'><strong><em>voci</em></strong></span> <span class='ocrx_word' id='word_1_209' title='bbox 882 3788 992 3827; x_wconf 81' lang='lat' dir='ltr'><strong><em>sua:</em></strong></span> <span class='ocrx_word' id='word_1_210' title='bbox 1017 3789 1188 3829; x_wconf 86' lang='lat' dir='ltr'><strong><em>vocem</em></strong></span> <span class='ocrx_word' id='word_1_211' title='bbox 1221 3778 1453 3841; x_wconf 87' lang='lat' dir='ltr'><strong><em>virtutis,</em></strong></span> <span class='ocrx_word' id='word_1_212' title='bbox 1495 3776 1617 3831; x_wconf 80' lang='lat' dir='ltr'><strong><em>date</em></strong></span> <span class='ocrx_word' id='word_1_213' title='bbox 1648 3775 1877 3848; x_wconf 87' lang='lat' dir='ltr'><strong><em>gloriam</em></strong></span> 
     </span>
    </p>
   </div>
   <div class='ocr_carea' id='block_1_40' title="bbox 302 3862 1875 3939">
    <p class='ocr_par' dir='ltr' id='par_1_40' title="bbox 302 3862 1875 3939">
     <span class='ocr_line' id='line_1_40' title="bbox 302 3862 1875 3939; baseline 0.005 -22"><span class='ocrx_word' id='word_1_214' title='bbox 302 3862 407 3917; x_wconf 86' lang='lat' dir='ltr'><strong><em>Deo</em></strong></span> <span class='ocrx_word' id='word_1_215' title='bbox 431 3880 450 3917; x_wconf 92' lang='lat'><strong><em>:</em></strong></span> <span class='ocrx_word' id='word_1_216' title='bbox 486 3881 644 3931; x_wconf 86' lang='lat' dir='ltr'><strong><em>super</em></strong></span> <span class='ocrx_word' id='word_1_217' title='bbox 675 3863 850 3919; x_wconf 86' lang='lat' dir='ltr'><strong><em>Israel</em></strong></span> <span class='ocrx_word' id='word_1_218' title='bbox 875 3867 1275 3937; x_wconf 74' lang='lat' dir='ltr'><strong><em>magnificentia</em></strong></span> <span class='ocrx_word' id='word_1_219' title='bbox 1312 3870 1453 3939; x_wconf 77' lang='lat' dir='ltr'><strong><em>ejus,</em></strong></span> <span class='ocrx_word' id='word_1_220' title='bbox 1484 3880 1532 3923; x_wconf 89' lang='lat' dir='ltr'><strong><em>et</em></strong></span> <span class='ocrx_word' id='word_1_221' title='bbox 1556 3872 1739 3926; x_wconf 82' lang='lat' dir='ltr'><strong><em>virtus</em></strong></span> <span class='ocrx_word' id='word_1_222' title='bbox 1761 3874 1875 3938; x_wconf 86' lang='lat' dir='ltr'><strong><em>ejus</em></strong></span> 
     </span>
    </p>
   </div>
   <div class='ocr_carea' id='block_1_41' title="bbox 305 3957 638 4011">
    <p class='ocr_par' dir='ltr' id='par_1_41' title="bbox 305 3957 638 4011">
     <span class='ocr_line' id='line_1_41' title="bbox 305 3957 638 4011; baseline 0.003 -3"><span class='ocrx_word' id='word_1_223' title='bbox 305 3958 359 4009; x_wconf 86' lang='lat' dir='ltr'><strong><em>iu</em></strong></span> <span class='ocrx_word' id='word_1_224' title='bbox 396 3957 638 4011; x_wconf 81' lang='lat' dir='ltr'><strong><em>nubibus.</em></strong></span> 
     </span>
    </p>
   </div>
   <div class='ocr_carea' id='block_1_42' title="bbox 378 4140 1882 4217">
    <p class='ocr_par' dir='ltr' id='par_1_42' title="bbox 378 4140 1882 4217">
     <span class='ocr_line' id='line_1_42' title="bbox 378 4140 1882 4217; baseline 0.004 -22"><span class='ocrx_word' id='word_1_225' title='bbox 378 4140 639 4196; x_wconf 72' lang='lat' dir='ltr'><strong><em>llirabilis</em></strong></span> <span class='ocrx_word' id='word_1_226' title='bbox 673 4141 807 4197; x_wconf 85' lang='lat' dir='ltr'><strong><em>Deus</em></strong></span> <span class='ocrx_word' id='word_1_227' title='bbox 840 4145 895 4198; x_wconf 89' lang='lat' dir='ltr'><strong><em>in</em></strong></span> <span class='ocrx_word' id='word_1_228' title='bbox 926 4148 1124 4201; x_wconf 85' lang='lat' dir='ltr'><strong><em>sanctis</em></strong></span> <span class='ocrx_word' id='word_1_229' title='bbox 1170 4148 1304 4214; x_wconf 86' lang='lat' dir='ltr'><strong><em>suis,</em></strong></span> <span class='ocrx_word' id='word_1_230' title='bbox 1355 4147 1499 4202; x_wconf 86' lang='lat' dir='ltr'><strong><em>Deus</em></strong></span> <span class='ocrx_word' id='word_1_231' title='bbox 1531 4144 1732 4213; x_wconf 87' lang='lat' dir='ltr'><strong><em>Israel,</em></strong></span> <span class='ocrx_word' id='word_1_232' title='bbox 1772 4148 1882 4217; x_wconf 77' lang='lat' dir='ltr'><strong><em>ipse</em></strong></span> 
     </span>
    </p>
   </div>
   <div class='ocr_carea' id='block_1_43' title="bbox 381 4335 1875 4407">
    <p class='ocr_par' dir='ltr' id='par_1_43' title="bbox 381 4335 1875 4407">
     <span class='ocr_line' id='line_1_43' title="bbox 381 4335 1875 4407; baseline -0.002 -15"><span class='ocrx_word' id='word_1_233' title='bbox 381 4338 399 4369; x_wconf 79' lang='grc'>⁸</span> <span class='ocrx_word' id='word_1_234' title='bbox 430 4335 532 4392; x_wconf 70' lang='lat' dir='ltr'><strong><em>his.</em></strong></span> <span class='ocrx_word' id='word_1_235' title='bbox 568 4336 742 4393; x_wconf 86' lang='lat' dir='ltr'><strong><em>Palat.</em></strong></span> <span class='ocrx_word' id='word_1_236' title='bbox 774 4338 994 4406; x_wconf 71' lang='lat' dir='ltr'><strong><em>praeﬁxo</em></strong></span> <span class='ocrx_word' id='word_1_237' title='bbox 1020 4337 1089 4393; x_wconf 90' lang='lat' dir='ltr'><strong><em>de</em></strong></span> <span class='ocrx_word' id='word_1_238' title='bbox 1121 4352 1275 4393; x_wconf 87' lang='lat' dir='ltr'><strong><em>more</em></strong></span> <span class='ocrx_word' id='word_1_239' title='bbox 1293 4336 1671 4407; x_wconf 65' lang='lat' dir='ltr'><strong><em>praspositioni</em></strong></span> <span class='ocrx_word' id='word_1_240' title='bbox 1695 4337 1875 4406; x_wconf 85' lang='lat' dir='ltr'><strong><em>obelo,</em></strong></span> 
     </span>
    </p>
   </div>
   <div class='ocr_carea' id='block_1_44' title="bbox 311 4407 1878 4478">
    <p class='ocr_par' dir='ltr' id='par_1_44' title="bbox 311 4407 1878 4478">
     <span class='ocr_line' id='line_1_44' title="bbox 311 4407 1878 4478; baseline -0.001 -15"><span class='ocrx_word' id='word_1_241' title='bbox 311 4423 369 4463; x_wconf 70' lang='grc' dir='ltr'><strong><em>σε-</em></strong></span> <span class='ocrx_word' id='word_1_242' title='bbox 401 4410 499 4474; x_wconf 71' lang='lat' dir='ltr'><strong><em>in:</em></strong></span> <span class='ocrx_word' id='word_1_243' title='bbox 534 4409 795 4462; x_wconf 80' lang='lat' dir='ltr'><strong><em>habitare.</em></strong></span> <span class='ocrx_word' id='word_1_244' title='bbox 816 4407 972 4473; x_wconf 84' lang='lat' dir='ltr'><strong><em>Quod</em></strong></span> <span class='ocrx_word' id='word_1_245' title='bbox 1006 4410 1258 4478; x_wconf 77' lang='lat' dir='ltr'><strong><em>sequitur</em></strong></span> <span class='ocrx_word' id='word_1_246' title='bbox 1290 4408 1626 4476; x_wconf 85' lang='lat' dir='ltr'><strong><em>Diapsalnta,</em></strong></span> <span class='ocrx_word' id='word_1_247' title='bbox 1646 4409 1878 4462; x_wconf 89' lang='lat' dir='ltr'><strong><em>alterum</em></strong></span> 
     </span>
    </p>
   </div>
   <div class='ocr_carea' id='block_1_45' title="bbox 308 4478 1874 4546">
    <p class='ocr_par' dir='ltr' id='par_1_45' title="bbox 308 4478 1874 4546">
     <span class='ocr_line' id='line_1_45' title="bbox 308 4478 1874 4546; baseline 0.001 -16"><span class='ocrx_word' id='word_1_248' title='bbox 308 4480 484 4532; x_wconf 83' lang='lat' dir='ltr'><strong><em>adhuc</em></strong></span> <span class='ocrx_word' id='word_1_249' title='bbox 541 4488 665 4546; x_wconf 89' lang='lat' dir='ltr'><strong><em>post</em></strong></span> <span class='ocrx_word' id='word_1_250' title='bbox 704 4493 924 4531; x_wconf 76' lang='lat' dir='ltr'><strong><em>versum</em></strong></span> <span class='ocrx_word' id='word_1_251' title='bbox 971 4479 1116 4532; x_wconf 91' lang='lat' dir='ltr'><strong><em>idem</em></strong></span> <span class='ocrx_word' id='word_1_252' title='bbox 1174 4494 1279 4535; x_wconf 89' lang='lat' dir='ltr'><strong><em>ms.</em></strong></span> <span class='ocrx_word' id='word_1_253' title='bbox 1312 4480 1522 4531; x_wconf 83' lang='lat' dir='ltr'><strong><em>ditl&#39;ert.</em></strong></span> <span class='ocrx_word' id='word_1_254' title='bbox 1560 4478 1874 4532; x_wconf 72' lang='lat' dir='ltr'><strong><em>Recolenda</em></strong></span> 
     </span>
    </p>
   </div>
   <div class='ocr_carea' id='block_1_46' title="bbox 308 4547 1879 4616">
    <p class='ocr_par' dir='ltr' id='par_1_46' title="bbox 308 4547 1879 4616">
     <span class='ocr_line' id='line_1_46' title="bbox 308 4547 1879 4616; baseline 0.001 -15"><span class='ocrx_word' id='word_1_255' title='bbox 308 4562 486 4601; x_wconf 82' lang='lat' dir='ltr'><strong><em>autem</em></strong></span> <span class='ocrx_word' id='word_1_256' title='bbox 526 4549 616 4600; x_wconf 83' lang='lat' dir='ltr'><strong><em>hic</em></strong></span> <span class='ocrx_word' id='word_1_257' title='bbox 642 4557 726 4602; x_wconf 87' lang='lat' dir='ltr'><strong><em>est</em></strong></span> <span class='ocrx_word' id='word_1_258' title='bbox 762 4557 875 4602; x_wconf 85' lang='lat' dir='ltr'><strong><em>tota</em></strong></span> <span class='ocrx_word' id='word_1_259' title='bbox 909 4547 964 4602; x_wconf 91' lang='lat' dir='ltr'><strong><em>S.</em></strong></span> <span class='ocrx_word' id='word_1_260' title='bbox 1000 4547 1176 4603; x_wconf 84' lang='lat' dir='ltr'><strong><em>Patris</em></strong></span> <span class='ocrx_word' id='word_1_261' title='bbox 1225 4550 1481 4616; x_wconf 86' lang='lat' dir='ltr'><strong><em>peric0pe</em></strong></span> <span class='ocrx_word' id='word_1_262' title='bbox 1533 4550 1586 4601; x_wconf 91' lang='lat' dir='ltr'><strong><em>in</em></strong></span> <span class='ocrx_word' id='word_1_263' title='bbox 1622 4549 1722 4603; x_wconf 85' lang='lat' dir='ltr'><strong><em>hos</em></strong></span> <span class='ocrx_word' id='word_1_264' title='bbox 1755 4563 1879 4603; x_wconf 91' lang='lat' dir='ltr'><strong><em>ver-</em></strong></span> 
     </span>
    </p>
   </div>
   <div class='ocr_carea' id='block_1_47' title="bbox 308 4616 1878 4687">
    <p class='ocr_par' dir='ltr' id='par_1_47' title="bbox 308 4616 1878 4687">
     <span class='ocr_line' id='line_1_47' title="bbox 308 4616 1878 4687; baseline 0.001 -16"><span class='ocrx_word' id='word_1_265' title='bbox 308 4634 401 4673; x_wconf 85' lang='lat' dir='ltr'><strong><em>sus</em></strong></span> <span class='ocrx_word' id='word_1_266' title='bbox 430 4634 498 4672; x_wconf 84' lang='lat' dir='ltr'><strong><em>ex</em></strong></span> <span class='ocrx_word' id='word_1_267' title='bbox 523 4616 699 4686; x_wconf 83' lang='lat' dir='ltr'><strong><em>Epist.</em></strong></span> <span class='ocrx_word' id='word_1_268' title='bbox 733 4619 800 4672; x_wconf 90' lang='lat' dir='ltr'><strong><em>ad</em></strong></span> <span class='ocrx_word' id='word_1_269' title='bbox 834 4618 1103 4672; x_wconf 85' lang='lat' dir='ltr'><strong><em>Suuniam</em></strong></span> <span class='ocrx_word' id='word_1_270' title='bbox 1133 4626 1187 4673; x_wconf 92' lang='lat' dir='ltr'><strong><em>et</em></strong></span> <span class='ocrx_word' id='word_1_271' title='bbox 1221 4616 1517 4681; x_wconf 76' lang='lat' dir='ltr'><strong><em>Fretelam,</em></strong></span> <span class='ocrx_word' id='word_1_272' title='bbox 1548 4633 1711 4687; x_wconf 86' lang='lat' dir='ltr'><strong><em>quam</em></strong></span> <span class='ocrx_word' id='word_1_273' title='bbox 1754 4620 1878 4672; x_wconf 83' lang='lat' dir='ltr'><strong><em>bre-</em></strong></span> 
     </span>
    </p>
   </div>
   <div class='ocr_carea' id='block_1_48' title="bbox 309 4689 1220 4758">
    <p class='ocr_par' dir='ltr' id='par_1_48' title="bbox 309 4689 1220 4758">
     <span class='ocr_line' id='line_1_48' title="bbox 309 4689 1220 4758; baseline 0.001 -18"><span class='ocrx_word' id='word_1_274' title='bbox 309 4690 490 4742; x_wconf 78' lang='lat' dir='ltr'><strong><em>vitatis</em></strong></span> <span class='ocrx_word' id='word_1_275' title='bbox 516 4689 690 4757; x_wconf 85' lang='lat' dir='ltr'><strong><em>gratia</em></strong></span> <span class='ocrx_word' id='word_1_276' title='bbox 724 4689 1220 4758; x_wconf 64' lang='lat' dir='ltr'><strong><em>praetenuittimus.</em></strong></span> 
     </span>
    </p>
   </div>
   <div class='ocr_carea' id='block_1_49' title="bbox 379 4756 1882 4828">
    <p class='ocr_par' dir='ltr' id='par_1_49' title="bbox 379 4756 1882 4828">
     <span class='ocr_line' id='line_1_49' title="bbox 379 4756 1882 4828; baseline -0.002 -16"><span class='ocrx_word' id='word_1_277' title='bbox 379 4760 400 4788; x_wconf 84' lang='grc'>¹</span> <span class='ocrx_word' id='word_1_278' title='bbox 429 4756 739 4828; x_wconf 74' lang='lat' dir='ltr'><strong><em>Rescripsit</em></strong></span> <span class='ocrx_word' id='word_1_279' title='bbox 768 4759 820 4811; x_wconf 87' lang='lat' dir='ltr'><strong><em>in</em></strong></span> <span class='ocrx_word' id='word_1_280' title='bbox 857 4759 1048 4812; x_wconf 89' lang='lat' dir='ltr'><strong><em>eodem</em></strong></span> <span class='ocrx_word' id='word_1_281' title='bbox 1078 4757 1203 4813; x_wconf 90' lang='lat' dir='ltr'><strong><em>cod.</em></strong></span> <span class='ocrx_word' id='word_1_282' title='bbox 1256 4756 1481 4828; x_wconf 77' lang='lat' dir='ltr'><strong><em>sequior</em></strong></span> <span class='ocrx_word' id='word_1_283' title='bbox 1505 4774 1704 4815; x_wconf 88' lang='lat' dir='ltr'><strong><em>manus</em></strong></span> <span class='ocrx_word' id='word_1_284' title='bbox 1757 4758 1882 4827; x_wconf 69' lang='grc' dir='ltr'><strong><em>απ(-</em></strong></span> 
     </span>
    </p>
   </div>
   <div class='ocr_carea' id='block_1_50' title="bbox 312 4827 1201 4897">
    <p class='ocr_par' dir='ltr' id='par_1_50' title="bbox 312 4827 1201 4897">
     <span class='ocr_line' id='line_1_50' title="bbox 312 4827 1201 4897; baseline 0.002 -18"><span class='ocrx_word' id='word_1_285' title='bbox 312 4839 447 4889; x_wconf 88' lang='lat' dir='ltr'><strong><em>rent,</em></strong></span> <span class='ocrx_word' id='word_1_286' title='bbox 474 4830 632 4897; x_wconf 77' lang='lat' dir='ltr'><strong><em>juxta</em></strong></span> <span class='ocrx_word' id='word_1_287' title='bbox 663 4827 915 4882; x_wconf 66' lang='lat' dir='ltr'><strong><em>Graecum</em></strong></span> <span class='ocrx_word' id='word_1_288' title='bbox 962 4828 1201 4881; x_wconf 70' lang='grc' dir='ltr'><strong><em>οἴσουσι.</em></strong></span> 
     </span>
    </p>
   </div>
   <div class='ocr_carea' id='block_1_51' title="bbox 379 4898 1471 4965">
    <p class='ocr_par' dir='ltr' id='par_1_51' title="bbox 379 4898 1471 4965">
     <span class='ocr_line' id='line_1_51' title="bbox 379 4898 1471 4965; baseline -0.001 -13"><span class='ocrx_word' id='word_1_289' title='bbox 379 4901 399 4930; x_wconf 83' lang='grc'>³</span> <span class='ocrx_word' id='word_1_290' title='bbox 435 4900 603 4953; x_wconf 81' lang='lat' dir='ltr'><strong><em>Tacet</em></strong></span> <span class='ocrx_word' id='word_1_291' title='bbox 630 4901 684 4952; x_wconf 88' lang='lat' dir='ltr'><strong><em>in</em></strong></span> <span class='ocrx_word' id='word_1_292' title='bbox 715 4900 964 4952; x_wconf 71' lang='lat' dir='ltr'><strong><em>Palatino</em></strong></span> <span class='ocrx_word' id='word_1_293' title='bbox 995 4914 1095 4952; x_wconf 85' lang='lat' dir='ltr'><strong><em>ms.</em></strong></span> <span class='ocrx_word' id='word_1_294' title='bbox 1134 4898 1471 4965; x_wconf 82' lang='lat' dir='ltr'><strong><em>Diapsalma.</em></strong></span> 
     </span>
    </p>
   </div>
   <div class='ocr_carea' id='block_1_52' title="bbox 380 4970 1877 5039">
    <p class='ocr_par' dir='ltr' id='par_1_52' title="bbox 380 4970 1877 5039">
     <span class='ocr_line' id='line_1_52' title="bbox 380 4970 1877 5039; baseline -0.001 -16"><span class='ocrx_word' id='word_1_295' title='bbox 380 4974 400 5001; x_wconf 76' lang='grc'><strong><em>⁵</em></strong></span> <span class='ocrx_word' id='word_1_296' title='bbox 438 4970 744 5023; x_wconf 71' lang='lat' dir='ltr'><strong><em>Verottens.</em></strong></span> <span class='ocrx_word' id='word_1_297' title='bbox 777 4985 880 5022; x_wconf 91' lang='lat' dir='ltr'><strong><em>ms.</em></strong></span> <span class='ocrx_word' id='word_1_298' title='bbox 920 4977 974 5021; x_wconf 90' lang='lat' dir='ltr'><strong><em>ut</em></strong></span> <span class='ocrx_word' id='word_1_299' title='bbox 1009 4970 1342 5039; x_wconf 80' lang='lat' dir='ltr'><strong><em>intinguntur</em></strong></span> <span class='ocrx_word' id='word_1_300' title='bbox 1379 4970 1631 5039; x_wconf 77' lang='lat' dir='ltr'><strong><em>(August.</em></strong></span> <span class='ocrx_word' id='word_1_301' title='bbox 1663 4970 1877 5038; x_wconf 81' lang='lat' dir='ltr'><strong><em>tingua-</em></strong></span> 
     </span>
    </p>
   </div>
   <div class='ocr_carea' id='block_1_53' title="bbox 312 5039 1887 5109">
    <p class='ocr_par' dir='ltr' id='par_1_53' title="bbox 312 5039 1887 5109">
     <span class='ocr_line' id='line_1_53' title="bbox 312 5039 1887 5109; baseline 0 -18"><span class='ocrx_word' id='word_1_302' title='bbox 312 5042 438 5109; x_wconf 87' lang='lat' dir='ltr'><strong><em>tur),</em></strong></span> <span class='ocrx_word' id='word_1_303' title='bbox 469 5041 636 5109; x_wconf 86' lang='lat' dir='ltr'><strong><em>paulo</em></strong></span> <span class='ocrx_word' id='word_1_304' title='bbox 666 5041 1098 5109; x_wconf 50' lang='lat' dir='ltr'><strong><em>pushingressus</em></strong></span> <span class='ocrx_word' id='word_1_305' title='bbox 1153 5041 1228 5091; x_wconf 91' lang='lat' dir='ltr'><strong><em>tui</em></strong></span> <span class='ocrx_word' id='word_1_306' title='bbox 1258 5039 1417 5102; x_wconf 83' lang='lat' dir='ltr'><strong><em>Deus,</em></strong></span> <span class='ocrx_word' id='word_1_307' title='bbox 1460 5050 1595 5109; x_wconf 85' lang='lat' dir='ltr'><strong><em>etc.,</em></strong></span> <span class='ocrx_word' id='word_1_308' title='bbox 1625 5040 1677 5092; x_wconf 88' lang='lat' dir='ltr'><strong><em>in</em></strong></span> <span class='ocrx_word' id='word_1_309' title='bbox 1713 5053 1887 5107; x_wconf 68' lang='lat' dir='ltr'><strong><em>queui</em></strong></span> 
     </span>
    </p>
   </div>
   <div class='ocr_carea' id='block_1_54' title="bbox 311 5108 1878 5179">
    <p class='ocr_par' dir='ltr' id='par_1_54' title="bbox 311 5108 1878 5179">
     <span class='ocr_line' id='line_1_54' title="bbox 311 5108 1878 5179; baseline -0.001 -17"><span class='ocrx_word' id='word_1_310' title='bbox 311 5108 485 5165; x_wconf 88' lang='lat' dir='ltr'><strong><em>locum</em></strong></span> <span class='ocrx_word' id='word_1_311' title='bbox 524 5110 732 5163; x_wconf 83' lang='lat' dir='ltr'><strong><em>videsis</em></strong></span> <span class='ocrx_word' id='word_1_312' title='bbox 751 5108 1144 5178; x_wconf 73' lang='lat' dir='ltr'><strong><em>Hieronymum</em></strong></span> <span class='ocrx_word' id='word_1_313' title='bbox 1165 5111 1329 5179; x_wconf 87' lang='lat' dir='ltr'><strong><em>epist.</em></strong></span> <span class='ocrx_word' id='word_1_314' title='bbox 1357 5109 1425 5162; x_wconf 90' lang='lat' dir='ltr'><strong><em>ad</em></strong></span> <span class='ocrx_word' id='word_1_315' title='bbox 1448 5108 1738 5171; x_wconf 87' lang='lat' dir='ltr'><strong><em>Sunniam,</em></strong></span> <span class='ocrx_word' id='word_1_316' title='bbox 1767 5117 1878 5161; x_wconf 86' lang='lat' dir='ltr'><strong><em>etc.</em></strong></span> 
     </span>
    </p>
   </div>
   <div class='ocr_carea' id='block_1_55' title="bbox 313 5180 1880 5248">
    <p class='ocr_par' dir='ltr' id='par_1_55' title="bbox 313 5180 1880 5248">
     <span class='ocr_line' id='line_1_55' title="bbox 313 5180 1880 5248; baseline -0.001 -16"><span class='ocrx_word' id='word_1_317' title='bbox 313 5180 366 5232; x_wconf 86' lang='lat' dir='ltr'><strong><em>in</em></strong></span> <span class='ocrx_word' id='word_1_318' title='bbox 399 5184 503 5233; x_wconf 82' lang='lat' dir='ltr'><strong><em>line</em></strong></span> <span class='ocrx_word' id='word_1_319' title='bbox 538 5180 801 5233; x_wconf 80' lang='lat' dir='ltr'><strong><em>versiculi</em></strong></span> <span class='ocrx_word' id='word_1_320' title='bbox 851 5194 1153 5248; x_wconf 88' lang='lat' dir='ltr'><strong><em>pronomen</em></strong></span> <span class='ocrx_word' id='word_1_321' title='bbox 1186 5181 1353 5248; x_wconf 85' lang='lat' dir='ltr'><strong><em>ipsius</em></strong></span> <span class='ocrx_word' id='word_1_322' title='bbox 1400 5190 1538 5233; x_wconf 88' lang='lat' dir='ltr'><strong><em>tacet</em></strong></span> <span class='ocrx_word' id='word_1_323' title='bbox 1577 5196 1591 5233; x_wconf 85' lang='lat'><strong>:</strong></span> <span class='ocrx_word' id='word_1_324' title='bbox 1635 5181 1880 5248; x_wconf 80' lang='lat' dir='ltr'><strong><em>tumba-</em></strong></span> 
     </span>
    </p>
   </div>
   <div class='ocr_carea' id='block_1_56' title="bbox 315 5247 1880 5318">
    <p class='ocr_par' dir='ltr' id='par_1_56' title="bbox 315 5247 1880 5318">
     <span class='ocr_line' id='line_1_56' title="bbox 315 5247 1880 5318; baseline -0.003 -16"><span class='ocrx_word' id='word_1_325' title='bbox 315 5248 396 5304; x_wconf 84' lang='lat' dir='ltr'><strong><em>bet</em></strong></span> <span class='ocrx_word' id='word_1_326' title='bbox 417 5247 862 5318; x_wconf 75' lang='lat' dir='ltr'><strong><em>juvencularum,</em></strong></span> <span class='ocrx_word' id='word_1_327' title='bbox 899 5265 995 5317; x_wconf 88' lang='lat' dir='ltr'><strong><em>pro</em></strong></span> <span class='ocrx_word' id='word_1_328' title='bbox 1012 5247 1289 5318; x_wconf 73' lang='lat' dir='ltr'><strong><em>juvenum,</em></strong></span> <span class='ocrx_word' id='word_1_329' title='bbox 1346 5264 1521 5318; x_wconf 89' lang='lat' dir='ltr'><strong><em>neque</em></strong></span> <span class='ocrx_word' id='word_1_330' title='bbox 1570 5250 1719 5302; x_wconf 81' lang='lat' dir='ltr'><strong><em>addit</em></strong></span> <span class='ocrx_word' id='word_1_331' title='bbox 1750 5247 1880 5299; x_wconf 87' lang='lat' dir='ltr'><strong><em>Dia-</em></strong></span> 
     </span>
    </p>
   </div>
   <div class='ocr_carea' id='block_1_57' title="bbox 314 5318 1880 5388">
    <p class='ocr_par' dir='ltr' id='par_1_57' title="bbox 314 5318 1880 5388">
     <span class='ocr_line' id='line_1_57' title="bbox 314 5318 1880 5388; baseline -0.001 -16"><span class='ocrx_word' id='word_1_332' title='bbox 314 5318 560 5388; x_wconf 79' lang='lat' dir='ltr'><strong><em>psalma;</em></strong></span> <span class='ocrx_word' id='word_1_333' title='bbox 625 5329 703 5385; x_wconf 87' lang='lat' dir='ltr'><strong><em>et,</em></strong></span> <span class='ocrx_word' id='word_1_334' title='bbox 762 5320 872 5371; x_wconf 86' lang='lat' dir='ltr'><strong><em>Deo</em></strong></span> <span class='ocrx_word' id='word_1_335' title='bbox 926 5319 1175 5384; x_wconf 87' lang='lat' dir='ltr'><strong><em>Domino,</em></strong></span> <span class='ocrx_word' id='word_1_336' title='bbox 1241 5320 1405 5373; x_wconf 86' lang='lat' dir='ltr'><strong><em>habet</em></strong></span> <span class='ocrx_word' id='word_1_337' title='bbox 1450 5335 1548 5387; x_wconf 88' lang='lat' dir='ltr'><strong><em>pro</em></strong></span> <span class='ocrx_word' id='word_1_338' title='bbox 1596 5318 1880 5372; x_wconf 86' lang='lat' dir='ltr'><strong><em>Dominum</em></strong></span> 
     </span>
    </p>
   </div>
   <div class='ocr_carea' id='block_1_58' title="bbox 315 5391 649 5457">
    <p class='ocr_par' dir='ltr' id='par_1_58' title="bbox 315 5391 649 5457">
     <span class='ocr_line' id='line_1_58' title="bbox 315 5391 649 5457; baseline 0.009 -16"><span class='ocrx_word' id='word_1_339' title='bbox 315 5391 499 5457; x_wconf 80' lang='lat' dir='ltr'><strong><em>Deum,</em></strong></span> <span class='ocrx_word' id='word_1_340' title='bbox 539 5404 649 5447; x_wconf 85' lang='lat' dir='ltr'><strong><em>etc.</em></strong></span> 
     </span>
    </p>
   </div>
   <div class='ocr_carea' id='block_1_59' title="bbox 385 5455 1877 5529">
    <p class='ocr_par' dir='ltr' id='par_1_59' title="bbox 385 5455 1877 5529">
     <span class='ocr_line' id='line_1_59' title="bbox 385 5455 1877 5529; baseline -0.001 -15"><span class='ocrx_word' id='word_1_341' title='bbox 385 5463 405 5492; x_wconf 83' lang='grc'>⁸</span> <span class='ocrx_word' id='word_1_342' title='bbox 431 5455 503 5515; x_wconf 84' lang='lat' dir='ltr'><strong><em>De</em></strong></span> <span class='ocrx_word' id='word_1_343' title='bbox 538 5463 646 5515; x_wconf 88' lang='lat' dir='ltr'><strong><em>boc</em></strong></span> <span class='ocrx_word' id='word_1_344' title='bbox 678 5459 949 5517; x_wconf 79' lang='lat' dir='ltr'><strong><em>versiculo</em></strong></span> <span class='ocrx_word' id='word_1_345' title='bbox 982 5455 1348 5529; x_wconf 77' lang='lat' dir='ltr'><strong><em>Hieronymus</em></strong></span> <span class='ocrx_word' id='word_1_346' title='bbox 1383 5460 1556 5514; x_wconf 87' lang='lat' dir='ltr'><strong><em>multa</em></strong></span> <span class='ocrx_word' id='word_1_347' title='bbox 1587 5458 1877 5524; x_wconf 90' lang='lat' dir='ltr'><strong><em>disseruit,</em></strong></span> 
     </span>
    </p>
   </div>
   <div class='ocr_carea' id='block_1_60' title="bbox 315 5530 1872 5601">
    <p class='ocr_par' dir='ltr' id='par_1_60' title="bbox 315 5530 1872 5601">
     <span class='ocr_line' id='line_1_60' title="bbox 315 5530 1872 5601; baseline 0.001 -19"><span class='ocrx_word' id='word_1_348' title='bbox 315 5545 538 5586; x_wconf 78' lang='lat' dir='ltr'><strong><em>monens</em></strong></span> <span class='ocrx_word' id='word_1_349' title='bbox 567 5533 856 5601; x_wconf 74' lang='lat' dir='ltr'><strong><em>scriptoris</em></strong></span> <span class='ocrx_word' id='word_1_350' title='bbox 889 5530 1086 5583; x_wconf 79' lang='lat' dir='ltr'><strong><em>vitium</em></strong></span> <span class='ocrx_word' id='word_1_351' title='bbox 1119 5532 1577 5599; x_wconf 78' lang='lat' dir='ltr'><strong><em>relinquendum,</em></strong></span> <span class='ocrx_word' id='word_1_352' title='bbox 1629 5531 1723 5598; x_wconf 90' lang='lat' dir='ltr'><strong><em>qui</em></strong></span> <span class='ocrx_word' id='word_1_353' title='bbox 1774 5545 1872 5601; x_wconf 86' lang='lat' dir='ltr'><strong><em>no-</em></strong></span> 
     </span>
    </p>
   </div>
   <div class='ocr_carea' id='block_1_61' title="bbox 314 5600 1880 5671">
    <p class='ocr_par' dir='ltr' id='par_1_61' title="bbox 314 5600 1880 5671">
     <span class='ocr_line' id='line_1_61' title="bbox 314 5600 1880 5671; baseline 0.002 -21"><span class='ocrx_word' id='word_1_354' title='bbox 314 5603 635 5655; x_wconf 82' lang='lat' dir='ltr'><strong><em>minativum</em></strong></span> <span class='ocrx_word' id='word_1_355' title='bbox 671 5600 851 5671; x_wconf 83' lang='lat' dir='ltr'><strong><em>posuit</em></strong></span> <span class='ocrx_word' id='word_1_356' title='bbox 876 5616 976 5668; x_wconf 90' lang='lat' dir='ltr'><strong><em>pro</em></strong></span> <span class='ocrx_word' id='word_1_357' title='bbox 1008 5602 1322 5655; x_wconf 83' lang='lat' dir='ltr'><strong><em>accusativo</em></strong></span> <span class='ocrx_word' id='word_1_358' title='bbox 1353 5617 1367 5653; x_wconf 90' lang='lat'><strong>:</strong></span> <span class='ocrx_word' id='word_1_359' title='bbox 1401 5602 1527 5654; x_wconf 87' lang='lat' dir='ltr'><strong><em>licet</em></strong></span> <span class='ocrx_word' id='word_1_360' title='bbox 1561 5610 1617 5653; x_wconf 88' lang='lat' dir='ltr'><strong><em>et</em></strong></span> <span class='ocrx_word' id='word_1_361' title='bbox 1668 5604 1749 5671; x_wconf 4' lang='lat' dir='ltr'><strong><em>in,</em></strong></span> <span class='ocrx_word' id='word_1_362' title='bbox 1780 5600 1880 5653; x_wconf 82' lang='lat' dir='ltr'><strong><em>Se-</em></strong></span> 
     </span>
    </p>
   </div>
   <div class='ocr_carea' id='block_1_62' title="bbox 316 5670 1875 5742">
    <p class='ocr_par' dir='ltr' id='par_1_62' title="bbox 316 5670 1875 5742">
     <span class='ocr_line' id='line_1_62' title="bbox 316 5670 1875 5742; baseline -0.003 -17"><span class='ocrx_word' id='word_1_363' title='bbox 316 5676 597 5742; x_wconf 74' lang='lat' dir='ltr'><strong><em>ptuaginta</em></strong></span> <span class='ocrx_word' id='word_1_364' title='bbox 628 5670 683 5728; x_wconf 75' lang='lat' dir='ltr'><strong><em>ct</em></strong></span> <span class='ocrx_word' id='word_1_365' title='bbox 712 5678 764 5727; x_wconf 83' lang='lat' dir='ltr'><strong><em>tu</em></strong></span> <span class='ocrx_word' id='word_1_366' title='bbox 804 5673 1095 5737; x_wconf 70' lang='grc' dir='ltr'><strong><em>Ἐξιπλοίς</em></strong></span> <span class='ocrx_word' id='word_1_367' title='bbox 1133 5673 1208 5725; x_wconf 81' lang='lat' dir='ltr'><strong><em>ita</em></strong></span> <span class='ocrx_word' id='word_1_368' title='bbox 1234 5672 1594 5741; x_wconf 77' lang='lat' dir='ltr'><strong><em>rcpet&#39;irctur,</em></strong></span> <span class='ocrx_word' id='word_1_369' title='bbox 1632 5670 1875 5741; x_wconf 71' lang='grc' dir='ltr'><strong><em>ἐθεώρη-</em></strong></span> 
     </span>
    </p>
   </div>
   <div class='ocr_carea' id='block_1_63' title="bbox 1961 451 2310 507">
    <p class='ocr_par' dir='ltr' id='par_1_63' title="bbox 1961 451 2310 507">
     <span class='ocr_line' id='line_1_63' title="bbox 1961 451 2310 507; baseline -0.006 0"><span class='ocrx_word' id='word_1_370' title='bbox 1961 451 2310 507; x_wconf 82' lang='lat' dir='ltr'><strong><em>benedictus.</em></strong></span> 
     </span>
    </p>
   </div>
   <div class='ocr_carea' id='block_1_64' title="bbox 2047 540 3539 612">
    <p class='ocr_par' dir='ltr' id='par_1_64' title="bbox 2047 540 3539 612">
     <span class='ocr_line' id='line_1_64' title="bbox 2047 540 3539 612; baseline -0.001 -16"><span class='ocrx_word' id='word_1_371' title='bbox 2047 542 2374 596; x_wconf 83' lang='lat' dir='ltr'><strong><em>Benedictus</em></strong></span> <span class='ocrx_word' id='word_1_372' title='bbox 2417 542 2684 597; x_wconf 83' lang='lat' dir='ltr'><strong><em>Dominus</em></strong></span> <span class='ocrx_word' id='word_1_373' title='bbox 2718 540 2786 595; x_wconf 87' lang='lat' dir='ltr'><strong><em>de</em></strong></span> <span class='ocrx_word' id='word_1_374' title='bbox 2840 540 2930 596; x_wconf 88' lang='lat' dir='ltr'><strong><em>die</em></strong></span> <span class='ocrx_word' id='word_1_375' title='bbox 2982 542 3033 595; x_wconf 89' lang='lat' dir='ltr'><strong><em>in</em></strong></span> <span class='ocrx_word' id='word_1_376' title='bbox 3085 542 3230 595; x_wconf 82' lang='lat' dir='ltr'><strong><em>diem</em></strong></span> <span class='ocrx_word' id='word_1_377' title='bbox 3266 558 3279 594; x_wconf 92' lang='lat'><strong>:</strong></span> <span class='ocrx_word' id='word_1_378' title='bbox 3312 558 3539 612; x_wconf 52' lang='lat' dir='ltr'><strong><em>prospe-</em></strong></span> 
     </span>
    </p>
   </div>
   <div class='ocr_carea' id='block_1_65' title="bbox 1966 634 3541 689">
    <p class='ocr_par' dir='ltr' id='par_1_65' title="bbox 1966 634 3541 689">
     <span class='ocr_line' id='line_1_65' title="bbox 1966 634 3541 689; baseline -0.001 -1"><span class='ocrx_word' id='word_1_379' title='bbox 1966 650 2086 688; x_wconf 89' lang='lat' dir='ltr'><strong><em>rum</em></strong></span> <span class='ocrx_word' id='word_1_380' title='bbox 2143 636 2248 688; x_wconf 83' lang='lat' dir='ltr'><strong><em>iter</em></strong></span> <span class='ocrx_word' id='word_1_381' title='bbox 2294 634 2457 689; x_wconf 78' lang='lat' dir='ltr'><strong><em>faciet</em></strong></span> <span class='ocrx_word' id='word_1_382' title='bbox 2494 635 2653 689; x_wconf 88' lang='lat' dir='ltr'><strong><em>nobis</em></strong></span> <span class='ocrx_word' id='word_1_383' title='bbox 2682 634 2827 687; x_wconf 85' lang='lat' dir='ltr'><strong><em>Deus</em></strong></span> <span class='ocrx_word' id='word_1_384' title='bbox 2862 634 3120 688; x_wconf 78' lang='lat' dir='ltr'><strong><em>salutaris</em></strong></span> <span class='ocrx_word' id='word_1_385' title='bbox 3156 645 3339 687; x_wconf 82' lang='lat' dir='ltr'><strong><em>noster</em></strong></span> <span class='ocrx_word' id='word_1_386' title='bbox 3371 651 3384 689; x_wconf 74' lang='grc' dir='ltr'>ε</span> <span class='ocrx_word' id='word_1_387' title='bbox 3415 635 3541 687; x_wconf 68' lang='lat' dir='ltr'><strong><em>Du-</em></strong></span> 
     </span>
    </p>
   </div>
   <div class='ocr_carea' id='block_1_66' title="bbox 1965 725 3542 793">
    <p class='ocr_par' dir='ltr' id='par_1_66' title="bbox 1965 725 3542 793">
     <span class='ocr_line' id='line_1_66' title="bbox 1965 725 3542 793; baseline 0 -10"><span class='ocrx_word' id='word_1_388' title='bbox 1965 744 2186 784; x_wconf 70' lang='lat' dir='ltr'><strong><em>PSALMA.</em></strong></span> <span class='ocrx_word' id='word_1_389' title='bbox 2213 727 2359 782; x_wconf 86' lang='lat' dir='ltr'><strong><em>Deus</em></strong></span> <span class='ocrx_word' id='word_1_390' title='bbox 2390 736 2597 793; x_wconf 83' lang='lat' dir='ltr'><strong><em>noster,</em></strong></span> <span class='ocrx_word' id='word_1_391' title='bbox 2632 729 2773 782; x_wconf 86' lang='lat' dir='ltr'><strong><em>Deus</em></strong></span> <span class='ocrx_word' id='word_1_392' title='bbox 2826 729 3005 789; x_wconf 82' lang='lat' dir='ltr'><strong><em>salvos</em></strong></span> <span class='ocrx_word' id='word_1_393' title='bbox 3053 725 3307 793; x_wconf 73' lang='lat' dir='ltr'><strong><em>faciendi,</em></strong></span> <span class='ocrx_word' id='word_1_394' title='bbox 3339 737 3396 782; x_wconf 89' lang='lat' dir='ltr'><strong><em>et</em></strong></span> <span class='ocrx_word' id='word_1_395' title='bbox 3437 728 3542 783; x_wconf 86' lang='lat' dir='ltr'><strong><em>Do-</em></strong></span> 
     </span>
    </p>
   </div>
   <div class='ocr_carea' id='block_1_67' title="bbox 1962 818 2555 873">
    <p class='ocr_par' dir='ltr' id='par_1_67' title="bbox 1962 818 2555 873">
     <span class='ocr_line' id='line_1_67' title="bbox 1962 818 2555 873; baseline -0.002 -1"><span class='ocrx_word' id='word_1_396' title='bbox 1962 818 2093 872; x_wconf 82' lang='lat' dir='ltr'><strong><em>mini</em></strong></span> <span class='ocrx_word' id='word_1_397' title='bbox 2126 819 2309 873; x_wconf 72' lang='lat' dir='ltr'><strong><em>exitus</em></strong></span> <span class='ocrx_word' id='word_1_398' title='bbox 2345 818 2555 872; x_wconf 84' lang='lat' dir='ltr'><strong><em>mortis.</em></strong></span> 
     </span>
    </p>
   </div>
   <div class='ocr_carea' id='block_1_68' title="bbox 2060 910 3540 983">
    <p class='ocr_par' dir='ltr' id='par_1_68' title="bbox 2060 910 3540 983">
     <span class='ocr_line' id='line_1_68' title="bbox 2060 910 3540 983; baseline 0 -17"><span class='ocrx_word' id='word_1_399' title='bbox 2060 911 2453 966; x_wconf 79' lang='lat' dir='ltr'><strong><em>Verumtamen</em></strong></span> <span class='ocrx_word' id='word_1_400' title='bbox 2501 911 2645 966; x_wconf 87' lang='lat' dir='ltr'><strong><em>Deus</em></strong></span> <span class='ocrx_word' id='word_1_401' title='bbox 2672 912 3067 980; x_wconf 84' lang='lat' dir='ltr'><strong><em>conquassabit</em></strong></span> <span class='ocrx_word' id='word_1_402' title='bbox 3095 910 3218 983; x_wconf 79' lang='lat' dir='ltr'><strong><em>[ms.</em></strong></span> <span class='ocrx_word' id='word_1_403' title='bbox 3264 928 3540 983; x_wconf 78' lang='lat' dir='ltr'><strong><em>conquas-</em></strong></span> 
     </span>
    </p>
   </div>
   <div class='ocr_carea' id='block_1_69' title="bbox 1964 1003 3540 1075">
    <p class='ocr_par' dir='ltr' id='par_1_69' title="bbox 1964 1003 3540 1075">
     <span class='ocr_line' id='line_1_69' title="bbox 1964 1003 3540 1075; baseline 0.001 -18"><span class='ocrx_word' id='word_1_404' title='bbox 1964 1003 2127 1075; x_wconf 83' lang='lat' dir='ltr'><strong><em>savit]</em></strong></span> <span class='ocrx_word' id='word_1_405' title='bbox 2154 1004 2337 1068; x_wconf 83' lang='lat' dir='ltr'><strong><em>capita</em></strong></span> <span class='ocrx_word' id='word_1_406' title='bbox 2373 1003 2722 1057; x_wconf 89' lang='lat' dir='ltr'><strong><em>inimicorum</em></strong></span> <span class='ocrx_word' id='word_1_407' title='bbox 2755 1018 3005 1067; x_wconf 86' lang='lat' dir='ltr'><strong><em>suorum,</em></strong></span> <span class='ocrx_word' id='word_1_408' title='bbox 3048 1004 3308 1059; x_wconf 83' lang='lat' dir='ltr'><strong><em>verticem</em></strong></span> <span class='ocrx_word' id='word_1_409' title='bbox 3355 1007 3540 1073; x_wconf 85' lang='lat' dir='ltr'><strong><em>capilli</em></strong></span> 
     </span>
    </p>
   </div>
   <div class='ocr_carea' id='block_1_70' title="bbox 1965 1096 2981 1168">
    <p class='ocr_par' dir='ltr' id='par_1_70' title="bbox 1965 1096 2981 1168">
     <span class='ocr_line' id='line_1_70' title="bbox 1965 1096 2981 1168; baseline -0.005 -16"><span class='ocrx_word' id='word_1_410' title='bbox 1965 1097 2474 1168; x_wconf 88' lang='lat' dir='ltr'><strong><em>perambulantium</em></strong></span> <span class='ocrx_word' id='word_1_411' title='bbox 2508 1100 2559 1150; x_wconf 89' lang='lat' dir='ltr'><strong><em>in</em></strong></span> <span class='ocrx_word' id='word_1_412' title='bbox 2601 1096 2815 1150; x_wconf 85' lang='lat' dir='ltr'><strong><em>delictis</em></strong></span> <span class='ocrx_word' id='word_1_413' title='bbox 2845 1097 2981 1150; x_wconf 83' lang='lat' dir='ltr'><strong><em>suis.</em></strong></span> 
     </span>
    </p>
   </div>
   <div class='ocr_carea' id='block_1_71' title="bbox 2063 1189 3543 1256">
    <p class='ocr_par' dir='ltr' id='par_1_71' title="bbox 2063 1189 3543 1256">
     <span class='ocr_line' id='line_1_71' title="bbox 2063 1189 3543 1256; baseline 0.001 -13"><span class='ocrx_word' id='word_1_414' title='bbox 2063 1190 2207 1243; x_wconf 79' lang='lat' dir='ltr'><strong><em>Dixit</em></strong></span> <span class='ocrx_word' id='word_1_415' title='bbox 2251 1189 2515 1243; x_wconf 83' lang='lat' dir='ltr'><strong><em>Dominus</em></strong></span> <span class='ocrx_word' id='word_1_416' title='bbox 2546 1208 2560 1242; x_wconf 89' lang='lat'><strong>:</strong></span> <span class='ocrx_word' id='word_1_417' title='bbox 2601 1189 2678 1243; x_wconf 72' lang='lat' dir='ltr'><strong><em>Ex</em></strong></span> <span class='ocrx_word' id='word_1_418' title='bbox 2714 1189 3218 1256; x_wconf 83' lang='lat' dir='ltr'><strong><em>Basaneonvertar,</em></strong></span> <span class='ocrx_word' id='word_1_419' title='bbox 3253 1202 3543 1246; x_wconf 89' lang='lat' dir='ltr'><strong><em>convertar</em></strong></span> 
     </span>
    </p>
   </div>
   <div class='ocr_carea' id='block_1_72' title="bbox 1966 1282 3544 1357">
    <p class='ocr_par' dir='ltr' id='par_1_72' title="bbox 1966 1282 3544 1357">
     <span class='ocr_line' id='line_1_72' title="bbox 1966 1282 3544 1357; baseline 0.004 -21"><span class='ocrx_word' id='word_1_420' title='bbox 1966 1282 2019 1336; x_wconf 89' lang='lat' dir='ltr'><strong><em>in</em></strong></span> <span class='ocrx_word' id='word_1_421' title='bbox 2047 1282 2379 1352; x_wconf 77' lang='lat' dir='ltr'><strong><em>profundum</em></strong></span> <span class='ocrx_word' id='word_1_422' title='bbox 2413 1285 2584 1339; x_wconf 86' lang='lat' dir='ltr'><strong><em>maris</em></strong></span> <span class='ocrx_word' id='word_1_423' title='bbox 2638 1300 2655 1338; x_wconf 82' lang='lat'><strong>:</strong></span> <span class='ocrx_word' id='word_1_424' title='bbox 2686 1284 2863 1339; x_wconf 87' lang='lat' dir='ltr'><strong><em>donec</em></strong></span> <span class='ocrx_word' id='word_1_425' title='bbox 2891 1285 3195 1357; x_wconf 82' lang='lat' dir='ltr'><strong><em>intingatur</em></strong></span> <span class='ocrx_word' id='word_1_426' title='bbox 3222 1285 3244 1317; x_wconf 73' lang='grc' dir='ltr'>δ</span> <span class='ocrx_word' id='word_1_427' title='bbox 3281 1302 3376 1357; x_wconf 85' lang='lat' dir='ltr'><strong><em>pes</em></strong></span> <span class='ocrx_word' id='word_1_428' title='bbox 3416 1297 3544 1342; x_wconf 75' lang='lat' dir='ltr'><strong><em>tuus</em></strong></span> 
     </span>
    </p>
   </div>
   <div class='ocr_carea' id='block_1_73' title="bbox 1966 1376 2339 1445">
    <p class='ocr_par' dir='ltr' id='par_1_73' title="bbox 1966 1376 2339 1445">
     <span class='ocr_line' id='line_1_73' title="bbox 1966 1376 2339 1445; baseline 0 -16"><span class='ocrx_word' id='word_1_429' title='bbox 1966 1376 2021 1429; x_wconf 90' lang='lat' dir='ltr'><strong><em>in</em></strong></span> <span class='ocrx_word' id='word_1_430' title='bbox 2054 1376 2339 1445; x_wconf 88' lang='lat' dir='ltr'><strong><em>sanguine.</em></strong></span> 
     </span>
    </p>
   </div>
   <div class='ocr_carea' id='block_1_74' title="bbox 2054 1466 3541 1538">
    <p class='ocr_par' dir='ltr' id='par_1_74' title="bbox 2054 1466 3541 1538">
     <span class='ocr_line' id='line_1_74' title="bbox 2054 1466 3541 1538; baseline 0.001 -17"><span class='ocrx_word' id='word_1_431' title='bbox 2054 1466 2261 1537; x_wconf 85' lang='lat' dir='ltr'><strong><em>Lingua</em></strong></span> <span class='ocrx_word' id='word_1_432' title='bbox 2288 1484 2485 1522; x_wconf 86' lang='lat' dir='ltr'><strong><em>canum</em></strong></span> <span class='ocrx_word' id='word_1_433' title='bbox 2516 1480 2732 1523; x_wconf 90' lang='lat' dir='ltr'><strong><em>tuorum</em></strong></span> <span class='ocrx_word' id='word_1_434' title='bbox 2768 1483 2837 1523; x_wconf 76' lang='lat' dir='ltr'><strong><em>ex</em></strong></span> <span class='ocrx_word' id='word_1_435' title='bbox 2869 1467 3109 1524; x_wconf 88' lang='lat' dir='ltr'><strong><em>inimicis</em></strong></span> <span class='ocrx_word' id='word_1_436' title='bbox 3138 1469 3208 1524; x_wconf 87' lang='lat' dir='ltr'><strong><em>ab</em></strong></span> <span class='ocrx_word' id='word_1_437' title='bbox 3242 1470 3361 1538; x_wconf 87' lang='lat' dir='ltr'><strong><em>ipso</em></strong></span> <span class='ocrx_word' id='word_1_438' title='bbox 3395 1469 3541 1523; x_wconf 77' lang='lat' dir='ltr'><strong><em>:visi</em></strong></span> 
     </span>
    </p>
   </div>
   <div class='ocr_carea' id='block_1_75' title="bbox 1967 1559 3545 1630">
    <p class='ocr_par' dir='ltr' id='par_1_75' title="bbox 1967 1559 3545 1630">
     <span class='ocr_line' id='line_1_75' title="bbox 1967 1559 3545 1630; baseline 0.002 -19"><span class='ocrx_word' id='word_1_439' title='bbox 1967 1567 2097 1611; x_wconf 83' lang='lat' dir='ltr'><strong><em>sunt</em></strong></span> <span class='ocrx_word' id='word_1_440' title='bbox 2127 1573 2349 1627; x_wconf 77' lang='lat' dir='ltr'><strong><em>gressus</em></strong></span> <span class='ocrx_word' id='word_1_441' title='bbox 2385 1559 2462 1613; x_wconf 89' lang='lat' dir='ltr'><strong><em>tui</em></strong></span> <span class='ocrx_word' id='word_1_442' title='bbox 2491 1560 2533 1623; x_wconf 78' lang='grc'><strong><em>⁸,</em></strong></span> <span class='ocrx_word' id='word_1_443' title='bbox 2574 1560 2742 1624; x_wconf 86' lang='lat' dir='ltr'><strong><em>Deus,</em></strong></span> <span class='ocrx_word' id='word_1_444' title='bbox 2767 1560 3048 1630; x_wconf 82' lang='lat' dir='ltr'><strong><em>ingressus</em></strong></span> <span class='ocrx_word' id='word_1_445' title='bbox 3088 1559 3183 1615; x_wconf 88' lang='lat' dir='ltr'><strong><em>Dei</em></strong></span> <span class='ocrx_word' id='word_1_446' title='bbox 3224 1561 3332 1615; x_wconf 86' lang='lat' dir='ltr'><strong><em>mei</em></strong></span> <span class='ocrx_word' id='word_1_447' title='bbox 3377 1559 3545 1630; x_wconf 82' lang='lat' dir='ltr'><strong><em>regis,</em></strong></span> 
     </span>
    </p>
   </div>
   <div class='ocr_carea' id='block_1_76' title="bbox 1971 1643 2718 1715">
    <p class='ocr_par' dir='ltr' id='par_1_76' title="bbox 1971 1643 2718 1715">
     <span class='ocr_line' id='line_1_76' title="bbox 1971 1643 2718 1715; baseline 0.009 -21"><span class='ocrx_word' id='word_1_448' title='bbox 1971 1643 2065 1712; x_wconf 89' lang='lat' dir='ltr'><strong><em>qui</em></strong></span> <span class='ocrx_word' id='word_1_449' title='bbox 2097 1646 2259 1698; x_wconf 82' lang='lat' dir='ltr'><strong><em>estin</em></strong></span> <span class='ocrx_word' id='word_1_450' title='bbox 2299 1656 2492 1700; x_wconf 86' lang='lat' dir='ltr'><strong><em>sancto</em></strong></span> <span class='ocrx_word' id='word_1_451' title='bbox 2525 1646 2718 1715; x_wconf 82' lang='lat' dir='ltr'><strong><em>ipsius.</em></strong></span> 
     </span>
    </p>
   </div>
   <div class='ocr_carea' id='block_1_77' title="bbox 2059 1737 3546 1812">
    <p class='ocr_par' dir='ltr' id='par_1_77' title="bbox 2059 1737 3546 1812">
     <span class='ocr_line' id='line_1_77' title="bbox 2059 1737 3546 1812; baseline 0.003 -21"><span class='ocrx_word' id='word_1_452' title='bbox 2059 1737 2453 1792; x_wconf 71' lang='lat' dir='ltr'><strong><em>Prtevencrunt</em></strong></span> <span class='ocrx_word' id='word_1_453' title='bbox 2500 1738 2784 1808; x_wconf 85' lang='lat' dir='ltr'><strong><em>principes</em></strong></span> <span class='ocrx_word' id='word_1_454' title='bbox 2828 1741 3108 1812; x_wconf 79' lang='lat' dir='ltr'><strong><em>conjuncti</em></strong></span> <span class='ocrx_word' id='word_1_455' title='bbox 3161 1738 3546 1812; x_wconf 87' lang='lat' dir='ltr'><strong><em>psallentibus,</em></strong></span> 
     </span>
    </p>
   </div>
   <div class='ocr_carea' id='block_1_78' title="bbox 1970 1829 3548 1903">
    <p class='ocr_par' dir='ltr' id='par_1_78' title="bbox 1970 1829 3548 1903">
     <span class='ocr_line' id='line_1_78' title="bbox 1970 1829 3548 1903; baseline 0.004 -19"><span class='ocrx_word' id='word_1_456' title='bbox 1970 1829 2027 1884; x_wconf 90' lang='lat' dir='ltr'><strong><em>in</em></strong></span> <span class='ocrx_word' id='word_1_457' title='bbox 2071 1830 2254 1885; x_wconf 84' lang='lat' dir='ltr'><strong><em>medio</em></strong></span> <span class='ocrx_word' id='word_1_458' title='bbox 2306 1830 2573 1901; x_wconf 86' lang='lat' dir='ltr'><strong><em>juvenum</em></strong></span> <span class='ocrx_word' id='word_1_459' title='bbox 2630 1833 3190 1903; x_wconf 81' lang='lat' dir='ltr'><strong><em>tympanistariarum.</em></strong></span> <span class='ocrx_word' id='word_1_460' title='bbox 3227 1833 3548 1891; x_wconf 68' lang='lat' dir='ltr'><strong><em>DIAPSALIA.</em></strong></span> 
     </span>
    </p>
   </div>
   <div class='ocr_carea' id='block_1_79' title="bbox 2056 2006 3553 2072">
    <p class='ocr_par' dir='ltr' id='par_1_79' title="bbox 2056 2006 3553 2072">
     <span class='ocr_line' id='line_1_79' title="bbox 2056 2006 3553 2072; baseline 0.002 -6"><span class='ocrx_word' id='word_1_461' title='bbox 2056 2008 2114 2066; x_wconf 84' lang='lat' dir='ltr'><strong><em>In</em></strong></span> <span class='ocrx_word' id='word_1_462' title='bbox 2145 2012 2397 2069; x_wconf 87' lang='lat' dir='ltr'><strong><em>ecclesiis</em></strong></span> <span class='ocrx_word' id='word_1_463' title='bbox 2428 2012 2741 2070; x_wconf 89' lang='lat' dir='ltr'><strong><em>benedicite</em></strong></span> <span class='ocrx_word' id='word_1_464' title='bbox 2784 2006 3108 2068; x_wconf 77' lang='lat' dir='ltr'><strong><em>Dominth</em></strong></span> <span class='ocrx_word' id='word_1_465' title='bbox 3122 2011 3401 2070; x_wconf 70' lang='lat' dir='ltr'><strong><em>Deum‘do</em></strong></span> <span class='ocrx_word' id='word_1_466' title='bbox 3429 2015 3553 2072; x_wconf 75' lang='lat' dir='ltr'><strong><em>font-</em></strong></span> 
     </span>
    </p>
   </div>
   <div class='ocr_carea' id='block_1_80' title="bbox 1973 2104 2336 2162">
    <p class='ocr_par' dir='ltr' id='par_1_80' title="bbox 1973 2104 2336 2162">
     <span class='ocr_line' id='line_1_80' title="bbox 1973 2104 2336 2162; baseline 0.008 -3"><span class='ocrx_word' id='word_1_467' title='bbox 1973 2104 2119 2161; x_wconf 89' lang='lat' dir='ltr'><strong><em>tibus</em></strong></span> <span class='ocrx_word' id='word_1_468' title='bbox 2149 2104 2336 2162; x_wconf 81' lang='lat' dir='ltr'><strong><em>lsrael.</em></strong></span> 
     </span>
    </p>
   </div>
   <div class='ocr_carea' id='block_1_81' title="bbox 2055 2198 3553 2279">
    <p class='ocr_par' dir='ltr' id='par_1_81' title="bbox 2055 2198 3553 2279">
     <span class='ocr_line' id='line_1_81' title="bbox 2055 2198 3553 2279; baseline 0.002 -25"><span class='ocrx_word' id='word_1_469' title='bbox 2055 2198 2139 2254; x_wconf 90' lang='lat' dir='ltr'><strong><em>lbi</em></strong></span> <span class='ocrx_word' id='word_1_470' title='bbox 2170 2199 2455 2271; x_wconf 73' lang='lat' dir='ltr'><strong><em>Beniamin</em></strong></span> <span class='ocrx_word' id='word_1_471' title='bbox 2488 2198 2897 2279; x_wconf 65' lang='lat' dir='ltr'><strong><em>adolescentior</em></strong></span> <span class='ocrx_word' id='word_1_472' title='bbox 2926 2200 2980 2256; x_wconf 90' lang='lat' dir='ltr'><strong><em>in</em></strong></span> <span class='ocrx_word' id='word_1_473' title='bbox 3016 2215 3243 2271; x_wconf 85' lang='lat' dir='ltr'><strong><em>pavore,</em></strong></span> <span class='ocrx_word' id='word_1_474' title='bbox 3273 2200 3553 2272; x_wconf 79' lang='lat' dir='ltr'><strong><em>principes</em></strong></span> 
     </span>
    </p>
   </div>
   <div class='ocr_carea' id='block_1_82' title="bbox 1976 2280 3550 2367">
    <p class='ocr_par' dir='ltr' id='par_1_82' title="bbox 1976 2280 3550 2367">
     <span class='ocr_line' id='line_1_82' title="bbox 1976 2280 3550 2367; baseline 0.003 -23"><span class='ocrx_word' id='word_1_475' title='bbox 1976 2288 2113 2345; x_wconf 79' lang='lat' dir='ltr'><strong><em>Juda</em></strong></span> <span class='ocrx_word' id='word_1_476' title='bbox 2136 2334 2152 2358; x_wconf 91' lang='lat'><strong><em>,</em></strong></span> <span class='ocrx_word' id='word_1_477' title='bbox 2188 2291 2361 2348; x_wconf 89' lang='lat' dir='ltr'><strong><em>duces</em></strong></span> <span class='ocrx_word' id='word_1_478' title='bbox 2412 2307 2611 2348; x_wconf 87' lang='lat' dir='ltr'><strong><em>eorum</em></strong></span> <span class='ocrx_word' id='word_1_479' title='bbox 2641 2306 2656 2347; x_wconf 86' lang='lat'><strong>:</strong></span> <span class='ocrx_word' id='word_1_480' title='bbox 2690 2280 2969 2364; x_wconf 85' lang='lat' dir='ltr'><strong><em>principes</em></strong></span> <span class='ocrx_word' id='word_1_481' title='bbox 3013 2292 3285 2363; x_wconf 88' lang='lat' dir='ltr'><strong><em>Zabulon,</em></strong></span> <span class='ocrx_word' id='word_1_482' title='bbox 3329 2301 3386 2349; x_wconf 90' lang='lat' dir='ltr'><strong><em>et</em></strong></span> <span class='ocrx_word' id='word_1_483' title='bbox 3424 2292 3550 2367; x_wconf 89' lang='lat' dir='ltr'><strong><em>[ms.</em></strong></span> 
     </span>
    </p>
   </div>
   <div class='ocr_carea' id='block_1_83' title="bbox 1974 2383 2887 2457">
    <p class='ocr_par' dir='ltr' id='par_1_83' title="bbox 1974 2383 2887 2457">
     <span class='ocr_line' id='line_1_83' title="bbox 1974 2383 2887 2457; baseline 0.002 -20"><span class='ocrx_word' id='word_1_484' title='bbox 1974 2393 2112 2437; x_wconf 87' lang='lat' dir='ltr'><strong><em>tacet</em></strong></span> <span class='ocrx_word' id='word_1_485' title='bbox 2140 2383 2218 2457; x_wconf 83' lang='lat' dir='ltr'><strong><em>et]</em></strong></span> <span class='ocrx_word' id='word_1_486' title='bbox 2253 2385 2536 2455; x_wconf 88' lang='lat' dir='ltr'><strong><em>principes</em></strong></span> <span class='ocrx_word' id='word_1_487' title='bbox 2567 2384 2887 2455; x_wconf 77' lang='lat' dir='ltr'><strong><em>Nephthali.</em></strong></span> 
     </span>
    </p>
   </div>
   <div class='ocr_carea' id='block_1_84' title="bbox 2052 2477 3550 2546">
    <p class='ocr_par' dir='ltr' id='par_1_84' title="bbox 2052 2477 3550 2546">
     <span class='ocr_line' id='line_1_84' title="bbox 2052 2477 3550 2546; baseline 0.003 -15"><span class='ocrx_word' id='word_1_488' title='bbox 2052 2477 2271 2543; x_wconf 72' lang='lat' dir='ltr'><strong><em>hianda,</em></strong></span> <span class='ocrx_word' id='word_1_489' title='bbox 2329 2477 2471 2531; x_wconf 88' lang='lat' dir='ltr'><strong><em>Deus</em></strong></span> <span class='ocrx_word' id='word_1_490' title='bbox 2496 2514 2512 2542; x_wconf 87' lang='lat'><strong><em>,</em></strong></span> <span class='ocrx_word' id='word_1_491' title='bbox 2544 2478 2805 2533; x_wconf 86' lang='lat' dir='ltr'><strong><em>virtutem</em></strong></span> <span class='ocrx_word' id='word_1_492' title='bbox 2843 2487 2990 2533; x_wconf 89' lang='lat' dir='ltr'><strong><em>tuam</em></strong></span> <span class='ocrx_word' id='word_1_493' title='bbox 3023 2480 3043 2511; x_wconf 86' lang='grc'><strong>⁸</strong></span> <span class='ocrx_word' id='word_1_494' title='bbox 3074 2496 3091 2535; x_wconf 86' lang='lat'><strong>:</strong></span> <span class='ocrx_word' id='word_1_495' title='bbox 3124 2480 3389 2536; x_wconf 83' lang='lat' dir='ltr'><strong><em>conﬁrma</em></strong></span> <span class='ocrx_word' id='word_1_496' title='bbox 3421 2480 3550 2546; x_wconf 78' lang='lat' dir='ltr'><strong><em>hoc,</em></strong></span> 
     </span>
    </p>
   </div>
   <div class='ocr_carea' id='block_1_85' title="bbox 1975 2570 3552 2643">
    <p class='ocr_par' dir='ltr' id='par_1_85' title="bbox 1975 2570 3552 2643">
     <span class='ocr_line' id='line_1_85' title="bbox 1975 2570 3552 2643; baseline 0 -17"><span class='ocrx_word' id='word_1_497' title='bbox 1975 2571 2142 2639; x_wconf 87' lang='lat' dir='ltr'><strong><em>Deus,</em></strong></span> <span class='ocrx_word' id='word_1_498' title='bbox 2175 2570 2321 2640; x_wconf 87' lang='lat' dir='ltr'><strong><em>quod</em></strong></span> <span class='ocrx_word' id='word_1_499' title='bbox 2347 2580 2613 2640; x_wconf 79' lang='lat' dir='ltr'><strong><em>operatus</em></strong></span> <span class='ocrx_word' id='word_1_500' title='bbox 2644 2586 2705 2626; x_wconf 89' lang='lat' dir='ltr'><strong><em>es</em></strong></span> <span class='ocrx_word' id='word_1_501' title='bbox 2746 2570 2802 2625; x_wconf 90' lang='lat' dir='ltr'><strong><em>in</em></strong></span> <span class='ocrx_word' id='word_1_502' title='bbox 2836 2571 2997 2627; x_wconf 90' lang='lat' dir='ltr'><strong><em>nobis</em></strong></span> <span class='ocrx_word' id='word_1_503' title='bbox 3027 2588 3042 2627; x_wconf 85' lang='lat'><strong>:</strong></span> <span class='ocrx_word' id='word_1_504' title='bbox 3068 2588 3097 2627; x_wconf 90' lang='lat' dir='ltr'><strong><em>a</em></strong></span> <span class='ocrx_word' id='word_1_505' title='bbox 3128 2573 3333 2643; x_wconf 89' lang='lat' dir='ltr'><strong><em>templo</em></strong></span> <span class='ocrx_word' id='word_1_506' title='bbox 3360 2582 3552 2628; x_wconf 88' lang='lat' dir='ltr'><strong><em>sancto</em></strong></span> 
     </span>
    </p>
   </div>
   <div class='ocr_carea' id='block_1_86' title="bbox 1975 2659 3555 2733">
    <p class='ocr_par' dir='ltr' id='par_1_86' title="bbox 1975 2659 3555 2733">
     <span class='ocr_line' id='line_1_86' title="bbox 1975 2659 3555 2733; baseline 0 -16"><span class='ocrx_word' id='word_1_507' title='bbox 1975 2671 2094 2726; x_wconf 86' lang='lat' dir='ltr'><strong><em>tuo,</em></strong></span> <span class='ocrx_word' id='word_1_508' title='bbox 2143 2661 2291 2731; x_wconf 90' lang='lat' dir='ltr'><strong><em>quod</em></strong></span> <span class='ocrx_word' id='word_1_509' title='bbox 2344 2669 2428 2716; x_wconf 87' lang='lat' dir='ltr'><strong><em>est</em></strong></span> <span class='ocrx_word' id='word_1_510' title='bbox 2478 2660 2534 2713; x_wconf 91' lang='lat' dir='ltr'><strong><em>in</em></strong></span> <span class='ocrx_word' id='word_1_511' title='bbox 2584 2659 2917 2727; x_wconf 84' lang='lat' dir='ltr'><strong><em>Jerusalem,</em></strong></span> <span class='ocrx_word' id='word_1_512' title='bbox 2973 2661 3070 2717; x_wconf 85' lang='lat' dir='ltr'><strong><em>tibi</em></strong></span> <span class='ocrx_word' id='word_1_513' title='bbox 3116 2660 3356 2717; x_wconf 80' lang='lat' dir='ltr'><strong><em>on‘erent</em></strong></span> <span class='ocrx_word' id='word_1_514' title='bbox 3397 2677 3555 2733; x_wconf 80' lang='lat' dir='ltr'><strong><em>reges</em></strong></span> 
     </span>
    </p>
   </div>
   <div class='ocr_carea' id='block_1_87' title="bbox 1972 2769 2231 2811">
    <p class='ocr_par' dir='ltr' id='par_1_87' title="bbox 1972 2769 2231 2811">
     <span class='ocr_line' id='line_1_87' title="bbox 1972 2769 2231 2811; baseline 0 0"><span class='ocrx_word' id='word_1_515' title='bbox 1972 2769 2231 2811; x_wconf 85' lang='lat' dir='ltr'><strong><em>munera.</em></strong></span> 
     </span>
    </p>
   </div>
   <div class='ocr_carea' id='block_1_88' title="bbox 2053 2847 3553 2918">
    <p class='ocr_par' dir='ltr' id='par_1_88' title="bbox 2053 2847 3553 2918">
     <span class='ocr_line' id='line_1_88' title="bbox 2053 2847 3553 2918; baseline -0.003 -15"><span class='ocrx_word' id='word_1_516' title='bbox 2053 2847 2282 2918; x_wconf 86' lang='lat' dir='ltr'><strong><em>lncrepa</em></strong></span> <span class='ocrx_word' id='word_1_517' title='bbox 2324 2847 2473 2903; x_wconf 77' lang='lat' dir='ltr'><strong><em>feras</em></strong></span> <span class='ocrx_word' id='word_1_518' title='bbox 2503 2847 2790 2915; x_wconf 85' lang='lat' dir='ltr'><strong><em>silvarum,</em></strong></span> <span class='ocrx_word' id='word_1_519' title='bbox 2824 2847 3122 2903; x_wconf 88' lang='lat' dir='ltr'><strong><em>concilium</em></strong></span> <span class='ocrx_word' id='word_1_520' title='bbox 3155 2853 3438 2902; x_wconf 87' lang='lat' dir='ltr'><strong><em>taurorum</em></strong></span> <span class='ocrx_word' id='word_1_521' title='bbox 3470 2847 3553 2899; x_wconf 84' lang='lat' dir='ltr'><strong><em>in-</em></strong></span> 
     </span>
    </p>
   </div>
   <div class='ocr_carea' id='block_1_89' title="bbox 1976 2937 3554 3012">
    <p class='ocr_par' dir='ltr' id='par_1_89' title="bbox 1976 2937 3554 3012">
     <span class='ocr_line' id='line_1_89' title="bbox 1976 2937 3554 3012; baseline -0.006 -14"><span class='ocrx_word' id='word_1_522' title='bbox 1976 2949 2059 2998; x_wconf 85' lang='lat' dir='ltr'><strong><em>ter</em></strong></span> <span class='ocrx_word' id='word_1_523' title='bbox 2088 2956 2283 2997; x_wconf 83' lang='lat' dir='ltr'><strong><em>vaccas</em></strong></span> <span class='ocrx_word' id='word_1_524' title='bbox 2310 2941 2638 3012; x_wconf 87' lang='lat' dir='ltr'><strong><em>populorum</em></strong></span> <span class='ocrx_word' id='word_1_525' title='bbox 2679 2957 2694 2996; x_wconf 88' lang='lat'><strong>:</strong></span> <span class='ocrx_word' id='word_1_526' title='bbox 2721 2950 2779 2997; x_wconf 91' lang='lat' dir='ltr'><strong><em>ut</em></strong></span> <span class='ocrx_word' id='word_1_527' title='bbox 2809 2939 3176 2996; x_wconf 81' lang='lat' dir='ltr'><strong><em>excludantur</em></strong></span> <span class='ocrx_word' id='word_1_528' title='bbox 3211 2939 3269 2994; x_wconf 75' lang='lat' dir='ltr'><strong><em>lii</em></strong></span> <span class='ocrx_word' id='word_1_529' title='bbox 3295 2937 3391 3009; x_wconf 87' lang='lat' dir='ltr'><strong><em>qui</em></strong></span> <span class='ocrx_word' id='word_1_530' title='bbox 3421 2954 3554 3008; x_wconf 83' lang='lat' dir='ltr'><strong><em>pro-</em></strong></span> 
     </span>
    </p>
   </div>
   <div class='ocr_carea' id='block_1_90' title="bbox 1899 3034 2530 3107">
    <p class='ocr_par' dir='ltr' id='par_1_90' title="bbox 1899 3034 2530 3107">
     <span class='ocr_line' id='line_1_90' title="bbox 1899 3034 2530 3107; baseline -0.005 -16"><span class='ocrx_word' id='word_1_531' title='bbox 1899 3043 1945 3107; x_wconf 69' lang='grc' dir='ltr'><strong><em>ί)</em></strong></span> <span class='ocrx_word' id='word_1_532' title='bbox 1980 3034 2095 3090; x_wconf 87' lang='lat' dir='ltr'><strong><em>bati</em></strong></span> <span class='ocrx_word' id='word_1_533' title='bbox 2125 3043 2256 3089; x_wconf 88' lang='lat' dir='ltr'><strong><em>sunt</em></strong></span> <span class='ocrx_word' id='word_1_534' title='bbox 2282 3044 2530 3104; x_wconf 85' lang='lat' dir='ltr'><strong><em>argento.</em></strong></span> 
     </span>
    </p>
   </div>
   <div class='ocr_carea' id='block_1_91' title="bbox 366 3124 1969 3203">
    <p class='ocr_par' dir='ltr' id='par_1_91' title="bbox 366 3124 1969 3203">
     <span class='ocr_line' id='line_1_91' title="bbox 366 3124 1969 3203; baseline 0.006 -24"><span class='ocrx_word' id='word_1_535' title='bbox 366 3127 583 3196; x_wconf 85' lang='lat' dir='ltr'><strong><em>Dissipa</em></strong></span> <span class='ocrx_word' id='word_1_536' title='bbox 610 3136 789 3197; x_wconf 83' lang='lat' dir='ltr'><strong><em>gentes</em></strong></span> <span class='ocrx_word' id='word_1_537' title='bbox 818 3145 937 3197; x_wconf 80' lang='lat' dir='ltr'><strong><em>qua:</em></strong></span> <span class='ocrx_word' id='word_1_538' title='bbox 967 3129 1103 3184; x_wconf 82' lang='lat' dir='ltr'><strong><em>bella</em></strong></span> <span class='ocrx_word' id='word_1_539' title='bbox 1144 3128 1345 3193; x_wconf 82' lang='lat' dir='ltr'><strong><em>volunt,</em></strong></span> <span class='ocrx_word' id='word_1_540' title='bbox 1378 3132 1584 3185; x_wconf 87' lang='lat' dir='ltr'><strong><em>venient</em></strong></span> <span class='ocrx_word' id='word_1_541' title='bbox 1617 3130 1779 3203; x_wconf 85' lang='lat' dir='ltr'><strong><em>legati</em></strong></span> <span class='ocrx_word' id='word_1_542' title='bbox 1811 3148 1874 3188; x_wconf 79' lang='lat' dir='ltr'><strong><em>ea:</em></strong></span> <span class='ocrx_word' id='word_1_543' title='bbox 1962 3124 1969 3133; x_wconf 79' lang='grc'><em>’</em></span> 
     </span>
    </p>
   </div>
   <div class='ocr_carea' id='block_1_92' title="bbox 2056 3124 3557 3198">
    <p class='ocr_par' dir='ltr' id='par_1_92' title="bbox 2056 3124 3557 3198">
     <span class='ocr_line' id='line_1_92' title="bbox 2056 3124 3557 3198; baseline -0.003 -16"><span class='ocrx_word' id='word_1_544' title='bbox 2056 3126 2272 3196; x_wconf 88' lang='lat' dir='ltr'><strong><em>Dissipa</em></strong></span> <span class='ocrx_word' id='word_1_545' title='bbox 2306 3139 2524 3198; x_wconf 81' lang='lat' dir='ltr'><strong><em>gentes,</em></strong></span> <span class='ocrx_word' id='word_1_546' title='bbox 2568 3142 2693 3197; x_wconf 72' lang='lat' dir='ltr'><strong><em>qua:</em></strong></span> <span class='ocrx_word' id='word_1_547' title='bbox 2723 3126 2866 3182; x_wconf 82' lang='lat' dir='ltr'><strong><em>bella</em></strong></span> <span class='ocrx_word' id='word_1_548' title='bbox 2894 3126 3106 3191; x_wconf 82' lang='lat' dir='ltr'><strong><em>volunt,</em></strong></span> <span class='ocrx_word' id='word_1_549' title='bbox 3148 3124 3370 3181; x_wconf 86' lang='lat' dir='ltr'><strong><em>venient</em></strong></span> <span class='ocrx_word' id='word_1_550' title='bbox 3397 3125 3557 3196; x_wconf 89' lang='lat' dir='ltr'><strong><em>legati</em></strong></span> 
     </span>
    </p>
   </div>
   <div class='ocr_carea' id='block_1_93' title="bbox 1977 3217 3558 3290">
    <p class='ocr_par' dir='ltr' id='par_1_93' title="bbox 1977 3217 3558 3290">
     <span class='ocr_line' id='line_1_93' title="bbox 1977 3217 3558 3290; baseline -0.003 -14"><span class='ocrx_word' id='word_1_551' title='bbox 1977 3236 2045 3276; x_wconf 77' lang='lat' dir='ltr'><strong><em>ex</em></strong></span> <span class='ocrx_word' id='word_1_552' title='bbox 2078 3217 2314 3290; x_wconf 64' lang='lat' dir='ltr'><strong><em>Egypto</em></strong></span> <span class='ocrx_word' id='word_1_553' title='bbox 2347 3234 2367 3273; x_wconf 80' lang='lat'><strong>:</strong></span> <span class='ocrx_word' id='word_1_554' title='bbox 2402 3219 2684 3290; x_wconf 68' lang='lat' dir='ltr'><strong><em>AitbiOpia</em></strong></span> <span class='ocrx_word' id='word_1_555' title='bbox 2716 3218 3019 3290; x_wconf 69' lang='lat' dir='ltr'><strong><em>praeveniet</em></strong></span> <span class='ocrx_word' id='word_1_556' title='bbox 3048 3232 3245 3273; x_wconf 79' lang='lat' dir='ltr'><strong><em>ntanns</em></strong></span> <span class='ocrx_word' id='word_1_557' title='bbox 3277 3217 3400 3288; x_wconf 82' lang='lat' dir='ltr'><strong><em>ejus</em></strong></span> <span class='ocrx_word' id='word_1_558' title='bbox 3433 3217 3558 3289; x_wconf 77' lang='lat' dir='ltr'><strong><em>[ms.</em></strong></span> 
     </span>
    </p>
   </div>
   <div class='ocr_carea' id='block_1_94' title="bbox 1979 3311 2300 3383">
    <p class='ocr_par' dir='ltr' id='par_1_94' title="bbox 1979 3311 2300 3383">
     <span class='ocr_line' id='line_1_94' title="bbox 1979 3311 2300 3383; baseline 0.003 -16"><span class='ocrx_word' id='word_1_559' title='bbox 1979 3311 2128 3383; x_wconf 83' lang='lat' dir='ltr'><strong><em>suas]</em></strong></span> <span class='ocrx_word' id='word_1_560' title='bbox 2165 3312 2300 3368; x_wconf 84' lang='lat' dir='ltr'><strong><em>Deo.</em></strong></span> 
     </span>
    </p>
   </div>
   <div class='ocr_carea' id='block_1_95' title="bbox 2075 3401 3558 3473">
    <p class='ocr_par' dir='ltr' id='par_1_95' title="bbox 2075 3401 3558 3473">
     <span class='ocr_line' id='line_1_95' title="bbox 2075 3401 3558 3473; baseline -0.001 -15"><span class='ocrx_word' id='word_1_561' title='bbox 2075 3405 2259 3473; x_wconf 75' lang='lat' dir='ltr'><strong><em>Regna</em></strong></span> <span class='ocrx_word' id='word_1_562' title='bbox 2307 3413 2500 3466; x_wconf 68' lang='lat' dir='ltr'><strong><em>terrm.</em></strong></span> <span class='ocrx_word' id='word_1_563' title='bbox 2568 3411 2787 3458; x_wconf 86' lang='lat' dir='ltr'><strong><em>cantate</em></strong></span> <span class='ocrx_word' id='word_1_564' title='bbox 2834 3402 2983 3468; x_wconf 87' lang='lat' dir='ltr'><strong><em>Deo,</em></strong></span> <span class='ocrx_word' id='word_1_565' title='bbox 3041 3401 3257 3471; x_wconf 83' lang='lat' dir='ltr'><strong><em>psallite</em></strong></span> <span class='ocrx_word' id='word_1_566' title='bbox 3306 3402 3558 3458; x_wconf 90' lang='lat' dir='ltr'><strong><em>Domino.</em></strong></span> 
     </span>
    </p>
   </div>
   <div class='ocr_carea' id='block_1_96' title="bbox 1983 3493 3563 3569">
    <p class='ocr_par' dir='ltr' id='par_1_96' title="bbox 1983 3493 3563 3569">
     <span class='ocr_line' id='line_1_96' title="bbox 1983 3493 3563 3569; baseline -0.002 -17"><span class='ocrx_word' id='word_1_567' title='bbox 1983 3498 2283 3553; x_wconf 65' lang='lat' dir='ltr'><strong><em>Bursam“</em></strong></span> <span class='ocrx_word' id='word_1_568' title='bbox 2308 3496 2433 3569; x_wconf 73' lang='lat' dir='ltr'><strong><em>[ms.</em></strong></span> <span class='ocrx_word' id='word_1_569' title='bbox 2471 3506 2609 3550; x_wconf 87' lang='lat' dir='ltr'><strong><em>tacet</em></strong></span> <span class='ocrx_word' id='word_1_570' title='bbox 2641 3494 2991 3565; x_wconf 65' lang='lat' dir='ltr'><strong><em>Drusum].</em></strong></span> <span class='ocrx_word' id='word_1_571' title='bbox 3027 3494 3243 3549; x_wconf 75' lang='lat' dir='ltr'><strong><em>l‘sallite</em></strong></span> <span class='ocrx_word' id='word_1_572' title='bbox 3271 3493 3403 3562; x_wconf 90' lang='lat' dir='ltr'><strong><em>Deo,</em></strong></span> <span class='ocrx_word' id='word_1_573' title='bbox 3430 3497 3524 3566; x_wconf 80' lang='lat' dir='ltr'><strong><em>qui</em></strong></span> <span class='ocrx_word' id='word_1_574' title='bbox 3543 3495 3563 3525; x_wconf 84' lang='lat'><strong>&#39;</strong></span> 
     </span>
    </p>
   </div>
   <div class='ocr_carea' id='block_1_97' title="bbox 1982 3588 3377 3660">
    <p class='ocr_par' dir='ltr' id='par_1_97' title="bbox 1982 3588 3377 3660">
     <span class='ocr_line' id='line_1_97' title="bbox 1982 3588 3377 3660; baseline -0.004 -14"><span class='ocrx_word' id='word_1_575' title='bbox 1982 3591 2236 3646; x_wconf 84' lang='lat' dir='ltr'><strong><em>ascendit</em></strong></span> <span class='ocrx_word' id='word_1_576' title='bbox 2264 3605 2433 3660; x_wconf 89' lang='lat' dir='ltr'><strong><em>super</em></strong></span> <span class='ocrx_word' id='word_1_577' title='bbox 2460 3590 2631 3645; x_wconf 69' lang='lat' dir='ltr'><strong><em>cados</em></strong></span> <span class='ocrx_word' id='word_1_578' title='bbox 2673 3588 2936 3644; x_wconf 60' lang='lat' dir='ltr'><strong><em>coriorum</em></strong></span> <span class='ocrx_word' id='word_1_579' title='bbox 2974 3589 3041 3642; x_wconf 84' lang='lat' dir='ltr'><strong><em>ad</em></strong></span> <span class='ocrx_word' id='word_1_580' title='bbox 3082 3589 3377 3643; x_wconf 81' lang='lat' dir='ltr'><strong><em>orientem.</em></strong></span> 
     </span>
    </p>
   </div>
   <div class='ocr_carea' id='block_1_98' title="bbox 2049 3762 3561 3836">
    <p class='ocr_par' dir='ltr' id='par_1_98' title="bbox 2049 3762 3561 3836">
     <span class='ocr_line' id='line_1_98' title="bbox 2049 3762 3561 3836; baseline -0.003 -12"><span class='ocrx_word' id='word_1_581' title='bbox 2049 3768 2186 3827; x_wconf 85' lang='lat' dir='ltr'><strong><em>Ecce</em></strong></span> <span class='ocrx_word' id='word_1_582' title='bbox 2216 3769 2372 3824; x_wconf 81' lang='lat' dir='ltr'><strong><em>dabit</em></strong></span> <span class='ocrx_word' id='word_1_583' title='bbox 2408 3782 2592 3822; x_wconf 83' lang='lat' dir='ltr'><strong><em>vocem</em></strong></span> <span class='ocrx_word' id='word_1_584' title='bbox 2626 3780 2800 3829; x_wconf 86' lang='lat' dir='ltr'><strong><em>suam,</em></strong></span> <span class='ocrx_word' id='word_1_585' title='bbox 2832 3781 3021 3821; x_wconf 87' lang='lat' dir='ltr'><strong><em>vocem</em></strong></span> <span class='ocrx_word' id='word_1_586' title='bbox 3049 3765 3268 3820; x_wconf 86' lang='lat' dir='ltr'><strong><em>virtutis</em></strong></span> <span class='ocrx_word' id='word_1_587' title='bbox 3291 3778 3405 3820; x_wconf 71' lang='lat' dir='ltr'><strong><em>suae</em></strong></span> <span class='ocrx_word' id='word_1_588' title='bbox 3436 3762 3561 3836; x_wconf 83' lang='lat' dir='ltr'><strong><em>[ms.</em></strong></span> 
     </span>
    </p>
   </div>
   <div class='ocr_carea' id='block_1_99' title="bbox 1991 3856 3429 3932">
    <p class='ocr_par' dir='ltr' id='par_1_99' title="bbox 1991 3856 3429 3932">
     <span class='ocr_line' id='line_1_99' title="bbox 1991 3856 3429 3932; baseline -0.004 -15"><span class='ocrx_word' id='word_1_589' title='bbox 1991 3874 2124 3917; x_wconf 87' lang='lat' dir='ltr'><strong><em>tacet</em></strong></span> <span class='ocrx_word' id='word_1_590' title='bbox 2168 3860 2304 3932; x_wconf 48' lang='lat' dir='ltr'><strong><em>sua‘]</em></strong></span> <span class='ocrx_word' id='word_1_591' title='bbox 2339 3878 2353 3914; x_wconf 86' lang='lat'><strong>:</strong></span> <span class='ocrx_word' id='word_1_592' title='bbox 2386 3862 2509 3916; x_wconf 86' lang='lat' dir='ltr'><strong><em>date</em></strong></span> <span class='ocrx_word' id='word_1_593' title='bbox 2542 3860 2804 3913; x_wconf 82' lang='lat' dir='ltr'><strong><em>honorem</em></strong></span> <span class='ocrx_word' id='word_1_594' title='bbox 2840 3857 2963 3929; x_wconf 76' lang='lat' dir='ltr'><strong><em>[ms.</em></strong></span> <span class='ocrx_word' id='word_1_595' title='bbox 3000 3856 3251 3927; x_wconf 84' lang='lat' dir='ltr'><strong><em>gloriam]</em></strong></span> <span class='ocrx_word' id='word_1_596' title='bbox 3298 3858 3429 3911; x_wconf 86' lang='lat' dir='ltr'><strong><em>Deo.</em></strong></span> 
     </span>
    </p>
   </div>
   <div class='ocr_carea' id='block_1_100' title="bbox 2064 3948 3564 4023">
    <p class='ocr_par' dir='ltr' id='par_1_100' title="bbox 2064 3948 3564 4023">
     <span class='ocr_line' id='line_1_100' title="bbox 2064 3948 3564 4023; baseline -0.003 -15"><span class='ocrx_word' id='word_1_597' title='bbox 2064 3955 2245 4023; x_wconf 87' lang='lat' dir='ltr'><strong><em>Super</em></strong></span> <span class='ocrx_word' id='word_1_598' title='bbox 2286 3952 2448 4007; x_wconf 85' lang='lat' dir='ltr'><strong><em>Israel</em></strong></span> <span class='ocrx_word' id='word_1_599' title='bbox 2498 3950 2905 4020; x_wconf 78' lang='lat' dir='ltr'><strong><em>magniﬁcentia</em></strong></span> <span class='ocrx_word' id='word_1_600' title='bbox 2937 3948 3055 4018; x_wconf 81' lang='lat' dir='ltr'><strong><em>ejus</em></strong></span> <span class='ocrx_word' id='word_1_601' title='bbox 3086 3964 3100 4000; x_wconf 88' lang='lat'><strong>:</strong></span> <span class='ocrx_word' id='word_1_602' title='bbox 3135 3958 3191 4003; x_wconf 90' lang='lat' dir='ltr'><strong><em>et</em></strong></span> <span class='ocrx_word' id='word_1_603' title='bbox 3223 3949 3400 4002; x_wconf 81' lang='lat' dir='ltr'><strong><em>virtus</em></strong></span> <span class='ocrx_word' id='word_1_604' title='bbox 3443 3949 3564 4019; x_wconf 83' lang='lat' dir='ltr'><strong><em>ejus</em></strong></span> 
     </span>
    </p>
   </div>
   <div class='ocr_carea' id='block_1_101' title="bbox 1986 4045 2332 4102">
    <p class='ocr_par' dir='ltr' id='par_1_101' title="bbox 1986 4045 2332 4102">
     <span class='ocr_line' id='line_1_101' title="bbox 1986 4045 2332 4102; baseline -0.012 0"><span class='ocrx_word' id='word_1_605' title='bbox 1986 4047 2040 4102; x_wconf 88' lang='lat' dir='ltr'><strong><em>in</em></strong></span> <span class='ocrx_word' id='word_1_606' title='bbox 2072 4045 2332 4100; x_wconf 85' lang='lat' dir='ltr'><strong><em>nubibus.</em></strong></span> 
     </span>
    </p>
   </div>
   <div class='ocr_carea' id='block_1_102' title="bbox 2061 4133 3565 4204">
    <p class='ocr_par' dir='ltr' id='par_1_102' title="bbox 2061 4133 3565 4204">
     <span class='ocr_line' id='line_1_102' title="bbox 2061 4133 3565 4204; baseline -0.002 -12"><span class='ocrx_word' id='word_1_607' title='bbox 2061 4137 2331 4192; x_wconf 72' lang='lat' dir='ltr'><strong><em>hlirabilis</em></strong></span> <span class='ocrx_word' id='word_1_608' title='bbox 2366 4135 2509 4191; x_wconf 87' lang='lat' dir='ltr'><strong><em>Deus</em></strong></span> <span class='ocrx_word' id='word_1_609' title='bbox 2542 4137 2595 4190; x_wconf 90' lang='lat' dir='ltr'><strong><em>in</em></strong></span> <span class='ocrx_word' id='word_1_610' title='bbox 2629 4136 2833 4191; x_wconf 86' lang='lat' dir='ltr'><strong><em>sanctis</em></strong></span> <span class='ocrx_word' id='word_1_611' title='bbox 2872 4135 3009 4200; x_wconf 57' lang='lat' dir='ltr'><strong><em>suis»,</em></strong></span> <span class='ocrx_word' id='word_1_612' title='bbox 3044 4134 3190 4190; x_wconf 88' lang='lat' dir='ltr'><strong><em>Deus</em></strong></span> <span class='ocrx_word' id='word_1_613' title='bbox 3223 4133 3416 4199; x_wconf 81' lang='lat' dir='ltr'><strong><em>lsrael,</em></strong></span> <span class='ocrx_word' id='word_1_614' title='bbox 3448 4134 3565 4204; x_wconf 70' lang='lat' dir='ltr'><strong><em>ipse.</em></strong></span> 
     </span>
    </p>
   </div>
   <div class='ocr_carea' id='block_1_103' title="bbox 1990 4334 3566 4409">
    <p class='ocr_par' dir='ltr' id='par_1_103' title="bbox 1990 4334 3566 4409">
     <span class='ocr_line' id='line_1_103' title="bbox 1990 4334 3566 4409; baseline 0.001 -17"><span class='ocrx_word' id='word_1_615' title='bbox 1990 4358 2091 4394; x_wconf 84' lang='grc' dir='ltr'>σαν</span> <span class='ocrx_word' id='word_1_616' title='bbox 2143 4341 2243 4401; x_wconf 80' lang='grc' dir='ltr'><strong><em>τὰς</em></strong></span> <span class='ocrx_word' id='word_1_617' title='bbox 2268 4340 2498 4409; x_wconf 77' lang='grc' dir='ltr'><strong><em>πορείας</em></strong></span> <span class='ocrx_word' id='word_1_618' title='bbox 2546 4356 2661 4402; x_wconf 79' lang='grc' dir='ltr'><strong><em>σου,</em></strong></span> <span class='ocrx_word' id='word_1_619' title='bbox 2699 4334 2743 4391; x_wconf 78' lang='grc' dir='ltr'><strong>ὦ</strong></span> <span class='ocrx_word' id='word_1_620' title='bbox 2770 4339 2938 4405; x_wconf 80' lang='grc' dir='ltr'><strong><em>Θεός;</em></strong></span> <span class='ocrx_word' id='word_1_621' title='bbox 2983 4348 3038 4393; x_wconf 89' lang='lat' dir='ltr'><strong><em>et</em></strong></span> <span class='ocrx_word' id='word_1_622' title='bbox 3078 4353 3175 4407; x_wconf 90' lang='lat' dir='ltr'><strong><em>pro</em></strong></span> <span class='ocrx_word' id='word_1_623' title='bbox 3206 4352 3272 4392; x_wconf 86' lang='lat' dir='ltr'><strong><em>eo</em></strong></span> <span class='ocrx_word' id='word_1_624' title='bbox 3303 4338 3447 4407; x_wconf 84' lang='lat' dir='ltr'><strong><em>quod</em></strong></span> <span class='ocrx_word' id='word_1_625' title='bbox 3480 4349 3566 4394; x_wconf 64' lang='grc' dir='ltr'><strong><em>εει</em></strong></span> 
     </span>
    </p>
   </div>
   <div class='ocr_carea' id='block_1_104' title="bbox 1988 4409 3564 4481">
    <p class='ocr_par' dir='ltr' id='par_1_104' title="bbox 1988 4409 3564 4481">
     <span class='ocr_line' id='line_1_104' title="bbox 1988 4409 3564 4481; baseline -0.001 -18"><span class='ocrx_word' id='word_1_626' title='bbox 1988 4409 2381 4481; x_wconf 74' lang='grc' dir='ltr'><strong><em>ὲθιὼρήϐησαν</em></strong></span> <span class='ocrx_word' id='word_1_627' title='bbox 2409 4426 2423 4463; x_wconf 84' lang='grc'>;</span> <span class='ocrx_word' id='word_1_628' title='bbox 2450 4411 2591 4481; x_wconf 86' lang='lat' dir='ltr'><strong><em>quod</em></strong></span> <span class='ocrx_word' id='word_1_629' title='bbox 2618 4420 2673 4463; x_wconf 91' lang='lat' dir='ltr'><strong><em>ct</em></strong></span> <span class='ocrx_word' id='word_1_630' title='bbox 2695 4410 2936 4463; x_wconf 89' lang='lat' dir='ltr'><strong><em>obtinuit</em></strong></span> <span class='ocrx_word' id='word_1_631' title='bbox 2965 4409 3332 4481; x_wconf 76' lang='lat' dir='ltr'><strong><em>consuetudo.</em></strong></span> <span class='ocrx_word' id='word_1_632' title='bbox 3355 4411 3564 4464; x_wconf 72' lang='lat' dir='ltr'><strong><em>Caetera</em></strong></span> 
     </span>
    </p>
   </div>
   <div class='ocr_carea' id='block_1_105' title="bbox 1987 4477 3181 4549">
    <p class='ocr_par' dir='ltr' id='par_1_105' title="bbox 1987 4477 3181 4549">
     <span class='ocr_line' id='line_1_105' title="bbox 1987 4477 3181 4549; baseline -0.003 -14"><span class='ocrx_word' id='word_1_633' title='bbox 1987 4482 2116 4535; x_wconf 88' lang='lat' dir='ltr'><strong><em>vide</em></strong></span> <span class='ocrx_word' id='word_1_634' title='bbox 2140 4477 2213 4549; x_wconf 70' lang='lat' dir='ltr'><strong><em>&#39;m</em></strong></span> <span class='ocrx_word' id='word_1_635' title='bbox 2248 4477 2484 4549; x_wconf 82' lang='lat' dir='ltr'><strong><em>epistola</em></strong></span> <span class='ocrx_word' id='word_1_636' title='bbox 2518 4480 2970 4549; x_wconf 85' lang='lat' dir='ltr'><strong><em>Hieronymiana.</em></strong></span> <span class='ocrx_word' id='word_1_637' title='bbox 2998 4477 3181 4549; x_wconf 63' lang='lat' dir='ltr'><strong><em>Mser.</em></strong></span> 
     </span>
    </p>
   </div>
   <div class='ocr_carea' id='block_1_106' title="bbox 2061 4547 3564 4615">
    <p class='ocr_par' dir='ltr' id='par_1_106' title="bbox 2061 4547 3564 4615">
     <span class='ocr_line' id='line_1_106' title="bbox 2061 4547 3564 4615; baseline -0.001 -12"><span class='ocrx_word' id='word_1_638' title='bbox 2061 4552 2082 4581; x_wconf 80' lang='grc'><strong>⁸</strong></span> <span class='ocrx_word' id='word_1_639' title='bbox 2134 4547 2437 4604; x_wconf 79' lang='lat' dir='ltr'><strong><em>Veroiiens.</em></strong></span> <span class='ocrx_word' id='word_1_640' title='bbox 2474 4565 2577 4601; x_wconf 78' lang='lat' dir='ltr'><strong><em>ms.</em></strong></span> <span class='ocrx_word' id='word_1_641' title='bbox 2638 4547 2829 4602; x_wconf 84' lang='lat' dir='ltr'><strong><em>Virtuti</em></strong></span> <span class='ocrx_word' id='word_1_642' title='bbox 2879 4557 3002 4614; x_wconf 68' lang='lat' dir='ltr'><strong><em>tua&#39;,</em></strong></span> <span class='ocrx_word' id='word_1_643' title='bbox 3048 4547 3306 4615; x_wconf 83' lang='lat' dir='ltr'><strong><em>conﬁrma</em></strong></span> <span class='ocrx_word' id='word_1_644' title='bbox 3337 4589 3352 4612; x_wconf 89' lang='lat'><strong><em>,</em></strong></span> <span class='ocrx_word' id='word_1_645' title='bbox 3405 4549 3564 4613; x_wconf 83' lang='lat' dir='ltr'><strong><em>Deus,</em></strong></span> 
     </span>
    </p>
   </div>
   <div class='ocr_carea' id='block_1_107' title="bbox 1989 4618 3563 4689">
    <p class='ocr_par' dir='ltr' id='par_1_107' title="bbox 1989 4618 3563 4689">
     <span class='ocr_line' id='line_1_107' title="bbox 1989 4618 3563 4689; baseline -0.001 -18"><span class='ocrx_word' id='word_1_646' title='bbox 1989 4622 2133 4689; x_wconf 89' lang='lat' dir='ltr'><strong><em>quod</em></strong></span> <span class='ocrx_word' id='word_1_647' title='bbox 2159 4622 2398 4687; x_wconf 83' lang='lat' dir='ltr'><strong><em>operaris</em></strong></span> <span class='ocrx_word' id='word_1_648' title='bbox 2431 4618 2485 4671; x_wconf 90' lang='lat' dir='ltr'><strong><em>in</em></strong></span> <span class='ocrx_word' id='word_1_649' title='bbox 2515 4621 2679 4672; x_wconf 86' lang='lat' dir='ltr'><strong><em>nobis.</em></strong></span> <span class='ocrx_word' id='word_1_650' title='bbox 2716 4637 2746 4672; x_wconf 92' lang='lat' dir='ltr'><strong><em>a</em></strong></span> <span class='ocrx_word' id='word_1_651' title='bbox 2779 4619 2972 4689; x_wconf 80' lang='lat' dir='ltr'><strong><em>templo</em></strong></span> <span class='ocrx_word' id='word_1_652' title='bbox 3018 4628 3106 4671; x_wconf 92' lang='lat' dir='ltr'><strong><em>tuo</em></strong></span> <span class='ocrx_word' id='word_1_653' title='bbox 3143 4621 3194 4671; x_wconf 87' lang='lat' dir='ltr'><strong><em>in</em></strong></span> <span class='ocrx_word' id='word_1_654' title='bbox 3239 4618 3563 4683; x_wconf 79' lang='lat' dir='ltr'><strong><em>Jerusalem,</em></strong></span> 
     </span>
    </p>
   </div>
   <div class='ocr_carea' id='block_1_108' title="bbox 1987 4688 3564 4761">
    <p class='ocr_par' dir='ltr' id='par_1_108' title="bbox 1987 4688 3564 4761">
     <span class='ocr_line' id='line_1_108' title="bbox 1987 4688 3564 4761; baseline 0 -19"><span class='ocrx_word' id='word_1_655' title='bbox 1987 4688 2081 4744; x_wconf 78' lang='lat' dir='ltr'><strong><em>tibi</em></strong></span> <span class='ocrx_word' id='word_1_656' title='bbox 2123 4693 2349 4761; x_wconf 68' lang='lat' dir='ltr'><strong><em>offerunt</em></strong></span> <span class='ocrx_word' id='word_1_657' title='bbox 2400 4705 2541 4758; x_wconf 86' lang='lat' dir='ltr'><strong><em>reges</em></strong></span> <span class='ocrx_word' id='word_1_658' title='bbox 2579 4705 2816 4761; x_wconf 88' lang='lat' dir='ltr'><strong><em>munera.</em></strong></span> <span class='ocrx_word' id='word_1_659' title='bbox 2869 4688 3120 4758; x_wconf 88' lang='lat' dir='ltr'><strong><em>Increpas</em></strong></span> <span class='ocrx_word' id='word_1_660' title='bbox 3157 4688 3320 4761; x_wconf 65' lang='lat' dir='ltr'><strong><em>feras</em></strong></span> <span class='ocrx_word' id='word_1_661' title='bbox 3367 4689 3509 4743; x_wconf 82' lang='lat' dir='ltr'><strong><em>silva:</em></strong></span> <span class='ocrx_word' id='word_1_662' title='bbox 3548 4728 3564 4748; x_wconf 88' lang='lat'><strong><em>.</em></strong></span> 
     </span>
    </p>
   </div>
   <div class='ocr_carea' id='block_1_109' title="bbox 1983 4758 3566 4829">
    <p class='ocr_par' dir='ltr' id='par_1_109' title="bbox 1983 4758 3566 4829">
     <span class='ocr_line' id='line_1_109' title="bbox 1983 4758 3566 4829; baseline -0.001 -17"><span class='ocrx_word' id='word_1_663' title='bbox 1983 4758 2217 4814; x_wconf 77' lang='lat' dir='ltr'><strong><em>concilia</em></strong></span> <span class='ocrx_word' id='word_1_664' title='bbox 2274 4770 2556 4812; x_wconf 88' lang='lat' dir='ltr'><strong><em>taurorum</em></strong></span> <span class='ocrx_word' id='word_1_665' title='bbox 2613 4760 2752 4812; x_wconf 90' lang='lat' dir='ltr'><strong><em>inter</em></strong></span> <span class='ocrx_word' id='word_1_666' title='bbox 2784 4775 2972 4813; x_wconf 79' lang='lat' dir='ltr'><strong><em>vaccas</em></strong></span> <span class='ocrx_word' id='word_1_667' title='bbox 3004 4758 3340 4829; x_wconf 88' lang='lat' dir='ltr'><strong><em>populorum,</em></strong></span> <span class='ocrx_word' id='word_1_668' title='bbox 3376 4770 3431 4812; x_wconf 87' lang='lat' dir='ltr'><strong><em>ut</em></strong></span> <span class='ocrx_word' id='word_1_669' title='bbox 3461 4775 3566 4812; x_wconf 90' lang='lat' dir='ltr'><strong><em>non</em></strong></span> 
     </span>
    </p>
   </div>
   <div class='ocr_carea' id='block_1_110' title="bbox 1985 4832 2495 4891">
    <p class='ocr_par' dir='ltr' id='par_1_110' title="bbox 1985 4832 2495 4891">
     <span class='ocr_line' id='line_1_110' title="bbox 1985 4832 2495 4891; baseline -0.002 -7"><span class='ocrx_word' id='word_1_670' title='bbox 1985 4832 2357 4891; x_wconf 76' lang='lat' dir='ltr'><strong><em>excludantur,</em></strong></span> <span class='ocrx_word' id='word_1_671' title='bbox 2387 4841 2495 4885; x_wconf 88' lang='lat' dir='ltr'><strong><em>etc.</em></strong></span> 
     </span>
    </p>
   </div>
   <div class='ocr_carea' id='block_1_111' title="bbox 1983 4898 3562 4970">
    <p class='ocr_par' dir='ltr' id='par_1_111' title="bbox 1983 4898 3562 4970">
     <span class='ocr_line' id='line_1_111' title="bbox 1983 4898 3562 4970; baseline -0.003 -13"><span class='ocrx_word' id='word_1_672' title='bbox 1983 4922 2013 4961; x_wconf 58' lang='grc' dir='ltr'><strong>μ</strong></span> <span class='ocrx_word' id='word_1_673' title='bbox 2064 4903 2346 4970; x_wconf 76' lang='lat' dir='ltr'><strong><em>“’Propter</em></strong></span> <span class='ocrx_word' id='word_1_674' title='bbox 2380 4900 2568 4955; x_wconf 87' lang='lat' dir='ltr'><strong><em>statim</em></strong></span> <span class='ocrx_word' id='word_1_675' title='bbox 2619 4898 2909 4969; x_wconf 81' lang='lat' dir='ltr'><strong><em>sequentia</em></strong></span> <span class='ocrx_word' id='word_1_676' title='bbox 2965 4898 3176 4970; x_wconf 66' lang='lat' dir='ltr'><strong><em>istlnec.</em></strong></span> <span class='ocrx_word' id='word_1_677' title='bbox 3226 4899 3562 4966; x_wconf 68' lang='lat' dir='ltr'><strong><em>Diapsatma.</em></strong></span> 
     </span>
    </p>
   </div>
   <div class='ocr_carea' id='block_1_112' title="bbox 1960 4969 3568 5039">
    <p class='ocr_par' dir='ltr' id='par_1_112' title="bbox 1960 4969 3568 5039">
     <span class='ocr_line' id='line_1_112' title="bbox 1960 4969 3568 5039; baseline -0.001 -15"><span class='ocrx_word' id='word_1_678' title='bbox 1960 4984 1963 4987; x_wconf 85' lang='lat'>&#39;</span> <span class='ocrx_word' id='word_1_679' title='bbox 1992 4969 2236 5024; x_wconf 32' lang='lat' dir='ltr'><strong><em>Psatlite’</em></strong></span> <span class='ocrx_word' id='word_1_680' title='bbox 2268 4972 2398 5029; x_wconf 82' lang='lat' dir='ltr'><strong><em>Deo.</em></strong></span> <span class='ocrx_word' id='word_1_681' title='bbox 2438 4972 2550 5039; x_wconf 88' lang='lat' dir='ltr'><strong><em>qui,</em></strong></span> <span class='ocrx_word' id='word_1_682' title='bbox 2575 4980 2710 5034; x_wconf 86' lang='lat' dir='ltr'><strong><em>etc.,</em></strong></span> <span class='ocrx_word' id='word_1_683' title='bbox 2748 4970 3008 5023; x_wconf 83' lang='lat' dir='ltr'><strong><em>dicebant</em></strong></span> <span class='ocrx_word' id='word_1_684' title='bbox 3037 4969 3245 5023; x_wconf 84' lang='lat' dir='ltr'><strong><em>Sunnia</em></strong></span> <span class='ocrx_word' id='word_1_685' title='bbox 3276 4980 3331 5025; x_wconf 88' lang='lat' dir='ltr'><strong><em>et</em></strong></span> <span class='ocrx_word' id='word_1_686' title='bbox 3356 4970 3568 5023; x_wconf 83' lang='lat' dir='ltr'><strong><em>Fretela</em></strong></span> 
     </span>
    </p>
   </div>
   <div class='ocr_carea' id='block_1_113' title="bbox 1989 5039 3565 5107">
    <p class='ocr_par' dir='ltr' id='par_1_113' title="bbox 1989 5039 3565 5107">
     <span class='ocr_line' id='line_1_113' title="bbox 1989 5039 3565 5107; baseline -0.002 -14"><span class='ocrx_word' id='word_1_687' title='bbox 1989 5042 2041 5093; x_wconf 89' lang='lat' dir='ltr'><strong><em>in</em></strong></span> <span class='ocrx_word' id='word_1_688' title='bbox 2080 5046 2187 5095; x_wconf 79' lang='lat' dir='ltr'><strong><em>isto</em></strong></span> <span class='ocrx_word' id='word_1_689' title='bbox 2217 5041 2495 5095; x_wconf 82' lang='lat' dir='ltr'><strong><em>versiculo</em></strong></span> <span class='ocrx_word' id='word_1_690' title='bbox 2529 5055 2637 5094; x_wconf 90' lang='lat' dir='ltr'><strong><em>non</em></strong></span> <span class='ocrx_word' id='word_1_691' title='bbox 2679 5055 2803 5093; x_wconf 84' lang='lat' dir='ltr'><strong><em>esse</em></strong></span> <span class='ocrx_word' id='word_1_692' title='bbox 2854 5040 3161 5107; x_wconf 86' lang='lat' dir='ltr'><strong><em>scriptum,</em></strong></span> <span class='ocrx_word' id='word_1_693' title='bbox 3195 5039 3421 5094; x_wconf 83' lang='lat' dir='ltr'><strong><em>Psallite</em></strong></span> <span class='ocrx_word' id='word_1_694' title='bbox 3458 5040 3565 5091; x_wconf 84' lang='lat' dir='ltr'><strong><em>Do—</em></strong></span> 
     </span>
    </p>
   </div>
   <div class='ocr_carea' id='block_1_114' title="bbox 1988 5109 3567 5177">
    <p class='ocr_par' dir='ltr' id='par_1_114' title="bbox 1988 5109 3567 5177">
     <span class='ocr_line' id='line_1_114' title="bbox 1988 5109 3567 5177; baseline -0.002 -14"><span class='ocrx_word' id='word_1_695' title='bbox 1988 5113 2157 5164; x_wconf 90' lang='lat' dir='ltr'><strong><em>mino.</em></strong></span> <span class='ocrx_word' id='word_1_696' title='bbox 2209 5112 2280 5164; x_wconf 81' lang='lat' dir='ltr'><strong><em>At</em></strong></span> <span class='ocrx_word' id='word_1_697' title='bbox 2319 5111 2627 5177; x_wconf 87' lang='lat' dir='ltr'><strong><em>prudenter</em></strong></span> <span class='ocrx_word' id='word_1_698' title='bbox 2658 5116 2715 5163; x_wconf 89' lang='lat' dir='ltr'><strong><em>et</em></strong></span> <span class='ocrx_word' id='word_1_699' title='bbox 2749 5109 2885 5162; x_wconf 87' lang='lat' dir='ltr'><strong><em>scite</em></strong></span> <span class='ocrx_word' id='word_1_700' title='bbox 2916 5118 3108 5162; x_wconf 83' lang='lat' dir='ltr'><strong><em>mouet</em></strong></span> <span class='ocrx_word' id='word_1_701' title='bbox 3155 5126 3252 5164; x_wconf 82' lang='lat' dir='ltr'><strong><em>eos</em></strong></span> <span class='ocrx_word' id='word_1_702' title='bbox 3297 5112 3567 5176; x_wconf 81' lang='lat' dir='ltr'><strong><em>Hierony-</em></strong></span> 
     </span>
    </p>
   </div>
   <div class='ocr_carea' id='block_1_115' title="bbox 1986 5179 3563 5248">
    <p class='ocr_par' dir='ltr' id='par_1_115' title="bbox 1986 5179 3563 5248">
     <span class='ocr_line' id='line_1_115' title="bbox 1986 5179 3563 5248; baseline -0.003 -15"><span class='ocrx_word' id='word_1_703' title='bbox 1986 5197 2111 5235; x_wconf 89' lang='lat' dir='ltr'><strong><em>mus</em></strong></span> <span class='ocrx_word' id='word_1_704' title='bbox 2147 5197 2217 5235; x_wconf 84' lang='lat' dir='ltr'><strong><em>ne</em></strong></span> <span class='ocrx_word' id='word_1_705' title='bbox 2272 5195 2404 5233; x_wconf 87' lang='lat' dir='ltr'><strong><em>vera</em></strong></span> <span class='ocrx_word' id='word_1_706' title='bbox 2450 5194 2549 5247; x_wconf 89' lang='lat' dir='ltr'><strong><em>pro</em></strong></span> <span class='ocrx_word' id='word_1_707' title='bbox 2577 5179 2730 5233; x_wconf 78' lang='lat' dir='ltr'><strong><em>falsis</em></strong></span> <span class='ocrx_word' id='word_1_708' title='bbox 2761 5179 3023 5248; x_wconf 88' lang='lat' dir='ltr'><strong><em>abjiciant</em></strong></span> <span class='ocrx_word' id='word_1_709' title='bbox 3058 5198 3071 5232; x_wconf 93' lang='lat'><strong>:</strong></span> <span class='ocrx_word' id='word_1_710' title='bbox 3112 5196 3129 5228; x_wconf 71' lang='grc' dir='ltr'>ι</span> <span class='ocrx_word' id='word_1_711' title='bbox 3163 5179 3329 5248; x_wconf 77' lang='lat' dir='ltr'><strong><em>Ergo,</em></strong></span> <span class='ocrx_word' id='word_1_712' title='bbox 3370 5182 3563 5248; x_wconf 80' lang='lat' dir='ltr'><strong><em>inquit,</em></strong></span> 
     </span>
    </p>
   </div>
   <div class='ocr_carea' id='block_1_116' title="bbox 1984 5249 3565 5321">
    <p class='ocr_par' dir='ltr' id='par_1_116' title="bbox 1984 5249 3565 5321">
     <span class='ocr_line' id='line_1_116' title="bbox 1984 5249 3565 5321; baseline -0.004 -16"><span class='ocrx_word' id='word_1_713' title='bbox 1984 5262 2040 5305; x_wconf 87' lang='lat' dir='ltr'><strong><em>et</em></strong></span> <span class='ocrx_word' id='word_1_714' title='bbox 2070 5267 2170 5307; x_wconf 89' lang='lat' dir='ltr'><strong><em>vos</em></strong></span> <span class='ocrx_word' id='word_1_715' title='bbox 2225 5251 2393 5321; x_wconf 84' lang='lat' dir='ltr'><strong><em>legite</em></strong></span> <span class='ocrx_word' id='word_1_716' title='bbox 2431 5250 2603 5318; x_wconf 82' lang='lat' dir='ltr'><strong><em>magis</em></strong></span> <span class='ocrx_word' id='word_1_717' title='bbox 2630 5264 2752 5318; x_wconf 76' lang='lat' dir='ltr'><strong><em>qua:</em></strong></span> <span class='ocrx_word' id='word_1_718' title='bbox 2785 5265 2914 5321; x_wconf 83' lang='lat' dir='ltr'><strong><em>vera</em></strong></span> <span class='ocrx_word' id='word_1_719' title='bbox 2944 5254 3107 5321; x_wconf 60' lang='lat' dir='ltr'><strong><em>sunt;</em></strong></span> <span class='ocrx_word' id='word_1_720' title='bbox 3144 5264 3213 5302; x_wconf 88' lang='lat' dir='ltr'><strong><em>ne</em></strong></span> <span class='ocrx_word' id='word_1_721' title='bbox 3252 5252 3380 5304; x_wconf 89' lang='lat' dir='ltr'><strong><em>dum</em></strong></span> <span class='ocrx_word' id='word_1_722' title='bbox 3412 5249 3565 5299; x_wconf 85' lang='lat' dir='ltr'><strong><em>addi-</em></strong></span> 
     </span>
    </p>
   </div>
   <div class='ocr_carea' id='block_1_117' title="bbox 1990 5320 3565 5390">
    <p class='ocr_par' dir='ltr' id='par_1_117' title="bbox 1990 5320 3565 5390">
     <span class='ocr_line' id='line_1_117' title="bbox 1990 5320 3565 5390; baseline -0.003 -16"><span class='ocrx_word' id='word_1_723' title='bbox 1990 5331 2105 5375; x_wconf 91' lang='lat' dir='ltr'><strong><em>tum</em></strong></span> <span class='ocrx_word' id='word_1_724' title='bbox 2141 5320 2450 5390; x_wconf 85' lang='lat' dir='ltr'><strong><em>suscipitis,</em></strong></span> <span class='ocrx_word' id='word_1_725' title='bbox 2489 5321 2634 5389; x_wconf 90' lang='lat' dir='ltr'><strong><em>quod</em></strong></span> <span class='ocrx_word' id='word_1_726' title='bbox 2670 5336 2698 5373; x_wconf 89' lang='lat' dir='ltr'><strong><em>a</em></strong></span> <span class='ocrx_word' id='word_1_727' title='bbox 2732 5320 3002 5389; x_wconf 84' lang='lat' dir='ltr'><strong><em>prOpbeta</em></strong></span> <span class='ocrx_word' id='word_1_728' title='bbox 3051 5321 3316 5387; x_wconf 83' lang='lat' dir='ltr'><strong><em>scriptum</em></strong></span> <span class='ocrx_word' id='word_1_729' title='bbox 3363 5328 3446 5371; x_wconf 75' lang='lat' dir='ltr'><strong><em>est</em></strong></span> <span class='ocrx_word' id='word_1_730' title='bbox 3480 5333 3565 5370; x_wconf 89' lang='lat' dir='ltr'><strong><em>rc-</em></strong></span> 
     </span>
    </p>
   </div>
   <div class='ocr_carea' id='block_1_118' title="bbox 1985 5389 3568 5461">
    <p class='ocr_par' dir='ltr' id='par_1_118' title="bbox 1985 5389 3568 5461">
     <span class='ocr_line' id='line_1_118' title="bbox 1985 5389 3568 5461; baseline -0.003 -17"><span class='ocrx_word' id='word_1_731' title='bbox 1985 5394 2277 5461; x_wconf 87' lang='lat' dir='ltr'><strong><em>linquatis.</em></strong></span> <span class='ocrx_word' id='word_1_732' title='bbox 2305 5389 2348 5442; x_wconf 49' lang='grc'><strong><em>⁷»</em></strong></span> <span class='ocrx_word' id='word_1_733' title='bbox 2394 5390 2485 5446; x_wconf 87' lang='lat' dir='ltr'><strong><em>Sic</em></strong></span> <span class='ocrx_word' id='word_1_734' title='bbox 2513 5390 2637 5446; x_wconf 74' lang='lat' dir='ltr'><strong><em>lieni</em></strong></span> <span class='ocrx_word' id='word_1_735' title='bbox 2688 5398 2835 5444; x_wconf 88' lang='lat' dir='ltr'><strong><em>amat</em></strong></span> <span class='ocrx_word' id='word_1_736' title='bbox 2878 5392 3019 5460; x_wconf 86' lang='lat' dir='ltr'><strong><em>apud</em></strong></span> <span class='ocrx_word' id='word_1_737' title='bbox 3070 5390 3270 5461; x_wconf 78' lang='lat' dir='ltr'><strong><em>sciolos</em></strong></span> <span class='ocrx_word' id='word_1_738' title='bbox 3300 5389 3568 5461; x_wconf 82' lang='lat' dir='ltr'><strong><em>quosdam</em></strong></span> 
     </span>
    </p>
   </div>
   <div class='ocr_carea' id='block_1_119' title="bbox 1986 5458 3565 5532">
    <p class='ocr_par' dir='ltr' id='par_1_119' title="bbox 1986 5458 3565 5532">
     <span class='ocr_line' id='line_1_119' title="bbox 1986 5458 3565 5532; baseline -0.002 -18"><span class='ocrx_word' id='word_1_739' title='bbox 1986 5458 2154 5531; x_wconf 80' lang='lat' dir='ltr'><strong><em>hujus</em></strong></span> <span class='ocrx_word' id='word_1_740' title='bbox 2213 5464 2510 5531; x_wconf 74' lang='lat' dir='ltr'><strong><em>temporis,</em></strong></span> <span class='ocrx_word' id='word_1_741' title='bbox 2550 5462 2643 5532; x_wconf 87' lang='lat' dir='ltr'><strong><em>qui</em></strong></span> <span class='ocrx_word' id='word_1_742' title='bbox 2700 5462 2847 5531; x_wconf 85' lang='lat' dir='ltr'><strong><em>quod</em></strong></span> <span class='ocrx_word' id='word_1_743' title='bbox 2899 5458 2929 5512; x_wconf 57' lang='grc' dir='ltr'><strong><em>ὦ</em></strong></span> <span class='ocrx_word' id='word_1_744' title='bbox 2987 5458 3565 5532; x_wconf 21' lang='grc' dir='ltr'><strong><em>ιιι-ριιιιειὶδλδςτίριιιηι</em></strong></span> 
     </span>
    </p>
   </div>
   <div class='ocr_carea' id='block_1_120' title="bbox 1983 5529 3571 5602">
    <p class='ocr_par' dir='ltr' id='par_1_120' title="bbox 1983 5529 3571 5602">
     <span class='ocr_line' id='line_1_120' title="bbox 1983 5529 3571 5602; baseline -0.004 -15"><span class='ocrx_word' id='word_1_745' title='bbox 1983 5529 2109 5599; x_wconf 79' lang='lat' dir='ltr'><strong><em>est,</em></strong></span> <span class='ocrx_word' id='word_1_746' title='bbox 2154 5529 2474 5602; x_wconf 72' lang='lat' dir='ltr'><strong><em>relinquunt</em></strong></span> <span class='ocrx_word' id='word_1_747' title='bbox 2537 5529 2736 5601; x_wconf 64' lang='grc' dir='ltr'><strong><em>δίυρὶυέ</em></strong></span> <span class='ocrx_word' id='word_1_748' title='bbox 2762 5571 2777 5597; x_wconf 87' lang='grc'><strong>,</strong></span> <span class='ocrx_word' id='word_1_749' title='bbox 2833 5540 2892 5585; x_wconf 88' lang='lat' dir='ltr'><strong><em>ut</em></strong></span> <span class='ocrx_word' id='word_1_750' title='bbox 2944 5529 3127 5584; x_wconf 79' lang='lat' dir='ltr'><strong><em>addita</em></strong></span> <span class='ocrx_word' id='word_1_751' title='bbox 3164 5541 3229 5582; x_wconf 84' lang='lat' dir='ltr'><strong><em>ac</em></strong></span> <span class='ocrx_word' id='word_1_752' title='bbox 3268 5529 3571 5596; x_wconf 63' lang='lat' dir='ltr'><strong><em>depravata</em></strong></span> 
     </span>
    </p>
   </div>
   <div class='ocr_carea' id='block_1_121' title="bbox 1984 5601 2518 5678">
    <p class='ocr_par' dir='ltr' id='par_1_121' title="bbox 1984 5601 2518 5678">
     <span class='ocr_line' id='line_1_121' title="bbox 1984 5601 2518 5678; baseline -0.004 -19"><span class='ocrx_word' id='word_1_753' title='bbox 1984 5601 2324 5678; x_wconf 78' lang='lat' dir='ltr'><strong><em>suscipiunt.</em></strong></span> <span class='ocrx_word' id='word_1_754' title='bbox 2342 5601 2518 5657; x_wconf 62' lang='lat' dir='ltr'><strong><em>Mam.</em></strong></span> 
     </span>
    </p>
   </div>
  </div>
