3898 6172
302 227 403 298 25!

297 444 479 497 cordia
525 450 970 500 tua:secundmn
1023 448 1414 503 multitudinem
1470 453 1868 507 miserationum

294 542 504 588 tuarum
530 539 728 604 respice
759 540 813 591 in
851 555 951 592 nte.

367 625 434 678 Et
476 645 540 680 ne
575 640 786 684 avertas
805 632 993 694 [aciem
1016 631 1162 685 tuam
1195 649 1227 686 a
1258 648 1422 702 puero
1445 643 1534 688 tuo
1568 651 1585 689 :
1618 638 1868 706 quoniam

291 719 540 783 tribulor,
573 720 819 776 uelociter
847 725 1041 778 exaudi
1077 740 1182 778 me.

360 811 587 866 Intende
615 816 809 869 anima:
834 832 984 881 mete,
1023 831 1083 872 σι-
1125 825 1174 871 et
1204 819 1226 886 ζ
1261 817 1422 872 libera
1462 835 1602 874 eam.
1642 820 1859 891 Prome!

291 907 530 956 inimicos
561 920 702 958 meos
741 907 885 975 eripe
910 923 1010 962 me.

365 995 439 1046 Tu
503 998 605 1048 scis
669 998 1052 1068 improperium
1129 1013 1327 1067 meum,
1401 1012 1450 1056 et
1507 1003 1864 1072 confusionem

293 1101 489 1150 meum,
521 1094 568 1138 et
598 1091 948 1141 reverentiam
985 1106 1177 1144 meam.

359 1176 424 1228 In
461 1189 741 1246 conspectu
793 1189 882 1231 tuo
917 1190 1040 1233 sunt
1072 1198 1269 1245 omnes,
1327 1184 1417 1253 qui
1451 1185 1701 1238 tribulam
1739 1203 1818 1240 me
1849 1203 1866 1239 :

291 1270 666 1337 improperium
696 1273 1015 1340 exspectavit
1037 1289 1126 1326 cor
1170 1290 1338 1328 meum
1371 1286 1422 1330 et
1453 1279 1742 1330 miseriam.

365 1361 432 1414 Et
459 1364 685 1415 sustinui
718 1365 810 1433 qui
843 1379 903 1418 -ξ-
930 1365 944 1395 ¹
976 1365 1137 1418 simul
1173 1368 1641 1435 :contristaretur,
1683 1379 1732 1423 et
1765 1387 1868 1424 non

292 1453 434 1522 fuit;
464 1463 512 1506 et
541 1454 632 1522 qui
655 1454 1041 1522 consolaretur,
1081 1464 1129 1509 et
1157 1473 1258 1510 non
1290 1460 1486 1514 inveni.

368 1655 430 1707 Et
461 1655 720 1710 dederunt
755 1658 805 1711 in
838 1674 1010 1712 eseam
1071 1676 1268 1727 meam,
1332 1660 1404 1730 [ei
1464 1669 1512 1714 et
1544 1663 1598 1715 in
1630 1663 1716 1716 siti
1747 1679 1860 1716 mea

297 1757 608 1817 potaverunt
639 1767 722 1804 me
745 1762 913 1807 aceto.

369 1838 491 1894 Fiat
521 1859 710 1897 mensa
744 1861 922 1899 eorum
956 1864 1137 1900 coram
1181 1847 1308 1913 ipsis
1343 1849 1394 1900 in
1428 1847 1693 1916 laqueum,
1731 1857 1779 1900 et
1810 1849 1864 1902 in

299 1935 690 1997 retributiones,
713 1947 761 1988 et
789 1939 843 1990 in
882 1939 1217 1993 scandalum.

362 2025 726 2080 Obscurentur
777 2031 917 2082 oculi
957 2047 1140 2084 eorum
1174 2046 1234 2084 ne
1270 2031 1480 2086 videant
1506 2068 1522 2094 ,
1568 2039 1618 2082 et
1650 2029 1863 2084 dorsum

295 2132 464 2172 eorum
490 2136 705 2190 semper
733 2121 970 2176 incurva.

359 2231 583 2302 Eﬂ'uncle
613 2251 776 2303 super
800 2251 884 2288 eos
914 2237 1050 2290 iram
1106 2247 1276 2304 luant,
1333 2248 1382 2290 et
1409 2237 1563 2304 [uror
1623 2237 1720 2290 irte
1759 2245 1863 2291 tute

295 2323 700 2390 comprehendat
719 2339 828 2378 eos.

358 2433 479 2487 Fiat
510 2436 772 2489 habitatio
789 2452 972 2490 eorum
995 2437 1244 2494 deserta:
1285 2447 1347 2496 -ί-
1385 2453 1428 2494 et
1465 2442 1488 2511 ζ
1522 2443 1576 2495 in
1609 2443 1860 2498 taberna-

294 2525 349 2580 li's
379 2543 560 2580 eorum
585 2545 692 2581 non
721 2529 832 2582 sit‘
859 2542 919 2585 σε·
956 2531 1046 2600 qui
1071 2532 1092 2599 ζ
1125 2531 1402 2586 inhabitet.

354 2637 619 2702 Quoniam
652 2655 810 2708 quem
844 2650 899 2694 tu
923 2644 1251 2708 percussisti,
1286 2648 1549 2714 persecuti
1590 2660 1729 2701 sunt
1764 2664 1781 2703 :
1811 2659 1858 2703 et

294 2742 441 2796 super
468 2727 712 2782 dolorem
741 2732 1018 2785 uulnerum
1044 2749 1279 2786 meorum
1313 2718 1658 2790 addiderunt.

353 2934 568 3003 Appone
603 2933 939 3002 iniquitatem
971 2950 1130 2999 super
1163 2935 1498 3005 iniquitatem
1522 2953 1707 2991 eorum
1739 2955 1756 2992 :
1807 2948 1858 2992 et

295 3037 387 3077 non
413 3024 616 3076 intrent
639 3025 695 3076 in
715 3024 980 3094 justitiam
1008 3035 1171 3081 tuam.

357 3230 658 3284 Deleantur
691 3231 756 3284 de
799 3230 934 3284 libro
961 3231 1243 3285 viventium
1269 3269 1284 3296 ,
1340 3241 1389 3286 et
1417 3246 1535 3288 cum
1555 3235 1721 3303 justis
1759 3249 1860 3287 non

296 3323 622 3378 scribantur.

361 3435 476 3506 Ego
531 3445 654 3488 sum
708 3449 914 3504 pauper
951 3443 999 3488 et
1037 3434 1221 3489 dolens
1278 3451 1296 3489 :

295 3533 518 3599 suscepit
551 3543 654 3581 me.

358 3620 614 3674 Laudabo
640 3635 830 3674 nomen
861 3616 960 3673 Dei
983 3634 1102 3672 cum
1125 3619 1350 3684 cantico,
1393 3631 1441 3674 et
1472 3617 1492 3653 ³
1513 3619 1864 3689 magn-iﬁcubo

295 3729 406 3766 eum
430 3715 485 3766 in
507 3713 690 3766 laude.
1208 3725 1210 3728 '

362 3803 430 3856 Et
467 3803 696 3874 placebit
733 3802 843 3856 Dea
887 3818 1045 3872 super
1073 3801 1297 3856 vitulum
1324 3802 1630 3870 novellum,
1663 3819 1866 3857 cornua

297 3895 670 3962 producentem
695 3902 746 3948 et
775 3894 1022 3965 ungulas.

376 3985 599 4039 Videant
631 4002 915 4056 pauperes.
946 3994 995 4038 et
1027 3984 1276 4040 laetentur
1303 3998 1321 4038 :
1345 3986 1565 4055 quarite
1601 3984 1786 4052 Deum,
1819 3994 1868 4040 et

298 4079 426 4132 tiret
457 4079 642 4132 anima
673 4086 872 4131 vestra.

363 4169 630 4234 Quoniam
659 4160 932 4223 exaudivit
951 4185 1210 4239 pauperes
1255 4167 1561 4224 Dominus:
1595 4178 1643 4223 et
1665 4171 1866 4224 uinctos

295 4279 415 4317 suos
449 4280 552 4316 non
586 4262 843 4329 despexit.

1346 3436 1491 3490 salus
1541 3446 1656 3503 tua,
1705 3436 1862 3502 Deus,

367 4466 383 4499 ¹
419 4467 598 4537 Atque
659 4465 756 4537 hic
811 4465 930 4522 sine
997 4463 1156 4537 obolo
1212 4465 1493 4522 Palatinus
1549 4481 1652 4521 ms.
1709 4466 1863 4536 legit.

297 4535 670 4606 Subsequenti
718 4552 878 4590 versu
933 4536 1233 4606 repositum
1287 4546 1370 4606 est
1410 4537 1653 4590 secunda
1703 4535 1866 4591 manu

295 4622 416 4660 esea
455 4604 567 4660 mea
598 4623 618 4661 .'
652 4616 708 4657 ct
736 4606 789 4659 in
825 4607 930 4659 line
964 4604 1277 4675 Qiapsalma
1311 4605 1554 4660 additur.

368 4675 389 4707 '
422 4676 608 4746 Neque
645 4675 737 4729 hic
787 4675 931 4746 bene
967 4673 1204 4746 Palatio.
1253 4689 1360 4728 ms.
1416 4686 1471 4730 et
1526 4675 1651 4730 Cari
1690 4676 1867 4732 editio

296 4745 996 4809 obclum’prmtermittunt.
1021 4745 1313 4816 Alteroab
1343 4745 1446 4798 hoc
1474 4761 1634 4800 versu
1655 4748 1868 4816 jnstitia

297 4825 412 4880 tua,
446 4831 546 4886 pro
560 4816 834 4883 justitiam
867 4827 1044 4886 fluant,
1075 4814 1317 4886 sequiori
1347 4828 1509 4886 manu
1538 4814 1867 4885 rescriptum

297 4895 401 4946 cst.
434 4883 494 4941 ac
518 4889 773 4953 sequenti
811 4885 1052 4936 additum
1092 4883 1240 4940 ineo
1278 4899 1384 4935 ms.
1423 4883 1759 4953 Diapsalma.

366 4955 584 5010 ‘Taeet
640 4955 922 5007 ineo-dem
973 4968 1078 5008 ms.
1111 4964 1174 5006 ut
1225 4961 1279 5006 ot
1332 4953 1538 5007 Graecis
1585 4958 1870 5024 plerisque

295 5027 554 5080 carnibus
581 5025 744 5078 libris
767 5034 816 5075 et
837 5025 1055 5091 copula.

367 5095 390 5125 ‘
415 5095 564 5151 Unus
615 5095 921 5149 Veronens.
957 5109 1086 5156 ms.,
1127 5092 1230 5144 cito
1275 5093 1683 5161 prooelociter,
1721 5095 1867 5160 quod

299 5173 500 5231 tamen,
533 5175 596 5219 ut
623 5166 730 5218 alia
759 5165 1050 5233 pleraque,
1083 5178 1111 5215 ι
1152 5163 1380 5230 Vulgata
1407 5163 1648 5218 lectione
1679 5166 1870 5219 diver-

301 5250 421 5287 sum
447 5251 591 5299 esse,
629 5234 750 5304 ejus
788 5233 1041 5288 Psalterii
1088 5233 1270 5286 editor
1303 5247 1410 5285 non
1453 5234 1867 5290 animadvertit.

297 5304 500 5359 Caetera
531 5322 658 5359 cuni
691 5305 1022 5372 Augustino,
1053 5304 1253 5356 redime
1285 5319 1385 5364 nte,
1414 5319 1511 5370 pro
1544 5304 1729 5366 libera,
1755 5315 1870 5359 tum

299 5385 349 5426 et
386 5377 745 5444 confusionem
798 5388 992 5437 meum,
1036 5385 1084 5426 et
1133 5374 1528 5436 uerecundiam,
1581 5385 1687 5427 ctu.
1750 5374 1870 5428 Non

308 5455 492 5498 autem
524 5463 647 5515 quae
673 5453 1006 5515 sequuntur,
1043 5446 1134 5512 qui
1164 5445 1449 5506 tributam,
1481 5457 1579 5510 pro
1607 5445 1872 5515 tribulati-

307 5530 409 5578 tes,
454 5527 510 5570 et
539 5513 664 5569 mox
700 5513 886 5584 anima
923 5531 1060 5578 utea,
1099 5529 1194 5582 pro
1230 5527 1321 5565 cor
1367 5529 1560 5584 areum,
1610 5527 1667 5568 et
1699 5514 1866 5584 quod,

302 5597 583 5652 expuncto
639 5582 804 5638 siuul
831 5585 1117 5646 adverbio.
1158 5598 1355 5635 mecum
1391 5583 1591 5653 retinet
1622 5598 1634 5636 :
1668 5582 1872 5653 quibus

301 5658 357 5707 in
403 5657 534 5709 locis
567 5673 690 5709 cum
731 5653 957 5725 Vulgata
1013 5654 1346 5708 adatuussiut
1396 5652 1701 5718 Augustini
1747 5655 1867 5707 cui-

1536 235 1769 311 LIBER
1828 253 1958 311 PSA
1974 249 2320 317 LMORUM.

367 350 589 406 Exaudi
621 362 722 419 nte,
751 345 996 420 ﬂamine,
1021 360 1266 426 quoniam
1295 359 1517 427 (larigna
1559 373 1633 414 est
1662 363 1870 416 miseri-
1903 374 1944 428 Α

1894 4392 1946 4452 D

3431 258 3539 323 254

2050 366 2255 420 Exaudi
2291 381 2399 433 me,
2450 367 2702 426 Domine.
2738 366 2994 436 quoniam
3038 365 3267 435 benigna
3307 379 3391 422 est
3436 373 3537 423 mi-

1973 456 2277 511 sericordia
2328 467 2416 511 tua
2469 458 2819 512 :sccundum
2867 454 3269 509 multitudinem
3315 457 3540 512 misera-

1974 547 2181 602 tiouum
2220 559 2434 602 tuarum
2474 551 2681 619 reSpice
2712 550 2765 602 in
2809 564 2916 602 me.

2053 637 2128 691 Ne
2169 649 2386 694 avertas
2428 641 2620 695 faciem
2659 650 2806 695 tuam
2849 656 2877 693 a
2911 655 3082 708 puero
3112 648 3245 692 tuo:
3280 639 3538 707 quoniam

1971 728 2224 793 tribulor,
2252 730 2519 784 velociter
2557 733 2580 761 ⁸
2610 730 2808 783 exaudi
2844 743 2949 782 me.

2053 820 2281 876 Intende
2327 822 2523 876 animm
2574 835 2747 886 mem,
2797 830 2852 874 ct
2895 821 3068 875 libera
3101 835 3224 876 eam
3261 837 3274 873 :
3315 831 3540 890 propter

1967 911 2225 967 inimicos
2259 929 2411 968 meos
2440 913 2588 982 eripe
2627 929 2730 966 me.

2053 1004 2137 1058 Tu
2173 1006 2317 1059 enim
2350 1005 2458 1059 scis
2492 1004 2890 1073 impmperium
2921 1019 3122 1068 mcum,
3157 1005 3535 1059 confusionem

1968 1105 2022 1150 et
2059 1096 2445 1150 verecundiam
2502 1111 2676 1148 meam
2735 1111 2748 1147 :
2805 1095 2858 1148 in
2907 1103 3210 1162 conspectu
3263 1104 3357 1150 tuo
3411 1105 3540 1150 sunt

1967 1202 2159 1241 Omnes
2195 1187 2522 1241 tribulantes
2562 1201 2664 1238 me.

2040 1276 2433 1344 lmpropcrium
2481 1275 2822 1344 exspectavit
2877 1288 2972 1328 cor
3030 1288 3209 1326 meum
3268 1283 3322 1328 et
3376 1273 3541 1326 mise-

1968 1368 2104 1420 riam
2149 1383 2162 1418 :
2193 1377 2250 1420 et
2277 1367 2513 1421 sustinui
2547 1367 2636 1435 qui
2666 1366 2824 1419 simul
2849 1379 3062 1417 mecum
3097 1364 3539 1423 contristarctur,

1966 1469 2020 1512 ct
2049 1474 2157 1511 non
2205 1458 2328 1522 luit,
2373 1459 2747 1512 consolantem
2800 1471 2886 1508 me
2924 1453 3182 1524 quaesivi,
3215 1457 3272 1506 et
3311 1470 3417 1508 non
3449 1458 3537 1508 in-

1970 1549 2108 1604 veni.

2041 1661 2106 1714 Et
2145 1660 2416 1714 dederunt
2449 1661 2501 1712 in
2543 1675 2725 1714 escam
2772 1672 2946 1712 meam
2972 1655 3041 1711 lel
3073 1664 3167 1712 :et
3199 1655 3254 1710 in
3295 1655 3382 1710 siti
3423 1672 3540 1712 mea

1968 1762 2291 1821 putaverunt
2323 1768 2408 1806 me
2448 1760 2628 1805 aceto.

2039 1845 2160 1898 Fiat
2195 1859 2383 1897 mensa
2420 1859 2613 1898 eorum
2655 1859 2837 1898 coram
2875 1843 3007 1910 ipsis
3061 1839 3112 1894 in
3153 1839 3407 1910 laqueum
3432 1884 3446 1907 ,
3488 1849 3542 1895 ιιι

1967 1939 2018 1990 in
2061 1937 2480 1990 retributionem
2521 1946 2576 1990 et
2610 1937 2664 1990 in
2711 1937 3043 1991 scandalum.

2042 2026 2422 2081 Obscurentur
2457 2028 2602 2082 oculi
2640 2044 2828 2082 eorum
2856 2068 2870 2091 ,
2898 2041 2966 2081 ne
3000 2026 3221 2080 videant
3258 2042 3271 2079 :
3321 2037 3374 2081 ct
3405 2025 3537 2079 dor-

1963 2136 2084 2174 sum
2123 2121 2344 2174 illorum
2381 2135 2599 2188 semper
2633 2120 2877 2175 incurva.

2035 2234 2267 2291 Ell’uudc
2308 2252 2474 2305 super
2513 2252 2608 2292 eos
2635 2236 2768 2290 iram
2798 2247 2945 2290 tuam
2976 2252 2989 2288 :
3023 2245 3080 2291 et
3106 2235 3413 2306 indignatio
3443 2236 3536 2290 ira:

1964 2335 2070 2382 ture
2113 2331 2488 2398 apprehendat
2525 2329 2646 2400 [ms.
2687 2327 3137 2399 comprehendat]
3175 2343 3290 2383 eos.

2034 2441 2151 2495 Fiat
2191 2441 2460 2496 habitatio
2511 2457 2706 2497 eorum
2761 2441 2978 2496 deserta
3019 2459 3033 2495 :
3068 2449 3122 2495 et
3168 2440 3224 2494 in
3279 2441 3534 2495 taberna-

1960 2533 2101 2587 culis
2132 2514 2322 2587 eorum
2357 2551 2464 2587 non
2501 2534 2570 2587 sit
2597 2533 2687 2602 qui
2718 2533 3006 2587 inhabitet.

2035 2644 2305 2711 Quoniam
2365 2661 2527 2715 quem
2581 2655 2632 2700 tu
2682 2647 3002 2716 percussisti
3033 2690 3047 2712 ,
3076 2646 3178 2716 ipsi
3213 2651 3231 2680 ⁵
3261 2645 3535 2715 persecuti

1959 2745 2089 2791 sunt
2118 2752 2204 2791 me
2245 2733 2366 2808 [ms.
2403 2745 2539 2790 tacet
2571 2735 2680 2807 me]
2720 2755 2733 2790 :
2768 2746 2825 2790 et
2858 2752 3024 2805 super
3062 2737 3305 2791 dolorem
3341 2735 3532 2790 vulne-

1961 2841 2081 2880 rum
2119 2843 2366 2881 tueorum
2399 2827 2753 2882 addiderunt.

2033 2942 2259 3012 Appone
2285 2940 2628 3009 iniquitatem
2667 2955 2840 3005 super
2874 2941 3195 3009 iniquitates
3219 2941 3465 3011 ipsorum
3511 2957 3524 2993 :

1888 3064 1929 3121 ο
1962 3040 2018 3086 et.
2056 3046 2163 3085 non
2184 3031 2390 3084 intrent
2425 3031 2477 3084 in
2522 3038 2671 3082 tuam
2697 3029 2982 3099 justitiam.

2036 3237 2332 3292 Deleantur
2379 3235 2449 3291 de
2508 3233 2654 3291 libro
2710 3232 3012 3288 viventium
3052 3247 3070 3288 :-
3102 3242 3157 3286 et
3207 3247 3331 3286 cum
3380 3229 3545 3301 justis

1967 3343 2075 3381 non
2109 3329 2444 3381 scribantur.

2039 3441 2254 3513 Pauper
2283 3450 2337 3496 et
2365 3442 2560 3496 dolens
2590 3456 2690 3510 ego
2726 3455 2846 3520 sunt
2892 3456 2906 3495 :
2943 3447 2996 3494 et
3024 3440 3172 3491 salus
3215 3435 3402 3489 vultus
3436 3435 3538 3497 tui,

1966 3534 2129 3598 Deus,
2167 3534 2413 3602 suscepit
2448 3549 2556 3587 me.

2039 3623 2297 3679 Laudabo
2334 3641 2535 3680 nomen
2588 3623 2682 3677 Dei
2731 3624 2834 3678 mei
2868 3623 2889 3654 '
2923 3638 3045 3677 cum
3080 3622 3314 3686 cantico,
3345 3629 3400 3674 ct
3431 3634 3544 3675 ma-

1966 3715 2238 3784 gniticabo
2267 3732 2389 3769 cum
2429 3717 2482 3768 in
2517 3717 2691 3768 laude.

2043 3805 2108 3859 Et
2135 3807 2372 3875 placebit
2409 3807 2517 3858 Deo
2540 3820 2705 3872 super
2739 3803 2970 3859 vitulum
3001 3801 3298 3866 novellum,
3329 3816 3551 3857 cornua

1968 3897 2362 3968 producentem
2401 3906 2456 3949 et
2489 3897 2739 3962 ungulas.

2045 3989 2276 4043 Videant
2316 4001 2603 4060 pauperes,
2637 3997 2692 4040 ct
2727 3986 2982 4040 lit-lentur
3029 4003 3043 4043 :
3077 3989 3308 4058 quaerite
3353 3988 3540 4042 Domiu

1970 4093 2103 4131 num
2140 4077 2270 4149 [ms.
2312 4076 2529 4150 Deum],
2567 4088 2619 4132 et
2644 4079 2789 4132 vivet
2813 4078 2992 4131 anima
3025 4091 3230 4133 vestra.

2045 4169 2314 4236 Quoniam
2340 4170 2618 4224 exaudivit
2641 4185 2911 4239 pauperes
2930 4168 3190 4226 Dominus
3219 4187 3232 4225 :
3257 4179 3310 4225 ct
3327 4170 3542 4225 vinctos

1972 4279 2102 4319 suos
2130 4280 2241 4318 non
2272 4263 2500 4334 sprevit.

1983 4467 2166 4521 tiones
2199 4466 2518 4535 pratorum.
2551 4463 2656 4536 Sed
2684 4465 2887 4519 iterum
2920 4467 3034 4536 pari
3063 4481 3358 4531 consensu,
3391 4465 3540 4534 quod

1981 4538 2361 4604 subsequitur,
2396 4543 2444 4586 et
2471 4535 2817 4600 consolantes,
2850 4546 2896 4588 et
2924 4535 3032 4589 non
3069 4537 3263 4589 inveni.

2053 4607 2074 4637 ³
2111 4603 2243 4671 Quae
2294 4607 2494 4658 iterum
2532 4607 2715 4658 excisa
2759 4625 2785 4658 a
2828 4606 3125 4659 Veronensi
3175 4603 3363 4657 codice
3415 4603 3550 4657 iulia.

1981 4676 2260 4731 recentior
2293 4689 2490 4727 inaltus
2530 4691 2626 4744 per
2655 4685 2863 4742 septem
2896 4677 3066 4728 lenne
3099 4687 3291 4728 versus
3319 4689 3346 4725 a
3372 4689 3543 4740 supe-

1983 4747 2117 4799 riori
2145 4746 2394 4815 proxime
2420 4745 2713 4812 supplevit.
2743 4747 2875 4799 satis
2909 4746 2996 4799 hic
3024 4745 3324 4799 oscitanter
3357 4749 3545 4815 Verba,

1982 4814 2231 4884 quemtu
2253 4816 2572 4882 percussisti,
2608 4815 2731 4882 ipsi,
2761 4827 2898 4881 etc.,
2926 4815 3320 4882 praetermisit:
3360 4825 3470 4867 tum
3501 4814 3551 4864 ei

1980 4887 2088 4939 alio
2121 4901 2310 4946 sensu,
2343 4895 2398 4937 et
2431 4893 2622 4936 contra
2656 4885 2924 4936 librorum
2964 4886 3211 4937 omnium
3248 4887 3406 4936 tidem
3448 4899 3546 4949 pro

1979 4971 2212 5008 meorum
2244 4957 2375 5022 legit
2409 4965 2422 5005 :
2465 4968 2586 5022 quae
2617 4962 2800 5007 tamen
2853 4955 3020 5008 lectio
3055 4953 3285 5022 perinde
3319 4952 3389 5005 ab
3427 4952 3546 5020 ejus

1973 5028 2186 5078 editore
2225 5021 2759 5089 Psalterii’habetur,
2800 5038 2862 5077 ac
2898 5025 2943 5077 si
2983 5040 3108 5077 cum
3161 5021 3384 5090 Vulgata
3427 5023 3546 5074 cdt-

1978 5095 2148 5155 tioue,
2221 5093 2550 5160 exterisque
2613 5093 2766 5146 libris
2844 5093 3103 5147 omnibus
3185 5099 3537 5160 consonat-et.

1975 5165 2239 5231 Sequitur
2266 5163 2320 5214 in
2370 5159 2608 5216 codice:
2647 5166 2861 5232 Appone
2895 5163 3202 5228 iniquitates
3243 5175 3395 5226 super
3444 5159 3548 5232 ini-

1974 5225 2229 5303 quitatem
2254 5241 2508 5303 corum,et
2544 5248 2646 5284 non
2671 5225 2865 5286 intrent
2895 5225 3210 5302 iujustitia:
3243 5225 3374 5291 tum,
3398 5225 3544 5280 salus

1983 5301 2097 5365 tua,
2132 5317 2231 5372 pro
2267 5313 2314 5354 et
2345 5301 2493 5353 salus
2533 5305 2707 5355 t'ttlttts
2741 5303 2838 5359 tui.

2043 5375 2064 5405 ⁸
2085 5364 2314 5427 Nedum
2343 5373 2444 5426 mei
2480 5387 2802 5440 pronomen,
2833 5373 2980 5442 quod
3014 5373 3246 5443 ipsemet
3277 5364 3515 5443 lter-any
3541 5397 3548 5404 ο

1976 5457 2096 5498 mus
2127 5443 2410 5497 abundare
2457 5443 2646 5496 docuit
2678 5443 2734 5496 in
2780 5440 3006 5511 epistola
3056 5443 3131 5512 ad
3183 5440 3457 5512 Sunniaiu
3488 5443 3548 5486 ct

1977 5514 2273 5577 Fretelam,
2310 5512 2405 5566 sed
2437 5520 2492 5566 ct
2524 5509 2919 5582 subsequentia
2955 5511 3142 5582 verba,
3173 5522 3290 5559 eum
3316 5509 3556 5582 cantum.

1975 5593 2024 5636 et
2067 5583 2341 5653 sequioris
2375 5582 2582 5639 librarii
2637 5579 2925 5638 oscitantis
2980 5580 3032 5631 in
3087 5579 3384 5631 Veronensi
3435 5589 3542 5628 ms.

1979 5655 2389 5710 desiderantur.
