3898 6172
343 238 449 304 255

414 353 659 406 Laudent
687 339 980 410 illum'caali
1008 363 1057 409 et
1083 364 1248 420 terra,
1271 373 1418 409 mare
1438 368 1484 411 et
1511 359 1685 410 omnia
1705 359 1917 428 reptilia
1953 366 1994 420 Α

342 463 394 498 m
426 463 520 498 ευ.

415 537 682 602 Quoniam
723 537 858 589 Deus
880 539 1084 591 saluam
1113 539 1268 607 [aciet
1301 537 1468 592 Sion:
1494 547 1544 592 et
1567 539 1910 607 ludiﬁcabun-

343 640 431 680 tur
451 632 686 682 civitates
716 629 877 683 Iuda.

415 719 483 771 Ει
542 717 913 772 inhabitabant
971 719 1042 771 ibi
1099 734 1116 770 .'

344 825 486 863 eam.

418 903 485 953 Et
533 918 710 954 semen
760 918 1031 956 servorum
1065 901 1179 969 ejus
1211 901 1492 968 possidebit
1527 914 1642 954 eam
1669 917 1689 955 :
1743 911 1792 953 et
1831 901 1920 970 qui

343 995 567 1064 diligunt
591 1002 779 1046 ttontcn
819 995 958 1062 ejus,
989 992 1297 1046 habitabant
1339 994 1393 1045 iu
1429 1008 1510 1046 ea.

1243 243 1303 306 S.
1341 237 1773 304 ΠῙΕΒΟΝΥΜΙ
1818 243 2082 306 DIVINA
2124 237 2661 303 BIBLIOTHECA.

1168 728 1216 771 et
1270 719 1582 773 Ira-rediture
1636 721 1944 800 acquirent.

3423 214 3588 296 ess

2098 357 2344 411 Laudent
2380 372 2502 411 eum
2537 354 2659 408 coeli
2695 363 2746 407 et
2783 361 2942 413 terra,
2982 365 3129 404 mare.
3157 357 3212 404 et
3237 347 3444 415 omnia,
3469 365 3588 418 qum:

2020 450 2074 502 in
2103 450 2182 501 eis
2204 458 2332 502 sunt
2361 449 2401 501 ⁸.

2090 540 2354 602 Quoniam
2401 537 2542 590 Deus
2579 536 2786 589 salvam
2824 532 2988 585 faciet
3019 529 3151 583 Sion
3189 545 3204 582 :
3257 539 3312 583 et
3351 527 3589 582 aedilita-

2023 631 2229 685 buntnr
2254 631 2502 684 civitates
2528 627 2703 690 Jutlin,
2725 637 2781 681 et
2815 626 3200 680 inhabitabant
3229 625 3328 678 ibi.

2096 724 2159 776 Et
2198 723 2522 777 haereditate
2564 721 2856 790 nequirent
2892 735 3036 783 eam,
3088 729 3143 773 et
3192 734 3376 772 semen
3410 736 3595 773 servo-

2024 830 2143 866 rum
2169 813 2286 884 ejus
2310 815 2612 883 possidebit
2638 828 2783 880 eam,
2805 822 2860 867 ct
2883 812 2976 881 qui
3004 811 3237 879 diligunt
3268 827 3464 865 nomen
3483 813 3597 881 ejur

2029 906 2421 960 inhabitabant
2453 908 2504 960 in
2534 922 2618 960 ea.

1657 1106 1792 1165 PSA
1807 1099 1904 1163 LM
1917 1105 2012 1164 US
2065 1107 2275 1171 LXIX.

345 1233 396 1270 IN
435 1231 595 1270 “xw
636 1231 824 1278 narro,
858 1230 907 1267 ιιι
949 1228 1443 1266 neurzuoauumu
1481 1216 1546 1280 >ε<
1580 1229 1644 1266 EO
1695 1214 1710 1244 ¹
1780 1227 1916 1274 quon

695 1295 905 1338 suum
940 1299 1010 1336 ME
1056 1298 1210 1338 rscr't‘
1255 1285 1536 1352 nouimus;

423 1398 581 1464 Dens,
610 1400 662 1452 in
696 1397 1026 1466 adjutorium
1061 1413 1230 1449 meum
1273 1408 1335 1450 ot—
1365 1395 1625 1463 intcnde:
1676 1393 1920 1458 Domine,

349 1493 416 1542 ad
439 1491 804 1558 arljuvandunt
844 1505 923 1541 me
953 1489 1173 1556 festina.

419 1581 846 1650 Conjumlantur,
867 1589 914 1634 et
933 1588 1294 1644 rerereantur,
1314 1578 1406 1649 qui
1425 1579 1922 1649 quaruutanimam

358 1687 553 1727 nteant.

419 1774 742 1825 Aves-tantur
792 1779 1079 1823 retrorsum
1137 1777 1187 1820 et
1214 1765 1546 1834 erubescant,
1592 1768 1683 1835 qui
1739 1765 1923 1820 volunt

351 1864 480 1917 mihi
522 1861 690 1916 mala.

425 1959 747 2008 Avertantur
762 1953 942 2008 statim
969 1950 1346 2014 erubescentes,
1371 1954 1462 2019 qui
1486 1949 1768 2004 dicunt'é—
1799 1947 1926 2001 mihi

358 2048 380 2115 ζ
418 2043 586 2113 Euge,
616 2056 764 2114 euge.

427 2137 725 2199 l'Ixsulteul,
765 2144 814 2188 et
851 2134 1102 2189 lietentur
1132 2133 1184 2186 in
1220 2141 1268 2186 te
1301 2147 1502 2196 omnes,
1540 2133 1629 2201 qui
1672 2132 1920 2201 qumrnnl

354 2239 425 2292 te,
463 2239 511 2282 et
543 2231 725 2281 dicunt
762 2243 967 2296 semper
993 2240 1012 2278 :
1057 2225 1439 2294 Magni/iretur
1487 2223 1766 2285 Dominus,
1829 2223 1921 2294 qui

355 2319 580 2388 uiliguut
617 2319 858 2370 salutare
895 2325 1067 2368 tuum.

430 2409 540 2479 Ego
574 2426 694 2463 vero
725 2425 914 2478 (genus
947 2421 992 2461 et
1027 2423 1226 2477 pauper
1259 2419 1319 2462 +
1342 2422 1464 2460 sum
1489 2408 1512 2477 ζ
1542 2406 1701 2474 Deus,
1729 2407 1928 2477 adjura

359 2519 459 2554 me.
867 2507 872 2509 ’

428 2591 658 2660 Aujntor
707 2605 874 2653 meus,
917 2598 965 2643 et
1005 2587 1258 2643 liberator
1283 2602 1428 2640 meus
1466 2598 1530 2644 -t-
1565 2603 1618 2644 es
1657 2589 1680 2660 ζ
1715 2598 1792 2655 tu,
1825 2587 1933 2643 Do-

359 2684 518 2748 mine,
549 2699 610 2738 ne
647 2684 892 2739 moreris.

2025 1229 2076 1269 IN
2126 1229 2322 1280 Plauts,
2381 1226 2568 1277 ωινω,
2620 1227 2672 1266 IN
2723 1227 3220 1266 artsrmonnroazu
3258 1213 3278 1243 ⁸
3349 1227 3414 1264 ευ
3465 1227 3601 1274 quon

2419 1295 2624 1338 εΑινυιι
2661 1299 2729 1335 MF.
2771 1299 2922 1337 I'ECIT
2957 1299 3210 1337 DOXINUS.

2095 1393 2324 1450 Domine
2379 1395 2542 1461 Dens,
2595 1396 2648 1450 in
2703 1397 3036 1466 adjutorium
3076 1410 3259 1449 meum
3307 1393 3534 1448 intende
3577 1412 3592 1450 :

2027 1487 2281 1550 Domine,
2307 1487 2374 1541 ad
2403 1486 2770 1559 adjuvandum
2807 1505 2892 1542 me
2927 1488 3145 1541 festina.

2101 1578 2526 1632 Confundantur
2566 1587 2622 1632 et
2672 1588 3032 1634 revereantur
3081 1578 3287 1634 inimici
3329 1579 3458 1645 mei,
3501 1579 3600 1648 qui

1962 1663 2000 1716 Β
2031 1679 2284 1740 quaerunt
2309 1669 2549 1723 animam
2587 1685 2786 1724 meam.

2101 1766 2437 1815 Arei-tantur
2477 1772 2806 1828 retrorsum,
2839 1769 2895 1816 et
2929 1761 3280 1828 erubescant,
3320 1761 3413 1833 qui
3445 1762 3605 1832 cogi-

2029 1861 2145 1906 tant
2179 1852 2310 1906 mihi
2363 1853 2529 1906 mala.

2095 1942 2432 1998 Avertantur
2449 1942 2632 1998 statim
2651 1941 3061 2010 erubescentes,
3087 1943 3179 2013 qui
3207 1942 3396 1998 dicunt
3422 1944 3600 1998 mihi:

2025 2033 2199 2101 Euge,
2232 2045 2388 2104 euge.

2096 2124 2408 2188 Exsultent,
2439 2134 2493 2179 et
2521 2124 2777 2178 laetentur
2802 2123 2892 2192 qui
2926 2132 3174 2192 quaerent
3217 2132 3290 2186 te,
3322 2122 3549 2177 Domine
3581 2141 3599 2188 ;

2029 2226 2084 2271 et
2111 2216 2295 2270 dicant
2323 2231 2538 2285 semper
2571 2232 2586 2272 :
2615 2215 2990 2286 Magnitlcetur
3029 2215 3312 2282 Dominus,
3346 2218 3439 2284 qui
3473 2215 3605 2269 dili-

2027 2315 2161 2380 gunt.
2193 2307 2431 2361 salutare
2477 2315 2652 2361 tuum.

2094 2400 2209 2470 Ego
2237 2413 2367 2454 vero
2398 2413 2607 2470 egenus
2648 2405 2705 2453 et
2735 2411 2943 2467 pauper
2972 2412 3092 2453 sum
3124 2397 3160 2466 ξε
3205 2395 3365 2462 Deus,
3397 2395 3602 2465 adjuva
3635 2401 3650 2414 '

2027 2506 2134 2546 me.

2092 2586 2333 2659 Adjutor
2360 2601 2519 2643 meus
2541 2594 2599 2642 et
2628 2585 2890 2643 liberator
2924 2599 3080 2641 meus
3123 2600 3186 2642 es
3220 2594 3300 2651 tu,
3346 2584 3604 2648 Domine,

2027 2696 2098 2737 ne
2137 2677 2466 2736 tardaveris.

1687 2847 2044 2913 PSALMUS
2089 2849 2271 2913 LXX.
2441 2861 2472 2888 ‘

362 2976 421 3018 Ἰ-
455 2973 684 3019 ΡεΑωιυε
737 2971 918 3028 ωνιι),
985 2974 1238 3020 ῖιιιοῐιυιι
1287 2976 1538 3032 JONADAB,
1589 2980 1659 3021 ΕΤ
1696 2981 1930 3021 Ριιιυιιωι

963 3049 1326 3088 ελντινυιιυιιί.

434 3129 499 3180 ln
550 3137 620 3189 te,
653 3125 896 3190 Domine,
927 3127 1155 3195 speravi,
1195 3142 1296 3178 non
1340 3125 1642 3194 confundor
1673 3128 1731 3179 in
1771 3136 1922 3181 a'ter-

361 3233 487 3269 nunt
521 3215 853 3283 :injustitia
887 3223 978 3267 tua
1015 3216 1182 3268 libera
1213 3231 1312 3281 me,
1353 3231 1398 3268 et
1434 3218 1577 3286 eripe
1611 3233 1714 3271 me.

429 3306 640 3360 Incliua
672 3307 742 3358 ad
771 3323 851 3361 me
885 3324 1070 3360 aurem
1098 3318 1267 3371 tuam,
1300 3318 1349 3362 et
1392 3307 1542 3362 salva
1581 3324 1682 3362 me.

432 3399 558 3452 Esto
608 3399 734 3450 mihi
789 3399 846 3450 in
901 3397 1068 3452 Deum
1130 3409 1498 3468 protectorem,
1543 3409 1592 3454 et
1637 3401 1692 3453 in
1759 3400 1931 3454 locum

362 3492 616 3543 munitum
646 3505 664 3542 :
686 3497 742 3542 ut
771 3488 977 3542 salvum
999 3507 1088 3543 me
1119 3490 1311 3553 facias.

434 3581 705 3642 Quoniam
729 3579 1130 3647 ﬁrmamentum
1164 3597 1357 3647 nicum,
1385 3590 1433 3636 et
1461 3583 1716 3652 refugium
1763 3600 1932 3637 meum

361 3689 413 3724 cs
441 3683 518 3724 tu.

437 3764 575 3818 Deus
610 3782 774 3831 meus,
831 3769 970 3834 eripe
1002 3783 1083 3823 me
1115 3771 1178 3822 de
1210 3786 1370 3824 manu
1399 3773 1708 3840 peccatoris,
1741 3781 1789 3827 et
1824 3772 1844 3805 ⁸
1873 3772 1935 3825 de

368 3871 532 3906 nranu
566 3863 748 3909 cautra
775 3856 939 3927 legem
971 3861 1173 3928 agentis
1201 3873 1251 3914 et
1289 3861 1480 3929 iniqui.

439 3944 704 4008 Quoniam
745 3955 799 3998 tu
839 3963 892 4000 es
919 3949 1180 4017 patientia
1215 3965 1352 4014 mea,
1387 3949 1654 4004 Domine:
1692 3949 1932 4017 Domine,

363 4051 480 4104 spes
506 4051 618 4087 mea
645 4053 675 4087 a
699 4038 976 4106 juventute
1005 4055 1143 4092 mea.

441 4127 498 4180 In
527 4137 576 4181 te
597 4128 941 4196 conﬁrmatus
975 4146 1089 4182 sum
1120 4147 1182 4184 ea:
1214 4141 1384 4199 utero,
1424 4133 1487 4185 de
1517 4141 1694 4186 ventre
1749 4133 1936 4185 matris

369 4232 494 4270 mea:
527 4227 583 4270 tu
619 4233 674 4270 es
697 4228 963 4285 protector
995 4235 1162 4273 meus.

438 4306 505 4360 In
539 4317 587 4364 te
614 4309 851 4364 cantatio
893 4327 1007 4364 mea
1040 4326 1241 4378 semper
1265 4327 1284 4366 :
1328 4322 1581 4382 tanquam
1636 4312 1935 4382 prodigium

369 4401 538 4462 [actus
577 4417 693 4454 sum
729 4401 930 4469 multis,
965 4411 1014 4457 et
1042 4414 1097 4458 tu
1127 4403 1344 4474 adjutor
1375 4405 1546 4474 fortis.

487 4642 747 4697 Voculam
797 4659 854 4696 eo
900 4643 1073 4698 Palat.
1123 4659 1225 4696 ms.
1281 4653 1338 4698 et
1388 4643 1562 4701 Carus
1605 4646 1867 4701 omittunt
1914 4663 1945 4704 εί

369 4720 532 4833 ςιῦιιιιο
570 4713 622 4763 ἱιι
667 4719 816 4766 textu
847 4727 1045 4767 nomen
1080 4713 1347 4768 duntaxat
1387 4714 1627 4780 Domine,
1669 4717 1940 4772 asterisco

373 4795 388 4832 ι
439 4792 674 4833 ustrant.
1188 4818 1192 4822 η

373 4792 674 4833 “lustrant.
1188 4818 1192 4822 .

447 4854 466 4880 ³
499 4849 736 4924 Rursum
767 4851 904 4924 male
930 4851 1071 4906 idem
1105 4867 1209 4924 ms.
1239 4852 1459 4908 obelum
1494 4854 1660 4919 hunc,
1692 4853 1943 4924 duosque

373 4921 510 4972 alios
545 4917 709 4992 inira,
743 4922 944 4990 quibus
976 4922 1208 4975 verbuui
1238 4917 1652 4978 substantivum
1676 4917 1944 4992 prtenota-

377 4989 709 5063 tur,_obelos
742 4989 1163 5063 pratermittit-z
1203 4994 1561 5063 s-ubsequenti
1592 4989 1774 5049 autem
1823 5010 1944 5048 ver-

373 5059 552 5129 siculo
585 5060 740 5112 addit
774 5059 1112 5129 Diapsalma.

450 5128 469 5204 ξ
500 5127 597 5182 llic
630 5129 801 5183 ferme
834 5127 1038 5184 rectius
1064 5147 1188 5185 cum
1219 5131 1385 5188 obelo
1409 5133 1581 5204 ipsam
1607 5145 1658 5188 et
1693 5133 1942 5204 copulam

375 5193 657 5253 Palatinus
686 5215 786 5253 ms.
819 5209 982 5255 tacet.

449 5269 470 5296 "
519 5268 820 5345 Veronens.
873 5286 973 5323 ms.
1013 5288 1154 5345 quia
1192 5283 1429 5342 repetunt
1474 5274 1597 5345 (pro
1634 5274 1844 5342 repunt)
1893 5274 1948 5326 in

377 5337 452 5389 eis
495 5352 514 5390 :
562 5340 793 5408 August.
826 5337 1082 5408 tepentia.
1114 5337 1274 5409 Tum,
1303 5347 1369 5396 Et
1412 5337 1946 5396 Inui-editabunt'ter-

380 5419 523 5482 ram,
554 5418 601 5482 et
639 5425 817 5462 semen
858 5427 1125 5465 servorum
1161 5413 1279 5482 ejus
1309 5413 1645 5480 possidebunt
1685 5413 1942 5482 (August.

380 5474 704 5546 obtinebant)
744 5494 884 5539 eam.
910 5491 1044 5544 etc.,
1079 5493 1154 5539 et.
1184 5474 1550 5535 inhabitabant
1579 5474 1718 5535 cani.

455 5548 475 5576 ⁵
511 5547 566 5599 ιιι
601 5551 758 5602 titulo
795 5551 936 5602 idem
963 5566 1092 5613 ms.,
1125 5551 1189 5604 In
1221 5551 1582 5604 recordatione
1611 5552 1664 5602 in
1693 5566 1815 5619 quo,
1839 5561 1946 5606 etc.

385 5613 442 5668 In
471 5627 614 5669 ιαιειιι
643 5619 884 5682 Domine,
917 5622 1058 5688 quod
1096 5624 1329 5688 primum
1359 5631 1444 5677 est
1484 5613 1730 5686 verbum,
1767 5631 1947 5676 tacet;

2038 2981 2272 3022 ΡεΑιιιυε
2311 2979 2486 3032 ΒΔἭῺ,
2523 2979 2776 3020 ῖιιιοιιωί
2822 2979 3075 3063 δοΝῒῦΑΒ,
3119 2979 3184 3019 ΕΤ
3240 2978 3471 3019 ῐνῐιιοῐιινκ
3508 2977 3607 3017 CA“

2635 3049 2908 3090 Ρτινυιιυιι
2928 3049 2969 3087 ὀ

2104 3129 2272 3194 Deus,
2306 3129 2359 3182 in
2389 3137 2441 3184 te
2474 3129 2712 3199 speravi,
2761 3126 3014 3188 Domine,
3049 3140 3159 3178 non
3213 3126 3518 3182 confundor
3553 3130 3607 3181 in

2029 3229 2300 3275 mternum
2331 3235 2346 3273 :
2383 3221 2437 3274 in
2470 3229 2561 3275 tua
2585 3217 2800 3288 justitia
2833 3217 3004 3271 libera
3033 3233 3118 3271 me
3146 3226 3201 3272 et
3240 3218 3393 3287 eripe
3420 3235 3526 3272 me.

2097 3313 2300 3368 lnclina
2331 3312 2398 3366 ad
2427 3325 2513 3366 me
2537 3325 2724 3364 aurem
2765 3317 2936 3372 tuam,
2963 3319 3018 3362 et
3043 3307 3212 3363 libera
3241 3324 3350 3362 me.

2105 3405 2238 3459 Esto
2276 3403 2411 3458 mihi
2460 3403 2516 3456 in
2557 3401 2728 3457 Deum
2777 3408 3170 3469 protectorem,
3204 3410 3261 3455 et
3311 3400 3369 3454 in
3419 3402 3609 3458 locum

2035 3496 2331 3561 munitum,
2369 3503 2428 3548 ut
2453 3495 2667 3548 salvum
2701 3507 2787 3546 me
2817 3491 3006 3546 facias.

2104 3587 2374 3652 Quoniam
2400 3585 2800 3638 ﬁrmamentum
2823 3598 3027 3649 meum,
3049 3593 3103 3638 et
3131 3583 3399 3654 refugium
3423 3599 3610 3638 meum

2032 3690 2092 3730 es
2121 3683 2176 3729 tu
2218 3691 2233 3730 :
2265 3674 2411 3729 Deus
2448 3689 2626 3734 meus,
2663 3673 2815 3742 eripe
2853 3688 2936 3728 me
2973 3672 3040 3726 de
3088 3689 3251 3727 manu
3283 3677 3607 3742 peccatoris,

2034 3777 2090 3823 et
2119 3767 2187 3822 de
2220 3781 2383 3820 manu
2415 3775 2604 3820 contra
2628 3765 2802 3833 legem
2835 3766 3046 3834 agentis
3073 3773 3128 3818 et
3160 3765 3357 3834 iniqui.

2107 3860 2375 3925 Quoniam
2419 3867 2476 3912 tu
2507 3873 2567 3912 es
2596 3857 2855 3925 patientia
2890 3872 3030 3922 mea,
3069 3856 3296 3911 Domine
3323 3857 3450 3928 luis.
3479 3858 3610 3909 add.

2038 3950 2292 4023 Domine]
2324 3967 2340 4007 :
2379 3963 2504 4018 Spes
2536 3965 2655 4002 mea
2679 3964 2711 4002 a
2734 3952 3022 4018 juventute
3059 3964 3199 4004 mea.

2107 4041 2164 4094 In
2201 4051 2252 4094 te
2271 4039 2628 4094 conﬁrmatus
2651 4053 2768 4092 sum
2796 4053 2863 4091 ex
2890 4047 3066 4104 utero,
3095 4039 3162 4093 de
3203 4047 3392 4094 ventre
3419 4038 3614 4092 matris

2039 4147 2176 4186 mea:
2203 4139 2258 4184 tu
2307 4143 2368 4185 es
2399 4144 2553 4183 meus
2582 4136 2859 4198 protector
2889 4145 2904 4184 :
2948 4129 3004 4184 iu
3055 4139 3105 4183 te
3138 4129 3448 4185 decantatio
3487 4145 3610 4184 mea

2038 4235 2274 4288 semper.

2113 4311 2398 4379 Tanquam
2450 4309 2760 4381 prodigium
2811 4309 2989 4367 lactus
3031 4325 3150 4368 sum
3198 4312 3404 4380 multis,
3458 4321 3512 4368 et
3551 4321 3610 4367 tu

2041 4403 2260 4473 atljutor
2291 4401 2451 4458 fortis
2484 4402 2524 4457 ⁷.

2045 4647 2402 4717 subsequenti
2435 4661 2592 4701 versu
2616 4647 2772 4701 simul
2793 4646 2959 4702 habet
2982 4662 3080 4716 pro
3103 4646 3297 4700 inimici
3325 4644 3445 4700 mei.
3469 4643 3607 4698 Tum

2045 4719 2374 4772 Avertautur
2423 4728 2587 4779 retro,
2635 4727 2685 4769 et
2732 4717 3149 4785 confundantur,
3190 4717 3301 4784 qui,
3349 4727 3479 4776 κιο..
3524 4723 3606 4780 et,

2049 4787 2354 4849 Emrultent,
2386 4797 2434 4839 et
2464 4789 2715 4839 latteutur
2739 4787 2898 4856 (Aug.
2925 4787 3306 4856 jucumlentur)
3333 4785 3388 4837 in
3419 4793 3465 4837 te
3496 4799 3613 4836 om-

2051 4873 2139 4911 nes
2182 4861 2268 4923 qui
2301 4868 2542 4922 quierunt
2574 4868 2642 4909 te.

2118 4927 2138 4957 ⁶
2170 4926 2460 4994 δυωυιιείι
2481 4926 2779 4981 Veronens.
2811 4925 2980 4981 codex
3015 4941 3031 4979 :
3081 4940 3185 4979 non
3214 4924 3610 4992 suprascriptus

2047 4996 2189 5066 apud
2223 4993 2495 5050 Hebraos.
2536 4995 2675 5050 Tum
2705 4997 2940 5066 primum
2977 5005 3160 5050 textus
3193 4997 3418 5048 verbum
3471 4997 3611 5045 Deus

2047 5075 2213 5130 tacet,
2243 5079 2368 5118 cum
2399 5067 2728 5134 Augustino,
2766 5075 2823 5119 ut
2855 5067 3070 5119 videtur
3097 5079 3113 5134 ;
3145 5078 3380 5132 quocum
3414 5071 3464 5114 et
3479 5077 3614 5134 erue

2049 5151 2152 5198 me,
2177 5146 2230 5188 et
2262 5136 2431 5188 exime
2469 5132 2550 5188 me
2582 5136 2730 5204 legit,
2767 5146 2822 5189 et
2847 5150 2972 5188 mox
3019 5133 3192 5198 salta,
3231 5134 3370 5202 Aug.
3404 5132 3611 5186 saluum

2048 5206 2135 5273 [ac
2167 5222 2266 5264 me,
2299 5221 2399 5272 pro
2431 5206 2618 5267 libera,
2648 5215 2756 5259 etc.
3382 5215 3389 5222 ‘

2125 5274 2143 5303 ⁷
2171 5271 2472 5330 Veronens.
2506 5290 2633 5337 ms.,
2685 5284 2733 5327 et
2765 5284 2844 5336 tu,
2893 5273 3134 5337 Domine,
3167 5273 3384 5342 adjutor
3430 5271 3609 5336 fortis.

2051 5342 2339 5410 Repleatur
2387 5360 2444 5397 os
2489 5359 2659 5397 meum
2717 5344 2891 5409 laude,
2943 5355 2997 5395 ut
3035 5345 3284 5414 hymnum
3337 5342 3612 5414 decentem

2051 5417 2328 5482 (August,
2354 5416 2546 5488 hymno
2572 5415 2766 5482 dicam)
2803 5416 3048 5488 gloriam,
3073 5410 3180 5488 etc.
3211 5429 3227 5472 ;
3251 5410 3610 5488 subsequenti

2051 5499 2216 5536 versu
2253 5483 2452 5558 nomen
2488 5485 2626 5558 Deus
2666 5493 2828 5558 tacet.
2889 5485 3024 5558 'l‘nrn
3052 5485 3350 5558 _\'it_iose‘es
3397 5483 3612 5558 librarii

2053 5567 2240 5605 errore
2282 5570 2297 5607 :
2370 5555 2635 5617 Quoniam
2691 5555 2934 5606 dixerunt
2984 5554 3181 5606 inimici
3231 5553 3371 5620 ejus,
3421 5560 3469 5602 et
3505 5553 3611 5620 qui

2056 5623 2435 5693 custodierunt,
2477 5635 2582 5680 etc.
2627 5627 2793 5679 Paulo
2819 5634 2963 5697 post,
3000 5623 3137 5677 Deus
3182 5619 3346 5682 meus,
3374 5635 3436 5673 ne
3465 5619 3614 5671 elon~
