3958 6176
312 345 414 407 257

1544 333 1781 394 LIBER
1824 328 2327 391 PSALMORL'M.
3465 320 3572 382 258

381 457 667 526 Repleatur
700 470 756 507 os
787 470 952 507 meum
981 453 1159 517 laude,
1192 465 1249 505 -t—
1289 459 1343 502 ut
1378 456 1584 501 cantent
1610 442 1839 516 gloriam
1867 453 1881 490 :
1916 438 1960 493 Δ
2063 439 2359 509 Replcatur
2385 453 2447 493 os
2480 451 2661 492 meum
2689 432 2853 489 laude
2884 442 2997 493 tua.
3029 441 3089 485 nt
3114 430 3316 499 possim
3349 439 3572 482 cantare

310 564 458 604 tuam
485 552 499 580 ¹
538 568 552 602 :
593 555 707 601 tota
736 549 821 599 die
848 546 1267 614 magnitudinem
1297 551 1466 594 tuam.

384 640 468 695 Ne
496 639 752 708 prajicias
792 654 870 691 me
906 639 959 689 in
992 646 1223 704 tempore
1249 632 1529 686 senectutis
1555 647 1572 685 :
1599 646 1717 684 cum
1744 627 1889 698 deIe-

312 737 439 787 cerit
470 735 636 787 virtus
664 747 804 793 mea,
833 746 898 783 ne
920 728 1256 797 derelinquas
1284 742 1389 780 me.

383 910 521 976 Quia
547 911 799 964 dixerunt
850 908 1059 962 inimici
1090 906 1189 960 mei
1217 905 1381 961 milii:
1414 914 1462 960 et
1499 905 1591 974 qui
1621 904 1890 958 custodie-

314 1003 437 1056 bant
459 1003 698 1056 animant
732 1017 927 1065 meam,
960 999 1239 1054 consilium
1263 998 1497 1064 fecerunt
1520 999 1573 1050 in
1606 1012 1795 1061 unum,

383 1183 628 1238 Dicentes
658 1200 675 1236 :
736 1185 872 1238 Dens
912 1182 1191 1252 dereliquit
1222 1198 1362 1245 eum,
1399 1180 1808 1249 persequimini,
1840 1186 1892 1231 et

313 1274 734 1344 coittpreliendite
761 1290 902 1340 eum,
925 1276 1049 1337 quia
1082 1289 1189 1327 non
1219 1283 1294 1327 est
1333 1273 1423 1343 qui
1456 1272 1680 1341 eripiat.

389 1475 548 1535 Deus,
583 1491 650 1527 ne
686 1474 946 1543 etongeris
973 1490 1005 1525 a
1034 1488 1112 1525 me
1133 1490 1151 1527 :
1186 1472 1328 1526 Deus
1352 1488 1516 1536 meus,
1548 1472 1600 1524 in
1625 1471 1890 1529 auxilium

324 1581 493 1618 meum
535 1566 753 1627 respice.

390 1656 799 1725 Canfundantur
858 1655 879 1685 ¹
931 1669 993 1710 αε-
1057 1664 1107 1707 et
1161 1656 1184 1723 ζ
1241 1654 1487 1722 deﬁciant
1554 1656 1891 1709 detrahentes

1996 536 2221 605 gtoriam
2259 544 2409 588 luant
2443 551 2457 585 :
2486 541 2593 587 tota
2626 531 2714 584 die
2755 525 3216 597 magniﬁcentiam
3253 533 3428 576 tuam.
3612 594 3623 605 ς

2061 627 2137 680 Ne
2167 626 2436 695 'projicias
2476 639 2562 677 me
2615 624 2668 675 in
2707 631 2953 689 tempore
3002 618 3303 672 senectutis
3368 633 3380 644 θ
3440 614 3570 668 dum

1996 719 2123 789 [ms.
2158 716 2308 789 cum]
2342 717 2610 771 deiecerit
2632 714 2807 769 virtus
2848 728 2988 773 inca,
3033 712 3195 773 Deus,
3230 726 3297 764 ne
3328 709 3573 763 derelin-

1985 828 2132 883 .quas
2162 826 2275 865 tne.

2065 905 2203 972 Quia
2256 904 2514 959 dixerunt
2557 900 2765 955 inimici
2802 898 2906 952 mei
2941 897 3080 950 mala
3135 894 3266 947 mihi
3327 909 3341 947 :
3390 902 3443 946 ct
3475 892 3571 962 qui

1996 996 2385 1052 custodiebant
2433 994 2676 1048 animam
2724 1005 2931 1051 meam.
2981 986 3273 1042 consilium
3326 985 3576 1038 fecerunt

1995 1090 2050 1145 in
2082 1103 2279 1149 unum,

2066 1180 2323 1235 Dicentes
2364 1194 2378 1232 :
2416 1176 2561 1230 Deus
2608 1174 2906 1242 dereliquit
2948 1188 3095 1237 eum,
3147 1167 3574 1240 persequimini,

1995 1282 2053 1328 et
2086 1270 2541 1348 comprehendite
2596 1284 2745 1334 cum,
2793 1268 2918 1337 quia
2964 1275 3187 1321 nonest
3235 1265 3332 1333 qui
3374 1265 3576 1334 eripiat

1994 1378 2145 1419 cum.

2067 1476 2233 1540 Deus,
2264 1489 2334 1531 ne
2361 1474 2584 1543 elongcs
2612 1488 2641 1527 a
2664 1486 2750 1528 me
2789 1489 2804 1528 :
2838 1473 2980 1526 Deus
3008 1486 3185 1533 meus,
3218 1470 3272 1524 in
3301 1470 3567 1524 auxilium

1997 1584 2179 1624 meum
2210 1569 2447 1639 respice.

2067 1658 2517 1725 Confundantur,
2565 1672 2622 1718 et
2667 1662 2922 1717 deficiant
2971 1662 3331 1716 detrahentes
3379 1661 3575 1716 anima:

324 1749 508 1801 animm
536 1762 668 1799 mea!
699 1762 717 1800 :
749 1747 1059 1816 aperiantur
1104 1744 1411 1813 canfusione
1442 1753 1490 1797 et
1526 1746 1756 1812 pudore,
1797 1746 1892 1815 qui

2030 1767 2133 1804 nea!
2169 1770 2182 1805 :
2224 1755 2549 1823 operiuntur
2580 1754 2904 1809 confusione
2944 1768 2991 1806 et
3022 1758 3228 1824 pudore
3261 1754 3389 1826 [ms.
3423 1771 3580 1808 verc-

324 1850 560 1910 quterunt
604 1838 749 1893 mala
787 1839 932 1892 nti/ti.

389 1930 498 2001 Ego
534 1941 715 1984 autem
770 1946 975 1999 semper
1025 1930 1287 1998 sperabo:
1324 1938 1373 1982 et
1427 1931 1681 1998 adjiciam
1734 1948 1894 2002 super

324 2043 519 2081 omnem
551 2025 767 2079 laudem
795 2035 965 2078 luant.

391 2116 463 2170 0s
514 2132 690 2169 meum
744 2118 1083 2172 annuntiabit
1129 2118 1400 2188 justitiam
1436 2129 1607 2187 tuam,
1652 2129 1765 2173 tota
1811 2121 1895 2175 die

322 2208 556 2261 salutare
586 2218 758 2261 tuum.

390 2298 657 2363 Quoniam
692 2317 796 2354 non
842 2302 1056 2371 cognovi
1104 2301 1492 2365 litteraturam,
1548 2303 1779 2356 introibo
1835 2305 1892 2356 in

328 2395 585 2460 potentias
614 2392 821 2448 Domini
848 2410 868 2448 :
902 2394 1145 2460 Domine,
1186 2395 1514 2448 memorabor
1530 2394 1763 2464 justitia:
1796 2405 1899 2451 tua:

328 2486 506 2540 salius.

399 2577 559 2638 Deus.
591 2578 817 2632 docuisti
846 2594 924 2631 me
950 2596 979 2631 a
1001 2579 1279 2647 juventute
1311 2594 1423 2635 mea
1455 2594 1473 2634 :
1502 2588 1550 2635 et
1576 2596 1738 2652 usque
1762 2596 1901 2635 nunc

332 2671 679 2738 pronuntiabo
712 2671 980 2727 mirabilia
1007 2684 1122 2726 tua.

400 2762 465 2816 Et
500 2779 664 2834 usque
700 2763 755 2816 in
801 2773 1067 2818 senectam
1095 2773 1144 2819 et
1180 2767 1403 2829 senium,
1455 2765 1616 2833 Deus,
1661 2783 1723 2820 ne
1752 2768 1901 2821 dere-

335 2859 540 2928 linquas
573 2874 677 2912 me.

402 2949 576 3002 Donec
594 2951 902 3003 annuntient
920 2949 1191 3006 brachium
1213 2962 1359 3005 tuum
1382 2952 1712 3023 generationi
1732 2956 1898 3021 omni,

337 3055 445 3106 qua:
471 3048 696 3093 ventura
728 3048 828 3095 est.
867 3038 888 3069 ³

2000 1846 2225 1918 cundia]
2254 1847 2347 1916 qui
2382 1854 2638 1917 quaerunt
2670 1848 2801 1899 milii
2838 1848 2999 1901 mala.

2074 1940 2185 2011 Ego
2232 1951 2415 1995 autem
2454 1957 2671 2011 semper
2715 1942 2767 1995 in
2820 1952 2870 1995 te
2914 1944 3167 2012 sperabo,
3212 1943 3440 1996 Domine
3475 1958 3488 1997 :
3527 1950 3581 1994 et

2002 2034 2254 2102 adjiciam
2301 2050 2469 2103 super
2502 2052 2717 2089 omnem
2771 2038 2983 2091 laudem
3020 2049 3188 2090 tuam.

2075 2122 2149 2178 Os
2197 2139 2380 2178 meum
2422 2126 2810 2194 pronuntiabit
2857 2126 2979 2196 [ms.
3014 2124 3383 2197 annuntiakit]
3414 2125 3579 2194 justio

2007 2214 2133 2267 tiam
2171 2221 2343 2275 tuam,
2388 2223 2502 2267 tota
2540 2215 2629 2269 die
2662 2216 2903 2269 salutare
2940 2226 3113 2269 tuum.

2072 2304 2208 2371 Quia
2251 2321 2356 2359 non
2394 2308 2625 2375 cognovi
2654 2306 3055 2377 negotiationes
3083 2323 3098 2365 :
3132 2308 3371 2362 iutroibo
3404 2310 3458 2362 in
3489 2324 3582 2377 po-

2008 2396 2210 2450 tentias
2246 2395 2481 2451 Domini.

2074 2488 2327 2555 Domine,
2355 2490 2708 2546 niemorabor
2733 2490 2959 2559 justitire
2994 2500 3100 2544 huc
3154 2492 3326 2545 solius
3358 2510 3368 2541 :
3401 2492 3544 2544 Deus
3568 2534 3583 2555 ,

2008 2581 2243 2637 docuisti
2279 2599 2364 2635 me
2398 2599 2427 2636 a
2455 2584 2748 2647 iuventute
2781 2600 2923 2645 mea,
2956 2594 3011 2637 et
3064 2599 3233 2652 usque
3264 2601 3409 2638 nunc
3462 2599 3588 2653 pro-

2008 2675 2278 2728 nuntiabo
2317 2675 2592 2729 mirabilia
2635 2685 2749 2737 tua,
2800 2687 2855 2729 et
2903 2690 3076 2744 usque
3120 2677 3173 2729 iit
3216 2686 3493 2730 senectam
3531 2662 3589 2731 et.

2010 2765 2222 2817 senium
2251 2762 2294 2832 ⁸,
2328 2764 2493 2831 Deus,
2523 2781 2590 2820 ne
2622 2766 2973 2832 derelinquas
3018 2781 3128 2821 me.

2080 2949 2265 3005 Donec
2314 2952 2641 3005 annuntiem
2700 2949 2987 3005 brachium
3026 2960 3180 3006 tuum
3241 2952 3588 3021 generationi

2012 3043 2188 3107 omni,
2221 3058 2342 3112 quae
2376 3052 2605 3097 ventura
2631 3052 2718 3097 est
2745 3041 2787 3097 '.
3020 3047 3024 3050 ’

405 3129 711 3185 Potentiam
746 3139 893 3184 tuam
923 3142 970 3185 et
1002 3132 1279 3202 justitiam
1333 3143 1505 3202 tuam,
1549 3134 1711 3202 Deus,
1743 3152 1907 3207 usque
1934 3133 1979 3192 C
2084 3135 2395 3195 Potentiam
2431 3144 2578 3188 tuam
2609 3144 2664 3188 et
2700 3133 2971 3203 justitiam
3007 3143 3177 3203 tuam,
3207 3136 3372 3200 Deus,
3414 3152 3590 3206 usque

336 3227 389 3278 in
450 3226 737 3288 altissima,
792 3242 909 3295 quae
965 3225 1137 3295 fecisti
1187 3227 1514 3298 magnalia:
1563 3228 1728 3296 Deus,
1790 3234 1905 3301 quis

335 3319 525 3372 similis
567 3320 707 3372 tibi?

407 3434 652 3498 Quantas
699 3434 975 3488 ostendisti
1025 3436 1153 3490 mihi
1200 3436 1571 3491 tribulationes
1630 3437 1825 3490 multas
1859 3445 1908 3489 et

340 3662 540 3731 generis
575 3676 609 3714 a
637 3675 737 3725 me,
774 3658 909 3731 Deus
934 3677 1100 3723 meus,
1129 3663 1184 3714 in
1216 3664 1543 3729 adiutorium
1579 3680 1771 3725 meum,
1799 3674 1909 3719 atc.

342 3730 417 3787 le
446 3746 667 3785 rursum
703 3746 771 3785 ex
802 3730 1013 3801 libr_arii
1051 3747 1188 3784 ausu
1220 3733 1391 3786 verbo
1435 3734 1766 3801 aperiantur,
1816 3736 1915 3786 ad.

342 3804 490 3858 ditur
514 3802 872 3855 detrahentes.
892 3799 1056 3868 Tum,
1088 3800 1202 3871 Ego
1224 3813 1405 3856 autem
1427 3799 1652 3870 sperabo
1684 3807 1738 3856 in
1763 3814 1835 3867 te,
1855 3812 1908 3857 et

343 3874 618 3941 adjiciam,
653 3880 765 3941 etc.
822 3940 827 3941 ί
898 3939 908 3941 4
1182 3940 1191 3941 7
1346 3924 1349 3929 ,

416 3939 432 3973 ¹
465 3942 630 3996 Deest
661 3941 716 3994 in
741 3939 973 3995 Palatia.
1005 3954 1109 3994 ms.
1143 3940 1365 4007 obelus,
1399 3956 1508 4010 quo
1532 3940 1780 3996 vicissim
1813 3941 1916 3996 Ca-

348 4028 440 4066 rus
469 4025 775 4083 pronomen
807 4025 1027 4083 quoque
1048 4020 1204 4083 tuam
1223 4011 1502 4083 immerito
1526 4012 1762 4083 jugulat.
1795 4014 1908 4065 A-.l~

348 4080 493 4137 ditur
512 4090 570 4135 et
602 4080 658 4133 in
692 4080 797 4134 line
822 4081 1083 4134 versiculi
1114 4080 1449 4150 Diapsalma.

418 4156 439 4184 ¹
476 4150 636 4205 Hunc
688 4165 911 4219 quoque
960 4150 1183 4205 obelum
1249 4151 1393 4207 idem
1458 4167 1567 4207 ms.
1630 4161 1684 4207 et
1737 4153 1917 4208 Carus

348 4230 727 4291 praetereunt;
758 4220 920 4291 male.

415 4291 640 4359 ‘Atque
692 4288 784 4343 bic
829 4288 1062 4344 alterum
1127 4289 1439 4354 Diapsalma
1486 4307 1591 4348 ms.
1632 4293 1917 4349 Palatinus

345 4361 615 4439 apponi”.
649 4368 908 4439 erratque
958 4362 1133 4416 altero
1183 4363 1252 4415 ab
1309 4363 1415 4417 hoc
1469 4378 1633 4418 versu
1694 4364 1916 4419 obelutn

345 4438 787 4501 praetermittens.

415 4504 436 4530 ⁸
471 4502 530 4555 In
586 4498 893 4554 Veronensi
950 4517 1051 4555 ms.
1088 4519 1105 4555 :

337 4574 636 4642 juventnte,
684 4577 939 4642 etqusque
972 4575 1025 4625 in
1082 4583 1349 4625 senectam
1396 4585 1444 4627 et
1468 4589 1730 4627 summam
1763 4590 1915 4628 sene-

343 4640 503 4697 ctutis
526 4655 545 4693 :
577 4656 701 4709 quae
729 4640 863 4712 duo;
897 4652 1169 4710 postrema
1207 4642 1393 4707 verba,
1429 4658 1529 4712 pro
1579 4656 1630 4696 et
1682 4646 1912 4710 senium,

344 4714 491 4768 haud
547 4726 680 4764 sane
736 4710 1003 4780 intelligo,
1052 4727 1155 4766 cur
1213 4714 1336 4780 ejus
1389 4710 1644 4767 Psalterii
1699 4714 1913 4781 editor,

344 4781 569 4853 propria
624 4781 770 4834 Italae
803 4782 1074 4853 versionjs
1125 4797 1268 4847 esse,
1316 4784 1683 4852 pronuntiet:
1734 4800 1913 4853 eoque

345 4850 551 4914 inin—us.
587 4865 692 4921 qua
744 4852 956 4906 ratione
994 4850 1623 4908 Graecorum'verborum
1670 4850 1914 4909 tenacio-

344 4938 456 4977 rem
510 4923 683 4975 fuisse
721 4922 893 4984 illam,
948 4923 1439 4993 hinccomprobet
1496 4940 1511 4976 :
1562 4924 1802 4991 denique
1846 4940 1916 4979 ex

342 4993 654 5063 Augustino
684 5000 855 5045 totum
888 4992 942 5045 id
977 4992 1219 5061 colligat.
1250 4992 1255 4993 ⁷
1287 5012 1305 5043 ι
1339 4995 1472 5057 Duo,
1511 4994 1689 5062 inquit
1721 4996 1913 5063 Augu-

344 5066 544 5127 stinus,
574 5064 683 5116 ista
715 5063 935 5115 nomina
985 5068 1214 5130 (senecta
1243 5072 1298 5118 et
1333 5067 1560 5131 senium)
1612 5067 1915 5118 senectutis

343 5145 495 5197 sunt,
552 5142 612 5188 et
658 5132 1050 5186 discernuntur
1101 5148 1129 5185 a
1177 5132 1380 5188 Graecis
1423 5151 1436 5187 :
1484 5134 1721 5203 gravitas
1763 5135 1912 5188 enim

346 5215 466 5271 post
494 5204 841 5275 juventutetn
870 5204 1018 5275 aliud
1055 5218 1255 5257 nomen
1295 5205 1457 5257 habet
1490 5205 1632 5272 apud
1669 5205 1910 5267 Graecos,

345 5287 399 5328 et
455 5284 580 5344 post
642 5276 813 5340 ipsam
867 5274 1191 5342 gravitatem
1252 5276 1480 5327 veniens
1543 5275 1731 5327 ultima
1782 5288 1913 5328 tetas

346 5348 491 5399 aliud
522 5358 723 5398 nomen
744 5347 908 5414 habet
940 5357 954 5394 :
990 5361 1118 5397 nam
1150 5346 1463 5411 πρεσὸύτης
1483 5344 1684 5396 dicitur
1712 5348 1911 5414 gravis,

346 5426 399 5470 et
428 5418 608 5488 γέρων
629 5429 809 5468 senex.
843 5412 1141 5488 Quiaivero
1172 5414 1227 5488 in
1246 5415 1438 5488 Latina
1468 5416 1659 5482 lingua
1677 5412 1912 5468 duorum

349 5486 581 5541 istorum
630 5488 915 5539 nominum
948 5487 1231 5539 distinctio
1265 5486 1471 5545 dcticit,
1526 5487 1593 5537 de
1627 5496 1914 5539 senectute

348 5558 510 5612 ambo
540 5565 672 5611 sunt
702 5559 898 5627 posita,
928 5565 1135 5609 senecta
1175 5564 1231 5609 et
1260 5558 1463 5608 senium
1492 5569 1513 5607 :
1544 5557 1701 5609 scitis
1729 5566 1911 5608 autem

347 5642 466 5682 esse
494 5631 634 5682 duas
665 5626 926 5681 aetates.»
958 5627 1229 5681 Nimirum
1292 5629 1509 5679 videtur
1552 5642 1614 5678 ex
1652 5626 1914 5680 ltoe.loco

349 5700 508 5754 nobis
538 5701 711 5769 plane
726 5699 1063 5751 contrarium
1091 5699 1296 5751 laudati
1318 5698 1548 5751 editoris
1573 5712 1854 5766 argument
1868 5699 1914 5750 is

350 5774 506 5827 unice
560 5769 784 5826 excudi.
834 5772 911 5823 Ac
965 5771 1227 5839 primu-ii,
1289 5784 1396 5823 non
1436 5781 1556 5823 csse
1594 5770 1912 5822 \'ctustioris

2014 3232 2069 3285 in
2112 3229 2378 3284 altissima
2413 3243 2535 3298 quae
2573 3226 2748 3283 fecisti
2780 3228 3095 3298 magnalia:
3136 3227 3299 3293 Deus,
3337 3228 3463 3299 quis
3517 3230 3593 3283 si-

2013 3323 2161 3379 milis
2188 3323 2331 3377 tibi?

2090 3439 2331 3505 Quantas
2362 3436 2484 3510 [ms.
2521 3434 2684 3509 Quia]
2720 3436 3008 3492 ostendisti
3044 3438 3177 3493 mihi
3211 3439 3595 3496 tribulationcs

2018 3662 2247 3723 Latinae,
2281 3663 2421 3723 sive,
2454 3668 2516 3711 ut
2556 3669 2734 3723 vocnt,
2773 3662 2919 3715 Italic
2963 3661 3261 3724 versionis,
3294 3678 3358 3717 ea
3392 3665 3587 3729 verba,

2016 3749 2281 3785 summum
2343 3731 2644 3793 senectutis,
2707 3745 2832 3784 cum
2895 3732 3089 3785 doceat
3162 3730 3219 3784 S.
3289 3732 3468 3800 Pater,
3532 3736 3586 3789 in

2020 3803 2212 3856 Latina
2276 3803 2474 3870 lingua
2525 3800 2759 3852 duorum
2815 3802 3145 3870 nominum,
3221 3805 3431 3870 γήρους
3493 3807 3589 3856 καὶ

2019 3871 2318 3941 πρεσϐείου
2348 3869 2763 3923 distinctionem
2796 3869 3053 3941 deiicere,
3087 3880 3249 3935 atque
3278 3869 3416 3925 adeo
3448 3873 3591 3927 hanc

2019 3939 2239 3997 summa:
2267 3941 2567 4003 senectutis,
2619 3955 2740 4007 qum
2770 3939 2903 3992 satis
2957 3941 3099 3992 bona
3128 3941 3413 3995 distinctio
3442 3953 3525 3996 est
3558 3959 3589 3998 a

2020 4012 2255 4078 simplici
2289 4017 2591 4069 senectute.
2615 4008 2669 4062 in
2708 4007 2917 4063 Latinis
2941 4019 3067 4062 ante
3089 4026 3144 4062 sc
3177 4010 3335 4064 libris
3360 4028 3466 4064 non
3495 4027 3591 4066 ex-

2022 4083 2251 4145 stitisse,
2286 4078 2603 4148 persuadet,
2650 4094 2826 4148 eoque
2873 4080 3056 4132 minus
3086 4081 3139 4132 in
3188 4094 3252 4133 ea
3306 4081 3591 4142 \‘ersione.

2022 4167 2199 4223 quam,
2223 4159 2283 4203 ut
2322 4149 2534 4212 volunt,
2572 4149 3033 4223 ipsemetlaudat,
3070 4158 3259 4223 utpote
3294 4151 3589 4223 verborum

2023 4219 2360 4279 tenaciorem
2394 4234 2517 4272 cum
2560 4219 2954 4287 perspicuitate
2995 4221 3307 4283 sentcntiae,
3346 4229 3402 4274 et
3432 4221 3590 4287 cujus

2022 4303 2171 4348 certe
2200 4290 2631 4356 vulgatissimam
2651 4291 2941 4342 lectionem
2974 4292 3223 4351 ignorare
3253 4306 3358 4342 non
3382 4292 3593 4357 potuis-

2023 4372 2127 4417 set.
2160 4362 2406 4415 Alterum
2437 4373 2590 4427 teque
2607 4363 2943 4412 contrarium
2972 4369 3073 4422 cst,
3101 4360 3311 4428 scilicet
3330 4376 3394 4412 ex
3420 4362 3592 4428 ipsius

2023 4431 2313 4499 Augustini
2350 4444 2515 4484 sensu
2557 4428 2855 4496 colligitur,
2913 4444 3020 4480 non
3070 4427 3271 4482 Graeca.-
3330 4427 3592 4497 pliraseos

1162 4502 1401 4556 Docuisti
1460 4518 1561 4566 me,
1621 4501 1785 4567 Deus,
1851 4520 1914 4557 ea.
1951 4486 1996 4542 υ
2026 4486 2364 4557 ιθιιῖιεὶοιριιι
2400 4514 2546 4563 esse,
2588 4486 2754 4550 immo
2787 4486 2854 4551 ali
2881 4514 2943 4551 ca
2974 4499 3195 4565 longius
3249 4486 3470 4566 evagari
3510 4502 3592 4554 le-

2016 4574 2254 4629 ctionem
2281 4569 2614 4624 Veronensis
2642 4568 2875 4628 codicis,
2895 4585 2989 4621 seu
3016 4569 3353 4625 V'i-rsionem,
3381 4587 3499 4634 quae
3520 4571 3594 4624 re.

2017 4654 2101 4697 rat
2126 4656 2390 4696 summam
2420 4639 2738 4700 senectutis;
2784 4655 2905 4691 nam
2941 4639 3244 4707 Augustino
3276 4641 3593 4710 πρεσϐύτης

2017 4715 2223 4768 dicitur
2283 4711 2491 4780 gravis,
2545 4719 2603 4764 et
2656 4709 2835 4779 γέρων
2888 4724 3055 4763 senex
3094 4724 3107 4762 :
3144 4718 3335 4780 contra
3394 4710 3446 4764 in
3490 4709 3593 4765 hac

2017 4779 2473 4852 interpretatione
2499 4782 2680 4852 γέρων
2722 4780 3013 4852 tequijalct
3045 4779 3218 4847 gravi,
3256 4792 3306 4852 et
3347 4781 3592 4850 πρεσόύ-

2015 4871 2119 4921 της
2156 4847 2273 4906 seni
2307 4868 2321 4904 :
2357 4860 2441 4904 est
2464 4851 2736 4919 siquidem
2770 4850 2824 4902 in
2850 4847 3039 4902 Gnaeo
3079 4859 3224 4901 textu
3253 4850 3357 4911 ἕως
3385 4847 3591 4921 ﬁcari;

2017 4920 2111 4977 κσζὶ
2141 4921 2457 4990 πρεσϐείου,
2490 4922 2693 4988 quibus
2723 4922 3204 4990 respondctnsque
3228 4920 3296 4971 ad
3320 4935 3589 4973 senectam

2018 5007 2067 5049 et
2094 4988 2359 5045 summam
2384 4994 2685 5044 senectutis.
2717 4988 2821 5043 Sed
2853 4991 2999 5057 piget
3030 4989 3145 5041 haec
3171 5004 3449 5057 persequi.
3469 5008 3588 5058 quae

2020 5070 2063 5118 si
2101 5078 2198 5131 per
2227 5063 2565 5130 propositum
2613 5068 2861 5112 nostrum
2893 5059 3104 5122 liceret,
3138 5060 3399 5113 libentius
3428 5063 3589 5127 plane

2019 5134 2520 5187 dissimulareinus.
2557 5132 2692 5197 Ego.
2733 5131 2945 5195 siquod
2969 5132 3146 5182 sentio
3171 5132 3235 5181 du
3267 5147 3327 5182 ea
3354 5131 3588 5183 lt'ClNlllc

2018 5208 2156 5259 scire
2197 5203 2321 5271 quis
2362 5203 2511 5263 velit,
2551 5200 2799 5267 suspicor
2830 5216 2897 5253 cx
2939 5200 3332 5267 Angustioiaun
3359 5199 3588 5267 illaipsa

2018 5273 2370 5327 enarratione
2420 5278 2767 5340 postmodum
2819 5272 2989 5323 fuisse
3048 5271 3113 5323 ab
3168 5270 3417 5323 studioso
3470 5285 3591 5335 c,us

2019 5345 2269 5400 Psalterii
2296 5344 2591 5397 collectore
2626 5342 2998 5394 cﬂorinatam.

2089 5419 2109 5447 ⁸
2139 5416 2277 5468 Cum
2308 5416 2616 5482 Augustino
2648 5411 2953 5466 Veronens.
2987 5427 3117 5474 tns.,
3170 5416 3586 5482 superventurar.

2018 5488 2170 5553 Quod
2203 5480 2775 5550 autem—subsequenti
2796 5497 2953 5533 versu
2982 5483 3188 5549 legerat
3220 5480 3588 5553 Martiana'ns,

2017 5551 2135 5627 qua:
2165 5557 2334 5626 fecisti
2360 5554 2735 5624 malignantia,
2764 5566 2922 5627 error
2951 5553 3214 5627 visuscst
3246 5551 3591 5627 Inanilcstns,

2018 5621 2116 5697 pro
2148 5621 2438 5695 iimgitalia,
2471 5621 2527 5679 et
2558 5639 2721 5695 quem
2760 5621 2897 5674 adeo
2938 5622 3003 5675 ad
3055 5621 3285 5673 aliorum
3324 5621 3594 5676 librorum

2019 5703 2180 5754 tidem
2217 5698 2571 5754 sustulimus.
