3898 6172
410 350 517 412 203

403 574 510 614 non
538 558 981 627 ﬂagellabuntur.

467 648 595 703 Ideo
640 652 801 702 tenuit
833 664 919 701 eos
953 647 1195 715 superbia
1228 658 1247 699 :
1280 643 1447 710 operti
1473 652 1594 695 sunt
1634 638 1920 709 iniquitate
1943 645 1991 689 et

407 742 680 811 impietate
714 758 837 795 sua.

469 838 677 892 Prodiit
713 834 1063 905 +quasi1ea:
1087 834 1239 903 adipe
1272 832 1529 902 iniquitas
1552 846 1734 884 eorum
1761 844 1782 884 :
1815 838 1992 881 trans-

410 934 585 986 ierunt
611 932 661 982 in
694 929 936 999 affectum
971 928 1170 981 cordis.

472 1026 863 1096 Cogitaverunt,
886 1034 934 1078 et
957 1024 1116 1078 locuti
1140 1033 1256 1077 sunt
1286 1021 1599 1091 nequitiam,
1665 1018 1997 1088 iniquitatem

410 1122 465 1172 in
488 1119 687 1173 excelso
712 1118 871 1171 locuti
902 1126 1046 1171 sunt.
1076 1115 1373 1169 Posueruut
1403 1118 1457 1166 in
1488 1114 1681 1166 caelum
1713 1128 1770 1164 os
1820 1126 1997 1174 suum,

412 1222 459 1266 et
490 1212 668 1281 lingua
704 1228 882 1266 eorum
918 1210 1159 1262 transivit
1194 1210 1248 1261 in
1272 1218 1435 1259 terra.
1486 1206 1503 1236 ‘

478 1394 607 1447 Ideo
651 1402 980 1446 convertetur
1028 1390 1250 1462 populus
1278 1405 1421 1442 meus
1463 1388 1583 1440 hic:
1618 1394 1667 1440 et
1717 1386 1827 1439 dies
1857 1384 2000 1453 pleni

414 1488 743 1539 invenientur
774 1485 826 1537 in
856 1488 952 1538 eis.

480 1576 547 1629 Et
575 1579 860 1631 dixerunt:
884 1577 1154 1643 Quomodo
1180 1578 1283 1631 scit
1312 1574 1451 1630 Deus
1477 1576 1501 1629 ξ’
1531 1583 1576 1628 et
1604 1575 1650 1628 si
1680 1581 1758 1627 est
1785 1570 2003 1626 scientia

420 1670 473 1722 in
513 1670 716 1722 excelso
736 1671 761 1721 ξ’

493 1764 626 1818 Ecce
658 1766 759 1833 ipsi
800 1770 1093 1833 peccatores
1123 1770 1170 1814 et
1199 1759 1529 1814 abundantes
1562 1757 1615 1809 in
1646 1755 1861 1821 swculo,
1917 1757 2008 1809 ob-

424 1853 698 1904 tinuerunt
721 1851 956 1904 divitias.

494 1960 556 2000 σι-
586 1944 651 1999 Ει
681 1945 793 1997 dixi
826 1944 849 2010 1
889 1941 1031 2012 Ergo
1054 1941 1165 1995 sine
1195 1938 1669 2006 causajustiﬁcavi
1693 1952 1783 1991 cor
1811 1952 2005 1999 nteant,

425 2046 472 2090 ct
511 2040 613 2091 lavi
641 2040 777 2089 inter
813 2036 1119 2087 innocentes
1158 2046 1345 2085 manus
1380 2044 1544 2081 meas.

490 2126 561 2180 Et
615 2125 691 2194 fui
730 2124 1036 2196 ﬂagellatus
1080 2130 1189 2175 tota
1217 2122 1347 2175 die:
1391 2129 1439 2173 et
1469 2119 1746 2190 castigatio
1803 2134 1917 2171 mea
1956 2120 2007 2171 in

426 2221 727 2275 matutinis.

499 2314 557 2367 Si
588 2316 817 2366 dicebam
841 2328 860 2365 :
905 2310 1154 2365 Narrabo
1183 2311 1257 2363 sic
1284 2324 1302 2364 :
1330 2326 1442 2363 ecce
1467 2310 1742 2363 nationem
1775 2304 2013 2375 ﬁliorum

432 2417 640 2459 tuorum
671 2404 966 2474 reprobavi.

502 2498 569 2551 Et
598 2500 617 2529 ³
669 2496 1035 2553 existimabam
1080 2503 1142 2549 ut
1175 2508 1538 2566 cognoscerem
1587 2493 1705 2558 hoc,
1763 2490 1915 2545 labor
1940 2499 2015 2544 est

432 2599 554 2643 ante
596 2604 697 2655 me,

515 2679 691 2736 Donec
720 2682 911 2735 inirem
932 2683 985 2735 in
1005 2680 1371 2735 sanctuarium
1411 2678 1506 2733 Dei
1536 2691 1600 2735 σι·
1633 2686 1682 2732 et
1709 2678 1729 2709 ⁸
1764 2677 1788 2745 1
1822 2675 2020 2732 intelli-

433 2791 555 2845 gam
595 2776 649 2827 in
682 2774 973 2827 novissimis
1017 2790 1226 2828 eorum.

514 2867 883 2920 Verumtamen
927 2873 1141 2935 propter
1186 2862 1337 2918 dolos
1366 2856 1588 2933 posuisti
1620 2862 1736 2918 eis:
1785 2862 2023 2932 dejecisti

437 2976 550 3023 eos,
582 2966 711 3014 dum
752 2960 1134 3015 alienarentur.

527 3054 799 3116 Quomodo
833 3055 961 3122 [acti
992 3064 1111 3107 sunt
1133 3054 1185 3108 in
1225 3052 1653 3108 desolationem?
1686 3053 1857 3107 subito
1881 3052 2026 3121 defe-

439 3156 657 3217 cerunt;
692 3148 962 3215 perierunt
993 3156 1208 3217 proyter
1242 3148 1578 3217 iniquitatem
1601 3161 1779 3201 suam.

526 3324 675 3379 Velut
700 3324 965 3378 somnium
987 3324 1338 3395 surgentium,
1399 3323 1643 3390 Domine,
1702 3326 1757 3379 in
1814 3326 2029 3380 civitate

448 3434 511 3475 σιν
536 3429 627 3471 tua
649 3420 670 3448 ⁸
712 3418 734 3486 1
769 3417 1054 3484 imaginem
1084 3416 1317 3485 ipsorum
1345 3416 1413 3468 ad
1444 3415 1665 3470 nihilum
1698 3417 1923 3488 rediges.

509 3511 645 3575 Quia
683 3511 1073 3579 inflammatum
1106 3516 1180 3560 est
1238 3523 1327 3560 cor
1388 3523 1586 3572 meum,
1619 3517 1668 3561 et
1719 3524 1866 3563 renes
1927 3512 2030 3566 mei

449 3601 758 3656 commutati
788 3602 944 3653 sunt:
975 3608 1023 3652 et
1049 3614 1141 3668 ego
1177 3597 1246 3651 ad
1277 3598 1503 3652 nihilum
1536 3598 1779 3652 redactus
1811 3616 1950 3666 sum,
1980 3610 2029 3653 et

454 3707 668 3745 nescivi.

527 3782 592 3839 Ut
610 3782 911 3852 jumeutnm
936 3783 1106 3854 factus
1148 3800 1267 3841 sum
1306 3782 1449 3854 apud
1483 3793 1533 3839 te
1556 3798 1575 3837 :
1615 3791 1662 3837 et
1694 3799 1789 3853 ego
1822 3798 2033 3851 semper

455 3890 645 3935 tecum.

534 3971 773 4027 Tenuisti
820 3988 1037 4027 manuni
1080 3971 1350 4027 dexteram
1380 3988 1571 4039 meam,
1612 3986 1673 4028 -ε-
1707 3982 1755 4027 et
1793 3973 1815 4042 1
1848 3972 1903 4026 in
1936 3988 2027 4026 vo-

455 4177 762 4246 Augustino
788 4192 893 4231 ms.
928 4175 1053 4230 Ideo
1080 4177 1305 4229 obtinuit
1348 4193 1433 4230 eos
1471 4178 1745 4246 superbia,
1805 4193 1907 4233 nec
1936 4178 2035 4233 ad-

456 4251 606 4303 ditur
640 4264 844 4319 eorum,
878 4264 976 4316 pro
1007 4262 1119 4315 quo
1168 4249 1393 4319 sequior
1448 4262 1643 4302 manus
1689 4248 1943 4319 adjuuxit
1980 4252 2035 4303 in

456 4322 636 4389 finem.
676 4319 758 4381 Et,
799 4318 1015 4372 Prodiet
1044 4317 1201 4389 quasi
1230 4334 1292 4369 ea:
1324 4317 1500 4389 adipe,
1531 4328 1640 4371 etc.

535 4390 551 4419 ¹
590 4390 769 4460 Atque
799 4390 886 4445 bic
916 4390 1033 4459 plus
1061 4388 1223 4440 habet
1247 4388 1527 4442 Palatinus
1559 4403 1661 4442 ms.
1698 4386 2034 4458 Diapsalma,

460 4460 525 4513 ad
560 4463 716 4531 cujus
743 4460 902 4512 Iidem
928 4474 1051 4513 cum
1081 4459 1206 4531 (Lari
1245 4460 1494 4513 editione
1557 4468 1612 4512 et
1667 4460 2034 4527 originalibus

2052 3152 2099 3214 ο
2129 3142 2378 3198 fecerunt
2426 3156 2442 3196 :

1318 344 1379 406 S.
1425 339 1859 402 lllERONYMI
1907 338 2176 399 DlVlNA
2219 337 2754 397 BIIlLIOTHECA.
3560 328 3660 392 264

468 465 533 519 In
561 466 738 519 labore
771 465 1039 519 hominum
1078 477 1181 515 non
1238 467 1383 515 sunt.
1438 466 1486 511 et
1514 473 1633 509 cum
1692 453 1987 507 hominibus
2018 460 2063 515 Α

2160 455 2218 508 In
2242 454 2525 510 laboribus
2550 456 2832 508 hominum
2861 469 2969 509 non
3001 460 3127 505 sunt
3156 464 3171 502 :
3202 455 3253 501 et
3285 462 3409 502 Ctttu
3432 446 3662 499 Immitti-

2096 547 2199 601 bus
2227 563 2337 601 non
2374 547 2819 617 ﬂagellabuntur.

2160 638 2287 693 Ideo
2315 640 2489 693 tenuit
2520 655 2617 694 eos
2647 639 2909 709 superbia
2943 651 3134 692 eorum
3162 648 3178 687 :
3214 633 3391 703 Operti
3416 640 3544 686 sunt
3569 629 3668 684 iui-

2098 728 2311 797 quitate
2341 738 2395 783 et
2424 728 2711 799 impietate
2743 746 2863 783 sua.

2167 819 2377 874 Prodiit
2405 820 2560 890 quasi
2586 838 2651 876 ex
2686 822 2850 890 adipe
2879 819 3144 888 iniquitas
3166 830 3357 872 eorum
3393 830 3408 869 :
3439 811 3671 867 transie-

2100 923 2234 969 runt
2265 916 2319 968 in
2351 915 2770 984 dispositionem
2794 913 3002 969 cordis.

2167 1007 2561 1077 Cogitaverunt
2588 1018 2645 1062 et
2697 1007 2863 1062 locuti
2901 1016 3033 1060 sunt
3064 1003 3337 1073 nequitias
3367 1016 3380 1052 :
3416 997 3673 1067 iniquita-

2104 1110 2211 1154 tem
2240 1101 2297 1153 in
2325 1099 2546 1154 execlso
2572 1101 2743 1154 locuti
2783 1108 2911 1153 sunt
2947 1100 2990 1152 ⁸.

2168 1189 2476 1245 Posuerunt
2524 1192 2577 1245 in
2632 1191 2830 1245 cwlum
2866 1205 2925 1242 os
2955 1203 3116 1242 suum
3152 1196 3248 1243 :et
3280 1185 3465 1252 lingua
3488 1196 3675 1236 eorum

2106 1283 2324 1336 transiit
2348 1283 2476 1353 [ms.
2506 1282 2781 1352 transivit]
2804 1297 2967 1347 super
3001 1290 3224 1334 terram.

2174 1376 2303 1430 ideo
2338 1385 2643 1431 revertetur
2674 1377 2781 1430 huc
2807 1374 3040 1444 populus
3070 1386 3224 1425 meus
3265 1385 3280 1426 :
3307 1378 3362 1424 et
3389 1368 3505 1421 dies
3536 1365 3676 1435 pit-ni

2109 1468 2461 1522 invenientur
2497 1470 2551 1523 in
2583 1486 2683 1524 ωε.

2179 1562 2246 1615 Ει
2287 1561 2547 1615 dixerunt
2603 1580 2616 1613 :
2671 1561 2960 1628 Quomodo
2989 1559 3151 1617 scivit
3192 1558 3367 1617 Deus?
3406 1565 3461 1612 et
3508 1556 3554 1610 si
3601 1564 3681 1609 est

2108 1655 2338 1711 scientia
2362 1657 2416 1711 in
2448 1656 2688 1710 excelso.

2182 1749 2321 1803 Eore
2370 1750 2472 1819 ipsi
2509 1760 2829 1818 peccatores
2872 1758 2930 1805 et
2971 1746 3316 1803 abundantes
3363 1746 3417 1800 in
3462 1744 3678 1808 saeculo,

2111 1841 2468 1897 obtinuerunt
2500 1842 2721 1896 divitias
2754 1841 2875 1913 [ms.
2905 1837 3149 1910 divites].

2182 1931 2248 1985 Et
2276 1932 2388 1986 dixi
2424 1946 2439 1985 :
2470 1933 2612 2001 Ergo
2654 1932 2773 1987 sine
2817 1947 2982 1987 causa
3012 1927 3309 1998 justiﬁeavi
3355 1941 3447 1980 cor
3480 1941 3681 1987 meum,

2112 2034 2167 2079 et
2203 2025 2308 2079 lavi
2340 2026 2480 2079 inter
2516 2026 2838 2079 innocentes
2866 2040 3062 2077 manus
3097 2038 3247 2077 meas
3277 2037 3293 2074 :
3318 2030 3371 2075 et
3402 2020 3477 2073 lui
3503 2019 3685 2087 ﬂagel‘

2113 2117 2257 2172 latus
2288 2127 2394 2173 tota
2418 2118 2528 2183 die,
2559 2128 2614 2172 et
2642 2117 2853 2190 judex‘
2877 2131 3029 2172 meus
3062 2117 3117 2169 in
3158 2112 3462 2169 matutino?

2190 2300 2245 2355 Si
2270 2298 2519 2355 dicebam
2565 2316 2579 2353 :
2621 2298 2868 2353 Narrabo
2904 2300 2982 2354 sic
3026 2312 3204 2352 :eccc
3253 2296 3404 2351 natio
3452 2294 3686 2348 filiorum

2117 2401 2362 2457 tuorum,
2398 2391 2598 2462 quibus
2632 2391 2901 2461 disposui.

2190 2485 2587 2541 Existimabam
2620 2492 2680 2538 ut
2712 2499 3098 2555 cognoscerem
3126 2483 3250 2544 hoc,
3277 2480 3435 2536 labor
3458 2491 3537 2534 eSt
3570 2489 3693 2532 ante

2119 2596 2232 2642 me.
2261 2581 2435 2635 donec
2466 2580 2663 2633 intrem
2710 2579 2761 2632 in
2792 2580 3168 2632 sanctuarium
3229 2576 3344 2641 Dei,
3377 2585 3433 2629 et
3486 2572 3695 2627 intelli-

2120 2687 2243 2744 gam
2277 2673 2331 2726 in
2360 2672 2661 2727 novissima
2692 2686 2911 2726 eorum.
2959 2671 3279 2725 Drusum.

2203 2861 2610 2917 Verumtamen
2642 2868 2869 2931 pr0pter
2890 2859 3044 2915 dolos
3069 2857 3388 2929 disposuisti
3410 2858 3489 2912 eis
3516 2855 3699 2911 mala:

2127 2956 2373 3027 deiecisti
2401 2970 2514 3020 eos,
2551 2955 2681 3010 dum
2708 2954 3096 3009 allevarentur.

2198 3048 2484 3117 Quomodo
2525 3046 2652 3102 lacti
2683 3056 2812 3103 sunt
2836 3048 2889 3101 in
2915 3044 3352 3101 desolationem?
3379 3044 3567 3100 subito
3605 3042 3697 3098 dc-

2488 3142 2586 3195 ct’
2615 3141 2899 3211 perierunt
2945 3148 3169 3210 propter
3217 3139 3535 3210 iniquitates
3576 3151 3702 3191 suas

2132 3235 2285 3291 velut
2318 3236 2589 3289 somnium
2630 3233 2997 3303 exsul-gentis.

2203 3328 2456 3394 Domine,
2499 3329 2556 3383 in
2582 3328 2805 3384 civitate
2826 3336 2917 3382 tua
2942 3326 3209 3396 imagines
3241 3340 3431 3381 eorum
3462 3327 3527 3379 ad
3561 3325 3710 3381 nihi-

2132 3421 2244 3475 lum
2269 3418 2507 3489 redigas.

2204 3510 2341 3577 Quia
2415 3510 2742 3567 delectatum
2810 3509 2933 3583 [ms.
2997 3507 3418 3581 inﬂammatum]
3474 3518 3563 3564 est
3616 3524 3713 3563 cor

2136 3618 2341 3669 meum,
2371 3611 2426 3657 et
2459 3618 2624 3657 renes
2654 3604 2757 3657 mei
2787 3604 3016 3658 resoluti
3054 3602 3179 3674 [ms.
3212 3600 3506 3673 immutati]
3548 3612 3710 3654 sunt:

2135 3705 2189 3751 et
2219 3710 2319 3765 ego
2345 3694 2412 3750 ad
2448 3696 2681 3751 nihilum
2713 3698 2967 3752 redactus
3006 3713 3149 3761 sum,
3181 3707 3237 3751 et
3266 3694 3494 3751 neschi.

2210 3787 2280 3843 Ut
2304 3789 2615 3856 iumentum
2651 3790 2829 3843 laetus
2861 3804 2982 3844 sum
3015 3789 3159 3859 apud
3188 3799 3258 3852 te.
3284 3798 3341 3843 et
3361 3802 3461 3857 ego
3489 3801 3714 3856 semper

2141 3889 2348 3935 tecum.

2210 3971 2465 4028 Tenuisti
2500 3989 2724 4029 manum
2766 3972 3049 4029 dexteram
3079 3971 3313 4038 meam',
3340 3978 3396 4027 et
3426 3970 3482 4025 in
3513 3971 3715 4027 volun-

2140 4195 2373 4253 rouymo
2398 4180 2665 4253 _ascripti.
2711 4178 3029 4253 pratorum,
3059 4178 3219 4230 index
3251 4191 3348 4245 pro
3369 4176 3560 4253 judex.
3596 4174 3719 4253 S_gi-

2139 4243 2273 4308 licei
2306 4253 2359 4305 in
2389 4243 2579 4305 Grmco
2614 4243 2944 4319 οειῖλεγχός
2988 4265 3110 4317 μου,
3146 4243 3494 4319 ιιοηίκριλςὴς,
3524 4255 3579 4319 et
3614 4243 3722 4299 lle-

2142 4323 2347 4377 brteum
2388 4335 2607 4389 quoque
2665 4316 2890 4373 verbum
2942 4316 3169 4389 trimam
3210 4316 3719 4389 reprehensionem

2143 4394 2365 4461 quidem
2406 4384 2583 4461 sonat,
2628 4405 2734 4442 non
2781 4390 3055 4461 judicent.
3096 4388 3291 4441 Facilis
3318 4400 3481 4461 porro
3500 4396 3591 4461 est
3623 4384 3726 4461 ba-

2145 4452 2245 4517 t'iui
2278 4462 2485 4515 librarii
2515 4458 2700 4528 lapsus
2725 4452 2889 4512 in’his
2919 4459 3145 4512 vocibus
3172 4452 3589 4528 permiscendis.
3623 4452 3725 4528 Ve:

460 4524 644 4593 librili:
674 4541 720 4583 et
751 4532 1004 4597 copulam
1067 4529 1427 4597 subsequeuti
1477 4544 1638 4583 versu
1690 4524 2032 4593 sull'ecimus,
2069 4524 2117 4583 D
2147 4532 2399 4587 ronensis
2451 4524 2635 4583 autem
2692 4546 2800 4583 ms.
2853 4530 3022 4582 habet
3069 4530 3276 4597 argutia
3320 4526 3441 4597 (pro
3487 4524 3727 4592 argutia)

465 4600 554 4653 ubi
598 4596 831 4663 dicitur,
863 4610 909 4652 et
943 4600 1053 4650 dies
1086 4596 1252 4666 pleni,
1280 4610 1391 4653 etc.

538 4674 556 4701 ’
590 4669 686 4723 Hie
720 4684 939 4738 quoque
979 4678 1028 4720 et
1057 4671 1310 4737 θυμοὶ-ειη
1350 4685 1414 4722 ex
1450 4668 1678 4723 Pa'atini
1740 4684 1867 4735 ms.,
1913 4669 2039 4725 Cari

465 4740 726 4794 editionis
759 4742 1098 4792 etlibrorum
1130 4739 1479 4807 originalium
1508 4753 1779 4791 consensu
1807 4740 2041 4803 βιηθεὶκί-

467 4825 611 4863 tuus.
641 4810 864 4861 Rectius
893 4824 1055 4876 porro
1086 4809 1305 4863 videtur
1328 4809 1628 4861 Caruscum
1657 4809 1907 4862 Palatino
1936 4826 2040 4870 ms.

468 4880 583 4931 haec
613 4882 687 4931 ita
714 4879 1075 4948 distinguere,
1104 4889 1158 4931 ut
1187 4893 1542 4949 cognoscerent
1569 4892 1604 4945 ;⁴
1634 4883 1732 4931 hoc
1760 4878 1911 4932 labor
1942 4890 2042 4946 est,

466 4958 577 5005 οιυ.

556 5018 1063 5091 ’Conjunctiouem
1113 5028 1162 5072 et
1216 5017 1550 5087 superﬂuam
1601 5018 1736 5073 dicit
1766 5018 2040 5091 llierony-

469 5105 592 5144 mus
620 5105 636 5145 ;
662 5104 829 5159 quare
868 5090 1029 5143 obelo
1055 5091 1340 5158 jugulatur
1375 5098 1482 5143 tam
1518 5091 1570 5143 in
1602 5092 1753 5144 edito
1785 5107 1952 5160 quam
1984 5090 2043 5144 in

471 5176 604 5215 mss.
657 5159 956 5213 codicibus.
1017 5164 1236 5231 Absque
1284 5162 1388 5213 ulla
1455 5159 1849 5230 conjunctione
1912 5164 2044 5231 legit

473 5234 589 5300 ipse
626 5232 678 5284 in
710 5243 875 5297 epISt.
912 5232 980 5283 ad
1012 5230 1186 5285 Suun.
1245 5242 1300 5286 et
1339 5231 1567 5299 Fretel.,
1623 5231 1929 5300 lntelligam
1993 5238 2043 5284 in

471 5303 767 5356 novissimis
811 5316 1011 5353 eorum.
1046 5302 1220 5354 Mur.

535 5375 556 5404 ⁵
593 5374 905 5425 l’ronomen
940 5381 1029 5423 tua
1053 5374 1212 5425 obclu
1246 5370 1671 5439 praznotavimus
1704 5371 1770 5423 ad
1806 5369 2038 5426 Palatini

468 5443 881 5506 codtmslidem,
922 5442 1187 5496 Hebratco
1215 5444 1334 5511 ipso
1359 5452 1528 5507 textu,
1572 5442 1661 5494 ubi
1710 5452 1926 5494 tantum
1958 5454 2042 5497 cst

468 5522 625 5577 “:33,
664 5515 1020 5581 astipulante.
1286 5576 1287 5579 η

545 5588 565 5615 ⁵
593 5585 741 5637 idem
778 5601 903 5646 ms.,
939 5585 989 5634 in
1028 5584 1279 5651 nequitia,
1314 5583 1651 5649 iniquitatem
1678 5582 1731 5633 in
1759 5582 2035 5635 excelum

472 5654 632 5709 locuti
659 5665 799 5707 sunt.
848 5654 932 5715 Et,
963 5664 1285 5705 convertatur
1314 5652 1537 5721 populus
1576 5668 1718 5705 meus
1747 5658 1867 5704 huc.

559 5724 580 5753 ‘
613 5722 923 5791 Legendutn
972 5726 1184 5776 videtur
1236 5728 1413 5787 nobis,
1463 5724 1932 5793 quemmlmodutn
1990 5736 2044 5779 ct

475 5792 855 5861 Cassiodorus,
918 5802 976 5847 et
1010 5808 1199 5849 auctor
1243 5792 1507 5851 Breviaru
1538 5797 1589 5849 iu
1620 5795 1888 5861 Psaltuos,
1920 5794 2047 5852 llic-

2149 4619 2265 4657 mea
2299 4603 2348 4654 in
2376 4600 2648 4654 matutinis
2680 4613 2695 4651 :
2734 4609 2873 4663 tum,
2907 4615 3016 4651 ecce
3059 4594 3299 4650 naiiones
3332 4594 3576 4661 ﬁliorum
3609 4606 3730 4644 tuo-

2148 4690 2266 4727 rum
2304 4673 2388 4724 cui
2443 4669 2670 4724 conticui
2730 4670 2867 4739 (lege
2926 4670 3192 4739 concinui,
3236 4667 3286 4719 id
3322 4676 3415 4739 _est
3468 4664 3727 4739 congrui.

2147 4743 2292 4813 quod
2324 4758 2392 4795 ex
2419 4742 2568 4813 varia
2599 4732 2988 4813 Gt'aeiiextus
3030 4735 3286 4813 lectione,
3317 4732 3352 4806 ὴ
3378 4735 3728 4813 συντέθεικα,

2148 4808 2248 4883 pro
2285 4827 2393 4865 uno
2428 4811 2597 4863 verbo
2634 4810 2989 4883 ﬁO’UVOét'rjXI
3038 4808 3345 4883 dcrivatum
3400 4808 3504 4873 est)
3546 4813 3621 4883 et.
3651 4818 3736 4856 re-

2148 4872 2397 4951 probabo.
2431 4897 2551 4950 qua:
2595 4872 2668 4935 et.
2694 4872 2953 4934 secundis
2974 4879 3129 4951 furis
3174 4877 3226 4929 in
3260 4890 3325 4951 eo
3360 4872 3737 4951 illS.;Suilju1l-

2149 4946 2312 5022 gitur,
2342 4964 2395 5005 et
2436 4946 2502 5003 :ib
2534 4953 2637 5004 alia
2674 4952 2922 5021 ejusdem
2962 4948 3131 5022 Gru'ci
3171 4948 3319 5000 verbi
3371 4946 3605 5022 lemioue
3643 4958 3739 5022 ge-

2153 5014 2305 5075 inina
2352 5014 2730 5091 interpretatio
2791 5024 2964 5076 estin
3020 5019 3235 5091 Latino,
3290 5031 3384 5084 pio
3428 5014 3741 5091 inprobati,

2150 5093 2295 5162 quod
2328 5084 2533 5145 rectius
2571 5093 2700 5145 olim
2731 5093 3036 5145 obtinebat.
3072 5088 3335 5162 Sequitur
3370 5100 3488 5137 cum
3518 5084 3745 5151 Angus-

2155 5156 2288 5226 tino,
2322 5163 2390 5215 Et
2435 5162 2637 5229 suscepi
2700 5173 3046 5231 cognoscere;
3091 5162 3185 5211 hoc
3231 5156 3400 5217 labor,
3435 5163 3585 5215 etc.;
3624 5166 3745 5231 tum

2158 5224 2525 5302 lliupsulmnte
2558 5224 2956 5301 p'rieteriuisso,
2993 5229 3357 5302 Verumtamen
3394 5240 3617 5302 propfcr
3645 5224 3745 5274 tle-

2157 5299 2423 5356 lusitatern
2484 5299 2705 5370 posuisti
2747 5305 2801 5355 in
2839 5304 2908 5355 eis
2960 5300 3127 5364 mala,
3169 5299 3405 5368 drjectsti
3455 5311 3561 5359 eus,
3622 5311 3749 5346 cum

2154 5376 2559 5427 extollerentur.

2240 5446 2256 5473 "
2292 5445 2358 5497 Et
2393 5447 2584 5513 copula
2629 5444 3017 5511 prietertnissa.
3049 5440 3389 5509 Veionpnsis
3424 5438 3575 5507 juxta
3614 5438 3751 5513 *Λιι-

2158 5528 2299 5583 gust.
2343 5503 2665 5569 ms.iniuoi'i
2699 5532 2928 5567 numero
2958 5503 3285 5581 iniquitateii.
3316 5503 3468 5561 suain
3496 5503 3752 5572 prrit-rt,

2159 5598 2209 5637 ct
2263 5603 2386 5639 mox
2425 5588 2711 5655 intag'inent
2748 5602 2954 5645 eorum,
2983 5594 3038 5638 et
3071 5586 3219 5636 subst
3244 5590 3435 5650 quam
3469 5590 3659 5637 versu,
3704 5585 3756 5626 et

2160 5671 2260 5706 non
2296 5660 2530 5724 cognori,
2564 5674 2659 5725 pro
2688 5666 2733 5707 et
2764 5658 2974 5708 nesciri.

2229 5727 2249 5755 '
2276 5718 2441 5779 uua...
2479 5718 2600 5778 libii
2632 5722 2855 5779 manum
2886 5730 3115 5778 dextera:
3148 5739 3292 5776 mere.
3329 5722 3411 5781 Et,
3442 5718 3578 5783 Quid
3609 5720 3760 5771 enim

2164 5798 2288 5849 mihi
2317 5808 2387 5850 est
2418 5802 2468 5850 in
2494 5796 2641 5852 ccclo.
2686 5799 2756 5853 De
2789 5816 2833 5853 Si
2860 5801 3151 5866 bsequcutt
3191 5810 3378 5862 νει-δυ,
3418 5802 3507 5845 ωλι
3540 5792 3765 5843 duntur
