3898 6172
476 247 581 317 207

1381 241 1437 304 S.
1478 232 1909 299 DIERONYMI
1968 231 2229 294 DIVINA
2297 222 2836 289 ΒΙΒῌΟΤΗΕΟΑ.

3602 216 3694 277 308

546 370 713 437 Signa
749 372 929 417 nostra
954 378 1058 416 non
1099 360 1341 418 vidimus,
1367 357 1485 424 jam
1510 370 1613 407 non
1646 361 1717 405 est
1750 350 2040 420 propheta:
2076 358 2121 412 Α
2225 347 2389 416 Signa
2433 354 2618 399 nostra
2664 359 2771 397 non
2831 339 3091 399 vidimus,
3131 335 3242 405 jam
3280 343 3395 437 non
3457 338 3539 382 est
3582 333 3701 398 pro-

480 474 526 516 et
551 478 640 514 nos
674 474 775 511 non
807 464 1078 524 cognoscet
1114 448 1368 520 amplius.

549 551 843 619 Usquequo,
894 547 1055 609 Deus,
1105 539 1487 611 imprOperabit
1533 535 1821 590 inimicus?
1869 533 2048 586 irritat

482 643 813 698 adversarius
839 652 1023 691 nomen
1062 644 1211 687 tuum
1240 633 1295 685 in
1316 630 1476 699 ﬁnem
1500 629 1526 683 1’

565 736 628 791 Ut
671 733 793 803 quid
823 730 1016 784 avertis
1047 742 1263 780 manum
1311 724 1505 778 tuam?
1533 732 1581 776 et
1609 720 1877 774 dexteram
1907 728 2049 770 tuam

481 830 546 882 tle
574 826 739 879 medio
763 824 881 875 sinu
912 828 1001 872 tuo
1022 820 1074 871 itt
1095 816 1255 885 ﬁnem
1280 815 1303 867 ?

566 919 701 971 Deus
734 922 909 967 atttem
961 925 1052 964 rex
1086 918 1264 964 noster
1291 915 1413 961 ante
1444 905 1665 970 sa'cula,
1711 909 1957 973 operatus
1986 910 2047 952 -ι-

493 1016 570 1060 est
601 1006 615 1035 ¹
661 1007 682 1074 ζ
722 1004 947 1057 salutem
970 1002 1023 1055 in
1054 1001 1223 1054 medio
1255 1009 1430 1054 terra.

478 1089 503 1127 ⁸
565 1097 638 1151 Tu
672 1095 998 1163 conﬁrmasti
1026 1096 1077 1147 in
1124 1096 1313 1147 virtute
1347 1102 1440 1146 tua
1466 1106 1613 1146 mare
1636 1106 1655 1146 :
1678 1083 2053 1143 contribulain

485 1193 663 1260 capita
695 1191 986 1242 draconum
1018 1188 1072 1241 in
1105 1186 1280 1256 aquis.

555 1285 628 1336 Tu
657 1281 956 1349 confregisti
978 1279 1152 1347 capita
1183 1277 1425 1332 draconis
1452 1292 1469 1329 :
1502 1276 1692 1329 dedisti
1737 1290 1853 1327 eum
1886 1288 2056 1326 escam

487 1372 694 1442 populis
722 1371 1055 1440 .Etltiopunt.

562 1462 635 1516 Tu
704 1461 950 1529 dirapisti
1008 1460 1173 1528 fontes
1236 1464 1284 1509 et
1334 1466 1592 1510 torrentes
1632 1471 1651 1509 :

487 1554 619 1607 casti
654 1552 838 1621 flarios
874 1550 1047 1603 Ethan
1084 1550 1105 1617 ζ

562 1644 700 1697 Tuus
730 1653 804 1695 est
822 1642 955 1703 dies,
981 1649 1029 1694 et
1062 1650 1152 1694 tua
1186 1647 1261 1693 est
1293 1654 1394 1694 nos:
1423 1656 1437 1705 ;
1471 1648 1525 1691 tu
1556 1638 1849 1707 fabricatus
1878 1654 1929 1690 es
1960 1653 2060 1689 att-

490 1748 669 1785 roram
696 1738 743 1782 et
774 1728 957 1782 solem.

565 1812 638 1875 Tn
675 1818 842 1886 fecisti
874 1832 1049 1870 omnes
1078 1816 1331 1871 terminos
1370 1823 1525 1869 terrae
1560 1832 1577 1869 :
1614 1822 1852 1870 testatem
1883 1823 1929 1867 et
1961 1830 2067 1879 ver,

497 1927 551 1966 tu
582 1901 958 1983 plasntasti'ea
988 1907 1029 1961 ⁸.

566 2007 772 2057 Memor
800 2012 905 2055 esto
932 2001 1109 2070 hujus,
1137 2000 1381 2054 inimicus
1405 2001 1774 2068 improperavit
1807 1999 2071 2053 Domino:

493 2109 542 2155 et
576 2099 798 2170 populus
827 2095 1076 2164 insipiens
1098 2094 1335 2149 incitavit
1365 2111 1551 2148 nomen
1590 2104 1756 2149 tuum.

1700 1468 1759 1508 -t—
1806 1466 1861 1506 tu
1890 1454 1909 1484 '
1952 1453 2059 1505 sic-

577 2278 657 2331 Νε
689 2276 872 2330 tradas
901 2276 1077 2328 bestiis
1112 2274 1317 2326 animos
1348 2273 1649 2340 conﬁtentes
1680 2271 1813 2326 tibi:
1852 2284 1898 2325 et
1958 2272 2077 2325 ani-

508 2386 621 2423 mos
653 2382 944 2438 pauperum
975 2377 1185 2418 tuorum
1214 2381 1276 2417 ne
1313 2364 1639 2418 obliviscaris
1672 2366 1723 2417 in
1752 2365 1932 2433 ﬁnem.

573 2459 784 2526 Respice
810 2459 861 2510 in
889 2466 1299 2511 testamentum:
1330 2465 1473 2508 tuum
1510 2456 1532 2524 ζ
1566 2457 1688 2526 quia
1719 2455 1901 2522 repleti
1930 2465 2073 2521 sunt,

503 2548 593 2617 qui
626 2546 892 2599 obscurati
938 2553 1081 2608 sunt,
1125 2553 1280 2597 terra
1314 2543 1553 2595 domibus
1589 2543 1949 2612 iniquitatum.

573 2634 654 2688 Ne
701 2644 971 2687 avertatur
1004 2631 1215 2685 Immitis
1254 2633 1427 2700 factus
1463 2632 1707 2701 confusus
1742 2648 1759 2685 :
1797 2647 1997 2700 pauper
2028 2644 2075 2687 et

504 2728 655 2795 inops
689 2724 978 2777 laudabunt
1015 2739 1198 2775 nomen
1235 2732 1404 2778 tuum.

579 2817 839 2885 Exsurge,
873 2815 1030 2878 Deus,
1058 2813 1243 2882 judico
1272 2830 1488 2867 causam
1519 2823 1664 2866 tuam
1697 2830 1714 2868 :
1745 2831 1942 2869 memor
1973 2827 2077 2869 esto

501 2911 942 2981 impropcriorum
979 2918 1212 2973 tuorum,
1287 2922 1466 2960 eorum
1501 2923 1616 2976 quin
1649 2908 1670 2977 ζ
1716 2908 1779 2960 ab
1810 2910 2079 2977 insipiente

510 3017 566 3057 οι-
602 3012 719 3055 sunt
756 3002 777 3069 ζ
808 3012 912 3054 tota
954 3001 1059 3052 die.

584 3092 666 3146 Ne
700 3092 1028 3145 obliviscaris
1059 3107 1203 3144 voces
1238 3091 1575 3145 inimicorum
1603 3101 1813 3145 tuorum
1850 3109 1863 3145 :
1900 3110 2078 3159 super.

506 3187 591 3238 bia
625 3201 803 3238 eorum
828 3183 847 3212 ‘
866 3197 923 3238 σε-
948 3186 1036 3252 qui
1065 3182 1088 3248 ξ
1128 3190 1176 3234 te
1206 3184 1428 3233 oderunt
1458 3182 1689 3234 ascendit
1717 3200 1938 3251 semper.

2157 438 2319 507 plteta
2347 438 2367 468 ‘
2404 453 2419 490 :
2458 444 2514 489 et
2544 449 2645 489 nos
2676 446 2795 487 non'
2824 434 3113 499 cognoscet
3149 422 3404 493 amplius.

2225 531 2539 599 Usquequo,
2586 526 2754 589 Deus,
2786 517 3181 591 improperabit
3221 513 3513 568 inimicus?
3546 511 3706 565 irritat

2151 621 2497 677 adversarius
2537 632 2738 672 nomen
2770 626 2924 669 tuum
2951 613 3003 666 in
3031 604 3229 663 linem?

2223 713 2292 770 Ut
2320 711 2452 781 Quid
2489 707 2691 764 avertis
2733 706 2926 760 faciem
2961 701 3152 756 tuam?
3178 711 3230 753 et
3261 697 3539 754 dexteram
3573 704 3709 749 tuam

2155 806 2221 858 de
2245 802 2425 857 medio
2459 802 2582 855 sinu
2614 808 2707 852 tuo
2732 799 2785 850 in
2818 795 3023 850 linem?

2232 895 2372 947 Deus
2419 900 2602 944 autem
2656 904 2749 942 res
2800 897 2984 941 noster
3018 895 3142 939 ante
3186 882 3417 937 sucula;
3472 886 3715 949 operatus

2154 995 2237 1041 est
2266 985 2496 1039 salutem
2534 983 2587 1036 in
2631 979 2811 1035 medio
2848 990 3025 1033 terrae.

2228 1077 2307 1130 Tu
2346 1071 2682 1128 conlirmasti
2724 1073 2777 1125 in
2804 1071 3007 1123 virtute
3053 1079 3143 1124 tua
3189 1079 3340 1120 mare
3369 1079 3383 1119 :
3416 1071 3470 1115 tu
3518 1060 3715 1117 contri-

2157 1169 2355 1224 bulasti
2391 1167 2571 1236 capita
2610 1166 2913 1218 draconum
2939 1178 3104 1231 super
3128 1175 3318 1230 aquas.

2229 1261 2310 1314 Tu
2340 1258 2656 1327 confregisti
2704 1264 2868 1326 caput
2912 1255 3167 1308 draconis
3202 1252 3383 1323 magni
3421 1249 3485 1306 ':
3532 1242 3719 1301 dedisti

2159 1368 2284 1409 etttn
2322 1353 2377 1405 in
2406 1366 2587 1406 escam
2620 1350 2819 1419 pupulo
2846 1347 3188 1415 Aitltiopum.

2232 1446 2312 1499 Tu
2343 1442 2597 1512 dirupisti
2636 1440 2817 1495 fontes
2845 1450 2901 1492 et
2958 1446 3272 1492 torrentes:
3342 1448 3398 1491 tu
3449 1433 3723 1490 exsiceasti

2162 1538 2360 1591 ﬂuvios
2390 1536 2585 1590 Etltan.

2237 1630 2387 1683 Tuus
2414 1637 2497 1681 est
2524 1627 2659 1691 dies,
2687 1637 2742 1682 et
2774 1634 2863 1681 tua
2890 1632 2974 1680 est
3008 1636 3112 1678 nos
3142 1630 3238 1689 ;tu
3272 1621 3446 1676 iecisti
3482 1621 3650 1674 solem
3680 1630 3728 1673 et

2095 1686 2141 1745 Β
2177 1723 2358 1774 lunam
2397 1738 2410 1775 :
2443 1731 2497 1774 tu
2538 1719 2718 1774 fecisti
2745 1733 2934 1773 omnes
2970 1716 3235 1773 terminos
3267 1723 3463 1778 terra;
3498 1722 3728 1768 aestatem

2170 1824 2225 1867 et
2259 1828 2373 1877 ver,
2413 1824 2469 1867 tu
2500 1812 2678 1867 iecisti
2714 1828 2799 1867 ea.

2240 1994 2447 2049 Memor
2476 2005 2595 2048 esto
2620 1991 2782 2065 hujus
2822 2003 3087 2047 creatura:
3110 2000 3233 2056 tuas,
3267 1989 3522 2045 inimicus
3542 1987 3735 2057 impro-

2171 2087 2383 2157 perarit
2407 2087 2638 2141 Domino
2665 2102 2680 2139 :
2706 2094 2762 2140 et
2796 2085 3033 2155 populus
3074 2083 3341 2155 insipiens
3402 2078 3737 2137 exacerbavit

2175 2192 2374 2231 nomen
2409 2184 2586 2231 tuum.

2245 2270 2325 2323 Ne
2361 2269 2543 2323 tradas
2580 2267 2776 2322 bestiis
2832 2267 3046 2321 animas
3109 2266 3433 2321 conﬁtentes
3492 2264 3635 2320 tibi:
3689 2272 3742 2318 et

2176 2360 2424 2413 animas'
2451 2374 2749 2429 pauperum
2786 2369 3000 2414 tuorum
3028 2372 3097 2413 ne
3111 2356 3454 2412 obliviscaris
3481 2357 3534 2410 in
3562 2355 3738 2411 ﬁnem.

2248 2453 2480 2520 Respice
2511 2455 2563 2504 in
2594 2460 2979 2505 testamentum
3015 2460 3165 2504 tuum
3202 2467 3214 2503 :
3244 2450 3367 2519 quia
3387 2451 3579 2519 repleti
3599 2459 3739 2511 sunt,

2176 2546 2272 2614 qui
2303 2544 2579 2597 obscurati
2606 2551 2754 2606 sunt,
2807 2550 2970 2595 terrae
3028 2542 3315 2596 domorum
3369 2540 3738 2609 iniquitatum.

2247 2632 2327 2687 Ne
2359 2644 2641 2688 avertatur
2679 2634 2901 2688 humilis
2926 2634 3101 2688 factus
3125 2633 3424 2689 confusus:
3460 2646 3666 2702 pauper
3691 2643 3741 2686 et

2180 2730 2337 2795 inops
2366 2726 2669 2780 laudabunt
2696 2741 2895 2779 nomen
2930 2737 3107 2781 tuum.

2251 2818 2514 2886 Ειευτκε,
2547 2817 2923 2887 Deus,judica
2975 2832 3195 2873 causam
3246 2828 3392 2874 tuam
3470 2836 3487 2874 :
3539 2828 3746 2873 memor

2178 2920 2295 2961 csto
2325 2910 2779 2976 improperiorunt
2817 2918 3061 2970 tuorum,
3090 2924 3281 2963 eorum
3318 2924 3440 2979 qure
3493 2908 3565 2963 ab
3624 2907 3750 2961 insi-

2105 3028 2147 3085 c
2184 3006 2365 3073 piente
2402 3016 2525 3058 sunt
2558 3015 2666 3059 tota
2698 3004 2808 3059 die.

2251 3096 2329 3149 Nc
2360 3096 2701 3150 obliviscaris
2721 3111 2882 3151 voces
2912 3095 3276 3165 quaerentium
3321 3104 3373 3150 le
3408 3097 3465 3150 ἐ
3496 3096 3747 3165 superbia

2179 3201 2392 3248 eorum,
2425 3188 2516 3255 qui
2553 3195 2603 3241 te
2638 3186 2879 3241 oderunt
2906 3187 3155 3243 ascendit
3186 3202 3401 3258 semper
3443 3186 3513 3241 ad
3549 3196 3623 3242 te.

1814 3305 2165 3365 l‘bALMUS
2219 3307 2480 3369 LXXIV.

542 3431 592 3469 tu
619 3428 799 3487 “seu,
838 3428 904 3466 ne
933 3427 1218 3465 DISPERDAS
1248 3411 1296 3484 ⁸,
1317 3425 1546 3463 essurus
1582 3426 1767 3481 Αδλνυ,
1808 3428 2039 3477 ολκτιαι,

576 3506 951 3573 Con/itebimur
981 3504 1094 3566 tibi,
1134 3501 1268 3555 Deus
1298 3517 1315 3554 :
1344 3503 1704 3567 confitebimur
1764 3514 1811 3553 et
1868 3505 2078 3557 invoca-

510 3600 673 3651 bimus
703 3614 888 3650 nomen
923 3607 1094 3649 tuum.

512 3752 799 3806 lemnitatis
841 3764 962 3802 tute.
1002 3749 1065 3802 Et
1100 3747 1454 3818 subscqueuti
1494 3765 1675 3814 versu,
1710 3752 1837 3803 sicut
1876 3751 2066 3820 ingres-

510 3841 597 3876 sus
637 3826 889 3887 desuper,
933 3829 1186 3887 tanquam
1222 3821 1376 3881 silva,
1414 3830 1541 3883 ctc.,
1593 3824 1732 3872 ascia
1780 3831 1825 3873 et
1860 3821 2072 3887 bipenni

510 3894 811 3962 dejecerunt
839 3906 974 3941 eam.
1024 3892 1153 3953 Quae
1188 3890 1541 3962 subsequitur
1578 3892 1854 3962 peric-ope,
1883 3891 2074 3962 lucen-

510 3959 694 4015 tle'runt
744 3963 850 4028 igni
884 3962 1230 4011 sancuarium
1290 3972 1459 4021 tuam,
1491 3959 1543 4011 in
1571 3975 1636 4012 eo
1666 3976 1768 4013 tus.
1798 3960 2073 4013 desidera-

513 4045 639 4085 tur:
691 4032 744 4085 in
793 4031 974 4084 Grmca
1036 4038 1218 4080 autem
1258 4029 1375 4098 ejus
1412 4029 1602 4095 pagina
1640 4031 1800 4097 paulo
1829 4032 2079 4097 scquiorc

513 4118 671 4155 manu
693 4101 998 4167 sumuntur,
1018 4099 1331 4167 enepyrisan
1355 4115 1416 4149 en
1440 4100 1555 4165 pyri
1576 4111 1627 4150 to
1654 4100 1966 4165 agiastirion
1993 4116 2078 4152 su.

581 4171 600 4203 ³
624 4172 755 4227 Sine
791 4170 949 4222 obelo
979 4174 1029 4219 in
1064 4167 1312 4220 Palatino
1351 4182 1451 4218 ms.
1485 4178 1557 4218 est
1587 4169 1808 4235 legitur.

584 4242 816 4309 ‘Neque
846 4239 934 4291 hic
986 4238 1126 4290 bene
1158 4245 1213 4288 tu
1262 4237 1506 4291 voculam
1533 4237 1709 4289 Palat.
1772 4252 1874 4291 ms.
1924 4237 2083 4292 unice

516 4312 778 4364 asterisco
809 4309 1069 4367 illustrat,

2256 3432 2305 3469 is
2338 3433 2520 3483 einen,
2547 3433 2613 3471 nr:
2650 3434 2978 3485 continuus,
3010 3436 3244 3476 essurus
3278 3435 3463 3484 ASLPB,
3490 3430 3721 3475 cannot.

2256 3506 2651 3564 Conﬁtebimur
2693 3513 2813 3577 tibi,
2868 3511 3012 3567 Deus
3047 3512 3474 3567 :conﬁtebimur
3520 3512 3666 3581 tibi,
3704 3522 3757 3564 et

2191 3600 2565 3655 invocabimus
2624 3619 2818 3657 nomen
2861 3614 3047 3660 tuum.

2180 3755 2541 3823 perditionem
2567 3771 2784 3823 sonare,
2820 3757 2916 3812 sed
2958 3757 3364 3826 corruptionem
3426 3756 3750 3810 recordetur

2184 3825 2332 3878 illius
2365 3826 2508 3879 tituli
2540 3826 2595 3877 in
2628 3842 2735 3895 quo
2762 3828 3041 3889 scribitur,
3073 3825 3153 3889 ei;
3193 3830 3250 3876 τι)
3303 3828 3455 3887 τέ).ος
3522 3828 3600 3896 μὴ
3644 3826 3759 3879 διαι-

3288 3896 3542 3967 φοείρῃς,
3585 3897 3694 3950 hoc

2258 4030 2278 4060 ⁸
2306 4029 2640 4101 Veronensis
2679 4046 2805 4097 ms.,
2862 4031 3218 4101 Cognationes
3272 4047 3451 4085 eorum
3476 4032 3527 4083 in
3554 4044 3759 4083 unum:

2194 4100 2343 4153 venit
2370 4100 2513 4171 (pro
2540 4102 2766 4171 venite),
2807 4100 3235 4171 comprimamus
3274 4116 3465 4155 manes
3499 4102 3759 4153 solemni-

2193 4180 2330 4224 tates
2366 4170 2459 4223 Dei
2512 4187 2541 4222 a
2582 4170 2749 4224 terra.
2803 4171 2968 4240 Signa
3004 4185 3183 4225 nostra
3244 4187 3345 4224 non
3400 4171 3757 4238 cognovimus,

2206 4249 2253 4292 et
2301 4256 2405 4292 non
2438 4250 2515 4292 est
2555 4242 2712 4292 etiam
2742 4248 3019 4307 propheta,
3054 4253 3150 4294 etc.
3189 4242 3376 4295 Altero
3403 4246 3471 4291 ab
3501 4241 3609 4293 ltoc
3640 4254 3760 4290 ver-

2192 4324 2277 4372 su,
2314 4308 2384 4361 Ut
2418 4309 2546 4379 quid
2605 4313 2839 4363 avertisti
2896 4327 3111 4363 manum
3174 4322 3320 4363 tuam
3380 4320 3429 4362 et
3485 4312 3763 4361 dexteram

595 4382 614 4411 ³
665 4382 866 4433 lterum
927 4380 1108 4447 minus
1148 4375 1287 4429 bene
1331 4374 1477 4429 idem
1526 4390 1627 4429 ms.
1676 4391 1735 4428 ea
1777 4392 2079 4447 pronomen
2116 4376 2158 4429 D
2189 4387 2335 4431 tuam
2370 4374 2439 4430 de'
2462 4380 2628 4431 medio
2658 4381 2805 4432 sinus
2841 4384 2936 4443 tui,
2970 4389 3079 4434 etc.
3109 4396 3124 4445 ;
3171 4390 3283 4433 tum
3315 4380 3627 4442 contrivisti,
3662 4392 3760 4444 pro

514 4451 674 4506 obelo
709 4457 994 4519 pra-notat.
1032 4445 1397 4515 Subsequenti
1426 4454 1606 4499 autem
1632 4445 1903 4501 versicmo
1936 4449 2089 4503 addit

519 4524 854 4588 Diapsalma.

583 4584 792 4644 ‘Carus
823 4592 963 4639 hunc
992 4584 1207 4637 obelum
1233 4585 1594 4654 praetermittit
1630 4600 1644 4636 :
1672 4586 1950 4641 Palatinus
1983 4603 2083 4642 ms.

511 4661 675 4713 etiam
698 4660 840 4726 quod
872 4655 1245 4724 subet-quitur,
1277 4670 1577 4723 pronomen
1614 4664 1659 4707 te
1680 4656 1913 4726 jugulat.
1944 4658 2085 4712 Neu-

513 4741 595 4782 ter
625 4732 757 4789 satis
792 4730 946 4778 iteite.

589 4800 609 4827 ⁸
631 4795 847 4849 Titulus
880 4796 1035 4847 istius
1068 4793 1259 4861 psalmi
1296 4805 1552 4863 corrupte
1603 4795 1801 4865 legitur
1833 4796 1885 4849 in
1925 4797 2085 4851 editis

511 4879 565 4921 et
594 4881 723 4920 mss.
755 4868 929 4928 libris,
966 4864 1026 4915 In
1060 4866 1213 4932 finem
1249 4881 1309 4917 ne
1346 4864 1676 4933 corrumpas,
1730 4876 1838 4919 etc.
1876 4906 1889 4928 ,
1925 4883 2085 4922 cxce-

513 4949 606 5005 ιιιο
637 4945 814 4989 tamen
859 4934 1185 5005 Garnutettsi
1217 4935 1415 5005 triplici
1470 4935 1751 5005 Psalterio,
1803 4938 1891 4990 ubi
1959 4954 2083 4990 vera

516 5003 578 5060 ac
610 5021 866 5075 germana
900 5003 1211 5074 Hieronymi
1252 5003 1411 5059 lectio
1444 5004 1624 5059 adhuc
1654 5008 1943 5067 retinetur,
1980 5007 2084 5060 sci-

514 5082 662 5139 licet,
696 5075 759 5129 In
787 5075 946 5142 ﬁnem
976 5077 1353 5144 nedisperdas,
1390 5083 1501 5144 etc.
1531 5075 1595 5129 Et
1633 5078 1802 5130 miror
1850 5080 2082 5144 scripto-

516 5164 634 5199 rum
665 5149 953 5209 incuriam,
990 5147 1079 5213 qui
1112 5143 1162 5198 in
1193 5162 1352 5213 opera
1387 5143 1723 5215 Hieronymi,
1763 5163 1869 5199 llOll
1904 5143 2078 5199 aliena

516 5221 691 5269 solum
722 5218 987 5269 inducunt
1025 5224 1079 5267 et
1107 5216 1450 5286 supposititia
1482 5230 1499 5283 ;
1556 5217 1672 5278 sed,
1703 5219 1847 5286 quod
1912 5232 2080 5284 magis

513 5288 862 5355 stupendum,
925 5286 1372 5352 dcpravatmnum
1412 5285 1657 5352 ipsarum
1706 5285 1956 5353 exempla
2013 5301 2079 5337 an

514 5362 634 5422 ipso
665 5365 847 5409 notata
891 5366 1056 5421 atque
1080 5358 1363 5425 castigata,
1396 5356 1450 5407 in
1473 5356 1593 5422 eius
1628 5355 2080 5425 translationibus

510 5421 671 5481 cdere
695 5443 801 5479 non
826 5435 1103 5479 verentur.
1130 5421 1437 5478 incuriosos
1470 5421 1590 5478 illos
1616 5426 1667 5476 in
1700 5421 1950 5493 ﬂagranti
1985 5429 2079 5478 dc-

508 5498 639 5549 licto
671 5498 758 5549 hic
794 5496 1294 5563 deprehendimus:
1328 5495 1484 5561 cujus
1509 5496 1586 5547 rei
1628 5502 1821 5546 testem
1849 5495 2078 5547 adltibe-

511 5583 633 5621 mus
657 5570 953 5634 ipsutnmet
994 5564 1385 5634 Hieronymum
1413 5568 1485 5615 ita
1528 5565 1885 5634 disserentem
1922 5565 1988 5618 ad
2024 5581 2073 5618 ν.

511 5636 578 5687 38
614 5632 748 5704 psal.
778 5648 988 5690 cum:
1016 5633 1103 5689 tSi
1131 5632 1254 5703 quis
1273 5643 1454 5688 autem
1485 5632 1935 5705 putatSwzpllepei
1971 5650 2074 5689 non

2190 4447 2574 4501 contribulasti.

2272 4518 2290 4545 ⁷
2319 4518 2453 4571 Illud
2498 4518 2699 4587 magni,
2746 4518 2798 4569 in
2842 4518 3142 4573 Veronensi
3197 4532 3325 4581 ms.,
3376 4527 3660 4571 tranversa
3692 4517 3760 4571 lt-

2191 4588 2349 4641 neola
2394 4601 2457 4640 ac
2500 4590 2719 4656 punctis
2751 4587 3085 4651 subnotatis,
3116 4589 3326 4656 jamdiu
3358 4590 3483 4640 olim
3548 4602 3764 4654 expun-

2188 4670 2338 4710 etutn
2369 4667 2490 4710 est:
2530 4668 2640 4709 tum
2676 4660 2835 4725 plane
2875 4658 3262 4710 desiderantur
3292 4674 3451 4711 voces
3480 4659 3533 4709 in
3561 4674 3761 4709 escam.

2192 4726 2312 4779 Mox
2344 4726 2561 4795 legitur,
2627 4734 2682 4779 tu
2731 4728 2943 4779 siccasti
2992 4728 3162 4794 fontes
3203 4726 3417 4779 Ethan:
3473 4738 3524 4780 et
3556 4729 3611 4778 in
3658 4728 3765 4778 line

2189 4797 2572 4864 subsequentis
2600 4810 2793 4849 versus
2833 4806 3071 4849 testatem
3105 4806 3414 4850 et.vernum
3445 4797 3616 4864 fecisti
3649 4797 3767 4863 fon~

2188 4873 2285 4917 tes.
2317 4863 2584 4918 Memento
2612 4868 2789 4933 hujus,
2814 4876 2918 4919 etc.
2954 4868 3195 4933 Denique
3227 4863 3478 4929 irritavit,
3511 4883 3612 4935 pro
3644 4882 3769 4917 exa—

2188 4938 2438 4988 cerbavit.

2258 5006 2279 5036 ³
2306 5005 2603 5057 Veroncns.
2622 5020 2750 5059 ms.:
2780 5007 2855 5058 .Ve
2885 5003 3163 5059 tradideris
3185 5005 3360 5057 bestiis
3381 5007 3582 5058 animas
3602 5003 3773 5070 conﬁ-

2188 5077 2404 5126 tentium
2433 5076 2547 5135 tibi,
2587 5078 2817 5141 animas,
2845 5088 2955 5129 etc.
2994 5075 3068 5128 Ne
3108 5075 3436 5128 obliviscaris
3486 5092 3564 5128 me
3623 5077 3679 5125 in
3707 5078 3772 5139 fi—

2184 5161 2321 5199 nem.
2343 5146 2702 5211 Subsequenti
2728 5161 2884 5199 versu
2911 5144 3070 5197 Ttrra
3090 5148 3273 5198 domus
3298 5149 3621 5213 iniquorum,
3656 5155 3773 5194 tum

2186 5214 2444 5265 Memento
2484 5216 2917 5282 intpropertorum
2944 5224 3322 5283 tuorum,qaw,
3351 5230 3453 5267 etc.
3488 5216 3774 5281 DelliQUc,

2191 5283 2269 5336 Νι
2337 5284 2663 5337 obliviscaris
2744 5302 2912 5338 vocem
2975 5287 3370 5349 deprecantium
3396 5294 3480 5348 te;
3517 5284 3776 5353 superbia

2181 5370 2361 5406 eorum
2390 5360 2477 5423 qui
2510 5368 2557 5405 te
2598 5356 2823 5407 oderunt
2855 5359 3106 5408 ascendat
3140 5370 3361 5422 semper.
3401 5355 3617 5419 Quibus
3657 5366 3780 5404 om.

2181 5425 2345 5477 nibus
2375 5425 2508 5477 locis
2529 5430 2595 5477 ab
2631 5427 2935 5493 Augustino
2990 5428 3077 5477 vix
3110 5427 3280 5479 semel
3342 5434 3504 5493 atque
3557 5426 3774 5477 iterum

2181 5510 2279 5561 per
2326 5493 2536 5547 librarii
2577 5495 3056 5549 mendastabludit.

2252 5566 2270 5593 ⁹
2278 5564 2361 5688 1‘in
2387 5564 2505 5630 Gr.,
2560 5564 2669 5617 τῶν
2716 5565 2911 5620 ἱκετῶν
2959 5583 3075 5631 σου,
3126 5565 3183 5621 id
3229 5575 3335 5633 est,
3366 5562 3778 5634 deprecantium

2330 5650 2452 5688 aur.

2179 5642 2246 5687 te.
2278 5642 2452 5689 MART.
