3958 6176
293 318 406 395 an

1523 312 1752 388 Iuben
1810 309 2310 387 rsALMouUu.

3401 307 3528 381 ’ϊο

351 440 700 495 Narrabimus
737 426 1003 493 mirabilia
1035 456 1123 491 tua
1152 453 1167 493 :
1207 453 1322 491 cum
1357 454 1596 508 accepero
1622 448 1843 506 tempus,
1876 443 1918 498 Α
2017 436 2258 491 Narrabo
2274 434 2457 491 omnia
2485 422 2753 488 miiabilia
2777 442 2866 486 tua
2890 428 2927 485 'z
2962 433 3092 485 dum
3116 442 3376 499 accepero
3399 432 3521 502 [ηις.

272 550 375 603 ego
398 533 639 603 justitias
667 530 922 601 judicabo

352 712 660 785 liquefacta
689 722 763 765 est
794 722 952 777 terra,
990 722 1036 765 et
1064 727 1238 765 omnes
1264 712 1351 781 qui
1386 712 1629 765 habitant
1661 714 1713 765 in
1749 728 1805 763 ca
1841 728 1851 761 :

272 823 373 877 ego
400 805 706 873 conﬁrmavi
733 804 1006 859 columnas
1042 808 1178 874 ejus.
1215 805 1513 860 DIAPSALIA
1535 806 1576 858 ¹.

354 984 478 1037 Dixi
506 983 722 1052 iniquis,
760 981 940 1037 Nolite
970 984 1146 1053 inique
1175 998 1326 1053 agere
1350 997 1370 1037 :
1399 989 1446 1035 et
1497 982 1858 1051 delinquenti-

274 1076 392 1137 bus,
428 1072 606 1127 Nolite
638 1074 871 1128 exaltare
903 1091 1089 1130 cornu.

343 1165 525 1219 Nolite
565 1166 815 1221 extollere
839 1169 893 1221 in
921 1169 1090 1221 ultum
1119 1185 1277 1223 cornu
1316 1179 1542 1223 vestrum
1569 1183 1589 1224 .'
1609 1181 1670 1224 ht-
1703 1167 1863 1222 nolite

275 1259 424 1328 loqui
461 1262 713 1312 adversus
746 1258 911 1313 Deum
938 1263 1291 1331 iniquitatem.

346 1346 489 1411 Quia
521 1365 685 1418 neque
719 1350 782 1402 ab
814 1351 1033 1409 oriente,
1066 1368 1231 1420 neque
1264 1352 1329 1405 ab
1373 1354 1665 1418 occidente,
1701 1367 1863 1422 neque

271 1455 306 1488 a
336 1437 559 1491 desertis
582 1440 843 1493 montibus
876 1456 894 1495 :
922 1444 1170 1511 quoniam
1207 1442 1343 1497 Deus
1363 1444 1533 1513 judea:
1553 1454 1650 1498 est.

346 1530 502 1583 Hunc
535 1531 800 1595 humiliat,
854 1543 901 1585 et
952 1533 1088 1587 hunc
1141 1536 1345 1588 exultat
1391 1552 1409 1589 :
1457 1537 1578 1603 quia
1625 1534 1765 1589 calix
1806 1538 1861 1590 in

276 1624 712 1687 Moramini,
749 1626 855 1680 vini
884 1627 1013 1678 meri
1042 1624 1225 1693 plenus
1259 1628 1431 1680 mitto.

352 1718 401 1769 Ε
407 1729 425 1767 ι
449 1717 717 1770 inclinavit
735 1732 797 1769 ea:
811 1719 904 1769 hoc
937 1729 997 1770 -t—
1030 1718 1084 1768 in
1102 1716 1233 1784 hoc:
1253 1725 1609 1770 verumtamen
1632 1717 1734 1786 {rex
1748 1717 1863 1787 ejus

1959 543 2081 580 cum
2110 526 2351 597 cepero]
2392 536 2623 596 tempus,
2648 540 2750 596 ego
2819 524 3088 593 justitiam
3146 523 3287 594 [ms.
3358 525 3520 592 justi-

1962 616 2087 688 tias]
2143 619 2423 688 judicaho.

2032 709 2352 780 Liqnefacta
2374 718 2465 765 est
2499 720 2666 774 terra,
2736 721 2795 765 et
2831 724 3024 765 omnes
3065 709 3435 764 inhabitantes
3477 714 3528 763 in

1960 818 2022 857 ca
2056 821 2071 863 ;
2108 817 2208 871 ego
2238 802 2555 857 conﬁrmavi
2584 802 2865 858 columnas
2897 803 3038 872 ejus.
3069 800 3367 855 DMPSALIA
3400 799 3526 872 [ms.

1960 906 2066 951 tac.
2102 896 2407 951 Dursrtuu
2442 896 2481 967 J.
3204 894 3215 905 ’

2037 988 2152 1042 υἱχί
2184 989 2429 1057 iniquis:
2466 987 2645 1044 Nolite
2668 988 2854 1057 inique
2890 1000 3046 1056 agere
3083 1004 3098 1042 :
3126 993 3182 1039 et
3210 983 3531 1054 delinquen-

1966 1080 2114 1135 tibus
2141 1120 2156 1145 ,
2186 1080 2369 1134 Nolite
2401 1080 2643 1134 exaltare
2676 1094 2872 1134 cornu.

2030 1172 2210 1227 Nolite
2239 1172 2501 1226 extollere
2528 1171 2581 1225 in
2613 1170 2781 1225 altum
2809 1185 2981 1241 cornu
3002 1176 3242 1223 vestrum
3278 1185 3293 1229 ;
3323 1176 3379 1222 et
3404 1166 3527 1239 [ms.

1964 1272 2074 1317 tac.
2135 1261 2236 1335 et]
2275 1263 2442 1318 nolite
2476 1262 2623 1332 loqui
2666 1262 2931 1315 adrersus
2955 1256 3126 1315 Deum
3159 1261 3529 1329 inijuitatem.

2033 1353 2167 1419 Quia
2197 1368 2371 1422 neque
2397 1353 2466 1407 ab
2495 1353 2740 1414 oriente,
2773 1366 2949 1422 neque
2975 1351 3045 1406 ab
3075 1352 3383 1410 occidente.
3425 1367 3530 1403 ne-

1964 1461 2069 1515 que
2099 1463 2128 1500 a
2158 1445 2389 1502 desertis
2419 1445 2695 1499 montibus
2722 1463 2737 1498 :
2768 1444 3026 1514 quoniam
3060 1444 3202 1498 Deus
3222 1443 3388 1513 judex
3422 1450 3507 1495 est

2039 1540 2193 1593 Hune
2216 1539 2484 1601 humiliat,
2520 1546 2575 1592 et
2606 1539 2753 1591 hunc
2786 1538 3025 1591 exaltat:
3090 1540 3217 1605 quia
3266 1535 3403 1589 calix
3474 1536 3529 1589 in

1964 1646 2129 1684 manu
2168 1629 2407 1695 Domini,
2439 1630 2551 1686 vini
2581 1631 2716 1685 meri
2750 1629 2946 1697 plenus
2971 1636 3056 1683 est
3085 1626 3272 1680 misto.

2036 1717 2102 1771 Et
2126 1718 2409 1773 inclinavit
2443 1734 2511 1772 ex
2541 1719 2645 1773 hoc
2670 1720 2729 1772 in
2781 1719 2927 1772 hoc:
2987 1727 3357 1770 verumtamen
3429 1715 3528 1769 la-x

280 1826 382 1862 non
421 1819 497 1862 est
544 1810 854 1863 exinanita:
886 1810 1058 1862 bibent
1096 1825 1273 1861 omnes
1304 1821 1599 1877 peccatores
1637 1818 1793 1863 terra:
1817 1813 1859 1879 ﬂ
1898 1781 1938 1834 Β
1967 1808 2092 1879 ejus
2118 1820 2205 1864 est
2234 1810 2533 1865 exinanita.

352 1899 465 1968 Ego
495 1908 671 1952 autent
697 1899 1021 1953 annuntiabo
1070 1899 1122 1952 in
1150 1881 1436 1952 sarculum:
1496 1900 1718 1953 cantabo
1751 1899 1857 1954 Deo

286 1992 473 2044 Jacob.

357 2084 429 2137 Et
452 2084 634 2138 omnia
679 2098 875 2136 cornua
901 2092 1229 2152 peccatorum
1250 2084 1576 2154 confringant
1598 2099 1617 2136 .·
1653 2098 1715 2139 4-
1751 2096 1798 2139 et
1834 2085 1856 2155 ζ

286 2175 666 2229 grauabuntur
690 2191 886 2229 cornua
912 2176 1071 2244 justi.

2032 1900 2230 1955 Bibent
2254 1911 2322 1955 ex
2354 1916 2419 1955 eo
2453 1900 2475 1932 '
2506 1916 2696 1956 omnes
2718 1910 3038 1971 peceatores
3068 1909 3226 1954 terra:
3259 1918 3272 1954 :
3302 1915 3405 1970 ego
3436 1916 3531 1955 au-

1962 2001 2071 2046 tem
2104 1993 2158 2046 in
2191 1994 2389 2047 saecula
2419 1993 2692 2063 gaudebo,
2726 1992 2958 2047 cantabo
2986 1991 3094 2045 Deo
3133 1992 3322 2046 Jacoh.

2027 2082 2096 2136 Et
2114 2083 2295 2137 omnia
2322 2098 2523 2138 cornua
2544 2093 2889 2155 peccatorum
2910 2082 3247 2152 confringant
3272 2098 3287 2138 :
3311 2091 3365 2135 et
3382 2083 3529 2137 exal-

1959 2177 2223 2232 tabuntur
2245 2190 2449 2230 cornua
2470 2178 2623 2246 justi».

1585 2350 1933 2419 PSALMUS
1997 2360 2223 2421 LXXV.

285 2466 340 2507 tu
376 2465 558 2513 missu,
592 2465 644 2505 us
688 2464 965 2515 Lsunlsus,
998 2449 1228 2503 nsanos
1263 2460 1426 2501 usus
1450 2447 1469 2477 ⁸
1497 2462 1757 2504 ωιατιαωι
1792 2462 1855 2503 σι-

885 2536 949 2575 AD
998 2533 1264 2573 Αεδγιιιωι.

353 2612 521 2667 Notus
541 2614 595 2665 in
620 2610 813 2666 Iudaea
843 2611 979 2665 Deus
1004 2627 1024 2663 :
1052 2610 1111 2663 in
1156 2607 1330 2663 Israel
1366 2622 1612 2678 magnum
1671 2618 1859 2663 nomen

281 2706 423 2773 ejus.

358 2797 423 2850 Et
455 2797 627 2864 factus
653 2804 726 2849 est
748 2794 801 2847 in
832 2807 959 2863 pace
986 2794 1129 2848 locus
1162 2793 1275 2861 ejus
1335 2799 1385 2845 et
1432 2790 1689 2844 habitatio
1747 2791 1862 2855 ejus

280 2891 338 2942 in
374 2890 433 2941 Si
472 2908 530 2941 tt.

356 2979 442 3032 Ibi
470 2979 720 3047 confregit
755 2977 1013 3046 potentias
1039 2988 1283 3037 arcuum,
1340 2978 1546 3025 scutum
1566 3008 1579 3033 ,
1624 2970 1859 3040 gladium

280 3082 331 3123 et
354 3072 544 3125 bellum
571 3073 612 3124 ⁵.
638 3071 953 3125 Drusum.

376 3179 433 3218 -t—
471 3163 527 3216 ll
559 3164 582 3230 ζ
617 3163 841 3214 luminas
872 3171 925 3212 tu
962 3157 1268 3212 mirabiliter
1302 3173 1331 3207 a
1369 3153 1629 3207 montibus
1653 3151 1862 3207 aeternis

283 3257 482 3309 turbati
508 3264 633 3307 sunt
666 3266 726 3308 4-
765 3267 942 3303 omnes
973 3252 993 3318 ζ
1018 3250 1320 3316 insipientes
1341 3246 1514 3297 corde.

362 3348 704 3399 Dormierunt
742 3358 984 3396 somnum
1035 3336 1212 3397 suum.
1264 3346 1319 3390 et
1368 3336 1497 3389 nihil
1556 3336 1865 3388 invenerunt

283 3455 464 3493 omnes
494 3439 592 3490 riri
621 3435 923 3489 divitiarum
950 3434 1005 3487 in
1030 3432 1267 3484 manibus
1299 3431 1405 3482 suis
1433 3428 1476 3481 ⁵.

360 3530 432 3581 Ab
462 3526 815 3595 increpatione
846 3533 959 3588 tua,
1001 3521 1138 3574 Deus
1192 3518 1383 3584 Iacob,
1442 3515 1863 3570 dormitarerunt

284 3622 377 3688 qui
408 3618 753 3670 ascenderunt
785 3630 964 3684 equos.

363 3710 445 3762 Tu
472 3706 722 3761 terribilis
742 3722 817 3770 es,
849 3715 896 3757 et
949 3704 1063 3772 quis
1090 3704 1290 3756 resistet
1313 3699 1449 3754 tibi?
1476 3714 1539 3751 ea:
1604 3708 1727 3752 tunc
1781 3698 1863 3749 ira

286 3816 408 3855 ωτι.

370 3894 446 3947 De
486 3893 613 3948 calo
644 3892 887 3947 auditum
911 3890 1076 3958 fecisti
1101 3889 1383 3959 judicium,
1424 3896 1567 3941 terra
1599 3888 1814 3941 tremuit
1846 3887 1866 3917 ‘

283 3999 339 4041 et
385 3989 597 4054 quievit.

364 4080 499 4132 Cum
531 4087 826 4147 exsurgeret
861 4077 916 4129 in
946 4075 1209 4145 judicium
1235 4073 1392 4136 Deus,
1422 4079 1478 4125 ut
1501 4068 1675 4125 salvos
1714 4068 1859 4140 face-

284 4180 370 4221 ret
399 4184 573 4223 omnes
611 4178 907 4222 mansuetos
939 4176 1113 4223 teme.
1140 4167 1456 4222 Diarsmu.

282 4370 546 4439 φθείρῃς,
587 4368 691 4420 hoc
713 4374 818 4439 est,
858 4363 930 4439 ln_
963 4365 1120 4434 ﬁnem
1152 4378 1214 4417 ne
1237 4362 1535 4432 disperdas,
1556 4369 1767 4423 etnon,
1809 4370 1869 4413 ut

1968 2462 2018 2503 tu
2056 2465 2241 2513 riuum,
2276 2465 2326 2504 IN
2374 2465 2638 2507 LAUDIBUS
2666 2448 3038 2522 [ms.“uruutsl
3094 2463 3342 2522 PSALIUS_
3367 2459 3533 2502 sswu

2141 2535 2408 2575 CANTICUII
2438 2536 2504 2574 η)
2534 2518 2771 2575 Αεδτιὶιοδ
2795 2518 2920 2593 [ms.
2966 2518 3065 2574 uno
3094 2518 3365 2589 ASSYRI‘S].

2038 2609 2211 2665 Notus
2238 2610 2291 2663 in
2322 2609 2508 2665 Judzea
2534 2612 2675 2665 Deus
2700 2627 2714 2666 :
2740 2612 2791 2664 in
2849 2611 2870 2683 ι
2930 2628 3021 2664 ms.
3068 2620 3174 2665 tac.
3209 2608 3308 2681 in]
3366 2608 3533 2664 Israel

1970 2716 2225 2770 magnum
2269 2716 2467 2755 nomen
2498 2702 2639 2770 ejus.

1959 2804 1965 2809 '
2046 2784 2115 2844 Et
2152 2790 2328 2844 factus
2349 2801 2431 2845 est
2465 2792 2519 2844 in
2584 2802 2715 2859 pace
2765 2788 2918 2843 locus
2973 2789 3217 2857 ejnszet
3273 2786 3533 2841 habitatio

1969 2882 2087 2951 ejus
2118 2884 2171 2937 in
2205 2881 2357 2937 Sion.

2039 2973 2115 3028 lbi
2137 2974 2406 3042 confregit
2437 2987 2641 3026 cornua
2672 2985 2896 3025 arcuum
2931 3012 2946 3035 ,
3012 2978 3250 3032 scutum,
3291 2969 3533 3038 gladium

1886 3089 1933 3152 ς
1969 3076 2025 3123 et
2059 3066 2285 3121 bellum.
2329 3067 2649 3124 Drusum.

2035 3158 2353 3212 llluminans
2383 3167 2438 3211 tu
2463 3155 2790 3210 mirabiliter
2837 3156 2859 3188 '
2894 3171 2923 3209 a
2975 3154 3250 3210 montibus
3273 3154 3530 3208 aeternis:

1975 3249 2176 3304 turbati
2207 3258 2341 3303 sunt
2372 3262 2565 3302 omnes
2596 3248 2917 3315 insipientes
2936 3246 3123 3302 corde.

2040 3340 2391 3394 Dormierunt
2428 3355 2681 3393 somnum
2709 3354 2870 3394 suum
2901 3357 2915 3394 :
2941 3347 2996 3393 et
3028 3337 3161 3391 nihil
3201 3337 3534 3391 invenerunt

1969 3444 2158 3484 omnes
2180 3429 2282 3483 viri
2313 3431 2625 3483 divitiarum
2660 3432 2713 3483 in
2738 3429 2989 3483 manibus
3025 3430 3162 3484 suis.

2040 3522 2523 3590 Abiucrepatione
2547 3531 2661 3585 tua,
2722 3523 2865 3575 Deus
2944 3521 3132 3586 Jacob,
3201 3520 3534 3576 dortnitave-

1973 3623 2100 3664 runt
2133 3614 2174 3643 ⁸ο
2203 3615 2293 3681 qni
2326 3613 2689 3666 ascenderunt
2713 3627 2903 3681 equos.

2044 3705 2124 3757 Tu
2159 3704 2415 3758 terribilis
2448 3688 2589 3764 es.et
2617 3708 2740 3772 quis
2765 3705 2991 3758 resistet
3030 3702 3126 3757 tibi
3150 3718 3213 3757 ex
3265 3701 3386 3773 [ms.
3427 3712 3529 3757 tae.

1974 3795 2085 3867 ex]
2119 3806 2246 3850 tunc
2274 3797 2343 3848 ab
2386 3798 2461 3850 ira
2489 3806 2577 3850 tua
2609 3798 2631 3848 ?

2039 3887 2115 3940 De
2144 3888 2281 3941 caelo
2303 3888 2571 3956 judicium
2604 3886 2900 3957 jaculatum
2929 3894 3015 3940 est
3043 3924 3059 3951 ,
3097 3897 3242 3939 terra
3279 3888 3531 3953 tremuit,

1968 3986 2022 4033 et
2046 3978 2291 4048 quievit:
2328 3979 2456 4033 dum
2489 3987 2798 4049 resurgeret
2832 3978 3114 4047 tnjudicio
3138 3977 3307 4044 Deus,
3334 3990 3391 4033 ut
3426 3980 3532 4033 sal~

1970 4085 2064 4127 vos
2094 4070 2302 4127 iaceret
2328 4085 2520 4153 omnes
2549 4070 2767 4140 quietos
2807 4079 2986 4127 terrae.
3021 4071 3339 4128 Durssuu.

1978 4356 2067 4412 illa
2094 4359 2355 4426 particula
2390 4358 2697 4426 legendum,
2724 4357 2915 4414 Omnes
2955 4360 3053 4412 uiri
3072 4359 3379 4414 diuitiarum
3416 4377 3530 4418 ωας

280 4428 543 4506 ρῑει-ἶιιῖιέ
571 4428 887 4504 χαχοζήλως
921 4428 1369 4506 interpretantur,
1400 4448 1461 4485 ne
1492 4444 1850 4506 corrumpas.»
1889 4432 1935 4489 υ
1967 4428 2285 4506 nibussuis.
2320 4429 2494 4506 bitur.

279 4498 467 4563 llunc'
491 4510 667 4559 loctnn
692 4498 952 4558 adversus
976 4498 1217 4557 editores
1242 4516 1469 4569 Operum
1500 4500 1557 4554 S.
1595 4498 1859 4569 llierony-

281 4582 362 4631 mi
398 4592 511 4629 non
551 4590 822 4643 urgemus,
856 4589 923 4627 ne
957 4571 1259 4641 κακοζηλία
1282 4567 1555 4640 imperitae
1598 4567 1858 4643 inviden-

279 4663 375 4699 tia.-
400 4648 456 4699 in
493 4661 592 4697 nos
612 4639 914 4697 concitetur
937 4658 953 4697 :
979 4657 1138 4710 quam
1152 4639 1380 4710 experti
1405 4653 1596 4693 sumus
1629 4639 1852 4706 pervul-

273 4731 410 4785 gato
443 4715 741 4785 Prodromo
767 4726 971 4785 nostrai
988 4709 1266 4785 editionis.
1290 4709 1472 4785 Mans:

354 4813 426 4826 --
458 4783 777 4836 lnscribitur
799 4783 854 4835 in
882 4782 1112 4836 Palatin.
1142 4797 1245 4836 ms.
1279 4798 1293 4836 ;
1326 4778 1395 4832 In
1423 4779 1581 4846 finem
1606 4773 1854 4829 Psalmus

271 4855 470 4922 Asapli
508 4851 729 4914 Cuntici,
762 4867 827 4903 ne
863 4866 1197 4918 corrumpas.

361 4951 377 4977 ¹
411 4947 514 5000 llic
542 4961 699 5016 porro
723 4953 869 4999 tacet
920 4949 975 5000 in
1036 4946 1283 5016 Palatino
1350 4956 1483 5016 ms._
1525 4940 1854 5016 lliapsalma,

268 5020 430 5088 quod
466 5012 622 5070 tertio
655 5019 724 5069 ab
761 5019 863 5069 hoc
906 5031 1067 5069 versu
1101 5015 1341 5078 additur,
1396 5012 1487 5066 ubi
1517 5021 1574 5065 et
1626 5013 1854 5064 verbum

270 5090 446 5141 nolite
466 5088 620 5139 obolo
649 5095 796 5139 caret
826 5102 842 5139 :
871 5088 1050 5139 minus
1081 5094 1260 5137 tamen
1280 5098 1427 5137 vere.

350 5186 373 5214 ³
410 5186 652 5236 Alterum
684 5183 768 5235 hic
808 5180 1115 5249 Diapsalma
1150 5177 1382 5232 Palatia.
1433 5189 1531 5229 nis.
1560 5172 1853 5228 subnectit.

355 5254 604 5307 ’Nmucn
634 5253 809 5319 Asaph
840 5254 891 5303 in
933 5253 1125 5304 eodem
1164 5265 1266 5301 ms.
1293 5257 1451 5301 tacet.

358 5320 627 5376 "lict-tius
662 5314 755 5376 hic
777 5321 1010 5374 Palatio.
1033 5336 1133 5373 ms.
1170 5319 1445 5371 interserit
1489 5324 1538 5368 et
1573 5314 1853 5382 copulam,

264 5408 490 5452 scutum
530 5404 574 5445 et
606 5392 1008 5461 gladiunt,etc:
1047 5400 1187 5443 tacet
1236 5404 1361 5461 Vero
1401 5386 1733 5461 Diapsalrna,
1771 5393 1856 5435 t0-

268 5479 513 5528 tumque
532 5456 756 5515 vei-bum
788 5459 1115 5513 llluminans
1143 5460 1272 5528 legit
1301 5460 1507 5525 absque
1536 5456 1713 5508 ohclo.

350 5560 375 5585 δ
412 5555 645 5609 Ubelutn
670 5564 855 5606 notant
892 5554 982 5606 hic
1016 5553 1118 5605 loci
1152 5551 1359 5617 aliquot
1383 5563 1513 5601 mss.
1561 5561 1684 5599 cum
1719 5559 1857 5617 prm-

266 5630 559 5700 pnsit'mne
588 5627 663 5684 in,
698 5626 763 5675 ad
790 5627 933 5675 hunc
953 5624 1170 5700 modum
1300 5622 1351 5670 in
1381 5616 1851 5685 Lmanibusosuis.

266 5691 443 5764 Quod
469 5699 817 5763 depravatum
847 5709 965 5748 esse
991 5693 1177 5745 docuit
1212 5691 1596 5765 Hieronymus,
1628 5701 1690 5739 ac
1739 5699 1856 5741 sme

2037 4496 2057 4527 ⁸
2099 4497 2401 4567 Rescripsit
2430 4499 2650 4569 sequior
2694 4514 2888 4554 manus
2945 4499 3019 4569 _in
3078 4498 3309 4554 Palatia.
3337 4516 3439 4556 ms.
3468 4507 3533 4555 ti-

1961 4570 2113 4637 muit,
2144 4569 2234 4620 ubi
2265 4581 2318 4621 et
2344 4568 2493 4637 quod
2508 4567 2904 4637 subsequitur,
2935 4567 3247 4636 Diapsalma
3277 4579 3459 4625 tacet.

1982 4586 2113 4629 nuu,
2144 4586 2234 4620 um
2265 4586 2318 4621 et
2344 4586 2493 4637 quoa
2525 4586 2690 4623 suose
2734 4586 2904 4630 uitur,
2935 4586 3247 4636 urapsatma
3277 4586 3459 4625 tacet.

1982 4686 1985 4689 .
2033 4639 2051 4668 ⁷
2084 4636 2173 4707 Sic
2196 4639 2337 4691 male
2369 4639 2473 4707 legi
2502 4640 2647 4707 apud
2694 4586 2926 4693 (lira-cos
2971 4639 3227 4693 observat
3267 4639 3533 4707 Hierony-

1961 4705 2299 4759 mus.Maur.
2425 4701 2449 4707 ⁷
2538 4701 2553 4707 ’
3474 4701 3491 4713 ⁸

2030 4775 2052 4806 ³
2074 4775 2311 4847 Voculae
2332 4791 2462 4829 exeo
2481 4792 2583 4833 ms.
2611 4777 2913 4833 Veronens.
2942 4780 3340 4847 prastermittit:
3370 4796 3537 4834 econ—

1964 4847 2134 4898 trario
2165 4846 2509 4901 Martiauarus
2534 4863 2713 4900 omnes
2745 4846 3071 4916 bislegerat.
3103 4850 3362 4915 Sequitur
3386 4850 3440 4904 in
3472 4868 3539 4905 eo

1957 4931 2228 5037 bosnbego
2269 4925 2445 4967 autem
2481 4919 2757 4971 exsultabo
2783 4924 2835 4970 in
2866 4916 3136 4982 swculum,
3162 4918 3389 4985 psallam
3429 4920 3536 4975 Deo

2001 5003 2094 5037 aco
2135 5023 2149 5037 .

2001 5003 2149 5038 αεου.

2031 5057 2052 5087 ⁹
2080 5056 2134 5108 ln
2166 5052 2464 5113 Veronensi
2492 5072 2618 5123 Ill8.,
2647 5057 2732 5111 Ibi
2766 5057 3022 5126 confregit
3060 5057 3422 5125 fortitudinem
3444 5078 3534 5113 ar-

1960 5142 2071 5247 tus,
2102 5138 2329 5190 scutum,
2362 5139 2409 5181 et
2434 5128 2685 5198 gladium,
2726 5140 2801 5191 et,
2825 5126 3108 5179 ltluminas
3145 5137 3199 5179 tu
3244 5130 3530 5183 admirabi-

1985 5204 2103 5247 tter.
2135 5207 2243 5247 etc.

1985 5198 2103 5255 iter,
2135 5207 2243 5249 etc.

2036 5268 2078 5296 ιο
2104 5263 2270 5321 Tacet
2298 5267 2630 5323 Veronensis
2649 5282 2750 5321 ms.
2778 5281 3078 5337 pronomen
3112 5276 3222 5332 tua,
3258 5267 3380 5333 plus
3408 5283 3535 5321 vero

1962 5335 2126 5407 habet
2173 5353 2350 5392 omnes
2397 5350 2515 5407 post
2535 5335 2970 5392 dormitauerunt.
2994 5339 3178 5391 Altero
3195 5338 3263 5389 ab
3290 5338 3389 5387 hoc
3414 5353 3533 5390 νυν-

1961 5421 2047 5464 su,
2084 5406 2159 5459 De
2193 5410 2321 5461 ccelo
2364 5406 2631 5478 jacularis
2657 5410 2945 5475 judicium,
3007 5418 3147 5459 terra
3203 5409 3437 5478 tremuit,
3487 5419 3533 5457 et

1959 5478 2171 5541 quievit,
2203 5494 2323 5532 cum
2356 5473 2590 5546 insurget
2624 5473 2921 5547 in.judicio
2948 5478 3104 5547 Deus,
3139 5473 3401 5547 ut‘salros
3452 5478 3535 5540 fa.

1960 5546 2064 5597 ciat
2102 5562 2278 5601 omnes
2321 5542 2726 5617 quietos'corde;
2778 5559 2887 5601 etc.
2948 5546 3113 5609 Intra,
3179 5542 3285 5594 Deo
3326 5556 3531 5617 nostro,

1963 5629 2060 5681 pro
2083 5628 2273 5755 uesftro,
2307 5612 2360 5671 et
2390 5619 2628 5685 agerent,
2670 5634 2769 5685 pro
2815 5618 3036 5683 ominis,
3070 5624 3129 5669 ut
3189 5619 3245 5666 et
3302 5612 3534 5682 auferet,

1964 5699 2060 5752 pro
2087 5702 2152 5736 an
2180 5697 2278 5742 ert.

1964 5699 2060 5752 pro
2087 5697 2278 5752 aulert.
