3898 6172
473 319 574 388 ειη

1363 318 1422 377 S.
1467 309 1903 375 ΙῙΙΕΗΟΝΥΜῙ
1948 309 2213 372 DIVINA
2259 299 2796 369 BIBLIOTHECA.

3592 293 3691 355 272

539 432 800 501 Quoniam
829 433 1072 505 cogitatio
1101 433 1324 487 hominis
1370 434 1696 502 conﬁtebitur
1723 433 1816 486 tibi
1851 446 1948 487 :-t—
1983 444 2030 485 et
2061 444 2107 496 Α
2205 429 2342 496 Quia
2373 426 2628 497 cogitatio
2659 416 2899 476 hominis
2926 416 3273 473 conﬁtebitur
3313 405 3412 468 tibi
3444 431 3458 467 :
3488 422 3542 467 et
3575 415 3689 466 reli-

467 527 704 596 reliquite
735 527 1061 596 cogitationis
1096 525 1229 578 diem
1251 524 1440 594 festum
1467 535 1618 595 agent
1654 525 1744 578 tibi
1782 525 1822 576 ¹.

545 704 753 768 Vovele,
781 715 830 759 et
864 705 1061 759 reddite
1091 703 1314 758 Domino
1343 702 1448 758 Deo
1480 713 1671 771 vestro,
1709 721 1886 758 omnes
1946 705 2034 772 qui

464 799 518 850 in
551 797 768 848 circuitu
802 798 914 865 ejus
945 798 1143 864 affertis
1180 798 1200 827 '
1235 812 1473 849 munera.

536 887 796 952 Terribili,
830 897 878 940 et
930 889 997 953 ei,
1057 888 1146 958 qui
1194 889 1369 958 aufert
1429 889 1668 958 spiritum
1723 890 2037 959 principum,

475 979 703 1033 terribili
730 979 872 1049 apud
903 995 1044 1050 reges
1074 991 1248 1036 terra.

2138 539 2259 592 quae
2295 520 2688 589 cogitationum
2738 512 2863 586 [ms.
2897 509 3242 580 cogitationis
3271 508 3291 580 ]
3329 508 3471 562 diem
3505 505 3694 560 festum

2135 623 2298 683 agent
2330 613 2453 665 tibi.

2209 704 2436 764 Vovete,
2488 708 2541 754 et
2572 699 2783 754 reddite
2825 697 3057 752 Domino
3108 693 3220 749 Deo
3248 684 3449 757 vecti-0,
3513 705 3695 745 omnes

2140 797 2230 864 qui
2262 795 2312 848 in
2346 791 2578 847 circuitu
2608 790 2726 858 ejus
2757 787 2972 843 offertis
3005 800 3254 838 munera.

2212 885 2493 948 Terribili,
2522 892 2576 937 et
2614 884 2688 944 ei,
2719 883 2810 950 qui
2843 879 3020 933 aufert
3068 876 3323 945 spiritum
3355 872 3685 942 principum,

2146 976 2380 1034 terribili
2408 975 2550 1043 apud
2578 989 2734 1042 rcges
2773 982 2953 1026 terras.

1719 1140 2020 1199 PSALMU
2039 1138 2079 1197 S
2117 1139 2372 1202 LXXVI.

674 1263 724 1303 rx
753 1263 933 1313 manu,
959 1262 1059 1303 rao
1083 1263 1316 1314 tDt't'nUN,
1337 1264 1567 1307 rssLucs
1593 1266 1777 1306 essen.

542 1358 671 1416 Voce
725 1380 839 1417 mea
884 1364 951 1415 ad
1000 1363 1282 1417 Dominum
1333 1362 1584 1428 clamavi,
1639 1378 1757 1425 uoce
1797 1379 1909 1416 mea
1971 1364 2038 1416 ad

466 1457 654 1518 Deum,
688 1465 735 1512 et
760 1457 979 1509 intendit
1015 1459 1159 1514 sui/ti.

538 1633 603 1688 1η
634 1635 717 1687 die
743 1633 1093 1688 tribulationis
1125 1652 1249 1688 mea
1272 1634 1439 1688 Deum
1487 1635 1758 1702 exquisivi,
1793 1633 2034 1687 manibus

467 1729 592 1782 meis
617 1738 764 1781 nocte
783 1739 963 1780 contra
994 1743 1136 1791 eum,
1161 1739 1208 1780 et
1235 1744 1336 1779 non
1377 1743 1492 1780 sum
1525 1729 1789 1795 deceptus.

541 1916 728 1970 Rennit
760 1915 1020 1968 consolari
1056 1917 1232 1967 anima
1257 1931 1393 1971 mea.
1433 1930 1628 1966 memor
1665 1914 1750 1982 fui
1783 1912 1905 1977 Dei,
1939 1923 1984 1964 et
2017 1915 2038 1945 ³

470 2009 754 2060 delectatus
783 2021 991 2066 ωιτη-ι»
1023 2017 1070 2058 et
1109 2007 1130 2074 ζ
1160 2008 1477 2059 exercitatus
1499 2022 1636 2064 sum.
1655 2015 1703 2057 et
1728 2005 1914 2072 defecit
1933 2006 2038 2071 spi-

471 2102 600 2153 ritus
636 2116 800 2152 meus.
837 2101 1162 2154 Discumn.

539 2194 972 2260 Anticipaverunt
1001 2191 1206 2260 uigilias
1253 2188 1394 2242 oculi
1429 2189 1526 2242 mei
1559 2203 1580 2241 :
1615 2189 1852 2242 turbatus
1897 2205 2037 2255 sum,

470 2291 520 2333 et
547 2296 648 2332 non
680 2297 794 2332 sum
816 2277 1037 2333 locutus.

545 2370 775 2440 Cogitavi
806 2369 915 2420 dies
945 2369 1213 2436 antiquos,
1251 2380 1309 2420 os
1343 2376 1393 2420 et
1435 2368 1458 2434 ζ
1515 2382 1681 2420 annos
1712 2373 1932 2421 cternos
1971 2378 2034 2419 -ι-

473 2465 528 2518 in
564 2465 586 2495 δ
623 2464 841 2530 ζηιιηιε
858 2460 1037 2513 habui.

503 2586 566 2627 σι-
657 2569 722 2624 Et
755 2571 778 2638 ζ
805 2571 1086 2622 meditatus
1117 2585 1233 2621 sum
1263 2577 1413 2621 nocte
1446 2583 1562 2620 cum
1600 2566 1752 2619 corde
1806 2578 1918 2617 ee
1971 2576 2033 2616 -ε-

472 2675 520 2718 et
556 2664 579 2733 ζ
613 2662 943 2719 exercitabar
979 2659 1000 2690 ⁸
1028 2671 1074 2713 et
1102 2660 1376 2729 scopebam
1411 2657 1652 2724 spiritum
1680 2670 1870 2719 meum.

555 2777 812 2846 Nunquid
853 2777 907 2834 in
935 2784 1182 2830 aeternum
1214 2775 1451 2846 proiiciet
1501 2773 1638 2826 Deus
1670 2771 1694 2824 Ρ
1751 2778 1842 2824 aut
1869 2769 1888 2800 ⁸
1933 2784 2037 2822 non

472 2878 699 2938 apponet
731 2877 786 2920 ut
807 2867 1163 2936 complacitior
1191 2869 1259 2919 sit
1284 2868 1453 2918 adhuc
1493 2866 1518 2916 .’

556 2959 657 3013 Aut
688 2959 740 3010 in
770 2959 926 3026 ﬁnem
956 2957 1369 3010 misericordiam
1402 2973 1551 3009 suam
1585 2954 1838 3015 abscidet,
1867 2971 1898 3007 a
1941 2969 2033 3023 ge-

478 3050 757 3102 neratione
792 3049 846 3102 in
873 3051 1262 3118 generationem
1280 3049 1305 3100 .’

553 3160 658 3214 Aut
686 3159 1015 3213 obliviscetur
1043 3160 1281 3213 misereri
1305 3158 1442 3213 Deus
1469 3159 1491 3212 τ
1521 3167 1615 3211 aut
1648 3160 1928 3215 continebit
1983 3161 2038 3214 in

471 3253 557 3306 ira
592 3265 655 3306 -t—
691 3267 788 3303 sua
819 3251 840 3317 ζ
879 3251 1268 3304 misericordias
1298 3267 1422 3304 suas
1452 3251 1475 3304 ἲ
1507 3251 1834 3304 Dureau“.

556 3340 624 3393 Et
659 3341 793 3404 dixi,
828 3353 889 3393 σι-
934 3337 1089 3394 Nunc
1124 3341 1148 3408 ζ
1199 3343 1328 3410 ccepi
1361 3356 1381 3395 :
1405 3341 1511 3394 [iac
1544 3341 1766 3397 mutatio
1815 3340 2044 3397 dextera

472 3432 656 3488 Escels
664 3433 702 3484 i.

564 3524 768 3578 Memor
797 3524 875 3591 fui
915 3539 1131 3591 operum
1165 3521 1376 3576 Domini
1407 3539 1426 3579 :
1456 3525 1578 3592 quia
1611 3539 1810 3578 memor
1845 3540 1932 3578 ero
1981 3526 2043 3578 ab

477 3615 627 3668 initio
658 3613 977 3665 mirabilium
1008 3619 1240 3665 tuorum.

553 3707 614 3758 Et
649 3704 940 3758 meditabor
963 3705 1014 3757 in
1043 3705 1280 3758 omnibus
1298 3705 1530 3771 operibus
1561 3707 1662 3759 tuis
1692 3720 1709 3758 .'
1737 3716 1784 3758 et
1817 3706 1869 3758 in
1889 3706 2042 3759 adin-

478 3796 806 3850 uentionibus
845 3795 948 3847 tuis
977 3796 1270 3846 exercebar.

569 3907 707 3961 Deus
737 3948 751 3973 ,
801 3909 856 3959 in
912 3915 1092 3960 sancto
1142 3907 1222 3959 via
1269 3915 1361 3959 tua
1395 3945 1411 3969 ,
1457 3908 1570 3976 quis
1631 3907 1769 3962 Deus
1818 3925 2038 3975 ntagnus

478 4004 608 4054 sicut
647 4001 780 4054 Deus
835 4012 894 4052 4-
935 3998 1159 4050 noster?
1201 3997 1222 4063 ζ
1271 4006 1325 4050 tu
1359 4014 1410 4050 es
1451 3998 1592 4053 Deus
1619 4038 1634 4063 ,
1663 4004 1750 4067 qui
1779 4001 1907 4068 facis
1942 4002 2039 4053 mi-

490 4089 704 4144 rabilia.

569 4201 763 4254 Notam
789 4200 948 4269 fecisti
977 4201 1028 4252 in
1059 4199 1264 4268 populis
1285 4201 1527 4270 virtutem
1560 4211 1741 4254 tuam:
1773 4204 2034 4256 redemisti

483 4296 537 4347 in
563 4293 771 4345 brachio
802 4305 864 4344 -t-
899 4301 988 4342 tuo
1030 4290 1050 4356 ζ
1091 4289 1340 4358 populum
1401 4299 1547 4344 tuum
1609 4292 1743 4359 filios
1774 4293 1935 4346 Iacob
1985 4302 2034 4344 ct

477 4384 686 4454 Ioseph.
732 4384 1045 4436 Ducentis.

551 4581 568 4611 ⁸
610 4579 688 4633 Ms
729 4578 1082 4642 Sorhonicus,
1108 4592 1168 4633 αι-
1203 4588 1252 4631 et
1292 4580 1315 4647 ζ
1349 4578 1584 4646 reliquus
1616 4591 1676 4632 -ι-
1705 4579 2035 4648 cogitationis

477 4653 612 4706 diem
641 4650 830 4711 festum
862 4649 885 4717 ζ
927 4658 1079 4717 agent
1127 4649 1240 4703 tibi.
1287 4649 1476 4701 Canter:
1512 4656 1567 4702 ut
1608 4662 1706 4700 nos
1741 4648 2034 4702 edidimus.

480 4723 651 4774 Mser.

549 4791 568 4820 '
604 4787 802 4841 lterum
849 4785 1106 4842 secundis
1161 4785 1305 4838 euris
1357 4783 1652 4852 repositum
1697 4784 1752 4838 in
1801 4783 2034 4841 Palatio.

479 4873 583 4912 sus.
619 4858 831 4925 afferent
859 4871 954 4922 pro
973 4854 1180 4925 offertis
1203 4863 1399 4925 :antea
1435 4863 1552 4925 erat
1586 4855 1827 4922 offerent.

551 4927 576 4956 ³
603 4923 752 4978 “and
784 4937 927 4978 recte
959 4923 1132 4978 Carus
1156 4939 1278 4979 cum
1316 4924 1566 4976 Palatino
1590 4939 1698 4977 ms.
1719 4930 1855 4977 hanc
1880 4933 1930 4976 et
1952 4940 2042 4980 co-

481 4998 667 5066 pulum
693 4995 848 5066 obelo
875 5003 1214 5066 pramotat,a
1246 5009 1354 5060 quo
1386 4995 1807 5062 subsequentem
1833 4993 2038 5048 Palatio

484 5064 678 5120 iterum
710 5064 888 5116 minus
914 5064 1060 5118 recte
1093 5065 1305 5120 csimit.

560 5138 581 5163 ⁵
610 5137 688 5188 Ad
719 5134 945 5190 Palatini
976 5149 1076 5188 ms.
1113 5133 1271 5191 (idem
1307 5137 1466 5192 unice
1500 5137 1555 5188 in
1613 5133 1860 5189 vocularo
1903 5149 2039 5188 veru

481 5206 845 5262 contudimus,
879 5217 998 5254 cum
1018 5213 1176 5256 antea
1204 5204 1318 5269 ipsa
1353 5208 1516 5258 etiam
1551 5206 1714 5256 verba
1742 5213 1909 5256 mente
1936 5204 2040 5256 ho-

482 5276 566 5328 lui
611 5272 1016 5344 jugularentur,
1049 5271 1113 5344 Et
1145 5283 1230 5328 est
1261 5284 1438 5330 tamen
1501 5274 1555 5326 in
1588 5271 1814 5326 Hebraeo
1847 5282 2038 5338 manu,

478 5356 533 5400 Ct
568 5343 621 5397 in
650 5345 838 5398 timeo
867 5343 1162 5411 ἐμνήσθην.

550 5417 570 5445 ⁵
623 5414 737 5470 lloe
789 5409 1146 5480 Symmachus
1207 5413 1350 5480 apud
1413 5409 1805 5480 Hieronymum
1876 5411 2040 5465 vertit

479 5485 820 5556 ᾁνηρεύνων,
847 5483 898 5537 id
925 5488 1010 5538 est
1075 5481 1451 5556 perscrutabor
1482 5520 1499 5547 ,
1539 5483 1657 5535 sive
1714 5483 2036 5548 qurerebam,

481 5554 654 5608 iis".

549 5630 566 5651 ν
588 5623 814 5680 Palatio.
849 5639 950 5680 me.
976 5631 1028 5678 et
1059 5637 1160 5693 pro
1189 5633 1280 5675 aut
1300 5659 1313 5681 .
1344 5619 1528 5693 verius
1588 5639 1604 5676 ;
1639 5619 1823 5674 minus
1853 5630 2038 5678 autem

475 5701 557 5742 ter
586 5699 635 5744 te
669 5696 812 5760 quod
845 5690 1074 5748 κει-δαιιῖ
1093 5700 1319 5762 apponet
1348 5690 1507 5745 ohe-lo
1563 5699 1848 5759 pranotat,
1891 5695 2037 5759 quod

2346 1267 2395 1304 in
2427 1265 2605 1312 manu,
2638 1262 2736 1302 PRO
2767 1256 2979 1299 IDITBUN
3006 1279 3021 1304 ,
3055 1251 3286 1294 ossuus
3312 1241 3500 1290 Αωπ.

2216 1362 2361 1417 Voce
2402 1378 2518 1416 mea
2551 1361 2615 1414 ad
2648 1359 2936 1410 Dominum
2992 1350 3228 1406 clamavi
3278 1387 3293 1412 ,
3346 1362 3447 1400 vos
3498 1343 3622 1416 [ms.
3650 1353 3700 1396 e‘t

2143 1454 2421 1525 vox[mea
2457 1452 2523 1506 ad
2553 1452 2720 1506 Deum
2755 1446 2879 1519 [ms.
2915 1444 3035 1498 add.
3065 1455 3244 1497 meum
3274 1439 3317 1511 ].
3347 1446 3401 1493 et
3475 1435 3701 1490 intendit

2145 1546 2279 1601 mihi
2306 1581 2322 1597 .

2215 1637 2274 1690 ln
2303 1635 2392 1688 die
2427 1631 2797 1687 tribulationis
2825 1643 2958 1683 mea:
3014 1627 3179 1680 Deum
3244 1620 3510 1692 exquisivi
3535 1618 3702 1676 mani-

2069 1730 2114 1788 B
2144 1731 2243 1783 bus
2277 1729 2414 1781 meis
2456 1733 2616 1780 nocte
2675 1738 2858 1778 coram
2889 1735 2956 1776 eo
2994 1719 3117 1790 [ms.
3154 1715 3296 1786 ipso]
3330 1734 3341 1768 :
3373 1725 3554 1767 etnon
3589 1725 3701 1764 sum

2142 1821 2404 1887 deceptus
2417 1857 2429 1870 .

2209 1909 2406 1978 Negavi
2443 1907 2712 1961 consolari
2738 1905 2973 1958 animam
3020 1915 3231 1956 eaeam:
3269 1911 3476 1952 memor
3499 1894 3575 1947 fni
3607 1892 3698 1946 Dei

2142 2005 2159 2031 "
2202 2041 2218 2066 ,
2259 2010 2312 2054 et
2344 2001 2644 2053 delectatus
2676 2013 2819 2051 sum.

2209 2092 2555 2145 Exercitatus
2601 2104 2720 2143 sum
2749 2126 2763 2151 ,
2787 2095 2841 2141 et
2869 2085 3069 2139 defecit
3143 2082 3420 2153 paulisper
3481 2076 3706 2146 spiritus

2141 2199 2318 2238 meus.
2350 2183 2666 2236 Dureau.
2689 2178 3141 2246 Anticipaverunt
3169 2173 3380 2243 vigilias
3401 2167 3539 2223 oculi
3561 2165 3663 2219 mei
3686 2177 3703 2216 :

2141 2277 2392 2331 turbatus
2422 2291 2563 2338 sum,
2602 2284 2655 2326 et
2687 2285 2794 2325 non
2825 2285 2944 2322 sum
2985 2269 3223 2321 locutus.

2225 2367 2470 2436 Cogitavi
2509 2366 2628 2419 dies
2674 2362 2972 2430 antiquos:
3024 2366 3078 2411 et
3127 2371 3300 2409 annos
3359 2364 3595 2407 aeternos
3651 2347 3706 2399 in

2140 2470 2321 2517 mente
2345 2458 2532 2513 habui.

2217 2577 2284 2629 Et
2316 2574 2606 2628 meditatus
2635 2586 2754 2626 sum
2790 2577 2947 2623 nocte
2988 2581 3112 2621 cum
3153 2564 3316 2617 corde
3347 2573 3505 2613 meo:
3555 2570 3702 2612 exer-

2137 2669 2369 2732 citabar,
2414 2674 2469 2720 et
2511 2663 2841 2719 ventilabam
2871 2661 2923 2714 in
2965 2675 3049 2712 me
3073 2655 3323 2726 spiritum
3354 2666 3532 2703 meum
3558 2649 3601 2699 ⁸.

2222 2785 2289 2839 Et
2325 2782 2437 2837 dixi
2462 2821 2478 2845 ,
2506 2777 2762 2850 Nunquid
2796 2777 2854 2830 in
2902 2783 3167 2828 aeternum
3221 2766 3471 2838 projiciet
3502 2763 3644 2814 Deus
3686 2758 3712 2814 ἵ

2139 2887 2230 2930 aut
2259 2890 2366 2928 non
2399 2857 2660 2942 apponet,
2700 2877 2758 2922 ut
2821 2862 3225 2933 beneplacitum
3279 2858 3354 2912 sit
3404 2857 3450 2908 ei
3483 2856 3662 2909 adhuc
3685 2857 3712 2904 τ

2142 2974 2236 3024 aut
2276 2967 2332 3019 in
2367 2965 2526 3017 tinem
2561 2957 2994 3015 misericordiam
3028 2967 3179 3010 suam
3210 2948 3452 3003 abscich
3485 2962 3512 2998 a
3539 2961 3704 2998 saecu-

2069 3065 2113 3125 C
2149 3059 2202 3111 lo
2241 3066 2294 3110 et
2318 3051 2722 3125 generatione?

2233 3168 2487 3235 Nunquid
2523 3166 2877 3220 obliviscetur
2907 3159 3150 3215 misereri
3190 3157 3334 3211 Deus
3373 3155 3396 3206 ?
3435 3161 3528 3206 aut
3577 3165 3707 3205 con-

2156 3260 2346 3315 tinebit
2379 3261 2431 3311 in
2457 3259 2534 3311 ira
2574 3253 3003 3310 misericordiam
3037 3265 3189 3304 suam
3219 3249 3241 3302 ἲ
3267 3248 3586 3301 Βιηελιιλ.

2235 3352 2298 3404 Et
2332 3349 2442 3403 dixi
2475 3366 2488 3401 :
2525 3348 2682 3402 Nunc
2719 3332 2881 3412 coepi,
2923 3343 3040 3396 haec
3089 3351 3174 3395 est
3206 3339 3438 3393 mutatio
3467 3335 3711 3389 dexteras

2149 3440 2358 3496 Excelsi
2401 3456 2414 3503 ;
2450 3452 2656 3491 memor
2681 3437 2758 3489 ini
2782 3449 3008 3503 operum
3045 3433 3283 3494 Domini,
3320 3429 3446 3499 quia
3495 3438 3708 3480 memor

2146 3545 2242 3585 ero
2282 3529 2350 3582 ab
2385 3527 2541 3581 initio
2574 3524 2902 3578 mirabilium
2937 3533 3176 3577 tuorum.

2217 3707 2285 3761 Et
2311 3707 2604 3761 meditatus
2636 3717 2754 3757 sum
2794 3704 2844 3757 in
2882 3702 3138 3758 omnibus
3175 3702 3429 3771 operibus
3466 3701 3616 3755 tuis:
3649 3711 3703 3756 et

2146 3799 2198 3853 in
2228 3797 2706 3851 observationibus
2733 3797 2840 3850 tuis
2876 3809 2959 3848 me
2993 3794 3274 3848 exercebo.

2215 3911 2360 3965 Deus
2415 3911 2468 3963 in
2536 3919 2732 3964 sancto
2798 3908 2882 3962 via
2937 3917 3048 3975 tua,
3101 3911 3224 3977 quis
3271 3908 3412 3962 Deus
3475 3923 3706 3977 magnus

2140 4003 2281 4057 sicut
2321 4003 2464 4056 Deus
2503 4013 2687 4056 noster
2716 4002 2738 4053 ἲ
2778 4010 2834 4054 tu
2865 4017 2921 4056 es
2953 4001 3116 4063 Dens,
3152 4000 3244 4068 qui
3277 3999 3410 4054 facis
3436 4000 3706 4054 mirabilia

2141 4095 2306 4148 solus.

2223 4207 2415 4262 Notam
2445 4205 2623 4260 fecisti
2654 4206 2704 4257 in
2740 4205 2954 4274 populis
2982 4205 3241 4257 virtutem
3273 4215 3416 4257 tuam
3458 4221 3473 4257 :
3499 4206 3700 4258 libera-

2140 4297 2207 4350 sti
2251 4297 2304 4349 in
2337 4297 2563 4350 brachio
2601 4306 2696 4351 tuo
2729 4296 2986 4365 populum
3034 4305 3182 4347 tuum
3239 4295 3376 4349 filios
3436 4296 3600 4348 lsrael
3653 4305 3706 4346 et

2069 4410 2113 4466 υ
2142 4386 2362 4455 Joseph.
2405 4387 2692 4440 Drusum
2725 4384 2848 4455 [ms.
2893 4393 2996 4436 :ac.
3035 4385 3374 4451 DIAPSALIM].

2141 4593 2196 4634 et
2222 4582 2394 4637 Carus
2413 4583 2566 4637 fecit.

2215 4655 2232 4684 '
2268 4653 2575 4720 Antiquarii
2606 4654 2892 4707 oscitantis
2939 4669 3138 4706 nomen
3171 4651 3263 4704 Dei
3288 4654 3341 4704 in
3400 4642 3711 4708 Veronensi'

2143 4737 2244 4774 tus.
2279 4725 2696 4790 praetermissum
2721 4731 2826 4785 est,
2857 4726 3009 4775 abest
3041 4733 3094 4775 ct
3133 4722 3482 4788 subsequenti
3540 4738 3711 4776 versu

2142 4791 2456 4844 adverbium
2491 4791 2756 4860 paulisper
2803 4793 2856 4844 in
2908 4791 3014 4845 fine
3043 4807 3143 4843 non
3174 4807 3290 4843 sum
3324 4792 3515 4861 oblitus
3573 4794 3706 4861 legi-

2145 4869 2233 4912 tur
2259 4875 2357 4928 pro
2392 4877 2494 4912 non
2533 4877 2646 4913 sum
2671 4866 2892 4923 locutus,
2925 4861 3067 4928 quod
3099 4862 3292 4914 iterum
3322 4860 3525 4914 librarii
3556 4860 3705 4916 osci-

2144 4933 2325 4981 tantia:
2356 4932 2538 4984 tribuo

2192 4998 2212 5030 ⁸
2239 4998 2294 5052 lu
2325 4999 2625 5066 Verooensi
2656 5015 2758 5054 ms.
2796 5000 3094 5054 Exercebar
3127 5009 3177 5053 et
3222 5000 3543 5054 ventilabam
3594 5000 3720 5066 δρᾶ-ι

2144 5067 2304 5120 ritum
2328 5083 2517 5121 meum.
2541 5065 2612 5118 Et
2645 5070 2796 5122 dixi:
2831 5069 3084 5136 Nunquid
3133 5072 3186 5122 in
3209 5081 3460 5124 aeternam
3487 5065 3713 5137 repellet

2144 5137 2339 5191 Deus?
2376 5149 2468 5190 aut
2514 5153 2614 5189 non
2641 5149 2863 5207 apponet
2925 5148 2979 5189 ut
3047 5139 3331 5192 delectetur
3379 5140 3581 5193 adhuc?
3617 5148 3712 5189 aut

2145 5209 2198 5258 in
2231 5207 2390 5278 ﬁnem
2425 5207 2841 5278 misericordium
2872 5224 3023 5262 suam
3060 5211 3290 5262 abscidet
3319 5227 3350 5261 ιι
3374 5208 3630 5278 progenie
3653 5209 3712 5260 in

2144 5277 2444 5345 progeniem
2474 5276 2500 5328 .’
2528 5277 2631 5329 Aut
2664 5278 2994 5332 obliviscetur
3052 5280 3292 5331 misereri
3355 5276 3491 5331 Deus
3523 5279 3581 5345 37
3613 5288 3715 5329 aut

2147 5344 2428 5399 continebit
2459 5347 2512 5398 in
2549 5347 2630 5398 ira
2687 5364 2782 5399 sua
2825 5349 3219 5401 miserationem
3282 5347 3481 5401 suam?
3537 5344 3717 5409 Tum,

2146 5413 2272 5466 Hrrc
2317 5419 2620 5469 immutatio
2666 5417 2894 5472 dextero;
2934 5416 3167 5481 Eacelsi,
3228 5427 3546 5470 memoratus
3589 5433 3716 5467 susse

2143 5498 2358 5550 operum
2390 5485 2505 5552 Dei,
2533 5495 2640 5540 etc.
2667 5486 2758 5548 Et,
2785 5487 3081 5540 Meditabor
3118 5487 3171 5539 in
3202 5488 3438 5541 omnibus
3462 5486 3718 5555 operibus

2146 5555 2268 5622 tuis,
2305 5566 2352 5610 et
2383 5557 2438 5610 in
2465 5558 2829 5626 oﬁ'ectionibus
2861 5559 2966 5611 tuis
2992 5557 3247 5627 garriam.
3299 5557 3492 5612 Omnia
3531 5556 3716 5610 ferme

2146 5639 2207 5678 ex
2239 5626 2562 5679 Aunustino.

2144 5639 2207 5678 ex
2239 5635 2562 5698 Augustino.
