3958 6176
235 377 351 438 273

1475 371 1714 432 LIBER
1766 369 2266 432 PSALMORUM.

3387 359 3494 421 ξτι

310 492 564 546 Viderunt
595 497 643 542 te
681 504 853 558 aqua.
884 486 1046 548 Deus.
1079 486 1321 541 uiderunt
1347 499 1394 542 te
1425 504 1579 558 aqua
1605 504 1622 542 :
1651 498 1700 542 et
1735 489 1804 541 ti-
1838 496 1886 552 Α
1993 486 2263 544 Viderunt
2313 497 2364 542 te
2396 499 2572 553 aquae,
2604 482 2772 548 Deus,
2815 481 3071 537 viderunt
3103 485 3158 533 te
3199 491 3355 548 aqua:
3386 497 3399 532 :
3432 487 3489 532 et

232 592 509 644 miserunt,
535 591 585 634 et
612 581 841 633 turbata:
860 590 980 633 sunt
1012 580 1212 650 abyssi.

305 674 596 729 Multitudo
620 673 822 725 sonitus
857 687 1120 741 aquarum
1146 685 1164 724 :
1207 685 1388 724 vocem
1418 670 1674 723 dederunt
1707 685 1811 722 nu—

231 773 346 823 bes.

313 861 515 913 Etenim
533 860 742 929 sagitta
765 866 870 911 tua
906 867 1184 909 transeunt
1219 868 1365 908 :voa:
1397 852 1620 906 tonitrui
1651 852 1728 903 tui
1756 850 1809 903 in

236 960 381 1002 ruta.

281 1043 586 1095 [tinxerunt
607 1042 995 1094 coruscat‘ones
1029 1049 1131 1093 tute
1161 1039 1274 1091 orbi
1295 1051 1350 1091 εε-
1383 1045 1542 1088 terra:
1576 1036 1593 1064 ³
1626 1035 1814 1102 ζεοηι-

233 1142 376 1184 inata
403 1142 478 1184 est
511 1141 557 1184 el
588 1134 898 1184 contremuit
933 1143 1100 1183 terra.
1150 1172 1154 1175 .

307 1225 366 1278 In
400 1225 641 1276 marieia
676 1236 788 1286 tua,
817 1233 863 1274 et
897 1225 1099 1276 semin
1127 1234 1231 1276 tua
1265 1223 1320 1274 in
1373 1239 1526 1291 aquis
1565 1223 1750 1275 multis
1795 1238 1810 1275 .'

228 1327 276 1366 et
314 1318 533 1382 uestigia
571 1324 662 1368 tua
698 1331 801 1365 non
838 1321 1237 1382 cognoscentur.

333 1409 610 1460 Deduxisti
667 1411 801 1461 sicut
826 1424 939 1461 oves
999 1409 1248 1477 populum
1311 1419 1477 1471 tuum,
1540 1406 1594 1458 in
1653 1421 1812 1458 manu

232 1499 282 1550 ,υ
293 1501 408 1568 ogsi
446 1511 493 1552 et
530 1501 730 1552 Aaron.

1922 578 2246 642 timuerunt,
2291 582 2518 630 turbatae
2544 583 2671 628 sunt
2700 573 2904 642 abyssi.
2942 569 3234 624 multitudo
3281 568 3496 624 sonitus

1925 685 2189 738 aquarum
2225 670 2245 700 ⁸
2270 710 2283 732 ,
2315 681 2503 723 vocem
2533 665 2803 720 dederunt
2828 663 3023 716 nubes.

1994 850 2206 905 Etenim
2263 849 2602 920 sagittatuse
2646 845 3130 916 pertransierunt:
3187 860 3290 898 vox
3353 844 3497 899 toni-

1917 944 2028 998 trui
2056 943 2134 997 tui
2161 943 2214 995 in
2241 951 2380 996 rota.

1988 1031 2738 1088 llluxerunteoruscationes
2793 1039 2899 1086 tuas
2928 1030 3048 1085 orbi
3103 1040 3307 1086 terrm:
3349 1031 3492 1085 vidit

1915 1139 1972 1184 ει
2009 1138 2282 1182 commota
2318 1137 2404 1181 εει
2437 1134 2605 1180 terra.

1987 1221 2046 1275 lu
2079 1219 2216 1274 mari
2251 1218 2332 1270 via
2359 1227 2472 1280 tua,
2495 1225 2553 1272 et
2581 1215 2788 1271 semita:
2821 1224 2924 1269 tua:
2958 1215 3012 1268 in
3043 1214 3198 1284 aquis
3255 1213 3440 1269 tuultis
3475 1228 3490 1270 :

1916 1325 1970 1369 et
2001 1311 2222 1378 vestigia
2253 1320 2342 1364 tua
2389 1325 2493 1362 non
2531 1316 2957 1376 cognoscentur.

1990 1401 2274 1456 Deduxisti
2310 1401 2454 1458 sicut
2488 1413 2620 1452 oves
2657 1398 2920 1470 populum
2958 1407 3140 1462 tuum,
3207 1401 3258 1453 in
3323 1415 3484 1453 ulanu

1915 1494 2082 1564 Moysi
2107 1501 2162 1547 et
2196 1494 2401 1547 Aaron.

1543 1655 1891 1717 PSALMUS
1931 1653 2226 1718 LXXVII.

729 1788 1091 1828 ικτειιεεης
1129 1791 1306 1830 ΔβΔΡΗ.

2386 1783 2746 1823 ικτειιεετυε
2773 1783 2956 1824 ASAPﬂ.

300 1889 792 1958 ,tmndite,popute
816 1890 942 1961 [ιιιε.
975 1889 1395 1960 populuslmeus,
1416 1890 1580 1958 legem
1600 1903 1805 1942 meam:
1843 1849 1882 1901 Β
1984 1878 2284 1939 Attendite.
2318 1879 2517 1947 pupule
2549 1881 2568 1911 ⁶
2598 1895 2774 1945 meus,
2812 1880 2989 1948 legem
3049 1893 3224 1933 meam
3254 1894 3270 1936 :
3334 1880 3493 1934 incli-

229 1985 483 2035 inclinute
510 1999 697 2034 aurem
728 1991 956 2034 uestram
981 1982 1035 2033 in
1072 1980 1225 2034 verba
1257 1982 1364 2033 oris
1399 1983 1519 2034 mei.

301 2076 546 2138 Aperiam
581 2075 637 2125 in
677 2072 944 2141 parabolis
975 2087 1230 2139 corneum
1263 2085 1284 2125 :
1313 2069 1504 2140 loquar
1560 2072 1800 2141 proposi-

227 2169 391 2219 tiones
424 2167 486 2218 ab
522 2166 703 2219 initio.

301 2259 514 2324 Quanta
550 2260 848 2311 audivimus
875 2266 925 2310 et
948 2259 1286 2328 cognovimus
1313 2274 1372 2312 ea
1408 2257 1427 2289 ’
1462 2298 1477 2323 ,
1507 2263 1562 2310 et
1623 2264 1805 2325 patres

227 2353 394 2403 nostri
419 2359 777 2402 narrauerunt
812 2350 984 2405 nobis.

300 2443 414 2495 Non
444 2452 567 2496 sunt
602 2443 867 2496 occultata
904 2461 934 2496 a
961 2444 1093 2512 ﬁliis
1125 2459 1329 2509 eorum,
1368 2445 1422 2498 in
1459 2447 1806 2514 generatione

226 2532 404 2586 altera
414 2572 428 2586 .

297 2625 589 2679 Narrantes
618 2625 800 2681 laudes
839 2627 1052 2682 Domini
1085 2636 1133 2682 et
1165 2631 1387 2685 virtutes
1420 2631 1556 2702 ejus,
1594 2639 1646 2684 et
1693 2630 1798 2684 mi-

225 2718 414 2769 rabilia
456 2720 570 2787 ejus
598 2737 713 2787 qua:
753 2722 896 2789 fecit.
1488 2708 1490 2710 ν

295 2809 365 2864 Et
394 2813 668 2866 suscitavit
701 2814 1056 2868 testimonium
1085 2817 1137 2870 iu
1162 2815 1364 2876 Iacob:
1397 2826 1447 2870 et
1501 2815 1663 2888 legent
1700 2834 1802 2884 po-

223 2903 332 2954 suit
358 2904 408 2953 in
437 2900 634 2956 Israel.

295 2993 511 3056 Quanta
544 2996 816 3049 mandavit
847 2999 1089 3067 patribus
1114 3001 1316 3054 nostris
1348 3011 1470 3056 nota
1518 3002 1695 3071 facere
1737 3018 1799 3056 ea

213 3085 348 3151 ﬁliis
365 3087 511 3148 suis:
540 3096 596 3139 ut
627 3099 902 3159 cognoscat
927 3093 1194 3160 generatio
1221 3092 1414 3149 altera.

291 3263 417 3318 Filii
437 3267 529 3333 qui
559 3277 861 3335 nascentur,
894 3283 956 3324 4-
996 3279 1045 3326 et
1081 3271 1101 3302 ⁸
1137 3274 1158 3341 ζ
1191 3286 1490 3345 exsurgent,
1520 3285 1570 3328 et
1606 3290 1796 3329 narra-

219 3355 351 3407 bunt
382 3356 508 3422 ﬁliis
528 3359 658 3412 suis.

295 3446 363 3500 Us
401 3459 603 3512 ponant
621 3451 675 3502 in
711 3449 814 3506 Deo
844 3468 986 3512 spent
1014 3465 1246 3520 suam,et
1277 3473 1380 3510 non
1421 3459 1795 3514 obliviscantur

218 3554 437 3602 operum
468 3540 563 3594 Dei
592 3556 612 3600 ξ
637 3551 684 3595 et
713 3546 969 3602 mandata
992 3548 1104 3618 ejus
1136 3551 1437 3614 exquirant.

292 3711 374 3765 Ne
409 3712 700 3776 ﬁautsicut
747 3729 922 3783 patres
972 3736 1151 3775 eorum
1212 3727 1482 3792 generatio
1542 3744 1707 3796 prava
1747 3738 1796 3785 et

215 3820 565 3872 exasperatis.

288 3897 576 3951 Generatio
597 3915 713 3970 true
747 3917 849 3956 non
877 3904 1068 3957 direxit
1089 3921 1177 3959 cor
1211 3924 1406 3967 suum:
1461 3920 1509 3963 et
1545 3929 1649 3965 non
1675 3913 1694 3942 ⁸
1729 3927 1791 3976 ot—

217 3999 292 4040 est
331 3991 357 4055 ζ
391 3991 618 4046 creditus
638 4010 755 4048 cum
787 3994 891 4049 Deo
920 3997 1137 4068 spiritus
1169 4001 1302 4068 ejus.

296 4081 432 4136 Filii
457 4083 683 4152 Ephrem
711 4088 1037 4143 intendentes
1055 4100 1102 4145 et
1135 4095 1395 4146 mittentes
1423 4111 1600 4148 arcum
1627 4109 1646 4153 ξ
1670 4112 1795 4150 con-

220 4175 362 4227 rersi
393 4187 512 4230 sunt
539 4181 593 4229 in
619 4178 702 4230 die
717 4179 862 4234 belli.

301 4331 319 4360 ¹
347 4330 617 4412 Dis-imus,
654 4316 948 4412 voceﬁzrj.
989 4350 1108 4404 quae
1171 4337 1222 4390 in
1266 4337 1495 4392 Hebeteo
1524 4351 1648 4412 est,
1685 4357 1793 4397 non

213 4402 391 4478 orbem
434 4400 648 4478 ἁπλῶς,
676 4402 794 4478 _sed
824 4400 1023 4478 Aorbeni
1075 4419 1230 4478 teme
1283 4411 1533 4478 deuotari
1562 4453 1575 4473 ,
1631 4400 1794 4478 atiue

216 4471 356 4547 adeo
380 4487 540 4548 posse
566 4471 784 4527 obelutn
821 4475 950 4528 huic
982 4477 1101 4530 voci
1151 4477 1437 4547 przeﬁxutn
1497 4471 1789 4536 commode

215 4549 420 4591 utntttt.

273 4610 293 4637 ³
313 4609 624 4662 Pronomen
655 4626 715 4665 ea
730 4611 968 4667 Palatin.
1001 4630 1103 4669 ms.
1131 4624 1186 4671 et
1214 4616 1383 4672 Carus
1413 4620 1574 4673 obelo
1603 4620 1796 4676 imme-

218 4677 329 4728 rito
365 4679 630 4745 iugulant.

222 4745 305 4868 k‘
342 4746 521 4868 Ilitnus
551 4758 698 4804 recte
728 4751 874 4810 idem
911 4770 1012 4807 ms.
1042 4764 1096 4810 et
1126 4755 1301 4811 Carus
1356 4757 1476 4813 sine
1510 4760 1668 4814 obelo
1703 4762 1794 4816 hic

278 4832 390 4868 nun
423 4856 438 4868 .

243 4829 438 4884 egunt.

285 4909 308 4938 ⁸
330 4909 624 4978 Perperam
653 4911 1163 4984 Martianaeusipsas
1185 4925 1236 4972 et
1260 4936 1362 4972 non
1387 4923 1609 4978 voculas
1631 4923 1792 4978 obelo

211 5001 566 5082 contuderat,
599 5018 671 5072 qu
704 5013 881 5082 assunt
929 5015 1116 5082 tamen
1156 5009 1210 5063 iu
1264 5010 1491 5064 Hebraeo
1520 4999 1636 5074 n51.
1680 5015 1792 5070 Nos

210 5089 279 5128 cx
302 5071 533 5150 Palatini
563 5071 669 5126 ms.
735 5076 839 5127 tide
881 5076 957 5150 ad
981 5082 1324 5150 subsequens
1377 5071 1617 5137 verbum
1661 5086 1791 5138 sub-

209 5148 518 5266 itanuvum
548 5158 679 5198 veru
711 5148 1107 5212 transtulimus,
1134 5149 1310 5207 Carus
1331 5163 1529 5206 neutro
1551 5154 1672 5210 loco
1692 5156 1791 5212 ha-

256 5222 360 5265 utt.

256 5222 360 5265 utt.

287 5284 310 5315 ⁸
348 5281 688 5348 Veron.tus.,
720 5294 768 5362 _e_t
802 5287 1129 5362 conturbatw
1157 5295 1281 5346 sunt
1307 5291 1794 5362 abyssi,multitudo.

207 5369 370 5432 sonus
398 5369 681 5421 aquarum.
723 5355 861 5410 Tutu
884 5359 1094 5432 sugillw
1125 5369 1228 5415 tua:
1256 5355 1674 5430 pertransibunt,
1703 5366 1788 5432 Et,

205 5430 596 5492 Apparueraut
615 5429 1020 5496 coruscatioues
1050 5441 1156 5483 tua:
1187 5436 1299 5484 orbi
1325 5445 1500 5496 terras,
1523 5429 1789 5489 commota

203 5507 252 5547 ct
341 5493 783 5549 contremebunda
856 5496 999 5565 facta
1057 5511 1130 5553 est
1152 5513 1318 5556 terra.
1401 5493 1653 5559 lit-mari
1712 5515 1790 5560 est

207 5568 288 5618 ria
341 5576 459 5644 tua,
494 5577 603 5620 etc.
637 5578 800 5636 atque
833 5567 947 5621 haec
976 5569 1237 5642 pleraque
1263 5577 1446 5631 omnia
1503 5589 1628 5629 cum
1682 5580 1790 5632 Διι-

205 5646 455 5704 gustum.

267 5729 288 5759 ⁶
327 5729 514 5784 Denuo
533 5745 657 5808 cum
690 5734 996 5802 Augustino
1025 5737 1167 5791 idem
1202 5753 1332 5800 ms.,
1361 5738 1624 5808 populus;
1645 5747 1783 5806 tum,

205 5801 434 5867 eloquar
461 5815 560 5870 pro
589 5801 799 5872 loquor,
827 5807 879 5861 in
913 5809 1072 5876 cujus
1107 5801 1370 5863 versiculi
1415 5801 1521 5865 tlue
1579 5801 1780 5868 nomen

1911 1979 2037 2022 nate
2062 1983 2251 2024 aurem
2279 1978 2512 2023 vestram
2541 1970 2594 2022 in
2630 1970 2798 2025 verba
2820 1970 2931 2024 oris
2969 1967 3099 2026 πνεῖ.

1977 2059 2310 2129 Aporiamin
2347 2061 2623 2130 parabolis
2671 2075 2734 2116 os
2768 2076 2949 2115 meum
2988 2074 3004 2114 :
3037 2060 3234 2128 loquar
3290 2077 3491 2130 propo-

1909 2149 2138 2205 sitiones
2189 2151 2256 2205 ab
2297 2150 2456 2205 initio
2503 2150 2713 2215 saeculi,

1977 2241 2189 2308 Quanta
2213 2243 2526 2298 audivimus
2554 2251 2610 2298 et
2635 2241 2996 2312 cognovimus
3031 2256 3096 2297 ea
3132 2257 3153 2296 :
3193 2250 3249 2298 et
3307 2251 3491 2312 patres

1909 2334 2080 2389 nostri
2110 2342 2472 2389 narraverunt
2501 2334 2680 2390 nobis.

1978 2425 2097 2480 Non
2129 2435 2257 2483 sunt
2283 2426 2557 2482 occultata
2583 2441 2610 2479 a
2650 2425 2777 2480 ﬁliis
2803 2438 3025 2488 eorum,
3055 2423 3110 2478 in
3131 2423 3490 2494 generatione

1906 2516 2075 2570 altera
2109 2515 2660 2588 [ms.generationem
2690 2515 2980 2588 alteram].

1977 2607 2272 2664 Narrantes
2295 2609 2487 2664 laudes
2516 2609 2730 2668 Domini
2750 2618 2807 2663 et
2837 2612 3068 2666 virtutes
3095 2609 3236 2681 ejus,
3299 2619 3355 2664 et
3385 2607 3488 2662 ini-

1906 2699 2099 2754 rabilia
2131 2702 2250 2770 ejus
2266 2717 2388 2770 qua
2423 2702 2576 2755 fecit.

1975 2789 2042 2842 Et
2071 2790 2358 2844 suscitavit
2409 2790 2785 2849 testimonium
2837 2791 2890 2846 in
2923 2790 3142 2849 Iacob:
3191 2802 3251 2846 et
3307 2790 3482 2860 legent

1905 2882 2085 2950 posuit
2120 2883 2170 2936 in
2198 2882 2384 2936 Israel.
2409 2884 2436 2943 ’Ξ

1977 2974 2150 3040 Quam
2179 2973 2727 3044 mandavitpatribus
2754 2974 2985 3040 nostris,
3010 2984 3073 3030 ut
3104 2984 3292 3030 notam
3334 2977 3482 3029 taee-

1905 3077 2028 3120 rent
2060 3065 2080 3097 "
2117 3081 2239 3120 eam
2273 3065 2399 3121 ﬁliis
2441 3065 2578 3132 suis,
2609 3076 2668 3122 ut
2709 3075 3001 3138 cognoscat
3058 3070 3340 3138 generatio
3402 3067 3480 3121 al-

1905 3167 2048 3212 tera.

1976 3248 2101 3304 Filii
2149 3248 2242 3318 qui
2275 3257 2600 3316 nascentur,
2668 3260 3009 3320 exsurgant:
3066 3261 3121 3306 et
3176 3250 3480 3306 narrabunt

1896 3356 2016 3396 eam
2057 3341 2185 3396 ﬁlt'ls
2223 3341 2362 3396 suis.

1969 3433 2040 3488 Ut
2068 3443 2269 3501 ponant
2291 3433 2404 3505 [AL
2426 3431 2706 3505 ponam]in
2733 3431 2844 3488 Deo
2865 3449 3019 3504 spem
3052 3450 3206 3490 suam
3240 3453 3253 3488 :
3285 3448 3339 3490 et
3369 3453 3476 3491 non

1894 3526 2296 3580 obliviscantur
2328 3541 2557 3596 operum
2595 3526 2691 3582 Dei
2717 3526 2803 3582 sui
2828 3541 2846 3584 ξ
2869 3537 2926 3583 et
2949 3528 3205 3584 mandata
3226 3531 3347 3600 ejus
3379 3545 3476 3584 ex-

1895 3617 2136 3687 quirant.

1968 3730 2043 3786 Ne
2074 3732 2201 3785 ﬁant
2239 3731 2588 3801 sicutpatres
2611 3748 2828 3798 eorum,
2887 3751 3064 3804 genus
3119 3752 3347 3806 pravum
3418 3749 3475 3793 et

1898 3837 2262 3892 peramarunt,
2299 3839 2473 3893 genus
2501 3828 2647 3894 quod
2684 3840 2790 3880 non
2819 3827 3022 3881 direxit
3055 3842 3150 3883 cor
3171 3844 3356 3892 suum,
3419 3839 3474 3883 et

1899 3928 2006 3972 non
2039 3921 2126 3967 est
2157 3914 2406 3970 creditus
2437 3930 2565 3970 cum
2603 3917 2714 3972 Deo
2751 3917 3006 3988 spiritus.

1966 4091 2089 4147 Filii
2121 4093 2359 4163 Ephrem
2419 4094 2772 4152 intendentes
2802 4112 3017 4164 arcum,
3079 4110 3140 4154 et
3196 4101 3475 4159 mittentes

1894 4184 2116 4254 sagittas
2145 4199 2274 4239 suas
2296 4184 2317 4215 ⁸
2354 4187 2641 4242 :conversi
2670 4197 2796 4243 sunt
2835 4189 2888 4247 in
2917 4191 3006 4246 die
3040 4190 3194 4249 belli.

1897 4343 2080 4398 seculi
2119 4345 2408 4416 reticetur.
2428 4345 2512 4416 _Et
2532 4344 2700 4416 paulo
2738 4355 2867 4416 post
2893 4365 2913 4404 :
2945 4346 3071 4404 Non
3102 4356 3224 4405 sunt
3257 4349 3475 4405 abscon-

1897 4416 2009 4466 dita
2039 4431 2069 4466 a
2099 4414 2248 4481 ﬁliis.
2284 4426 2394 4471 etc.
2427 4413 2512 4480 Et,
2534 4413 2946 4472 ’Annuu'tiantes
2982 4419 3166 4473 laudes
3189 4418 3404 4474 Domini
3424 4428 3474 4474 et

1904 4486 2165 4553 potentias
2187 4485 2319 4552 ejus,
2341 4492 2452 4537 etc.

1989 4551 2272 4626 7Librarii
2325 4552 2605 4621 mendum,
2664 4564 2724 4610 ut
2763 4557 2965 4626 passim
3017 4559 3148 4614 alibi
3199 4559 3255 4614 in
3302 4559 3475 4616 Vero-

1906 4625 2062 4697 nensi
2090 4633 2176 4697 est
2209 4639 2342 4697 ins._,
2375 4632 2558 4697 notam
2599 4625 2774 4692 facere
2803 4645 2834 4680 a
2871 4644 2970 4697 pro
2999 4645 3138 4691 eam,
3173 4646 3280 4685 non
3302 4647 3388 4694 ea,
3415 4643 3475 4685 ut

1903 4693 2022 4760 ejus
2051 4691 2235 4745 editor
2272 4692 2397 4746 libri
2428 4691 2635 4761 putati:
2665 4707 2763 4750 aut
2791 4691 2939 4752 certe
2971 4701 3146 4756 noluit
3185 4699 3277 4753 ille
3331 4691 3471 4756 scri-

1903 4766 2078 4830 psisse
2100 4773 2306 4839 notant,
2338 4764 2433 4817 sed
2479 4773 2625 4829 nota,
2651 4767 2798 4833 quod
2827 4768 3009 4839 verius
3042 4781 3174 4837 puto
3210 4787 3225 4824 :-
3289 4773 3476 4839 sequi.

1904 4841 1992 4906 t_t_tr
2023 4832 2168 4885 enim
2191 4842 2247 4906 et
2271 4844 2570 4906 exsurgent,
2602 4845 2650 4886 et
2677 4832 2996 4894 narrabant
3021 4832 3107 4904 ea,
3139 4849 3247 4894 etc.
3279 4832 3472 4906 Porro,

1904 4899 1970 4978 yt
1999 4904 2284 4978 ponautjn
2346 4899 2474 4966 Deo,
2511 4917 2566 4956 et
2625 4919 2750 4958 mox
2794 4908 3004 4964 Domini
3052 4899 3150 4978 pro
3197 4911 3299 4964 Dei
3347 4899 3470 4966 sui;

1899 4969 2060 5034 Tum,
2095 4970 2173 5024 Ne
2195 4971 2330 5050 ﬁant
2386 4981 2642 5050 tanquam
2699 4985 2872 5040 patres
2933 4969 3144 5050 eorum,
3196 4984 3471 5050 generatio

1897 5057 2086 5108 prava,
2119 5041 2440 5122 exacerbons
2469 5047 2718 5112 (August.
2765 5048 3093 5122 amaricans)
3126 5041 3147 5113 ς
3196 5041 3470 5120 generatio

1895 5127 2012 5177 qua:
2031 5127 2132 5162 non
2161 5119 2395 5164 correxit
2429 5127 2710 5178 corsuum,
2733 5123 2782 5168 et
2820 5133 2924 5169 non
2946 5121 3175 5176 creditus
3206 5119 3334 5175 cum
3362 5122 3469 5174 Deo

1892 5184 2106 5246 spiritus
2136 5196 2338 5233 eorum.

1947 5251 1968 5282 ⁸
2000 5252 2166 5326 Tacet
2198 5251 2338 5303 idetn
2370 5267 2474 5326 ms.
2515 5269 2668 5318 suas,
2697 5263 2812 5310 tum
2841 5257 2972 5326 legit
3026 5261 3080 5314 in
3104 5261 3288 5316 diebus
3324 5265 3466 5320 belli.

1892 5319 2069 5402 Atque
2114 5321 2314 5373 iterum
2346 5324 2420 5402 tui
2453 5334 2593 5402 tacet
2624 5336 2744 5394 post
2781 5319 2982 5402 nom'en
3055 5333 3168 5396 Dei,
3230 5319 3470 5402 legitque

1891 5392 2284 5472 alteronversu,
2344 5392 2716 5472 beneficiorum
2773 5399 2887 5466 ejus
2915 5412 2963 5452 et
3004 5392 3323 5456 mirabiliuui
3352 5392 3470 5472 q'na:

1892 5460 2118 5538 ostendit
2149 5460 2445 5538 eis__coram
2472 5460 2712 5536 patribus
2740 5460 2942 5523 eorum.
2995 5473 3123 5534 Qua:
3149 5474 3268 5538 fecit
3307 5460 3469 5527 mira-

1889 5531 2037 5611 bilia,
2067 5541 2186 5611 etc;
2211 5531 2281 5611 Et
2314 5531 2742 5611 mox,'tr_adu._tit
2766 5554 2874 5602 eos,
2899 5531 3088 5593 statuit
3121 5531 3286 5610 aquas
3314 5546 3469 5611 quasi

1889 5602 1945 5686 in
1977 5609 2114 5686 utre.
2153 5602 2401 5686 Denique
2439 5623 2452 5658 :
2486 5605 2702 5686 .dirupit
2724 5602 3257 5686 pett-antinaeserto,
3291 5602 3340 5686 el
3367 5633 3467 5686 po-

1891 5673 2022 5750 tauit
2057 5687 2141 5750 eos
2166 5672 2303 5750 sicut
2330 5673 2551 5750 abyssus
2573 5672 2775 5750 multa.
2812 5677 3108 5750 Ubigetiam
3163 5696 3260 5750 pro
3303 5672 3466 5740 Diru-

1889 5745 1985 5810 pit,
2027 5743 2352 5823 ejuseditor
2381 5743 2509 5798 libri
2535 5746 2694 5800 aitse
2733 5748 3061 5804 emendasse
3124 5743 3374 5823 αἷσι-κρέξ.

2070 5821 2282 5874 Pulchre
2315 5823 2568 5874 mehercle
2592 5825 2790 5886 factum,
2823 5833 2892 5877 et:
2935 5832 3207 5892 sapienter.
