3898 6172
489 391 597 447 ἳτδ

489 584 776 639 noluerunt
800 589 1099 639 ambulare.

562 677 630 732 Et
654 678 801 732 obliti
831 688 952 732 sunt
1009 678 1402 749 benefactorum
1451 680 1587 748 ejus,
1621 691 1671 735 et
1734 684 2057 737 mirabilium

486 770 623 839 ejus.
651 786 767 839 qua:
798 771 1020 823 ostendit
1043 771 1138 824 eis.

564 863 754 915 Coram
792 863 1034 929 patribus
1070 879 1250 918 eorum
1292 865 1412 934 fecit
1469 865 1736 919 mirabilia
1798 867 1852 919 in
1915 878 2059 922 terra

488 953 722 1022 Αῑθυριί,
756 956 809 1007 in
842 971 1028 1025 campo
1057 956 1259 1010 Tancos
1292 957 1308 988 ¹
1338 995 1354 1011 .

558 1045 1033 1115 lnterrup‘tmare,
1071 1057 1118 1100 et
1140 1048 1383 1117 perduxit
1402 1064 1491 1103 eos
1517 1066 1541 1104 :
1578 1062 1627 1103 et
1656 1050 1845 1103 statuit
1891 1066 2060 1119 aquas

491 1139 642 1206 quasi
676 1138 729 1189 in
759 1148 894 1193 utre.

567 1228 632 1280 Et
666 1230 884 1281 deduxit
908 1247 992 1283 eos
1023 1248 1074 1284 tn
1103 1233 1239 1286 nube
1269 1232 1373 1285 diei
1401 1250 1419 1285 :
1450 1241 1498 1286 et
1530 1242 1640 1287 tota
1674 1244 1818 1286 nocte
1854 1236 1904 1287 in
1940 1234 2063 1287 illu-

496 1321 782 1372 minatione
810 1322 970 1389 ignis.

565 1412 858 1481 Interrupit
885 1422 1089 1484 petram
1119 1417 1171 1469 in
1204 1431 1374 1470 eremo
1408 1434 1425 1471 :
1456 1427 1503 1471 et
1539 1419 1824 1487 adaquavit
1858 1436 1942 1473 eos
1980 1437 2062 1474 ve-

499 1504 575 1555 lut
600 1505 652 1556 in
694 1504 880 1572 abysso
907 1506 1097 1559 multa.

570 1592 637 1647 Et
668 1595 883 1651 deduxit
922 1614 1118 1667 aquam
1161 1600 1222 1652 de
1250 1608 1399 1669 petra
1426 1616 1444 1654 :
1480 1610 1529 1654 et
1567 1605 1743 1655 eduxit
1764 1612 2019 1672 tanquam
2046 1607 2064 1636 '

496 1687 721 1756 ﬂumina
756 1704 946 1757 aquas.

571 1777 637 1831 Et
670 1791 1025 1846 opposuerunt
1054 1782 1224 1835 adhuc
1257 1800 1471 1852 peccare
1505 1785 1551 1837 ei
1586 1800 1606 1839 :
1660 1787 1713 1838 in
1769 1787 1904 1839 iram
1938 1786 2062 1858 [ηις.

500 1868 657 1941 sicut]
691 1874 1050 1927 excitauerunt
1080 1876 1339 1929 excelsum
1374 1878 1427 1929 in
1470 1879 1742 1946 inaquoso.

575 1958 637 2010 1ιί
664 1968 997 2015 tentaverunt
1033 1963 1197 2017 Deum
1218 1968 1270 2018 in
1308 1968 1547 2020 cordibus
1577 1969 1721 2036 suist
1754 1979 1809 2021 ut
1834 1979 2069 2035 peterent

497 2066 641 2103 escas
677 2053 960 2107 animabus
994 2056 1127 2113 suis.

581 2142 650 2196 Et
686 2146 705 2175 ³
734 2158 789 2198 +
832 2146 967 2198 male
1000 2147 1021 2215 ζ
1051 2147 1348 2201 locutisunt
1372 2152 1435 2203 de
1458 2150 1608 2221 Deos
1638 2153 2071 2220 dixerunt,1\'un-

501 2236 632 2301 quid
673 2239 865 2305 poterit
899 2238 1035 2291 Deus
1065 2256 1259 2308 parare
1294 2258 1525 2295 mensam
1557 2247 1611 2298 in
1641 2248 1839 2301 deserto
1873 2252 1897 2303 ?

574 2324 839 2388 Quoniam
871 2330 1124 2393 percussit
1156 2340 1382 2395 petram,
1410 2339 1457 2382 et
1489 2332 1755 2401 ﬂuxerunt
1789 2352 1942 2404 aqua:
1974 2354 1991 2391 :
2022 2348 2071 2391 et

501 2426 761 2469 torrentes
780 2420 1163 2477 inundaverant
1192 2421 1214 2451 δ
1246 2459 1260 2473 .

576 2505 834 2576 Nunquid
864 2520 913 2561 et
945 2526 1135 2577 panem
1161 2500 1351 2579 poterit
1380 2516 1509 2568 dare
1535 2516 1559 2568 ?
1586 2526 1678 2569 aut
1711 2535 1905 2583 parare
1932 2539 2071 2574 men-

498 2615 612 2651 sam
637 2600 824 2667 populo
852 2617 946 2653 suo
974 2603 999 2654 γ

572 2689 695 2745 Ideo
722 2692 923 2745 audit-it
971 2692 1254 2761 Dominus,
1286 2705 1334 2749 et
1357 2698 1561 2751 distulit
1592 2716 1611 2752 ε
1645 2709 1693 2752 et
1721 2700 1853 2769 ignis
1887 2718 2066 2756 accen-

497 2799 586 2837 sus
607 2792 680 2836 est
703 2782 884 2849 Jocob,
916 2794 963 2837 et
992 2785 1076 2838 ira
1103 2787 1335 2841 ascendit
1359 2789 1629 2845 inlsrael.

571 2986 710 3053 Quia
741 3002 844 3040 non
876 2987 1206 3041 crediderunt
1258 2990 1311 3042 in
1346 2987 1457 3043 Deo.
1489 2992 1511 3029 ⁸
1544 3006 1562 3044 :
1599 3006 1687 3046 nec
1730 3003 2073 3062 speraverant

501 3083 557 3134 in
581 3082 806 3134 salutari
840 3082 976 3151 ejus.

1382 390 1446 450 S.
1489 390 1933 450 illEliONYMI
1974 387 2244 452 DIVINA
2284 384 2813 447 BIBLIOTUECA.

556 498 671 551 Non
690 501 1440 554 custodierunttestamentum
1477 500 1617 554 Dei:
1649 512 1695 555 et
1730 504 1780 554 in
1816 506 1920 572 lege
1944 503 2055 572 ejus
2089 510 2131 563 Α
2231 505 2346 559 Non
2381 500 2760 558 custodierunt
2806 502 3192 553 testamentum
3243 493 3337 548 Dei
3367 492 3451 546 sui
3498 508 3511 544 :

3625 377 3722 438 276

3574 502 3629 546 et
3674 493 3718 545 iu

2163 599 2279 666 lege
2304 595 2423 663 ejus
2458 593 2753 647 noluerunt
2784 589 3084 644 ambulare.

2239 688 2307 741 Et
2341 684 2495 738 obliti
2518 695 2645 736 sunt
2679 680 3089 736 benefactorum
3120 679 3260 747 ejus,
3292 688 3348 731 et
3404 677 3725 732 mirabilium

2161 779 2304 851 ejus,
2341 791 2466 846 quae.
2497 772 2740 828 ostendit
2767 772 2849 826 eis
2873 786 3056 825 coram
3085 770 3334 840 patribus
3357 783 3572 822 eorum.

2236 868 2387 923 Fecit
2413 865 2683 920 mirabilia
2719 863 2775 917 in
2808 872 2950 917 terra
2985 860 3227 932 Egypli,
3262 861 3313 914 in
3351 875 3546 930 campo
3594 859 3723 912 Tan-

2160 975 2280 1015 eos.
2374 1028 2377 1031 _

2240 1050 2543 1121 Interrupit
2574 1063 2744 1114 mare,
2808 1056 2862 1100 et
2923 1045 3180 1116 perduxit
3236 1058 3332 1098 eos
3374 1060 3387 1095 :
3430 1054 3485 1096 et

2164 1160 2334 1215 aquas
2362 1143 2516 1213 quasi
2549 1144 2603 1194 in
2641 1150 2840 1193 utrem.

2246 1239 2312 1292 Et
2356 1235 2545 1289 eduxit
2574 1248 2671 1287 eos
2702 1232 2756 1286 in
2824 1231 2969 1285 nube
3022 1227 3129 1283 diei
3165 1245 3180 1285 :
3216 1235 3271 1281 et
3320 1235 3428 1280 tota
3489 1234 3647 1278 nocte
3682 1226 3729 1279 in

2167 1325 2561 1381 illuminatione
2598 1323 2755 1392 ignis.

2243 1417 2539 1485 Interrupit
2572 1416 2625 1469 in
2675 1428 2865 1469 eremo
2904 1421 3155 1481 petram:
3202 1418 3261 1466 et
3300 1408 3595 1478 adaquavit
3648 1424 3734 1463 eos

2173 1508 2323 1562 velut
2349 1508 2578 1578 abyssus
2610 1506 2799 1559 multa.

2240 1600 2305 1653 Et
2326 1598 2515 1651 eduxit
2549 1611 2747 1663 aquam
2783 1596 2851 1649 de
2911 1603 3064 1663 petra
3103 1608 3118 1651 :

2169 1691 2289 1761 luis.
2320 1687 2488 1756 sicut]
2515 1688 2736 1741 ﬂumina
2763 1703 2954 1756 aquas.

2250 1780 2315 1833 Et
2354 1788 2730 1847 opposuerunt
2798 1778 2978 1831 adhuc
3033 1775 3315 1847 peccare"
3359 1776 3407 1830 ei
3444 1794 3456 1829 :

3549 1043 3729 1097 statuit

3169 1604 3224 1648 et
3257 1593 3445 1649 eduxit
3483 1601 3734 1661 tanquam

3511 1777 3565 1829 in
3612 1776 3737 1830 iram

2095 1844 2142 1902 Β
2171 1871 2588 1926 concitaverunt
2618 1870 2894 1925 excelsum
2934 1871 2984 1921 in
3018 1869 3285 1923 siccitate.

2260 1961 2318 2013 Et
2362 1970 2712 2013 teutaverunt
2752 1960 2916 2016 Deum
2946 1962 2999 2012 in
3034 1960 3292 2013 cordibus
3326 1959 3461 2020 suis,
3496 1968 3554 2010 ut
3594 1966 3738 2027 pete-

2176 2063 2297 2107 rent
2326 2067 2482 2106 escas
2510 2054 2797 2106 animabus
2824 2052 2938 2106 suis
2967 2068 2981 2109 ;
3027 2062 3081 2105 et
3112 2051 3251 2103 male.
3274 2050 3442 2103 locuti
3484 2058 3616 2103 sunt
3676 2048 3740 2100 de

2176 2142 2687 2208 Deo,etdixcrunt,
2744 2142 3018 2213 Numquid
3080 2143 3280 2210 poterit
3345 2140 3487 2195 Deus
3542 2156 3741 2209 parare

2174 2250 2417 2288 mensam
2450 2235 2501 2287 in
2535 2235 2758 2289 deserto
2790 2234 2813 2287 ?

2264 2326 2532 2392 Quoniam
2570 2328 2839 2395 percussit
2871 2334 3103 2395 petram,
3134 2338 3189 2380 et
3226 2325 3511 2380 ﬂuxerunt
3556 2341 3740 2396 aqum:

2174 2432 2228 2476 et
2259 2428 2535 2476 torrentes
2570 2419 3002 2476 inundaveruut.

2255 2511 2537 2580 Numquid
2588 2520 2643 2564 et
2699 2525 2895 2578 panem
2932 2508 3135 2578 poterit
3170 2507 3345 2562 dare?
3403 2517 3498 2561 attt
3556 2522 3745 2577 parare

2176 2618 2418 2663 mensam
2448 2603 2651 2673 populo
2683 2615 2783 2655 suo
2812 2601 2836 2655 ?

2237 2696 2368 2750 Ideo
2397 2696 2604 2749 audivit
2670 2694 2959 2759 Dominus,
2983 2703 3037 2747 et
3068 2692 3283 2746 distulit
3332 2707 3347 2743 :
3386 2699 3443 2743 et
3485 2705 3747 2759 superpo~

2177 2791 2305 2852 snit,
2341 2798 2395 2841 et
2437 2787 2578 2859 ignis
2610 2799 2877 2845 accensus
2896 2793 2980 2839 est
3013 2785 3065 2838 in
3099 2784 3290 2845 Jacob,
3320 2794 3373 2838 et
3407 2784 3482 2836 ira
3502 2782 3748 2837 ascendit

2178 2878 2231 2932 in
2268 2879 2453 2932 Israel.

2248 2992 2385 3059 Quia
2420 3008 2527 3048 non
2560 2992 2914 3047 crediderunt
2942 2992 2996 3046 in
3033 2994 3199 3047 Deum
3235 3005 3393 3046 suum
3431 3006 3446 3045 :
3483 3004 3587 3045 nec
3621 3004 3742 3060 spe-

2182 3092 2443 3136 ravernnt
2478 3084 2531 3136 in
2565 3083 2805 3139 salutare
2837 3082 2977 3152 ejus.

574 3172 644 3225 Et
668 3174 937 3228 mandavit
968 3174 1187 3228 nubibus
1218 3173 1437 3241 desuper
1465 3192 1483 3229 :
1513 3185 1561 3228 et
1586 3176 1787 3245 januas
1814 3178 1927 3230 creti
1949 3195 2075 3248 ape-
2100 3187 2146 3249 ο
2252 3174 2319 3226 Ει
2358 3172 2643 3227 mandavit
2698 3173 2939 3227 nubibus
2972 3174 3213 3241 desuper
3242 3213 3257 3235 ,
3294 3180 3350 3225 et
3384 3171 3589 3241 januas
3633 3170 3754 3227 caeli

505 3265 635 3317 ruit.

575 3352 642 3408 Et
675 3358 809 3425 pluit
835 3356 941 3410 illis
973 3373 1171 3413 manna
1205 3356 1275 3410 ad
1305 3359 1739 3412 manducandum
1764 3376 1784 3411 :
1809 3369 1859 3413 et
1886 3377 2076 3430 panem

506 3447 621 3501 cali
652 3450 794 3501 dedit
817 3450 912 3504 eis.

581 3539 782 3593 Panem
815 3540 1123 3610 angelorum
1157 3542 1494 3595 manducavit
1526 3543 1682 3596 homo
1712 3558 1730 3594 :
1754 3545 1955 3600 cibaria
1985 3547 2079 3599 nti-

508 3637 574 3687 sit
591 3634 663 3687 eis
687 3634 740 3686 in
769 3632 1120 3687 abundantia.

584 3726 874 3780 Transtulit
911 3738 1152 3782 austrum
1183 3729 1247 3783 de
1268 3730 1394 3783 coelo

509 3837 606 3875 sua
627 3822 885 3889 Africum.

581 3910 650 3965 Et
682 3910 818 3980 pluit
845 3927 1002 3977 super
1024 3927 1109 3964 eos
1151 3913 1284 3965 sicut
1314 3911 1579 3978 pulverem
1615 3927 1799 3967 carnes
1821 3928 1839 3965 :
1875 3920 1924 3964 et
1945 3913 2081 3965 sicut

510 4016 732 4055 arenam
762 4001 782 4030 ⁸
824 4004 986 4053 maris
1028 4001 1267 4054 volatilia
1330 4011 1584 4071 pennata.
1666 3998 1669 4001 ⁷

581 4093 653 4147 Et
674 4093 969 4145 ceciderunt
1000 4093 1055 4144 in
1081 4092 1248 4145 medio
1275 4102 1569 4145 castrorum
1596 4108 1797 4157 eorum,
1834 4094 1977 4147 circa
2002 4104 2084 4148 ta-

511 4184 797 4237 bernacula
820 4200 1025 4236 eorum.

585 4275 649 4329 Et
680 4276 1144 4337 manducaverunt,
1175 4284 1223 4327 et
1257 4279 1489 4329 saturati
1539 4288 1661 4330 sunt
1696 4280 1876 4340 nimis,
1907 4290 1953 4332 et
1988 4280 2083 4331 de-

507 4370 760 4430 siderium
797 4384 974 4428 eorum
1002 4366 1184 4422 attulit
1213 4368 1285 4421 eis
1316 4385 1331 4421 :
1360 4384 1462 4429 non
1497 4379 1617 4424 sunt
1661 4369 1901 4439 fraudati
1938 4388 1967 4422 a
1995 4370 2085 4424 de-

509 4463 705 4514 siderio
734 4476 852 4519 suo,

1432 3745 1450 3782 :
1490 3738 1539 3783 et
1570 3730 1783 3783 induxit
1813 3730 1866 3783 in
1892 3732 2081 3785 virtute

599 4688 615 4723 ¹η
639 4685 805 4740 Addit
830 4684 897 4738 de
916 4699 1015 4737 suo
1046 4683 1277 4738 Palatio.
1310 4701 1412 4740 ms.
1458 4685 1793 4747 Diapsalma.

593 4758 615 4789 ²
643 4755 866 4810 Rectius
892 4753 1132 4807 fermein
1169 4756 1357 4808 eodem
1389 4770 1492 4808 ms.
1526 4765 1659 4809 utet
1686 4757 1930 4811 llomana
1962 4757 2080 4813 edi-

490 4814 662 4879 'tione
690 4825 965 4891 opposita,
993 4825 1060 4876 Et
1088 4824 1270 4895 eduxit
1297 4840 1494 4893 aquam
1534 4825 1597 4895 de
1624 4835 1796 4895 petra,
1828 4838 1876 4879 et
1911 4828 2079 4881 dedu-

512 4899 584 4950 xit
616 4906 895 4968 tanquam,
932 4906 1042 4968 etc.
1090 4893 1276 4948 Graece
1309 4911 1324 4950 :
1360 4896 1468 4968 Kc}
1495 4893 1767 4965 ἐξήγαγεν
1818 4896 1964 4968 ὕδωρ
2016 4901 2081 4950 ἐκ

511 4969 722 5035 πέτρας
754 4967 846 5035 καὶ
877 4965 1215 5033 κατήγαγεν,
1261 4981 1315 5016 κ.
1355 4982 1404 5016 τ.
1442 4965 1493 5018 λ.

599 5034 845 5089 "Verius
881 5035 1078 5088 iterum
1116 5037 1319 5101 absque
1370 5036 1530 5089 obelo
1555 5034 1747 5097 Carus.
1802 5048 1858 5092 et
1916 5037 2084 5092 Pala-

515 5109 669 5161 tinus
696 5120 798 5158 ms.
832 5105 1043 5173 legunt,
1063 5105 1526 5174 quemadmodum
1552 5116 1609 5161 et
1631 5108 1682 5159 in
1707 5108 1896 5163 Graeco
1918 5124 2083 5160 κατε-

513 5178 804 5247 λάλησιγ)
827 5184 1051 5247 constat
1078 5189 1271 5247 nempe
1298 5192 1363 5228 es
1396 5178 1662 5231 orationis
1686 5181 1827 5231 serie
1870 5179 1984 5247 ipsa
2019 5192 2083 5230 ac

514 5244 685 5304 senisu
745 5244 1034 5299 Hebraeum
1098 5245 1325 5316 verbum
1356 5256 1470 5303 ’τῆ
1526 5247 1597 5300 ibi
1642 5248 1865 5316 perinde
1892 5244 2043 5303 esse
2073 5286 2089 5313 ,

520 5328 690 5387 atque
720 5316 968 5383 obloqui,
993 5331 1087 5368 seu
1123 5315 1261 5369 male
1288 5316 1353 5367 'le
1378 5318 1565 5383 aliquo
1597 5315 1764 5383 inqui.

609 5392 631 5420 ⁵
690 5386 848 5441 ilaud
893 5388 1033 5439 bene
1094 5384 1182 5438 hic
1234 5386 1517 5439 Palatinus
1577 5401 1681 5438 ms.
1743 5396 1791 5437 et
1838 5388 2085 5453 copulant

524 5459 689 5515 obelo
741 5457 978 5525 jugulat,
1004 5456 1075 5523 let
1132 5453 1489 5522 subsequenti
1548 5454 1731 5509 versui
1769 5457 1920 5509 addit
1960 5456 2092 5511 Dia-

554 5531 749 5583 salma.

517 5550 974 5651 ν³ἱ¹¹ἶίξ”ἰιυι›ιιωο
1020 5608 1144 5648 cum
1192 5593 1575 5662 praepositione
1628 5604 1712 5649 est
1739 5578 1977 5657 ambus.
2036 5597 2089 5649 in

522 5669 630 5720 Deo
667 5685 683 5720 :
732 5677 900 5735 atque
929 5668 1068 5720 adeo
1100 5679 1382 5731 perperam
1418 5664 1765 5720 Martiana-us
1805 5682 1923 5719 eam
1960 5683 2092 5733 prtu-

522 5739 843 5803 posittoncm
896 5752 1027 5788 veru
1088 5744 1501 5801 prtenotaverat,
1536 5735 1680 5803 quod
1738 5753 1837 5790 nos
1878 5738 1942 5790 ad
1982 5753 2085 5790 tns.

525 5821 741 5878 quoque
767 5806 995 5863 Palatini
1026 5807 1184 5859 tidem
1210 5804 1552 5859 sustulimus.

2110 4525 2162 4592 D

2180 3265 2396 3333 aperuit
2426 3282 2443 3329 ;
2508 3264 2647 3333 pluit
2678 3265 2787 3329 illis
2819 3280 3017 3317 manna
3040 3264 3400 3318 manducare.

2251 3354 2453 3410 Panem
2491 3355 2617 3410 cmii
2654 3355 2675 3388 ⁸
2704 3355 2855 3409 dedit
2886 3356 2986 3421 eis,
3020 3370 3214 3425 panem
3250 3355 3573 3425 angelorum
3603 3372 3756 3418 man-

2184 3448 2407 3509 ducavit
2442 3447 2605 3502 homo
2634 3464 2649 3510 ;
2674 3446 3166 3509 frumentationem
3202 3447 3351 3502 misit
3384 3449 3469 3504 eis
3501 3447 3560 3502 in
3589 3449 3761 3503 abunq

2184 3540 2367 3596 dantia
2401 3557 2416 3594 :

2256 3720 2322 3779 Et
2356 3718 2612 3775 excitavit
2640 3727 2886 3773 austrum
2915 3716 2982 3771 de
3014 3714 3154 3773 coelo
3181 3732 3195 3770 :
3231 3723 3287 3771 et
3315 3714 3535 3773 induxit
3570 3716 3625 3769 in
3658 3715 3761 3768 vir~

2188 3822 2304 3868 tute
2334 3828 2430 3865 sua
2462 3811 2732 3865 Alricum.

2256 3904 2321 3958 Et
2375 3898 2513 3973 pluit
2564 3919 2731 3975 super
2775 3919 2872 3959 eos
2921 3906 3063 3960 sicut
3110 3904 3389 3974 pulverem
3436 3918 3678 3960 carnes:
3714 3911 3768 3963 et

2186 3999 2329 4051 sicut
2356 4012 2580 4050 arenam
2612 3998 2777 4050 maris
2811 3996 3057 4050 volatilia
3090 4006 3348 4067 pennata.

2264 4090 2328 4145 Et
2372 4089 2691 4143 ceciderunt
2724 4094 2776 4143 in
2816 4088 2997 4143 medio
3030 4100 3343 4145 castrorum
3376 4106 3597 4154 eorum,
3620 4090 3767 4145 circa

2192 4181 2540 4234 tabernacula
2572 4196 2785 4236 eorum.

2264 4273 2328 4327 Et
2359 4273 2845 4338 manducaverunt,
2878 4284 2932 4329 et
2959 4275 3194 4345 saturati
3227 4288 3355 4329 sunt
3382 4276 3576 4339 nimis,
3596 4284 3655 4329 et
3682 4276 3773 4327 de-

2190 4365 2453 4420 siderium
2487 4380 2679 4419 corum
2706 4366 2892 4420 attulit
2918 4366 3001 4421 eis
3032 4385 3043 4421 :
3076 4377 3130 4421 et
3162 4383 3269 4424 non
3309 4377 3436 4423 sunt
3463 4366 3710 4427 fraudati
3742 4382 3771 4418 a

2189 4456 2466 4515 desiderio
2502 4472 2621 4513 suo.

2268 4685 2287 4714 ⁸
2334 4684 2634 4765 Rescripsit
2684 4684 2908 4754 sequior
2942 4685 3150 4741 codicis
3182 4687 3412 4743 Palatini
3444 4689 3779 4743 emendator

2196 4772 2362 4811 arena
2406 4771 2458 4808 Ill
2500 4765 2671 4809 I'BCIO.

2266 4826 2284 4855 ⁷
2310 4823 2511 4899 Veron.
2537 4839 2652 4899 ‘ms.
2672 4840 2789 4899 ,_ex
2810 4826 3109 4895 antiquarii
3140 4835 3320 4883 tamen
3349 4844 3564 4892 errore,
3597 4845 3782 4899 pecca-

2198 4904 2357 4957 tores,
2374 4904 2421 4947 et
2446 4896 2497 4946 in
2531 4894 2669 4953 iram
2694 4896 2836 4963 ipro
2860 4894 3075 4963 peccare
3090 4899 3157 4961 ei,
3181 4907 3291 4951 etc.
3310 4899 3569 4962 Inferius,
3598 4894 3783 4951 detra-

2202 4974 2396 5019 munt
2441 4963 2569 5029 Deo,
2605 4981 2704 5033 pro
2737 4966 2878 5019 Male
2915 4967 3076 5021 locuti
3097 4979 3220 5021 sunt
3244 4968 3306 5020 de
3346 4967 3474 5033 Deo,
3516 4984 3586 5021 ac
3621 4971 3783 5022 dein-

2204 5042 2296 5098 de.
2329 5035 2652 5089 induxerunt
2692 5051 2790 5101 pro
2826 5039 3238 5091 inundaverant.
3288 5038 3423 5090 Tum
3476 5040 3667 5093 altero
3718 5040 3785 5091 ab

2206 5105 2546 5180 lioc___versu
2590 5116 2746 5180 taret
2798 5117 2852 5180 et
2915 5110 3301 5180 superposuit:
3358 5107 3787 5180 deniquedegit

2203 5174 2555 5229 Crediderunt
2584 5176 2637 5228 in
2669 5174 2914 5240 Domino,
2947 5193 3038 5234 nec
3060 5174 3401 5248 speraverant
3433 5180 3487 5231 in
3514 5174 3784 5230 salutari

2200 5262 2339 5317 suo,
2705 5300 2729 5317 .

2272 5315 2293 5347 '
2328 5316 2383 5369 lu
2415 5317 2609 5371 eodem
2668 5315 2793 5383 ms,
2839 5318 3171 5381 Portas’caeli
3219 5318 3450 5387 aperuit.
3485 5329 3541 5370 et
3579 5335 3787 5371 manna

2203 5388 2270 5457 a_d
2303 5388 2734 5440 manducandum
2770 5388 2923 5457 pluit.
2963 5388 3028 5440 Et
3061 5404 3249 5455 panem
3272 5389 3404 5447 caeli,
3442 5395 3559 5441 etc.
3592 5405 3608 5452 ;
3642 5400 3787 5451 tum,

2205 5455 2641 5510 ['rnmentatione
2672 5455 2809 5512 misit
2836 5461 2907 5511 eis
2947 5458 3352 5510 abundantiam.
3380 5457 3659 5511 Excitavit
3693 5476 3793 5511 au-

2203 5535 2394 5589 strum,
2414 5539 2519 5580 etc.
2544 5528 2720 5595 Atque
2746 5528 2906 5591 inira,
2928 5527 2993 5581 In
3013 5528 3179 5581 medio
3197 5542 3490 5595 castrorum
3514 5529 3790 5594 ipsorum,

2205 5597 2258 5648 in
2286 5598 2509 5667 circuitu
2543 5594 3010 5651 tabernaculorum
3040 5613 3295 5659 suorum;
3325 5608 3377 5649 et
3409 5594 3794 5667 subsequentt

2204 5681 2388 5727 \ersu,
2428 5666 2542 5719 Non
2566 5680 2642 5720 est
2680 5668 2997 5736 denegatum
3024 5671 3095 5720 eis
3145 5668 3458 5720 desiderium
3507 5666 3792 5733 ipsarum.

2202 5737 2381 5816 Adhuc
2406 5753 2525 5790 cum
2546 5753 2663 5791 esca
2684 5748 2815 5791 esset
2833 5740 2885 5791 in
2907 5754 2993 5793 ore
3010 5754 3212 5805 eorum,
3232 5750 3278 5791 et
3303 5740 3383 5791 ira
3412 5736 3508 5791 Ι)σί
3542 5740 3792 5795 ascendit

2199 5823 2249 5861 ιη
2288 5824 2389 5861 (οδ.
