3958 6176
210 380 339 443 ἳττ

1461 372 1694 433 LIBER
1757 368 2246 434 PSALMORUM.
3366 368 3483 428 278:

296 499 486 552 Adhuc
513 509 637 550 escit
666 509 844 548 eorum
874 494 894 525 ί
931 496 1085 546 erant
1108 488 1166 542 iu
1199 502 1288 542 ore
1312 487 1550 559 ipsorum
1582 504 1599 542 :
1627 494 1676 540 et
1709 486 1789 539 ira
1820 486 1867 542 Δ
1970 490 2162 545 Adhuc
2194 506 2320 545 csca
2359 504 2556 546 eorum
2587 495 2707 544 erat
2739 487 2795 540 in
2844 499 2941 541 ore
2986 483 3230 554 ipsorum
3258 497 3273 535 :
3305 489 3361 536 et
3391 482 3471 535 ira

218 590 332 644 Dei
360 586 587 641 ascendit
615 601 769 654 super
799 599 906 637 eos.

300 684 379 733 Et
405 678 591 732 occidit
619 677 833 746 pingues
880 690 1079 741 eorum,
1116 682 1164 727 et
1206 671 1394 726 electos
1426 667 1602 724 Israel
1628 668 1792 736 impe-

218 774 384 824 dicit.

300 863 379 915 In
403 860 637 914 omnibus
679 860 762 911 his
787 866 1127 928 peccauerunt
1159 855 1327 909 adhuc
1362 868 1379 906 :
1428 861 1478 907 et
1503 867 1605 904 non
1633 848 1799 902 credi—

218 957 424 1008 derunt
456 968 512 1007 οι-
547 955 597 1004 in
624 956 644 985 ⁸
672 953 694 1019 1
735 950 1063 1002 mirabilibus
1101 950 1237 1017 ejus.

302 1044 376 1097 Et
418 1042 713 1110 defecerunt
766 1041 820 1091 in
866 1040 1105 1091 vanitate
1145 1037 1254 1090 dies
1291 1050 1470 1088 eorum

224 1152 283 1187 eo
293 1152 419 1187 rum
459 1149 574 1185 cum
604 1132 789 1199 festina
802 1132 959 1182 tione.

301 1224 443 1278 Cum
489 1222 738 1274 occideret
784 1235 890 1281 eos,
947 1218 1252 1288 qurerebant
1286 1233 1404 1269 eum
1438 1232 1456 1271 :
1496 1225 1545 1268 et
1580 1222 1803 1268 reverte-

225 1318 452 1375 bantur,
486 1322 534 1365 et
565 1311 797 1364 diluculo
829 1311 1101 1363 veniebant
1131 1311 1199 1361 ad
1228 1309 1394 1361 Deum
1419 1308 1460 1361 ⁸.

309 1406 380 1457 Ει
417 1405 689 1458 memorati
720 1410 842 1455 sunt
875 1404 998 1463 quia
1027 1402 1165 1454 Deus
1204 1402 1421 1469 adjutor
1456 1413 1515 1455 +
1543 1408 1615 1451 est
1644 1400 1667 1466 1
1715 1412 1804 1450 eo-

227 1514 354 1550 rum
381 1514 400 1550 :
427 1508 474 1550 et
509 1496 643 1547 Deus
666 1495 901 1548 excelsus
924 1495 1218 1562 redemptor
1236 1510 1415 1545 eorum
1444 1507 1504 1546 -ι-
1541 1499 1617 1544 est
1658 1491 1698 1557 ξε

308 1587 380 1641 ει
403 1588 701 1641 dilexerunt
731 1602 848 1638 eum
870 1585 926 1637 in
956 1601 1043 1638 ore
1068 1601 1189 1647 suo,
1239 1595 1287 1636 et
1321 1584 1498 1652 lingua
1532 1598 1630 1634 sua
1659 1595 1804 1632 men-

230 1681 321 1733 titi
355 1692 483 1732 sunt
516 1679 583 1730 ei.

302 1768 414 1823 Cor
458 1779 634 1821 autem
663 1783 845 1822 eorum
900 1783 1003 1819 non
1049 1774 1163 1819 erat
1194 1776 1392 1819 rectum
1430 1781 1548 1818 cum
1579 1780 1637 1817 eo
1668 1779 1685 1818 :
1717 1779 1808 1817 nec

233 1860 420 1927 ﬁdeles
449 1860 612 1911 habiti
651 1868 773 1912 sunt
817 1860 871 1910 in
906 1866 1215 1911 testamento
1248 1857 1386 1924 ejus.

314 1950 434 2019 Ipse
483 1959 656 2001 autem
692 1961 754 2003 -t-
778 1956 855 1999 est
885 1947 907 2014 1
960 1948 1270 2008 misericors,
1324 1960 1385 2000 σξ-
1413 1956 1460 1998 et
1492 1947 1517 2015 1
1547 1946 1801 2014 propitius

235 2043 328 2109 ﬁet
360 2039 588 2107 peccatis
614 2052 675 2092 -ι-
712 2053 892 2090 eorum
922 2037 946 2104 1
969 2046 1016 2088 et
1034 2052 1137 2088 non
1161 2035 1421 2104 disperdet
1449 2046 1511 2088 -ι-
1534 2049 1620 2086 eos
1648 2036 1667 2063 ⁵
1697 2034 1720 2099 1

327 2131 394 2183 Et
419 2130 707 2183 abundauit
741 2141 796 2181 ut
830 2138 1089 2181 auerteret
1122 2130 1261 2180 iram
1291 2142 1479 2182 suam:
1511 2135 1558 2178 et
1580 2141 1680 2177 non
1703 2142 1804 2177 ac-

238 2226 413 2276 cendit
445 2238 649 2273 onmem
680 2221 818 2273 iram
845 2235 1024 2273 suam.

312 2312 378 2366 Et
400 2312 704 2363 recordatus
734 2320 806 2363 est
840 2311 960 2377 quia
990 2326 1112 2363 caro
1142 2320 1260 2363 sunt
1293 2328 1313 2375 ;
1343 2312 1563 2381 spiritus
1590 2310 1805 2372 uadens,

236 2413 289 2459 et
316 2420 418 2456 non
436 2402 642 2454 rediens
667 2402 708 2453 ⁸.

318 2492 534 2557 Quoties
586 2488 1031 2543 exacerbauerunt
1062 2501 1180 2538 eum
1222 2484 1276 2536 in
1310 2483 1555 2538 deserto!
1586 2486 1641 2539 in
1671 2488 1807 2541 iram

237 2584 368 2655 [ms.
402 2581 509 2650 ira}
533 2580 923 2633 concitaverunt
947 2591 1061 2629 eum
1088 2575 1141 2627 in
1171 2573 1465 2641 inaquoso.’

318 2673 386 2727 Et
415 2671 647 2723 conversi
694 2676 839 2732 sunt,
886 2675 935 2719 et
967 2672 1301 2718 tentaveruut
1359 2660 1518 2714 Deum
1546 2662 1641 2718 ἵει
1673 2664 1815 2721 San.

234 2774 385 2818 ctum
414 2760 586 2814 Israel
620 2756 1061 2811 exacerbauerunt
1085 2752 1108 2804 Ἰ

319 2853 445 2907 Non
481 2862 602 2906 sunt
651 2849 915 2904 recordati
956 2866 1141 2905 manus
1176 2852 1309 2920 ejus,
1353 2854 1438 2908 die
1463 2869 1566 2923 qua
1596 2853 1813 2908 redemit

237 2965 330 3003 eos
358 2946 423 2999 de
449 2959 512 3000 ot-
546 2960 707 2995 manu
736 2945 759 3013 1
793 2942 1115 2999 tribulantis.

317 3039 468 3095 Sicut
494 3040 665 3106 posuit
692 3035 988 3107 inEgypto
1018 3038 1171 3107 signa
1200 3054 1297 3092 sua
1322 3054 1341 3093 :
1371 3048 1419 3094 et
1452 3041 1690 3110 prodigia
1719 3056 1815 3094 sua

239 3136 299 3184 in
332 3147 523 3199 campo
552 3129 770 3184 Taneos.

316 3224 393 3280 Et
426 3223 682 3276 convertit
720 3222 772 3274 iu
801 3221 1114 3291 sanguinem
1152 3223 1378 3293 ﬂumina
1411 3238 1614 3290 eorum,
1646 3234 1693 3278 et
1721 3226 1817 3279 im-

238 3317 363 3370 bres
398 3331 575 3369 eorum
613 3315 655 3376 ‘,
701 3329 762 3365 ne
795 3312 1048 3367 biberent.

1519 1048 1537 1086 :
1577 1040 1624 1085 et
1671 1030 1798 1083 anni

323 3542 341 3570 ³
376 3535 580 3607 lnjuria
616 3549 912 3604 pronomen
964 3550 1167 3599 eorum,
1206 3535 1351 3603 quod
1399 3545 1485 3590 est
1531 3546 1587 3591 et
1628 3537 1679 3589 in
1713 3537 1823 3592 He-

245 3633 399 3685 brazn
419 3613 592 3689 Utrm.
612 3627 894 3696 Palatinus
916 3641 1018 3679 ms.
1038 3635 1093 3680 et
1113 3624 1285 3680 Carus
1317 3625 1477 3679 obolo
1496 3637 1822 3696 prrmmlant.

324 3705 348 3731 ²
388 3700 501 3752 lmo
538 3711 667 3749 vero
697 3695 964 3749 asterisco
995 3696 1370 3761 praenotanda,
1392 3695 1508 3749 non
1531 3697 1714 3759 obelo,
1737 3708 1830 3753 est

246 3773 309 3823 in
345 3767 687 3837 prapositio,
714 3781 832 3834 qua:
853 3775 909 3819 et
933 3767 985 3817 in
1016 3763 1283 3819 Hebraico
1306 3766 1573 3820 vocabulo
1607 3777 1828 3822 resonat

243 3847 569 3921 19m;
606 3857 757 3912 abest
792 3865 974 3910 autem
1012 3871 1037 3909 ο
1068 3861 1259 3911 Grazco
1295 3866 1471 3911 textu.

322 3933 345 3961 ³
383 3930 784 3997 Rosc-ripsimus
830 3924 1000 3997 Deum
1048 3941 1145 3993 pro
1180 3942 1318 3991 eum,
1376 3927 1441 3980 ad
1477 3929 1681 3985 codicis
1724 3928 1830 3984 Pa-

246 4002 415 4053 latini
474 3995 661 4069 tidem,
684 3995 896 4051 ‘Graeco
929 3996 1070 4069 ipso
1106 4003 1253 4069 textu
1286 4006 1534 4069 cogente,
1571 4000 1711 4069 πρὸς
1739 4000 1832 4052 τὸν

242 4071 420 4122 Θεὸν.
457 4067 559 4133 Qui
590 4065 941 4133 subsequenti
978 4079 1144 4118 versu
1174 4066 1283 4120 duo
1315 4066 1459 4121 obeli
1495 4065 1663 4122 verbo
1695 4069 1831 4123 sub-

246 4140 503 4193 stamivo
530 4136 733 4204 praefixi
762 4143 911 4198 sunt,
933 4133 987 4187 in
1011 4134 1202 4188 eodem
1224 4150 1326 4190 ms.
1355 4144 1411 4190 et
1429 4135 1555 4192 Cari
1586 4140 1833 4193 editione

244 4209 651 4263 desiderantur
710 4224 725 4263 :
780 4204 1062 4274 subiungit
1121 4216 1301 4260 autem
1372 4221 1476 4260 ms.
1545 4209 1635 4263 ille
1700 4208 1835 4261 Dia-

244 4278 495 4348 psalma.

332 4369 357 4399 ⁵
386 4369 560 4434 Atque
587 4365 676 4420 hic
706 4366 823 4420 sine
844 4367 1005 4421 obelo
1029 4365 1313 4420 Palatinus
1335 4381 1436 4419 ms.
1468 4366 1620 4436 legit,
1654 4368 1837 4423 minus

247 4450 432 4492 recte.
471 4436 710 4489 Alterum
747 4436 893 4503 quod
954 4436 1310 4505 subsequitur
1358 4451 1445 4489 eos
1506 4452 1832 4503 pronomen,

1905 582 1999 636 Dei
2030 582 2278 636 ascendit
2303 596 2471 649 super
2499 595 2616 636 eos.

1978 677 2043 731 Et
2074 675 2277 730 occ’dit
2303 672 2570 744 plurimos
2592 684 2784 725 eorum
2810 686 2826 724 :
2858 677 2914 724 et
2945 667 3151 722 electos
3178 663 3344 720 Israel
3376 664 3476 719 im-

1906 771 2135 840 petlit’it.

1977 863 2037 916 lu
2065 862 2328 916 omnibus
2361 860 2447 914 his
2477 865 2841 928 peccaverunt
2868 854 3047 908 adhuc
3076 869 3092 909 ;
3124 861 3180 907 et
3212 865 3319 905 non
3353 864 3473 904 cre-

1910 953 2170 1006 didernnt
2201 951 2253 1004 in
2284 948 2406 1022 [ms.
2440 956 2543 1003 tac.
2570 947 2649 1018 in]
2677 946 3019 1000 mirabilibus
3048 944 3192 1013 ejus.

1986 1045 2049 1099 Et
2078 1045 2405 1098 defecerunt
2454 1041 2508 1094 in
2536 1039 2776 1094 vanitate
2811 1038 2927 1091 dies
2969 1051 3159 1090 eorum
3189 1051 3204 1089 :
3240 1042 3295 1088 et
3341 1031 3469 1085 anni

1906 1153 2099 1192 eorum
2132 1151 2257 1189 cum
2297 1132 2611 1187 festinantia
2642 1129 2765 1198 [ms.
2800 1124 3194 1198 festinatione].

1979 1231 2116 1282 Cum
2145 1226 2426 1281 occideret
2478 1239 2615 1285 eos,
2663 1231 2797 1276 tunc
2853 1218 3212 1289 inquirebant
3248 1230 3374 1269 eum
3418 1221 3475 1267 et

1909 1317 2390 1380 convertebantur,
2429 1323 2484 1368 ct
2510 1322 2637 1367 ante
2659 1312 2835 1366 lucem
2866 1309 3155 1364 veniebant
3192 1305 3259 1359 ad
3282 1306 3473 1359 Deum.

1984 1410 2048 1463 Et
2080 1405 2363 1462 memorati
2407 1414 2535 1458 sunt
2615 1402 2742 1471 quia
2790 1401 2934 1453 Dens
2983 1399 3003 1430 '
3034 1398 3255 1467 adjutor
3284 1410 3501 1449 eorum.

1912 1510 1996 1555 est
2025 1516 2040 1554 z
2076 1506 2131 1552 et
2167 1497 2306 1549 Dens
2335 1493 2590 1547 excelsus
2618 1490 2883 1544 liberator
2903 1501 3096 1541 eorum
3126 1492 3231 1539 est.

1985 1594 2052 1647 Et
2104 1590 2418 1644 dilexerunt
2453 1599 2578 1639 eum
2615 1582 2670 1636 in
2723 1595 2819 1634 ore
2874 1594 2977 1633 suo
3018 1586 3119 1631 :ct
3169 1576 3353 1645 lingua
3380 1586 3478 1628 sua

1915 1682 2131 1739 mentiti
2159 1690 2288 1733 sunt
2319 1678 2391 1732 ei.

1984 1776 2092 1828 Cor
2117 1781 2298 1825 autem
2333 1783 2525 1823 eorum
2558 1780 2670 1819 non
2699 1773 2818 1818 erat
2848 1772 3054 1816 rectum
3085 1777 3209 1816 cum
3236 1774 3304 1814 eo
3333 1776 3347 1813 :
3377 1773 3481 1814 nec

1839 1834 1879 1886 Β
1913 1868 2048 1921 ﬁdes
2076 1864 2255 1917 habita
2286 1870 2371 1916 est
2405 1859 2514 1913 illis
2547 1857 2602 1910 in
2636 1862 2966 1910 testamento
2995 1854 3134 1921 ejus.

1980 1956 2103 2027 Ipse
2134 1964 2314 2007 autum
2351 1958 2435 2005 est
2470 1949 2805 2008 misericors,
2842 1955 2897 1998 et
2929 1944 3197 2012 propitius
3223 1942 3315 1997 ﬁet
3350 1956 3481 2011 pec-

1914 2049 2052 2102 catis
2079 2057 2291 2104 eorum,
2324 2049 2380 2094 et
2413 2052 2525 2091 non
2560 2034 2838 2104 disperdet
2862 2048 2977 2088 eos.

1987 2142 2049 2194 Et
2085 2131 2470 2203 multiplicavit
2501 2140 2561 2183 ut
2591 2135 2871 2182 averteret
2902 2127 3038 2181 iram
3071 2142 3223 2180 suam
3253 2126 3323 2180 ab
3348 2126 3429 2180 eis
3462 2141 3501 2180 :-

1913 2244 1966 2287 et
2002 2246 2108 2284 non
2143 2224 2392 2282 accendit
2424 2234 2643 2275 onmem
2673 2219 2810 2273 iram
2840 2233 3012 2271 suam.

1987 2322 2051 2374 Et
2084 2321 2416 2371 memoratus
2442 2318 2525 2364 est
2543 2308 2672 2377 quia
2701 2304 2822 2377 [ms.
2844 2304 3130 2377 quoniam]
3152 2321 3280 2361 caro
3302 2314 3439 2361 sunt
3463 2326 3479 2362 ε

1916 2414 2144 2479 spiritus
2172 2406 2401 2459 vadens.
2427 2408 2490 2455 et.
2510 2413 2617 2452 non
2649 2396 2864 2451 rediens
2892 2395 3015 2467 [ms.
3047 2395 3375 2468 revertens].

1988 2502 2212 2570 Quoties
2240 2495 2707 2552 cxacerbaverunt
2728 2505 2854 2545 eum
2884 2491 2939 2544 in
2970 2491 3223 2545 deserto!
3259 2491 3311 2545 in
3345 2491 3489 2544 iran

1917 2596 2327 2654 concitaverunt
2352 2600 2478 2642 eum
2510 2585 2565 2638 in
2599 2582 2890 2638 terrasine
2918 2595 3059 2649 aqua
3089 2582 3102 2634 !

1991 2687 2061 2741 Et
2094 2678 2342 2736 conversi
2378 2683 2530 2738 sunt,
2559 2681 2619 2729 et
2645 2678 2996 2727 tentaverunt
3020 2670 3187 2723 Deum
3201 2670 3301 2724 ‘let
3348 2670 3486 2726 San-

1919 2790 2069 2839 ctum
2098 2773 2266 2830 Israel
2296 2766 2772 2825 exacerbaverunt
2797 2763 2821 2816 ἲ

1988 2874 2106 2928 Non
2135 2876 2261 2924 sunt
2290 2857 2561 2917 recordati
2593 2866 2790 2908 manus
2825 2852 2944 2922 ejus
2965 2892 2978 2916 ,
3011 2866 3117 2920 qua
3146 2851 3234 2906 die
3283 2851 3495 2907 libera-

1923 2968 2001 3023 vit
2029 2978 2128 3019 eos
2160 2959 2227 3013 de
2255 2968 2421 3009 manu
2457 2945 2776 3005 tribulantis
2810 2945 2852 2999 ³.

1995 3057 2152 3112 Sicut
2198 3046 2383 3119 posuit
2416 3042 2471 3097 in
2503 3039 2739 3113 Egypto
2771 3038 2923 3104 signa
2956 3052 3054 3091 sua
3098 3052 3115 3095 ;
3148 3047 3204 3092 et
3238 3036 3507 3108 prodigia.

1844 3174 1887 3231 ο
1921 3150 2103 3218 suain
2132 3153 2326 3209 campo
2360 3135 2596 3231 Taneos.

1993 3231 2284 3302 Convertit
2312 3229 2369 3283 in
2402 3220 2724 3291 sanguinem
2761 3216 2991 3273 ﬂumina
3016 3230 3207 3272 eorum
3228 3256 3245 3282 ,
3283 3224 3339 3271 et
3366 3216 3487 3286 plu-

1924 3337 2100 3396 viales
2127 3337 2298 3397 aquas
2327 3328 2517 3373 eorum
2537 3351 2552 3377 ,
2588 3326 2655 3367 ne
2682 3309 2961 3366 biberent.

1999 3556 2019 3588 ⁸
2059 3543 2394 3610 Veronensis
2446 3554 2548 3596 ms.
2589 3556 2604 3593 :
2661 3537 2731 3610 Et
2784 3553 2886 3610 non
2919 3545 3040 3610 sunt
3080 3552 3332 3610 memores
3368 3538 3494 3610 fagi

1931 3606 2118 3680 manus
2145 3620 2257 3688 ejus
2282 3616 2365 3668 die
2380 3628 2495 3688 quo_
2508 3608 2747 3662 redemit.
2778 3607 2963 3688 altero
2985 3608 3052 3659 ab
3079 3607 3183 3688 ειυς
3216 3621 3400 3667 versu,
3430 3606 3494 3688 {Et

1929 3675 2186 3750 conuerti;
2213 3689 2268 3739 in
2305 3675 2614 3750 sanguinem
2663 3675 2805 3750 :_ad
2862 3690 3033 3750 quem
3071 3677 3260 3750 locum
3312 3676 3494 3750 recole

1931 3742 2221 3830 'A'u—éuslini
2249 3742 2853 3830 enarr'ationcmﬂum,
2873 3742 3103 3796 Immisit
3122 3761 3206 3824 eos
3230 3746 3495 3830 cynomia,

1932 3814 2047 3903 pro"
2072 3823 2448 3903 Acynomyiant,
2512 3824 2607 3869 aut
2658 3814 3244 3903 veriusyeuomyitnu.
3283 3829 3300 3864 :
3347 3815 3493 3903 quod

1934 3881 2538 3955 :ocabulumvl’ortasse
2556 3898 2674 3955 non
2710 3881 2907 3955 veteris
2935 3881 3140 3955 Latinae
3170 3882 3497 3955 interpreta-

1936 3950 2122 4027 tionis,
2150 3962 2246 4018 sed
2269 3954 2599 4027 recentior_is_
2621 3950 3025 4027 emendationis
3056 3954 3335 4027 proprium
3368 3950 3495 4027 fuit.

1934 4021 1994 4095 ld
2018 4021 2084 4091 ex
2113 4021 2449 4110 Hieronymo
2474 4022 2655 4090 colligi
2680 4036 2837 4102 posse
2860 4030 3086 4101 autumo
3108 4030 3220 4073 tum
3243 4023 3346 4100 hoc
3379 4021 3497 4099 ipso

1936 4089 2200 4163 ves—loco.
2254 4089 2345 4153 ubi
2401 4089 2636 4148 muscam
2682 4089 2933 4163 caninam
2983 4089 3036 4142 in
3069 4090 3494 4163 cwnomyianriu

1938 4158 2283 4232 accuratiore
2336 4167 2503 4221 altera
2558 4159 2938 4232 recognitione
2964 4173 3067 4232 sua
3099 4158 3495 4232 commutavit:

1941 4228 2067 4300 {diu
2096 4257 2229 4297 vero
2260 4233 2596 4300 lnculentius
2625 4246 2691 4283 ex
2721 4230 2884 4298 epist.
2919 4229 3022 4285 106
3057 4231 3125 4281 ad
3158 4228 3419 4300 Sunniam
3450 4240 3499 4280 et

1944 4299 2220 4369 Fretelam
2250 4310 2302 4362 in
2337 4307 2465 4365 line.
2508 4299 2601 4356 ubi
2643 4300 2865 4353 Latinos
2911 4309 3036 4355 ante
3081 4299 3499 4369 seAintcrpretes

1942 4366 2117 4443 uolat,
2150 4379 2295 4449 quod
2327 4371 2918 4449 inuscam_cartiiiantex
2946 4382 3113 4449 prava
3138 4366 3317 4449 Qru'ci
3344 4382 3502 4419 voca-

1946 4436 2057 4509 buli
2086 4436 2320 4505 dlce-tione
2346 4444 2761 4499 transtulerunt.
2794 4436 3367 4509 sKoWépmaannit,
3391 4452 3499 4509 non

247 4507 487 4582 tametsi
525 4520 699 4573 neque
734 4506 788 4558 in
827 4505 1020 4582 Graeco
1063 4506 1153 4567 sit,
1193 4505 1438 4582 additum
1479 4519 1508 4558 a
1542 4506 1821 4582 scrutetur

1955 4505 2203 4577 ll—thlilll
2245 4512 2584 4582 interpretati
2628 4517 2789 4582 sunt,_
2817 4505 3260 4582 ntusca_canina'
3301 4505 3502 4582 dicitur

248 4579 748 4653 llierouymushue
796 4576 1056 4653 sententia
1108 4575 1352 4653 pendeat,
1386 4584 1441 4628 et
1478 4583 1536 4627 ut
1572 4574 1825 4629 Latinum

245 4659 575 4703 sermonem
607 4644 702 4697 su'a
734 4644 1064 4712 proprietate
1107 4644 1430 4712 compleret.

327 4717 352 4748 ⁵
391 4714 594 4768 lterum
624 4719 761 4767 male
787 4713 912 4767 cod.
936 4713 1168 4767 Palatin.
1195 4713 1259 4766 Et
1281 4714 1524 4767 voculam
1554 4713 1791 4780 ὀϐελίζει
1815 4730 1828 4765 :

246 4786 526 4855 additque
556 4782 609 4835 in
644 4786 749 4837 line
786 4797 976 4855 versus
1010 4782 1344 4851 Diapsalma.

326 4856 350 4882 ⁸
383 4852 670 4906 Immerito
718 4852 845 4906 cod.
895 4852 1036 4905 idem
1104 4867 1234 4906 veru
1304 4861 1573 4920 praznotat
1630 4868 1833 4922 prono-

250 4940 389 4978 men
436 4936 662 4984 eorum;
719 4922 1073 4987 subsequenti
1124 4928 1307 4975 autem
1360 4938 1521 4976 versu
1561 4937 1627 4976 ex
1662 4923 1833 4976 veteri

244 4993 570 5062 scribarum
595 5005 781 5062 errove
812 4991 1110 5062 cynomiam
1166 5003 1263 5058 pro
1282 4993 1643 5062 Acimnamyiam
1675 4992 1831 5061 legit.

328 5064 350 5091 '
398 5061 585 5114 Codex
621 5059 975 5131 Veronensis.
1010 5059 1144 5114 Cum
1180 5060 1477 5131 occiderent
1503 5059 1618 5124 eos,
1661 5059 1836 5131 requi-

245 5133 448 5187 rebant
472 5146 614 5191 eum,
632 5137 681 5181 et
706 5130 1170 5190 conuertebantur,
1193 5139 1243 5182 et
1283 5130 1576 5199 vigilabant
1599 5128 1836 5185 diluculo

244 5205 325 5255 ad
365 5202 531 5254 Deum
580 5199 986 5277 (ms.,diluculo
1038 5200 1105 5257 ad
1127 5201 1332 5277 _eum).
1365 5199 1456 5277 ⁸Εε
1500 5203 1839 5277 rememorati

240 5283 382 5326 sunt
436 5266 690 5337 quoniam
749 5266 912 5339 Deus,
960 5278 1073 5339 etc.
1127 5266 1683 5339 TumSubsequenlis
1717 5286 1837 5324 ver-

242 5343 418 5397 siculi
452 5351 729 5408 postrema
759 5338 807 5390 ei
836 5338 1027 5396 vocula
1060 5339 1449 5407 praetermissa,
1482 5338 1658 5409 pergit
1685 5356 1700 5395 :
1730 5340 1833 5394 Cor

242 5424 439 5465 autem
469 5424 649 5461 eorum
684 5423 788 5459 non
829 5417 905 5460 εει
934 5420 1133 5461 rectum
1180 5424 1297 5461 cum
1330 5425 1411 5469 εο,
1444 5425 1536 5463 nec
1579 5411 1839 5463 creditum

239 5492 333 5536 est
368 5482 444 5532 eis
487 5487 864 5531 testamentum
893 5479 1028 5544 ejus.
1060 5477 1182 5546 Ipse
1221 5486 1296 5531 est
1325 5480 1463 5533 enim
1512 5480 1833 5546 misericors,

240 5562 295 5605 et
328 5550 596 5619 propitius
619 5548 717 5600 erit
749 5549 975 5615 peccatis
1000 5563 1201 5619 eorum,
1229 5556 1278 5600 et
1300 5564 1405 5602 non
1431 5550 1693 5618 disperdet
1725 5565 1836 5603 eos.

244 5618 335 5674 ει
375 5626 606 5687 apponet
664 5627 898 5670 avertere
949 5618 1367 5687 indignationem
1418 5634 1595 5683 suam,
1634 5627 1683 5673 et
1734 5636 1839 5672 non

244 5691 504 5744 accendet
531 5704 738 5741 omnem
761 5689 899 5745 iram
921 5704 1092 5740 suam.
1118 5687 1160 5742 Ε
1181 5688 1383 5757 quibus
1404 5689 1647 5758 qnzcdnm
1678 5690 1836 5751 uuicc

243 5779 382 5815 cum
421 5762 728 5827 Augustino
765 5768 1089 5810 consonant.

1976 4575 2036 4647 er
2063 4611 2092 4643 υ
2119 4591 2359 4645 Graecam
2392 4575 2630 4636 litteram
2657 4594 2671 4643 ;
2698 4577 2792 4647 sed
2812 4576 2963 4646 juxta
2992 4575 3321 4647 Hebraicam
3347 4576 3503 4647 intel-

1976 4610 2036 4647 οι·
2063 4611 2092 4643 υ
2119 4610 2359 4645 {graecam
2393 4610 2630 4636 ιιιιῦιαιιι
2657 4619 2671 4643 ,
2698 4610 2792 4630 δυυ
2812 4610 2963 4646 plau-
2994 4610 3310 4630 ιιυυιαιιιιιιι
3347 4610 3501 4628 ηιμ..-

1938 4610 2218 4728 ﬁgentiam
2255 4671 2350 4726 per
2378 4650 2672 4719 δίφθογγον
2704 4646 2866 4700 debet
2899 4645 3068 4700 scribi
3099 4661 3174 4710 0t,
3204 4656 3259 4728 ut
3282 4645 3353 4728 sit
3377 4646 3506 4728 liot-

1938 4715 2161 4801 ζμῖμυῖα,
2192 4715 2356 4781 ἱιΓεει
2389 4715 2559 4778 omne
2587 4730 2903 4796 muscarum
2934 4730 3129 4801 genus.
3153 4732 3170 4764 ι
3209 4715 3502 4801 Vetusi“:-

1938 4784 2046 4869 qu'e
2077 4784 2242 4854 lectio
2273 4804 2395 4850 erat
2428 4805 2608 4843 musca
2640 4787 2831 4868 canina
2862 4801 2881 4841 :
2912 4784 3269 4839 substitutum
3304 4784 3504 4839 deinde

1939 4857 2025 4925 est
2051 4870 2120 4923 ab
2146 4868 2479 4933 Hieronymo
2535 4857 2849 4933 creuomyia,
2888 4870 3050 4925 quam
3089 4868 3502 4933 rursusvoccui

1943 4924 1996 4993 in
2025 4924 2479 5009 cynomyiam'tut
2515 4929 2662 4995 prior
2693 4924 3261 5009 sensus'recurreret,
3296 4924 3503 5009 librarii

1942 4993 2347 5077 depFavariiut.
2368 4993 2602 5077 Quoquo
2632 5003 2900 5077 aut'emse
2929 4994 3199 5076 resmodo
3225 4993 3501 5071 habuerit.

1943 5062 2073 5133 hinc
2108 5079 2299 5142 liquet,
2338 5062 2669 5125 iszoinauo
2719 5062 2986 5142 Psalterio
3022 5064 3225 5142 potius,
3262 5079 3424 5132 quam
3450 5064 3505 5116 in

1946 5135 2248 5202 Veronensi
2282 5135 2473 5194 codice
2521 5148 2761 5188 veterem
2824 5135 3332 5202 interpretationem
3383 5148 3505 5187 esse

1946 5216 2358 5284 requirendam.
2387 5208 2649 5276 Sequitur
2672 5218 2839 5284 porro
2859 5206 2911 5257 in
2930 5205 3118 5284 codice
3145 5202 3255 5284 :__Et
3284 5202 3505 5284 comedit

1942 5271 2050 5348 eos',
2078 5297 2124 5338 et
2179 5297 2392 5344 ranam,
2428 5271 2494 5330 αι’
2512 5273 2745 5348 corrupit
2803 5290 2914 5348 eos.t
3082 5274 3222 5328 dedit
3252 5271 3505 5348 canicula:

1944 5343 2172 5424 fructus,
2203 5364 2311 5408 etc.
2340 5343 2507 5424 {tum
2532 5346 2822 5424 utantl'esto
2842 5343 2997 5397 scioli
3030 5345 3319 5424 antiquarii
3346 5356 3501 5424 ausu,

1948 5409 2132 5480 Muros
2159 5409 2368 5477 'eorurn
2418 5420 2471 5473 in
2508 5416 2687 5480 ruina,
2741 5429 2839 5483 pro
2866 5428 3043 5473 moros
3079 5416 3134 5467 in
3163 5409 3380 5469 pruina.
3416 5409 3502 5474 Et,

1949 5496 2190 5552 Tradidit
2219 5496 2272 5546 in
2307 5488 2567 5563 grandine
2603 5500 2792 5563 pecora
2822 5498 3042 5563 eorum:
3080 5486 3337 5561 denique,
3363 5483 3503 5532 nnstt

1948 5570 2001 5619 in
2048 5582 2134 5618 eos
2166 5552 2740 5627 iram'indignatiouis
2771 5570 2901 5619 sure,
2922 5555 3174 5627 furorem,
3199 5562 3246 5604 et
3272 5552 3431 5627 iram,
3458 5560 3507 5605 et

1949 5635 2340 5699 tribulatioues,
2390 5622 2498 5686 ett".
2554 5626 2892 5695 Quibuscum
2924 5622 3128 5691 saepius
3169 5622 3507 5691 Augustinus

1948 5708 2227 5760 convenit.
