3898 6172
335 308 445 378 232

1255 310 1313 372 s.
1358 307 1792 370 lIlERONYMI
1840 307 2106 368 DIVINA
2153 290 2725 366 mumornscs.’

3460 311 3561 371 SM

324 430 460 482 riam
494 427 719 483 nominis
749 429 845 491 tui,
872 441 936 483 -ι-
973 426 1189 480 Domine
1219 427 1241 492 ζ
1280 426 1442 479 libera
1477 440 1569 478 nos
1594 442 1610 478 :
1637 434 1686 476 et
1718 423 1890 493 propi-
1923 427 1968 482 Α
2000 422 2264 475 honorem
2324 419 2562 473 nominis
2624 418 2700 471 tui
2739 417 2780 480 ⁸,
2824 417 3075 479 Domine,
3127 417 3293 472 libera
3319 433 3460 474 nos:
3513 430 3565 474 et

324 522 425 574 tius
451 529 557 573 esto
584 522 809 588 peccatis
834 519 1026 571 nostris
1057 526 1264 583 propter
1297 531 1482 568 nomen
1512 525 1681 568 tuum.

400 694 475 748 Ne
495 695 629 762 forte
657 693 838 745 dicant
862 693 915 743 in
938 690 1194 759 gentibus,
1254 687 1349 741 Ubi
1381 698 1455 741 est
1490 688 1624 741 Deus
1658 689 1887 741 eorum?

325 795 374 838 et
405 788 696 839 innotescat
726 785 777 835 in
807 782 1111 835 nationibus
1137 799 1314 835 coram
1350 781 1511 834 oculis
1543 783 1755 834 nostris.

406 960 543 1015 Ultio
586 960 858 1026 sanguinis
895 973 1162 1012 servorum
1196 970 1403 1010 tuorum
1445 959 1532 1025 qni
1559 958 1748 1026 eﬂ'usus
1771 966 1844 1010 est
1868 972 1886 1009 :

329 1053 556 1105 introeat
590 1052 641 1103 in
672 1060 943 1119 conspectu
968 1059 1055 1103 tuo
1073 1050 1292 1119 gemitus
1318 1048 1746 1117 compeditorum.

396 1225 688 1280 Secundum
730 1224 1142 1294 magnitudinem
1189 1223 1390 1276 brae/iii
1438 1224 1551 1275 tui:
1597 1223 1803 1291 posside
1826 1222 1891 1289 ﬁ-

328 1319 423 1372 lios
458 1317 919 1384 mortificatorum.

399 1412 466 1461 Et
497 1409 652 1460 redde
684 1409 865 1465 uicinis
893 1408 1085 1459 nostris
1131 1406 1428 1474 septuplum
1459 1406 1511 1457 in
1542 1406 1659 1457 sinu
1690 1419 1892 1467 eorum,

329 1501 706 1567 improperium
738 1497 1146 1567 ipsorum,quod
1182 1497 1622 1566 exprobrauerunt
1643 1495 1752 1560 tibi,
1790 1494 1895 1546 Do-

330 1594 486 1643 mine.

398 1679 506 1733 Nos
541 1690 715 1733 autent
747 1680 968 1750 populus
1001 1689 1140 1743 tuus,
1165 1690 1211 1732 et
1248 1695 1362 1733 oves
1386 1695 1591 1745 pascua:
1615 1690 1736 1741 tuae,
1769 1695 1893 1731 con-

329 1772 596 1837 [itebimur
632 1773 724 1824 tibi
756 1774 809 1824 in
843 1772 1118 1825 steculum.

396 1864 460 1915 In
502 1866 894 1931 generationem
937 1874 985 1917 et
1023 1864 1413 1931 generationem
1458 1861 1894 1914 annuntiabimus

333 1953 538 2006 laudem
571 1962 742 2008 tuam.

1994 512 2264 580 propitius
2325 518 2447 564 esto
2509 509 2748 577 peccatis
2811 510 3013 562 nostris
3088 518 3310 578 propter
3368 524 3587 563 nomen

1991 611 2169 654 ιυιιιη.

2049 691 2127 744 Ne
2155 690 2371 759 quando
2420 693 2606 746 dicant
2654 699 2860 759 gentes,
2894 688 2998 746 Ubi
3027 698 3110 745 est
3152 690 3295 744 Deus
3339 694 3569 744 eorum?

1986 791 2037 837 et
2068 785 2412 838 innotescant
2434 784 2556 855 [ms.
2586 778 2912 853 innotescat]
2959 781 3014 835 in
3040 781 3360 836 nationibus
3379 798 3562 836 coram

1987 876 2161 927 oculis
2191 876 2413 929 nostris.

2062 962 2291 1016 Vindica
2325 963 2648 1033 sanguinem
2676 977 2960 1017 servorum
2996 971 3211 1017 tuorum
3235 961 3327 1032 qui
3355 962 3568 1017 en‘usus

1988 1061 2071 1108 est
2098 1070 2112 1110 :
2136 1055 2301 1108 intret
2332 1055 2385 1108 in
2408 1066 2705 1122 conspectu
2733 1062 2827 1108 tuo
2853 1051 2975 1125 [ms.
3001 1064 3354 1124 conspectum
3380 1064 3533 1108 tuum
3540 1060 3567 1125 ι

1990 1144 2227 1213 gemitus
2251 1145 2710 1213 compeditorum.

2063 1235 2375 1289 Secundum
2412 1235 2843 1304 magnitudinem
2865 1234 3080 1290 brachii
3115 1235 3214 1302 tui,
3249 1236 3466 1305 posside
3499 1236 3569 1290 li-

1990 1325 2098 1380 lios
2125 1334 2301 1379 morte
2335 1326 2681 1393 punitorum.

2070 1419 2256 1473 Redde
2289 1418 2485 1471 vicinis
2517 1420 2722 1473 nostris
2750 1418 3066 1487 septuplum
3105 1417 3158 1470 in
3193 1416 3312 1471 sinu
3345 1431 3569 1478 eorum.

1996 1508 2385 1577 improperium
2436 1508 2699 1575 ipsorum,
2750 1509 2895 1577 quod
2950 1506 3564 1578 exprobraverunt[ms.

1998 1598 2469 1669 improbaverunt]
2524 1599 2641 1663 tibi,
2689 1600 2935 1652 Domine.

2069 1692 2179 1745 Nos
2213 1703 2390 1744 autem
2417 1694 2649 1760 populus
2680 1704 2826 1755 tuus.
2863 1702 2918 1746 et
2942 1708 3071 1746 oves
3099 1692 3274 1761 gregis
3305 1692 3404 1755 tui,
3436 1706 3575 1743 con-

1930 1766 1968 1820 ῧ
1998 1782 2272 1836 ﬁtehimur
2314 1783 2432 1844 tibi,
2482 1784 2650 1846 Deus,
2701 1785 2755 1837 in
2811 1783 3008 1837 saecula
3044 1798 3058 1837 :
3099 1791 3149 1836 et
3197 1782 3251 1835 in
3303 1781 3581 1836 saeculum

2005 1872 2191 1927 strculi
2221 1873 2568 1927 narrabimus
2590 1873 2805 1928 laudem
2824 1882 3013 1953 tuam.

1595 2069 1941 2133 PSALMUS
1993 2076 2315 2141 LXXXIX.

337 2216 388 2252 IN
439 2216 614 2254 FINEM.
658 2217 755 2255 PRO
801 2216 883 2254 [IIS
910 2216 997 2262 QUI
1038 2214 1513 2266 COMHUTABUNTUB,
1539 2216 1897 2255 TESTIHONIUH

564 2286 744 2330 ssspu.
776 2286 1000 2323 essuws
1026 2270 1154 2340 [Msa
1190 2286 1423 2323 pssuws
1449 2272 1657 2340 ASAPI].

398 2383 501 2448 Qui
521 2384 651 2451 regis
680 2382 870 2446 Israel,
916 2384 1145 2448 intende,
1176 2385 1263 2451 qui
1304 2383 1515 2436 deducis
1551 2384 1564 2412 ¹
1591 2384 1729 2435 velut
1756 2400 1893 2436 ovem

333 2472 553 2543 Joseplt.

417 2566 517 2631 Qui
573 2568 717 2620 sedes
783 2582 937 2635 super
965 2566 1269 2629 Clterubim,
1328 2564 1673 2632 manifestare
1720 2580 1898 2618 coram

336 2658 613 2728 Ephraim,
646 2659 924 2729 Beujamin
952 2668 1001 2713 et
1031 2660 1302 2711 Jlonasse.

391 2750 582 2804 Excita
621 2753 909 2821 potentiam
944 2760 1111 2811 tuam,
1168 2758 1213 2800 et
1264 2748 1399 2808 veni,
1439 2752 1492 2796 ut
1522 2744 1694 2798 salvos
1729 2747 1896 2814 facias

338 2858 429 2895 ηοε
436 2881 450 2894 ι

415 2933 577 2997 Deus,
617 2946 852 2988 converte
894 2949 1024 2989 nos:
1063 2944 1111 2988 et
1153 2936 1363 2988 ostende
1414 2935 1597 3002 faciem
1650 2946 1813 2992 tuam,
1849 2940 1896 2982 et

336 3024 469 3078 salvi
499 3027 716 3080 erimus.

2006 2223 2059 2262 IN
2093 2224 2273 2273 FINEII,
2307 2225 2405 2263 uno
2432 2226 2515 2263 uls
2551 2227 2634 2272 om
2681 2223 3138 2284 connurssuurun
3166 2208 3578 2273 “,resrtloutt’x

2382 2294 2540 2334 ASAPH
2550 2321 2562 2342 ,
2598 2296 2755 2333 γελιν
2766 2295 2825 2333 US
2854 2293 3199 2333 ASSYRIOBUI.

2072 2392 2173 2457 Qui
2201 2393 2343 2463 regis
2365 2394 2553 2462 Israel,
2582 2394 2803 2447 intende
2831 2395 2958 2462 :qui
2979 2391 3205 2446 deducis
3233 2390 3381 2444 velut
3410 2402 3578 2443 ovem

2001 2482 2227 2549 Ioseph.

2074 2572 2176 2636 Qui
2249 2572 2407 2626 sedes
2468 2586 2633 2640 super
2677 2569 2972 2625 Cherubim
3005 2571 3025 2601 ⁸
3076 2585 3338 2640 apparare
3385 2586 3579 2626 coram

2006 2663 2263 2731 Ephrem,
2298 2663 2577 2732 Benjamin
2614 2672 2668 2715 et
2697 2662 2971 2715 Manasse.

2070 2756 2259 2809 Escita
2322 2756 2620 2824 potentiam
2676 2764 2847 2818 tuam,
2887 2765 2941 2808 et
2980 2754 3099 2807 veni
3137 2771 3151 2807 :
3189 2762 3247 2807 ut
3272 2754 3452 2809 salvos
3494 2752 3578 2806 fa-

2005 2845 2116 2899 cias
2146 2861 2265 2899 nos.

2072 2937 2296 2988 Domine
2333 2936 2473 2988 Dens
2492 2936 2778 2997 virtutum,
2815 2944 3074 2988 converte.
3106 2948 3246 2989 nos:
3274 2933 3587 2989 etostende

2004 3028 2194 3080 faciem
2229 3038 2397 3089 lllalll,
2434 3036 2489 3079 et
2518 3026 2651 3079 salvi
2673 3026 2905 3080 erimus.

406 3114 627 3169 Domine
664 3115 802 3168 Deus
856 3117 1129 3181 uirtutum,
1170 3130 1438 3185 quousque
1483 3114 1723 3167 irasceris
1746 3128 1900 3181 super
1927 3086 1970 3142 δ
2073 3116 2300 3170 Domine
2348 3115 2488 3171 Deus
2527 3116 2811 3179 virtutum,
2849 3130 3137 3185 quousque
3185 3112 3318 3186 [ms.
3372 3128 3581 3184 usque-

339 3207 629 3259 orationem
650 3209 781 3260 servi
805 3209 881 3260 tui
900 3208 925 3260 Ρ

411 3297 616 3351 Cibabis
670 3316 761 3352 nos
818 3316 951 3369 pane
988 3298 1385 3369 lacrymarum:
1433 3308 1481 3352 et
1528 3306 1707 3366 potum
1756 3297 1903 3350 dabis

342 3391 484 3444 nobis
517 3392 569 3443 in
597 3391 850 3461 lacrymis
876 3394 927 3444 in
971 3408 1240 3445 mensura.

412 3480 641 3535 Posuisti
680 3499 771 3535 nos
794 3484 846 3535 in
893 3483 1360 3536 contradictionem
1402 3483 1583 3536 uicinis
1627 3485 1814 3537 nostris
1841 3486 1903 3538 ἐ

339 3581 387 3624 et
408 3573 607 3624 inimici
638 3555 803 3625 nostri
838 3573 1293 3627 subsannaverunt
1323 3590 1445 3626 nos.

412 3660 549 3713 Deus
588 3666 834 3714 virtutum
882 3674 1116 3716 converte
1161 3678 1254 3715 nos
1297 3678 1314 3716 :
1363 3671 1413 3715 et
1461 3663 1672 3715 ostende
1716 3663 1903 3732 [aciem

343 3765 511 3817 tuam,
547 3764 594 3808 et
626 3756 759 3809 salvi
786 3758 999 3808 erimus.

424 3846 638 3899 Vineam
669 3848 730 3899 de
761 3847 984 3916 zEgyplo
1014 3862 1067 3902 -ε-
1110 3858 1253 3901 trans
1290 3848 1311 3916 ζ
1343 3848 1529 3913 tulisti,
1560 3847 1757 3917 ejecisti
1785 3864 1908 3915 gett-

344 3947 438 3996 tes,
470 3948 516 3987 et
543 3936 800 4004 plantasti
828 3953 962 3989 eam.

414 4026 532 4077 Dux
570 4026 769 4078 itineris
812 4026 957 4093 fufsti
987 4028 1037 4078 in
1072 4040 1347 4091 conspectu
1375 4028 1485 4095 ejus
1518 4045 1531 4079 ι
1564 4034 1611 4077 et
1645 4026 1664 4055 ⁸
1693 4026 1925 4094 ρίαηιαον

342 4117 409 4169 διί
441 4116 639 4169 radices
665 4116 797 4184 ejus,
829 4125 876 4167 et
907 4115 1136 4183 impleuit
1167 4126 1380 4169 terram.

406 4206 615 4276 Operuit
648 4215 842 4259 montes
874 4208 1057 4259 umbra
1092 4206 1201 4274 ejus
1228 4222 1247 4259 :
1270 4216 1317 4258 et
1348 4205 1565 4258 arbusta
1598 4206 1711 4273 ejus
1734 4207 1909 4259 cedros

347 4299 462 4353 Dei.

415 4388 663 4442 Extendit
708 4389 946 4457 palmites
991 4404 1111 4440 suos
1146 4402 1302 4456 usque
1333 4386 1399 4439 ad
1431 4403 1574 4439 mare
1614 4402 1630 4439 :

346 4482 413 4533 ad
443 4482 634 4547 ﬂumen
664 4484 970 4550 propagines
1000 4480 1133 4548 ejus.

424 4708 439 4737 ¹
473 4703 911 4773 Ρτπιροείιὶοηθιη
963 4698 1114 4754 verbi
1148 4695 1383 4758 deducis,
1428 4693 1661 4748 Palati".
1708 4712 1812 4751 ms.
1846 4698 1914 4753 de

355 4792 501 4830 more
528 4780 789 4840 prwtlutat
812 4785 962 4823 veru.
1019 4838 1026 4840 _
1128 4828 1131 4831 ι

416 4849 435 4878 ²
484 4836 627 4897 Idem
679 4856 779 4893 ms.
832 4838 1056 4892 inimicis
1139 4841 1327 4891 nostris
1378 4853 1473 4905 pro
1519 4836 1721 4900 vicinis,
1770 4850 1907 4900 etc.,

358 4916 550 4970 Grn-eo
587 4911 985 4980 ipso,‘ysitootv
1022 4909 1456 4980 contradicente.

428 4986 447 5015 ³
482 4987 553 5036 Ex
609 4973 803 5033 eodem
859 4994 957 5032 ms.
987 4976 1212 5045 aliisque
1235 4974 1592 5044 originallbus
1620 4973 1773 5027 libris
1799 4978 1915 5028 sul-

358 5056 587 5108 fecimus
621 5067 737 5119 qua?
766 5054 973 5115 deerat,
1000 5059 1046 5099 et
1062 5051 1349 5119 _copttlant.

425 5132 444 5155 δ
482 5126 534 5177 In
569 5117 859 5173 \‘tcrmenu
895 5134 992 5171 ms.
1049 5117 1186 5170 Deus
1235 5118 1469 5169 salvator
1504 5121 1679 5165 noster
1701 5124 1917 5181 prapter

357 5196 579 5265 gloriam
625 5190 847 5243 nominis
888 5190 985 5265 tui,
1033 5197 1249 5265 elc._at_:
1302 5185 1595 5265 tertio-ah.
1626 5184 1727 5236 hoc
1757 5199 1913 5265 versu

362 5254 578 5320 rursum
612 5278 732 5314 cum
770 5262 1087 5327 Augustino,
1125 5256 1307 5327 Recipe
1334 5260 1385 5306 in
1416 5254 1756 5327 adoptionem
1779 5254 1917 5315 ﬁlios

361 5334 814 5397 ntortzlicalorum,
856 5324 906 5382 et
934 5328 985 5381 in
1021 5331 1145 5387 line,
1189 5326 1425 5397 Deus,in
1458 5334 1724 5397 retentum.
1742 5324 1793 5371 in
1825 5339 1918 5397 ge-

363 5390 635 5457 neratione
706 5411 752 5452 et
817 5400 1146 5468 generatione
1211 5395 1635 5447 denuntiabimus
1708 5390 1917 5443 laudem

363 5485 527 5527 tuam.

430 5546 449 5573 ⁵
478 5545 609 5595 Cum
661 5540 952 5607 Augustino
1021 5536 1161 5607 idem
1201 5604 1209 5607 _
1258 5548 1360 5585 ms.
1400 5573 1413 5592 ,
1476 5530 1915 5607 immittebantur,

365 5615 710 5665 testimonium
739 5601 831 5675 ipsi
858 5611 1049 5673 Asaph,
1085 5604 1327 5657 I’salmus
1362 5618 1457 5669 pro
1488 5601 1714 5675 Assyriis
1744 5615 1912 5675 {stant

368 5687 509 5751 quod
553 5670 873 5747 Assyrios‘in
903 5670 971 5731 eo
1018 5692 1116 5728 ms.
1151 5675 1367 5743 legitur,
1402 5687 1466 5723 ex
1500 5670 1607 5726 illis
1641 5680 1722 5725 cst
1751 5670 1884 5721 libra

2003 3211 2136 3276 quo)
2162 3207 2415 3261 irasceris
2450 3208 2503 3260 in
2535 3207 2840 3259 orationem
2870 3209 3015 3261 servi
3048 3207 3165 3261 tui?

2072 3298 2295 3352 Cibabis
2331 3314 2431 3352 nos
2478 3313 2617 3368 paue
2650 3296 2773 3367 [ms.
2824 3297 3047 3369 panem]
3092 3302 3481 3370 lacrymarum,
3520 3310 3584 3355 et.

2003 3401 2193 3459 potum
2231 3390 2386 3444 dabis
2427 3390 2587 3445 nobis
2621 3392 2676 3444 in
2711 3391 2967 3461 lacrymis
2997 3391 3050 3443 in
3086 3405 3365 3445 mensura.

2077 3481 2314 3536 Posuisti
2349 3498 2448 3534 nos
2497 3481 2551 3533 in
2576 3481 3065 3536 contradictionem
3110 3480 3308 3536 vicinis
3336 3483 3545 3538 nostris
3566 3501 3587 3536 ξ

2005 3580 2059 3626 et
2086 3572 2291 3624 inimici
2328 3571 2500 3624 nostri
2532 3572 2843 3625 deriserunt
2877 3586 2997 3625 nos.

2074 3660 2305 3714 Domine
2355 3661 2496 3713 Deus
2539 3662 2821 3726 virtutum,
2887 3667 3112 3714 onverte
3136 3675 3235 3716 nos
3267 3677 3283 3720 :
3310 3671 3366 3717 et
3389 3673 3589 3719 osten-

2008 3754 2075 3808 de
2106 3753 2299 3806 faciem
2332 3760 2500 3813 tuam,
2536 3761 2590 3806 et
2621 3753 2753 3806 salvi
2783 3752 3010 3806 erimus.
3039 3751 3367 3809 Drusus“.

2078 3846 2304 3898 Vineam
2343 3859 2412 3899 ex
2443 3843 2680 3913 Egypto
2712 3844 3037 3899 transtulisti
3074 3862 3087 3899 :
3115 3844 3325 3915 ejecisti
3359 3856 3578 3915 gentes.

2007 3945 2061 3989 ct
2101 3936 2352 4003 plantasti
2379 3950 2525 3989 eam.

2082 4026 2302 4080 Vineam
2332 4026 2503 4080 iecisti
2529 4025 2582 4079 in
2605 4037 2898 4095 conspectu
2927 4026 3047 4097 ejus
3082 4042 3096 4083 :
3127 4037 3180 4082 et
3202 4028 3459 4096 plantasti
3486 4043 3584 4084 ra-

2011 4118 2160 4172 dices
2192 4118 2330 4185 ejus,
2358 4125 2410 4170 et
2447 4117 2645 4185 repleta
2676 4117 2795 4189 [ms.
2832 4116 3081 4188 impleta]
3103 4127 3189 4172 est
3216 4126 3387 4173 terra.

2069 4208 2297 4276 Operuit
2330 4216 2543 4261 montes
2567 4209 2756 4262 umbra
2782 4209 2901 4278 ejus
2946 4225 2960 4261 :
2995 4219 3051 4264 et
3079 4209 3298 4265 arbusta
3331 4210 3446 4281 ejus
3488 4224 3587 4266 ce-

2012 4302 2141 4355 dros
2170 4301 2284 4354 Dei.

1674 4394 1720 4438 et
1752 4400 1909 4454 usque
1936 4405 1989 4465 ι)
2082 4390 2382 4444 Extendisti
2415 4390 2664 4458 palmites
2693 4391 2813 4459 ejus
2844 4405 3012 4459 usque
3047 4391 3116 4445 ad
3150 4407 3294 4447 mare
3329 4408 3347 4459 ;
3385 4402 3443 4448 et
3485 4408 3581 4448 us-

2015 4497 2120 4550 que
2150 4479 2214 4533 ad
2244 4479 2441 4535 ﬂumen
2466 4481 2786 4548 propagines
2808 4481 2942 4550 ejus.

2017 4698 2079 4752 rii
2117 4696 2348 4757 mendis.
2375 4696 2575 4765 quibus
2599 4707 2788 4757 scatet.
2816 4705 2870 4749 et
2891 4711 3010 4765 quae
3030 4695 3221 4765 lectori
3250 4696 3413 4749 tertio
3445 4712 3583 4765 quo-

2012 4784 2120 4834 que
2155 4768 2321 4819 verbo
2368 4769 2634 4832 ingerere,
2693 4767 2824 4818 nihil
2872 4766 3119 4818 interest.
3162 4764 3219 4817 in
3271 4775 3443 4829 textu,
3478 4766 3585 4830 Qui

2017 4837 2188 4906 pascis
2209 4834 2420 4906 dlsrael,
2451 4845 2504 4886 et
2534 4837 2670 4906 uelut
2708 4851 2860 4906 oves,
2895 4834 3129 4906 plurium
3162 4847 3409 4906 numero.

2094 4910 2112 4939 ⁶
2156 4925 2171 4953 ι
2207 4904 2366 4971 lii-go,
2396 4904 2573 4970 inquit
2605 4904 2824 4957 Hieron.
2850 4903 2900 4955 in
2935 4902 3124 4955 Isaiam
3173 4903 3270 4955 lib.
3303 4902 3391 4964 Ill,
3419 4920 3469 4956 c.
3501 4918 3581 4962 Vt.

2017 4984 2203 5028 errant
2227 4974 2318 5040 qui
2353 4975 2529 5025 solent
2569 4975 2621 5024 in
2658 4974 2909 5039 precibus
2949 4972 3155 5035 dicere,
3195 4971 3297 5037 Qui
3320 4972 3465 5025 sedes
3492 4989 3579 5024 su-

2018 5060 2112 5113 per
2145 5043 2423 5095 Cherubim
2448 5050 2494 5093 et
2524 5040 2817 5110 Seraphim.
2847 5041 2989 5108 quod
3025 5041 3305 5108 Scriptura
3342 5057 3446 5113 non
3480 5042 3583 5094 do-

2023 5114 2190 5170 cuit.r
2228 5112 2496 5164 (laterum
2521 5120 2575 5162 et
2606 5128 2703 5178 pro
2728 5115 3231 5180 apparare,rectius
3258 5111 3426 5163 multo
3458 5125 3582 5164 cum

2020 5183 2145 5235 aliis
2203 5182 2369 5233 ferme
2401 5177 2659 5232 onmiluts
2700 5177 2856 5233 libris
2887 5177 3337 5249 legit‘Veronens.
3363 5196 3584 5249 appare,

2021 5254 2209 5304 Altero
2243 5251 2309 5301 ab
2345 5251 2448 5301 hoc
2484 5265 2644 5302 versu
2682 5250 2823 5302 idem
2864 5264 2966 5301 ms.
3003 5246 3159 5311 Deus,
3193 5246 3430 5301 conuerte
3464 5264 3584 5313 nos,

2021 5331 2069 5373 et
2100 5322 2343 5372 illumina
2373 5320 2560 5386 faciem
2584 5328 2727 5369 tuam
2757 5334 2775 5380 ;
2803 5333 2912 5386 quo
2944 5319 2996 5370 in
3028 5322 3147 5371 loco
3167 5317 3325 5379 fallit,
3357 5333 3419 5372 ac
3446 5317 3589 5371 falli-

2028 5404 2116 5442 tur
2150 5405 2288 5456 saepe
2319 5389 2576 5440 laudatus
2606 5391 2782 5441 editor
2836 5386 3165 5440 Veronensis
3201 5388 3471 5449 Psalterii,
3493 5388 3588 5454 qui

2024 5461 2157 5513 illud
2184 5458 2447 5519 illumina,
2493 5472 2615 5510 cum
2651 5458 2766 5510 solo
2794 5457 3101 5525 Augustino
3131 5471 3434 5510 consonare
3463 5457 3541 5525 ait
3573 5498 3585 5517 ,

2023 5546 2145 5582 cum
2176 5527 2483 5581 econtrario
2516 5528 2803 5596 Anguslin.
2837 5523 2992 5578 unice
3016 5526 3211 5578 haheat
3240 5528 3467 5596 ostende.
3497 5523 3585 5596 lgn-

2026 5601 2192 5652 l'erius
2221 5598 2362 5649 idem
2389 5611 2513 5661 :ns.,
2543 5594 2745 5664 potabis
2786 5612 2875 5648 nos
2913 5612 3009 5664 pro
3034 5604 3210 5661 potum
3233 5594 3380 5648 dabis
3409 5594 3586 5648 nobis:

2026 5669 2258 5735 denique
2288 5665 2849 5720 subsannareruntnos
2876 5681 2969 5736 pro
3001 5666 3314 5729 deriserunt,
3343 5676 3450 5720 etc.
