3898 6172
219 334 312 396 93.3

1428 341 1660 401 LIBER
1706 343 2197 409 PSALMORUM.

3378 346 3486 407 286

279 454 337 509 Ut
364 455 487 523 quid
510 454 826 508 destruxisti
858 455 1139 508 maceriam
1182 458 1296 520 eius
1330 471 1346 509 :
1382 470 1428 511 et
1468 461 1788 514 vindemiant
1821 472 1864 525 Α
1970 465 2042 520 Ut
2098 458 2227 535 quid
2281 464 2588 535 deposuisti
2627 462 2921 519 maceriam
2950 461 3071 530 ejus
3107 462 3127 491 ⁸
3165 469 3266 517 :ct
3291 458 3481 513 vinde.

217 565 318 602 eam
346 562 521 600 omnes
557 547 646 615 qui
672 548 1185 615 prwtergrediuntur
1209 549 1389 601 viam?

272 640 656 693 Ezterminatit
690 655 807 692 eam
843 656 971 708 aper
1001 639 1063 691 de
1094 639 1227 693 silva
1265 655 1281 691 .'
1319 650 1366 693 et
1398 640 1687 710 singularis
1716 643 1793 711 fe-

218 750 294 786 rus
320 732 568 797 depastus
598 740 674 785 est
701 747 845 784 eam.

281 824 406 875 Deus
434 825 717 889 virtutum,
747 833 1053 877 convertere
1079 838 1097 877 :
1130 824 1326 892 respice
1352 825 1415 878 de
1444 824 1650 890 cwlo,et
1680 825 1796 878 vide

218 926 255 968 et
284 916 424 968 visita
452 916 677 968 vincam
708 916 890 969 istam.

274 1006 331 1059 Et
366 1009 567 1075 perﬁce
616 1023 736 1060 eam
784 1024 942 1077 quant
996 1007 1258 1076 plantavit
1312 1009 1533 1063 dextera
1577 1019 1669 1061 tua
1699 1023 1719 1063 :
1747 1016 1797 1060 et

218 1112 354 1165 super
379 1096 560 1162 [ilium
594 1097 819 1149 hominis
850 1098 888 1159 ‘,
929 1113 1079 1167 quem
1111 1097 1441 1163 conﬁrmasti
1471 1098 1585 1151 tibi.

283 1186 508 1243 Incensa
545 1189 657 1257 igni
683 1198 731 1240 et
756 1190 1003 1258 suffossa,
1032 1190 1097 1242 ab
1132 1190 1491 1258 increpatione
1520 1188 1695 1242 vultus
1721 1187 1798 1240 tui

218 1282 468 1349 peribunt.

282 1368 400 1421 Fiat
440 1386 633 1422 manus
666 1380 757 1422 tua
785 1386 942 1439 super
970 1372 1139 1424 virum
1169 1373 1400 1425 dexterw
1427 1383 1529 1423 tute
1559 1385 1578 1423 :
1616 1379 1663 1421 et
1709 1385 1799 1422 su-

220 1480 299 1532 per
318 1463 494 1529 ﬁlium
522 1464 753 1515 hominis
808 1480 962 1531 quem
990 1464 1318 1531 conﬁrmasti
1354 1466 1471 1518 tibi.

282 1556 340 1609 Et
372 1572 479 1608 non
512 1556 834 1609 discedimus
866 1576 895 1608 α
933 1564 981 1607 te
1009 1571 1025 1607 :
1066 1556 1361 1624 vivi/italus
1391 1573 1505 1623 nos,
1536 1564 1583 1611 et
1612 1572 1801 1612 nomen

224 1660 347 1699 tuum
388 1648 776 1700 invocabimus.

280 1738 497 1794 Domine
530 1738 673 1792 Deus
706 1740 984 1802 virtutum,
1031 1749 1272 1793 converte
1304 1758 1395 1793 nos
1438 1757 1456 1792 :
1490 1750 1537 1793 et
1589 1741 1801 1795 ostende

224 1833 388 1901 faciem
430 1840 685 1896 tuam,-et
715 1831 849 1883 salvi
880 1832 1103 1883 erimus.

1902 556 2075 611 inpiant
2104 573 2223 610 eam
2257 572 2447 612 omnes
2480 557 2573 627 qui
2607 565 2892 611 transeunt
2922 554 3063 608 viam
3083 556 3108 606 ἲ

1966 648 2365 702 Exterminavit
2412 664 2533 703 eam
2582 665 2714 718 aper
2761 650 2829 702 de
2875 647 3010 702 silva
3056 661 3070 698 :
3112 654 3165 698 et
3195 640 3488 713 singularis

1902 737 2054 793 ferus
2079 740 2336 807 depastus
2361 750 2443 795 est
2468 755 2612 793 eam.

1904 852 1907 855 ·
1989 831 2219 885 Domine
2256 833 2397 885 Dens
2430 833 2721 895 virtutum,
2754 838 3013 886 converte
3050 841 3237 881 nunc:
3277 824 3491 893 respice

1905 922 1971 975 de
2000 924 2161 985 etelo,
2194 932 2249 977 et
2298 924 2420 977 vide
2463 934 2517 978 et
2550 926 2707 978 visita
2740 924 2954 977 vineam
2998 921 3177 982 istam,
3223 928 3274 971 et
3314 918 3489 985 dirige

1904 1026 2023 1065 eam
2061 1028 2225 1079 quam
2283 1014 2549 1081 plantavit
2598 1014 2822 1067 dextera
2855 1020 2947 1065 tua
2992 1027 3006 1064 :
3038 1017 3093 1063 et
3123 1021 3286 1076 super
3312 1005 3487 1059 lilium
3530 1069 3539 1078 ε

1908 1103 2143 1157 hominis
2177 1120 2338 1173 qnem
2372 1104 2713 1159 confirmasti
2754 1103 2874 1159 tibi.

1979 1199 2202 1251 lncrnsa
2259 1197 2366 1265 igni
2419 1208 2475 1251 et
2535 1196 2735 1249 ell‘ossa
2796 1211 2984 1262 manu,
3048 1196 3115 1250 ab
3165 1196 3491 1266 increpatio-

1908 1304 1977 1341 ne
2007 1286 2190 1339 vultus
2219 1288 2293 1339 tui
2333 1286 2614 1355 peribunt.

1976 1378 2094 1432 Fiat
2125 1376 2249 1447 [ms.
2279 1377 2468 1447 faciat]
2503 1392 2698 1431 manus
2734 1386 2824 1430 tua
2852 1391 3017 1446 super
3046 1377 3223 1430 virum
3256 1376 3493 1433 dextere

1912 1479 2038 1531 tum,
2065 1477 2121 1521 et
2150 1484 2315 1537 super
2353 1468 2517 1522 lilium
2553 1469 2789 1520 hominis
2822 1483 2986 1536 quem
3039 1468 3383 1522 conﬁrmasti
3416 1472 3490 1523 ti-

1908 1561 1985 1625 bi,
2014 1572 2065 1613 et
2098 1576 2205 1613 non
2237 1560 2575 1613 discedimus
2602 1574 2631 1611 a
2660 1558 2785 1628 jms.
2818 1555 2940 1627 abs]
2978 1568 3050 1611 te.

1988 1650 2280 1704 V'ivilicasti
2315 1665 2435 1712 nos,
2463 1660 2516 1702 et
2551 1661 2747 1702 nomen
2780 1656 2931 1701 tuum
2961 1646 3365 1704 invocabimus.

1996 1741 2223 1795 Domine
2254 1742 2395 1794 Deus
2425 1740 2715 1803 virtutum,
2750 1746 3009 1792 converte
3041 1753 3139 1793 uos
3171 1751 3187 1790 :
3232 1748 3286 1793 et
3311 1742 3495 1799 osten-

1832 1825 1876 1883 Β
1905 1833 1971 1885 de
1989 1832 2181 1886 faciem
2204 1844 2372 1895 tuam,
2398 1838 2453 1883 et
2473 1830 2606 1883 salvi
2628 1830 2855 1883 erimus.

1519 1990 1872 2051 PSALMUS
1930 1990 2164 2050 LXXX.

488 2120 541 2158 is
567 2121 727 2159 nam
758 2121 858 2161 PRO
887 2120 1303 2170 roacuuuunus,
1336 2120 1502 2159 ssnpn
1534 2106 1578 2156 ⁸.

288 2284 560 2338 Essultate
604 2282 712 2337 Deo
751 2286 988 2354 adjutori
1039 2292 1253 2349 nostra;
1279 2280 1512 2353 jubilate
1564 2280 1671 2335 Deo
1699 2280 1799 2334 Ja-

226 2378 324 2429 tot.

281 2467 478 2523 Sumite
529 2470 817 2536 psalmum,
853 2480 900 2523 et
943 2471 1065 2524 date
1110 2481 1444 2541 tympanum,
1488 2464 1799 2537 psalterium

219 2561 494 2626 jucundum
532 2576 655 2613 cum
694 2562 923 2615 cithara.

281 2675 566 2729 Buccinate
594 2675 653 2727 in
686 2676 964 2729 neomenia
997 2676 1144 2743 tuba,
1178 2677 1232 2730 in
1266 2678 1461 2747 insigni
1489 2678 1571 2731 die
1602 2679 1791 2745 solem-

222 2768 388 2821 uitatis
416 2779 636 2822 vestrm.

283 2881 416 2945 Quia
447 2894 773 2951 praceptum
806 2884 858 2938 in
886 2883 1059 2938 Israel
1086 2894 1183 2947 est,
1211 2892 1259 2937 et
1280 2884 1547 2953 judicium
1575 2883 1682 2937 Deo
1703 2882 1783 2937 Ja.

222 2973 320 3028 τοὺ.

1926 2121 1978 2159 ΙΝ
2011 2121 2195 2171 FINEM,
2226 2119 2325 2159 PRO
2358 2120 2772 2168 TORCULARIBUS,
2798 2119 3031 2159 PSALMUS
3058 2119 3238 2170 ASAPIX,
3270 2120 3464 2166 QUINTA

2583 2190 2789 2229 SABBATI
2799 2216 2814 2229 .

1975 2290 2260 2346 Exsultate
2317 2290 2427 2344 Deo
2483 2290 2717 2358 adjutori
2790 2301 2978 2345 nostro
3031 2305 3043 2341 :
3098 2287 3330 2357 jubilate
3382 2286 3495 2343 Deo

1903 2383 2093 2438 Iacob.

1973 2474 2186 2529 Sumite
2207 2474 2476 2544 psalmum
2502 2475 2546 2534 ⁵.
2571 2481 2626 2526 et
2651 2471 2777 2526 date
2807 2482 3144 2542 tympanum,
3176 2470 3494 2541 psalterium

1903 2566 2210 2639 jucundum
2236 2581 2361 2619 cum
2385 2565 2618 2620 cithara.

1968 2680 2161 2736 Canite
2209 2680 2264 2733 in
2317 2679 2476 2733 initio
2523 2677 2751 2742 mensis,
2784 2678 2933 2742 tuba,
2962 2678 3015 2731 in
3050 2678 3139 2730 die
3170 2676 3367 2746 insigni
3402 2690 3493 2730 so-

1902 2773 2204 2829 lemnitatis
2229 2783 2445 2825 vestrae.

1968 2886 2107 2953 Quia
2139 2893 2471 2957 praeceptum
2503 2882 2557 2937 in
2605 2881 2769 2937 Israel
2811 2890 2892 2936 est
2922 2898 2937 2935 :
2969 2891 3022 2936 et
3068 2880 3336 2953 judicium
3384 2879 3494 2934 Deo

1901 2978 2093 3035 Jacob.

282 3084 655 3140 Testimonium
704 3086 758 3139 in
805 3084 999 3156 Ioseph
1045 3088 1217 3155 posuit
1265 3088 1399 3141 illud
1443 3090 1463 3120 ³
1517 3104 1635 3141 cum
1692 3090 1875 3171 επὶ-ο
1975 3088 2376 3143 Testimonium
2420 3088 2477 3142 in
2528 3084 2728 3155 Joseph
2783 3084 2968 3155 posuit
3018 3100 3144 3138 cum
3200 3082 3343 3155 [ms.
3384 3092 3492 3137 tac-

224 3188 292 3233 ret
329 3177 391 3233 de
432 3188 580 3230 terra
616 3176 833 3247 τεθυριὶ
874 3194 890 3232 :

225 3279 435 3321 ηαιτιι.

938 3178 1175 3248 linguam
1219 3195 1383 3248 quam
1424 3196 1527 3235 non
1565 3190 1805 3245 noverat,

286 3387 507 3441 Divertit
544 3388 613 3440 ab
664 3386 911 3441 oneribus
947 3387 1163 3442 dorsum
1196 3389 1310 3458 ejus
1341 3403 1363 3442 :
1393 3404 1583 3441 manus
1613 3388 1725 3456 ejus
1756 3388 1810 3441 in

226 3482 430 3549 cophino
460 3483 783 3535 servierunt.

292 3683 355 3737 In
380 3685 730 3737 tribulatione
758 3685 1017 3737 invocasti
1049 3698 1109 3738 -ε-
1147 3684 1168 3714 δ
1206 3698 1284 3736 me
1316 3683 1337 3751 ζ
1387 3690 1435 3735 et
1464 3681 1683 3735 liberavi
1716 3690 1759 3733 te
1798 3697 1811 3734 :

228 3777 463 3829 exaudivi
493 3787 542 3829 te
566 3779 623 3830 in
652 3776 957 3829 abscondito
991 3777 1332 3845 tempestatis,
1360 3775 1574 3844 probavi
1598 3786 1644 3827 te
1673 3775 1813 3840 apud

227 3884 412 3937 aquam
447 3868 907 3923 contradictionis.
956 3868 1275 3925 Drusum.

294 3986 453 4047 Audi,
500 3985 727 4054 papulas
764 3999 930 4048 meus,
966 3993 1013 4037 et
1040 3968 1375 4036 contestabor
1409 3992 1457 4035 te
1494 3979 1731 4042 :Israel,
1771 3984 1816 4035 si

230 4077 457 4130 audieris
482 4094 586 4140 me,
619 4093 721 4130 non
745 4078 845 4131 erit
877 4077 931 4129 in
959 4085 1009 4130 te
1036 4075 1179 4131 Deus
1208 4090 1407 4142 recens,
1437 4089 1598 4142 neque
1623 4073 1815 4125 adora-

233 4169 303 4221 bis
325 4169 491 4221 Deum
516 4169 781 4223 alienum.

303 4434 320 4464 ⁸
355 4432 528 4487 Tacet
583 4432 641 4486 in
690 4428 941 4485 Palatino
977 4444 1082 4483 ms.
1131 4430 1383 4493 hominis,
1418 4430 1565 4498 quod
1615 4444 1817 4483 nomen

231 4518 403 4572 neque
430 4502 694 4572 llebrmus
726 4501 863 4572 ipse,
888 4511 1072 4572 textus
1105 4500 1199 4572 hic
1241 4501 1430 4563 liabet,
1474 4510 1531 4553 et
1580 4516 1705 4572 cum
1743 4500 1813 4553 sit

231 4569 406 4628 tamen
442 4575 498 4625 in
549 4569 758 4625 Caeco
797 4571 913 4621 υἱὸν
946 4569 1260 4638 ἀνθρώπου,
1306 4586 1404 4639 par
1439 4579 1524 4623 est
1556 4570 1813 4635 erodere,

230 4644 398 4697 luisse
448 4644 548 4696 abs
596 4640 933 4710 Hieronymo
972 4639 1133 4710 obelo
1178 4650 1563 4710 praenotatum.
1606 4640 1814 4693 Subse-

229 4715 447 4779 quentis
497 4724 694 4765 versus
744 4708 932 4779 prlora
962 4709 1071 4763 duo
1114 4712 1275 4765 verba
1310 4708 1543 4769 Incensa
1592 4711 1723 4778 igni,
1760 4714 1811 4762 in

229 4783 413 4838 eodem
433 4797 534 4836 ms.
562 4780 781 4849 etapud
802 4779 1001 4837 Carum
1024 4780 1284 4835 asterisco
1311 4796 1419 4834 non
1445 4780 1810 4846 illustrantur,

229 4868 335 4921 quo
362 4866 416 4907 et
440 4854 617 4906 satius
638 4850 833 4904 luisset
856 4850 1090 4906 alterum
1122 4850 1412 4913 duntaxat,
1453 4849 1507 4903 id
1566 4859 1653 4905 est
1680 4852 1811 4919 igni,

232 4936 461 4990 prznota
471 4923 541 4976 ri.

296 4994 318 5035 Ψ
346 4993 581 5046 Additur
609 4992 663 5044 in
695 4989 891 5045 eodem
928 5005 1030 5045 ms.
1055 4990 1253 5056 Quinta
1282 4987 1523 5044 Sab‘tati.

298 5064 320 5094 ³
359 5065 563 5131 injuria
600 5062 951 5131 Martiauaeus
990 5076 1295 5126 pronomen
1321 5061 1453 5113 illud
1488 5059 1651 5113 obelo
1679 5074 1815 5113 con-

232 5128 456 5192 loderai,
477 5132 630 5201 quod
658 5132 714 5184 in
737 5128 1155 5201 llebrreiitamen
1192 5131 1347 5201 verbi
1368 5139 1495 5189 ω
1514 5141 1807 5201 utvocant,

231 5204 384 5255 atlixo
416 5200 776 5272 perspicuum
810 5209 916 5255 est.
953 5200 1062 5255 Nos
1091 5202 1162 5256 de
1199 5200 1294 5255 illo
1319 5202 1630 5255 amovendo
1661 5200 1813 5253 i'ala-

234 5274 333 5325 tin.
362 5288 466 5326 ms.
499 5274 743 5325 monuit.

290 5344 323 5422 ,δ
356 5345 519 5422 ltunc
565 5356 699 5395 vero
750 5340 889 5394 male
948 5340 1089 5396 idem
1148 5358 1254 5398 ms.
1300 5341 1519 5396 obelutn
1580 5351 1810 5411 pra-ter-

231 5424 415 5466 ιιιιιιιι.

296 5483 320 5514 ⁸
350 5484 538 5537 Denuo
568 5484 723 5551 juxta
763 5481 1057 5552 Augustin.
1086 5482 1230 5538 idem
1266 5499 1367 5537 ms.
1404 5502 1417 5538 :
1469 5482 1534 5536 Ut
1561 5484 1688 5552 quid
1721 5491 1810 5537 de-

228 5556 468 5617 strusisti
526 5554 842 5616 maceriam,
888 5562 965 5615 et,
1025 5570 1201 5607 omnes
1252 5565 1584 5607 transeuntes
1642 5556 1807 5620 viam,

229 5628 479 5689 evastavit
506 5640 621 5676 eam
653 5639 803 5688 aper,
830 5633 940 5677 etc.
970 5622 1138 5678 Tacet
1159 5635 1423 5692 praeterea
1447 5624 1806 5693 subsequenti

232 5710 390 5769 versu
426 5695 765 5769 Domine,__ct
795 5712 914 5747 vero
950 5695 1094 5769 legit
1115 5712 1210 5762 pro
1242 5711 1401 5769 nunc,
1428 5706 1483 5749 et
1532 5712 1652 5769 mox
1687 5712 1809 5760 per-

233 5764 327 5825 ﬁce
365 5781 497 5821 eum,
537 5780 634 5832 pro
669 5764 848 5835 dirige,
881 5776 987 5819 etv.
1045 5766 1131 5818 Sit:
1163 5766 1321 5834 paulo
1365 5777 1485 5835 post
1543 5765 1802 5818 Sui-censu

1860 4479 1902 4534 Ι)

1908 3196 2034 3237 eum
2067 3178 2089 3251 ]
2128 3197 2143 3234 :
2196 3180 2326 3234 dum
2370 3179 2542 3235 exiret
2593 3176 2747 3250 [τηε.
2796 3173 3065 3247 exirent]
3112 3177 3181 3229 de
3223 3184 3364 3229 terra
3398 3173 3500 3227 ΔΞ-

1909 3274 2081 3343 gypu.

1991 3386 2254 3456 Linguam
2282 3400 2441 3455 quam
2472 3399 2581 3439 non
2612 3390 2843 3437 noverat
2891 3380 3016 3452 [ms.
3054 3389 3344 3446 noverant,
3395 3396 3497 3434 au-

1911 3476 2091 3531 divit:
2146 3475 2372 3529 divertit
2410 3476 2480 3529 ab
2525 3473 2789 3528 oneribus
2835 3470 3061 3526 dorsum
3109 3472 3273 3540 ejus:
3308 3484 3507 3524 manus

1912 3567 2032 3635 ejus
2075 3566 2127 3619 in
2162 3566 2401 3635 cophino
2440 3563 2780 3618 servierunt.

1982 3682 2035 3733 In
2066 3679 2413 3733 tribulatione
2446 3675 2712 3731 invocasti
2747 3690 2851 3740 me,
2874 3684 2930 3728 et
2959 3672 3186 3727 liberavi
3214 3681 3262 3726 te
3295 3685 3501 3728 :exau-

1914 3773 2024 3827 divi
2086 3782 2136 3825 te
2190 3771 2243 3823 in
2288 3768 2610 3823 abscondito
2647 3766 3011 3833 tempestatis,
3060 3764 3285 3832 probavi
3336 3773 3387 3817 te
3433 3763 3535 3827 ad~

1916 3876 2087 3933 aquas
2113 3858 2589 3915 contradictionis.
2625 3857 2942 3910 Drusum.

1975 3976 2135 4038 Audi,
2168 3974 2404 4045 populus
2437 3986 2617 4036 meus,
2646 3982 2701 4025 et
2727 3970 2921 4041 loquar
2952 3969 3120 4024 Israel
3150 3973 3168 4005 ⁷
3216 3979 3273 4023 et
3306 3966 3507 4022 testiﬁ-

1920 4071 2089 4125 cabor
2123 4067 2245 4123 tibi.

1987 4160 2172 4223 Israel,
2201 4160 2247 4214 si
2281 4173 2365 4213 me
2391 4156 2653 4218 audieris,
2679 4172 2786 4211 non
2816 4156 2926 4211 erit
2946 4155 3000 4210 in
3026 4164 3079 4210 te
3110 4153 3253 4209 Deus
3281 4166 3501 4219 recens,

1925 4269 2105 4324 neque
2135 4251 2393 4323 adorabis
2428 4251 2598 4306 Deum
2628 4250 2894 4305 alienum.

1930 4453 2029 4507 pro
2067 4436 2313 4507 Incensa,
2365 4442 2423 4487 et
2464 4430 2764 4501 penultimo
2823 4443 2990 4484 versu
3062 4426 3362 4497 Viviﬁcabis
3386 4442 3509 4497 ιρι-ο

1938 4506 2242 4563 Viviﬁcasti.

2003 4506 2484 4643 z'fﬂcitmxugustino
2503 4572 2804 4644 γει-οπεος.
2830 4585 2928 4644 ms.
2944 4611 2958 4635 ,
2978 4570 3208 4644 Accipite
3222 4566 3509 4644 psalmum,

1928 4659 1985 4702 et
2016 4638 2372 4712 subsequénti
2398 4658 2580 4706 versu,
2614 4638 2754 4695 Tuba
2783 4642 2957 4693 canite
2986 4640 3134 4712 initio
3162 4639 3359 4712 mensis
3385 4638 3510 4712 tuba

1930 4721 1983 4772 in
2011 4707 2215 4784 insigni
2230 4715 2332 4776 die,
2360 4722 2491 4779 etc.,
2522 4714 2718 4767 vitiose
2747 4722 2929 4765 autem
2954 4726 3061 4784 ius.
3094 4710 3327 4784 insignis,
3362 4707 3507 4784 Quod

1930 4802 2077 4843 novo
2100 4778 2707 4850 erroregcumulandum
2734 4790 2889 4851 putat
2917 4781 3036 4847 eius
3066 4780 3262 4851 editor,
3284 4778 3512 4851 insignes

1920 4863 2045 4912 dies
2090 4848 2429 4918 rescribens,
2478 4848 2881 4920 fallitque'cum
2917 4851 3167 4920 dies_pro
3208 4848 3295 4902 die
3327 4848 3513 4920 liaberi

1922 4929 1981 4982 in
2023 4934 2213 4980 nostro
2239 4916 2425 4977 t-odice
2450 4916 2700 4975 allii-mat.
2726 4916 3150 4989 Sequituridém
3184 4935 3309 4972 cum
3332 4916 3516 4985 Augu-

1921 5001 2078 5052 stino
2120 5011 2220 5047 ms.
2250 5010 2263 5045 :
2301 4994 2439 5059 Quia
2485 4986 2827 5063 prazceptum'
2851 4992 2951 5063 ipsi
2990 4986 3165 5063 Israel
3194 4999 3268 5042 est
3305 5007 3317 5042 :
3351 4996 3515 5063 atque

1920 5071 2106 5121 altero
2131 5066 2199 5117 ab
2232 5058 2334 5118 hoc
2364 5058 2548 5123 versu,
2581 5058 2783 5115 Avertit
2815 5059 2878 5111 ab
2910 5060 3173 5123 oneribus,
3210 5076 3306 5127 pro
3334 5058 3507 5109 diver-

1923 5140 2018 5202 tit,
2051 5148 2187 5198 etc.;
2220 5134 2462 5201 denique
2494 5134 2611 5207 erui
2641 5144 2713 5194 te,
2749 5146 2844 5200 pro
2876 5130 3115 5193 liberari,
3140 5140 3195 5182 et
3225 5128 3439 5199 probavi
3468 5138 3515 5177 te
3586 5194 3595 5207 ’

1924 5212 1980 5261 in
2010 5223 2173 5276 aqua,
2206 5216 2334 5265 etc.,
2371 5218 2466 5276 pro
2507 5204 2575 5254 ad
2610 5219 2799 5276 aquas.

1999 5279 2018 5309 '
2061 5266 2169 5330 Ἐἰ
2232 5266 2537 5342 Augustino
2612 5266 2811 5327 iterum
2872 5271 3015 5325 idem
3063 5286 3164 5324 ms.
3204 5275 3353 5339 prius
3412 5266 3514 5319 hoc

1921 5365 2121 5403 nomen
2144 5345 2325 5401 Israel
2346 5354 2509 5406 tacet,
2532 5356 2586 5397 et
2612 5353 2772 5396 tertio
2799 5343 2866 5396 ab
2891 5342 2999 5395 huc
3021 5356 3179 5394 versu
3216 5352 3513 5409 pronomen

1920 5437 2051 5490 ego;
2095 5419 2221 5473 inde
2256 5418 2396 5490 legit
2426 5414 2660 5490 Implebo
2693 5414 2849 5479 illud,
2901 5424 2948 5464 et
2981 5427 3085 5490 non.
3113 5410 3391 5490 obaud'ivit
3424 5424 3517 5475 po-

1919 5479 2098 5559 pulus,
2130 5499 2237 5543 etc.
2291 5479 2463 5559 Tum,
2503 5479 2692 5559 Dimisi
2724 5502 2847 5559 “eos,
2894 5483 3177 5559 secundum
3222 5479 3517 5559 affectiones

1919 5547 2097 5615 cordis,
2115 5576 2317 5623 eorum,
2350 5569 2396 5612 et
2419 5547 2563 5611 ibunt
2590 5558 2645 5608 in
2668 5553 3033 5624 affectionibus
3059 5552 3191 5603 suis.
3224 5547 3312 5612 Et,
3350 5548 3521 5603 Israel

1918 5634 1964 5685 si
1995 5634 2046 5684 in
2079 5632 2174 5685 viis
2206 5632 2332 5683 meis
2361 5623 2988 5689 ambulassctQDenique
3022 5630 3299 5690 postremo
3332 5634 3520 5683 versu,

1922 5702 1988 5755 lit
2014 5703 2199 5757 cibari!
2230 5701 2347 5755 illos
2381 5713 2444 5752 ex
2481 5699 2654 5764 adipe,
2684 5704 2795 5751 etc.
