3898 6172
353 324 461 391 Eli-7
1250 329 1315 389 S.
1355 326 1795 389 ΗῙΕΒΟΝΥΜΙ
1842 330 1933 388 Dl‘

2068 340 2105 391 Δ
2151 334 2678 398 BlBLIO'l'HECA.
2736 364 2741 365 ν

3482 329 3587 395 238

427 441 539 510 Ego
580 455 633 496 +
681 445 820 497 enim
864 445 877 474 ¹
921 460 1036 497 sum
1083 445 1103 512 ζ
1151 443 1401 496 Dominus
1447 443 1582 497 Deus
1633 453 1787 504 tuus.
1838 446 1927 513 qui
1959 462 2001 513 Α
2095 449 2208 518 Ego
2234 451 2379 503 enim
2414 449 2535 518 (ms.
2565 449 2770 515 autem)
2805 462 2924 502 sum
2955 445 3222 502 Dominus
3248 444 3395 503 Deus
3428 457 3552 504 tuus
3583 468 3597 508 :

350 536 512 587 elusi
541 546 585 587 te
612 535 674 587 de
704 543 843 589 terra
873 535 1129 605 .Egypti;
1156 534 1323 587 dilata
1354 551 1409 587 os
1438 546 1608 600 tuum,
1637 546 1683 589 ct
1710 535 1932 605 implebo

357 626 512 677 Illud.

424 717 492 769 Et
524 734 624 770 non
658 718 854 769 audivit
888 716 1113 785 populus
1146 733 1288 771 meus
1314 735 1489 772 uocem
1520 735 1686 773 meam
1721 734 1737 772 :
1775 729 1822 773 et
1847 720 1933 773 Ιςο

359 807 473 858 νέεσι
506 825 607 858 non
643 808 865 859 intendit
905 810 1048 860 mihi.

426 895 492 949 Et
527 898 696 949 dimisi
745 915 827 951 eos
856 901 1140 952 secundum
1190 901 1449 954 desideria
1490 904 1658 955 cordis
1702 919 1879 955 eorum
1914 912 1932 953 :

354 989 503 1038 ibunt
533 990 584 1039 in
619 989 1075 1045 adinventionibus
1106 994 1235 1047 suis.

424 1078 481 1132 Si
533 1081 754 1147 populus
812 1100 953 1135 meus
988 1085 1218 1137 audisset
1252 1102 1334 1138 me
1365 1102 1382 1140 :
1416 1084 1593 1140 Israel
1641 1098 1700 1140 σι-
1741 1086 1785 1137 si
1818 1085 1839 1151 ζ
1882 1087 1935 1137 in

355 1172 449 1221 t‘tls
480 1172 603 1222 meis
639 1173 986 1227 ambulasset.

424 1264 528 1314 Pro
558 1261 722 1313 nihilo
774 1279 831 1316 -ε-
867 1267 1088 1333 forsitan
1127 1269 1148 1337 ζ
1185 1267 1420 1321 inimicos
1453 1282 1632 1319 eorum
1664 1264 1936 1317 humilius-

353 1369 460 1405 δεδι
503 1367 521 1404 :
580 1365 628 1405 et
677 1370 836 1424 super
884 1359 1194 1413 tribulantes
1254 1372 1339 1411 eos
1404 1358 1663 1411 misissem
1722 1372 1934 1408 manum

356 1463 548 1499 meum.

427 1536 641 1589 Inimici
685 1538 894 1591 Domini
938 1541 1142 1594 mentiti
1179 1550 1301 1594 sunt
1340 1542 1387 1594 ei

355 1642 537 1679 eorum
569 1629 623 1679 in
651 1629 865 1681 tacula.

430 1717 495 1768 Et
524 1719 713 1771 cibam‘s
740 1735 826 1773 eos
852 1733 917 1774 ex
941 1721 1098 1789 adipe
1121 1722 1368 1790 frumenti
1393 1736 1414 1777 :
1435 1732 1480 1776 et
1508 1723 1570 1774 de
1613 1731 1760 1790 petra
1785 1721 1936 1775 melle

353 1811 611 1862 saturavit
641 1825 748 1863 eos.

1439 1556 1459 1595 .'
1506 1549 1555 1593 et
1593 1542 1691 1593 erit
1734 1547 1935 1607 tempus

2036 541 2129 609 qui
2159 541 2322 594 eduxi
2357 550 2407 595 te
2438 541 2505 594 de
2535 551 2675 595 terra
2705 539 2944 610 Egypti.

2112 630 2281 684 Dilata
2315 647 2375 684 os
2411 641 2588 697 tuum,
2636 641 2692 686 et
2733 647 2832 700 ego
2868 628 3179 698 adimplsbo
3226 629 3379 694 illud,
3411 637 3467 686 et
3499 646 3605 683 nun

2036 722 2243 774 audivit
2277 722 2512 789 populus
2566 735 2722 775 meus
2768 735 2954 774 vocem
2990 733 3187 780 meam,
3217 727 3271 771 et
3304 717 3467 771 Israel
3498 733 3605 772 nou

2036 812 2269 866 intendit
2301 812 2459 867 mihi.

2107 905 2173 958 Et
2203 906 2379 958 dimisi
2407 921 2503 960 eos
2531 903 2830 958 secundum
2865 901 3134 957 desideria
3167 901 3349 955 cordis
3376 915 3563 955 eorum
3592 913 3610 959 ;

2038 1005 2093 1050 et
2125 994 2280 1049 ibunt
2315 997 2369 1050 in
2402 996 2780 1050 voluntatibus
2808 996 2944 1049 suis.

2113 1083 2167 1139 Si
2216 1085 2368 1151 plebs
2411 1101 2529 1139 mea
2580 1085 2821 1139 audisset
2871 1101 2975 1146 me,
3019 1084 3180 1138 israel
3222 1084 3265 1136 si
3314 1083 3425 1136 vias
3459 1096 3610 1136 meas

2039 1179 2372 1232 ambulasset
2404 1194 2419 1233 :
2448 1179 2513 1231 ad
2562 1178 2789 1230 nihilum
2826 1176 3076 1231 inimicos
3104 1191 3293 1229 eorum
3332 1174 3613 1227 bnmilias-

2037 1284 2175 1331 sem,
2228 1278 2281 1322 et
2333 1284 2494 1338 super
2540 1269 2863 1322 tribulantes
2913 1283 3011 1321 eos
3060 1266 3331 1320 misissem
3388 1280 3607 1321 manum

2038 1375 2238 1413 meam.

2109 1537 2317 1590 Inimici
2353 1536 2567 1591 Domini
2605 1535 2815 1592 mentiti
2858 1543 2983 1590 sunt
3013 1534 3063 1590 ei
3113 1550 3127 1588 :
3164 1542 3218 1590 et
3262 1536 3366 1590 erit
3397 1543 3615 1606 tempus

2037 1643 2227 1681 eorum
2260 1629 2313 1679 in
2341 1636 2630 1681 aeternum.

2110 1719 2321 1774 Cibavit
2353 1734 2447 1773 eos
2470 1732 2537 1774 ex
2563 1719 2722 1790 adipe
2754 1716 3037 1785 frumenti,
3070 1725 3124 1771 et
3149 1716 3217 1773 de
3248 1728 3401 1789 petra
3447 1719 3615 1774 melle

1966 1797 2008 1849 Β
2035 1812 2303 1865 saturavit
2329 1827 2445 1866 eos.

1644 1971 1772 2031 PSA
1789 1973 1883 2030 [.M
1896 1972 1990 2031 US
2035 1970 2295 2030 LXXXI.

917 2073 1147 2130 essurus
1180 2074 1362 2113 ssavn.

426 2152 560 2206 Deus
589 2154 730 2206 stetit
770 2150 825 2204 in
869 2167 1135 2222 synagoga
1171 2151 1383 2205 deorum
1411 2166 1430 2205 .°
1460 2153 1515 2204 in
1547 2152 1714 2205 medio
1744 2166 1805 2209 -s-
1832 2168 1931 2207 au-

355 2253 457 2297 tem
485 2247 505 2313 ζ
540 2244 660 2297 deos
694 2243 954 2311 diiudicat
980 2244 1023 2297 ⁸.

344 2335 346 2337 ’
427 2334 700 2404 Uequequo
733 2334 983 2401 judicatis
1015 2335 1396 2406 iniquitatem?
1425 2345 1473 2387 et
1503 2336 1662 2404 facies
1692 2347 1931 2404 peccato-

355 2441 473 2478 rum
495 2425 743 2478 sumitis?
777 2425 1090 2480 Daunus.

424 2516 667 2569 Judicate
713 2531 870 2585 egeno
899 2527 946 2569 et
975 2518 1177 2587 pupillo
1227 2532 1245 2571 :
1275 2518 1526 2572 humilem
1558 2530 1608 2571 et
1644 2534 1933 2588 pauperem

346 2606 666 2677 justi/ﬁctile.

432 2696 636 2767 Ertpite
680 2715 968 2771 pauperem
1002 2708 1051 2754 et
1099 2714 1316 2771 egenum
1352 2700 1416 2753 de
1459 2716 1616 2753 manu
1648 2701 1938 2769 peccatoris

353 2793 592 2851 liberate.

428 2887 765 2951 Nescierunt,
794 2904 959 2957 neque
986 2887 1382 2953 intellexerunt,
1408 2887 1463 2938 in
1497 2888 1722 2941 tenebris
1754 2888 1931 2941 ambu-

355 2976 472 3031 lant
502 2993 519 3030 :
551 2981 887 3034 movebuntur
928 2981 1105 3033 omnia
1142 2978 1484 3048 fundamenta
1510 2988 1684 3033 terra.

428 3071 542 3137 Ego
569 3071 680 3124 dixi
711 3088 730 3127 :
766 3072 850 3125 Dii
876 3075 1020 3135 estis,
1057 3080 1105 3124 et
1143 3071 1244 3139 ﬁlii
1280 3070 1487 3123 Excelsi
1511 3084 1686 3123 omnes
1713 3071 1753 3123 ⁸.

440 3160 538 3216 Vos
564 3172 738 3214 autem
771 3162 906 3214 sicut
934 3162 1166 3215 homines
1196 3162 1492 3213 moriemini
1520 3177 1538 3214 :
1564 3172 1610 3213 et
1638 3163 1771 3213 sicut
1798 3175 1932 3215 unus

356 3254 422 3305 de
457 3252 778 3322 principibus
830 3253 1047 3306 cadetis.

433 3342 620 3414 Surge,
659 3344 818 3408 Deus,
848 3346 1034 3414 judico
1065 3353 1260 3397 terrain
1294 3361 1313 3399 :
1344 3347 1591 3415 quoniam
1622 3356 1677 3398 tu
1710 3345 1938 3400 luendi-

358 3435 496 3489 ωε.
526 3438 580 3491 in
608 3436 846 3492 omnibus
880 3434 1140 3508 gentibus.

2633 2072 2866 2114 "suos
2890 2071 3070 2111 Αεινιι.

2117 2157 2260 2211 Deus
2290 2156 2440 2210 ssetit
2472 2154 2527 2209 iu
2565 2166 2833 2224 synagoya
2878 2150 3106 2204 deorum
3140 2165 3155 2202 :
3191 2148 3244 2203 in
3296 2150 3473 2203 medio
3510 2165 3618 2204 auo

2038 2259 2144 2302 tem
2175 2247 2308 2302 deos
2333 2244 2602 2302 discernit
2631 2243 2674 2298 ⁸.

2108 2340 2403 2408 Quousque
2422 2337 2676 2408 jndicatis
2704 2336 3086 2406 iniquitatem?
3111 2344 3166 2390 et
3192 2334 3357 2389 facies
3379 2347 3618 2397 peccan-
3678 2330 3701 2343 '

2042 2433 2178 2487 tium
2212 2432 2332 2502 (ms.
2368 2431 2561 2485 [aciem
2596 2428 2967 2496 peccatorum)
2994 2425 3254 2481 sumitis?
3284 2426 3611 2481 Dureau.

2101 2524 2348 2580 Judicate
2377 2522 2584 2592 pupillo
2609 2531 2664 2575 et
2692 2537 2862 2591 egeno
2896 2537 2911 2573 :
2942 2518 3203 2574 humilem
3230 2527 3285 2571 et
3309 2532 3612 2586 pauperem

2032 2614 2351 2686 jnstilicate.

2107 2705 2312 2773 Eripite
2347 2719 2668 2775 pauperem,
2697 2713 2754 2758 et
2777 2717 3008 2774 excitum
3034 2701 3102 2756 de
3116 2715 3278 2754 manu
3307 2700 3617 2770 peccatoris

2036 2796 2285 2852 liberate.

2107 2888 2456 2952 Nescierunt,
2490 2901 2668 2958 neque
2699 2886 3109 2950 intellexerunt,
3142 2884 3195 2939 in
3224 2883 3469 2939 tenebris
3493 2899 3613 2939 aln-

2036 2980 2223 3034 bulant
2255 2995 2268 3030 :
2299 2979 2661 3032 movebuntur
2688 2976 2871 3031 omnia
2898 2974 3252 3028 fundamenta
3282 2981 3464 3026 teme.

1958 3098 2003 3156 α
2104 3071 2214 3139 Ego
2249 3070 2359 3123 dixi
2388 3086 2402 3123 :
2436 3068 2519 3123 Dii
2551 3068 2703 3130 estis,
2735 3075 2791 3120 et
2815 3064 2912 3118 ﬁlii
2943 3061 3153 3156 Escelsi
3182 3074 3393 3156 omnes.

2106 3161 2214 3217 Vos
2261 3173 2438 3216 autem
2485 3161 2627 3214 sicut
2666 3158 2918 3212 homines
2966 3153 3273 3208 moriemini
3309 3154 3354 3219 ',
3384 3160 3439 3207 et
3466 3151 3615 3207 sicut

2042 3269 2183 3308 unus
2214 3254 2279 3307 de
2312 3252 2647 3322 principibus
2675 3253 2904 3307 cadetis.

2105 3347 2369 3413 Exsurge,
2401 3344 2561 3407 Deus,
2590 3345 2771 3415 iudica
2805 3354 3025 3410 terram,
3055 3341 3312 3413 quoniam
3342 3348 3402 3393 tu
3436 3340 3616 3393 bare-

2042 3438 2243 3492 ditabis
2280 3438 2334 3491 in
2365 3436 2620 3492 omnibus
2640 3436 2913 3506 gentibus.

1640 3601 1884 3659 PSAth
1899 3602 1994 3661 US
2031 3599 2333 3659 LXXXII.

789 3726 1047 3769 cannea!
1080 3728 1267 3768 manu
1299 3728 1483 3777 ssseu,

435 3825 592 3891 Deus,
623 3828 734 3894 quis
761 3826 944 3880 similis
973 3827 1071 3879 erit
1100 3828 1194 3880 tibi
1215 3827 1242 3879 γ
1272 3841 1333 3879 ne
1363 3836 1559 3889 taceas,
1590 3840 1755 3890 neque
1786 3841 1929 3877 cont-

266 3976 267 3981 η
359 3921 612 3987 pascaris,
650 3918 804 3971 Deus.

438 4010 697 4072 Quoniam
723 4027 836 4064 ecce
862 4013 1063 4066 inimici
1085 4013 1162 4066 tui
1186 4022 1488 4077 sonuerunt,
1512 4022 1558 4066 et
1596 4013 1685 4081 qui
1708 4014 1933 4065 oderunt

363 4115 436 4166 te,
466 4104 761 4158 extulerunt
790 4114 970 4172 caput.

439 4260 455 4291 ⁸
499 4261 671 4312 Antea
708 4274 873 4326 penes
896 4257 1266 4313 Martianteum
1294 4267 1459 4326 atque
1486 4261 1623 4314 alios
1652 4260 1812 4314 unice
1837 4261 1939 4313 ad-

363 4331 608 4382 verbium
638 4331 774 4380 enim
801 4331 960 4382 obvlo
985 4331 1410 4397 praenotabatur,
1444 4345 1568 4382 cum
1601 4342 1776 4382 tamen
1810 4347 1929 4382 ver-

363 4403 494 4452 bum
529 4414 745 4467 quoqne
782 4399 1183 4452 substantivum
1212 4400 1281 4451 ab
1330 4396 1556 4453 Hebraeo
1584 4410 1732 4453 textu
1763 4401 1928 4452 absit.

434 4472 455 4500 ¹
492 4467 809 4537 Praepositio
844 4469 990 4522 verbi
1024 4469 1305 4539 dtjudicat,
1360 4469 1411 4522 in
1464 4468 1697 4522 Palatin.
1728 4485 1831 4522 ms.
1865 4470 1933 4524 de

363 4553 517 4592 more
546 4540 879 4591 confoditur.

445 4577 955 4675 3'§.J.Tj'.'.'.7gi;‘iiz.m
991 4622 1095 4659 ms.
1123 4577 1351 4663 i’alatin.
1390 4608 1723 4672 Diapsalma.

439 4677 460 4706 ⁵
486 4675 643 4729 Juxta
681 4677 1041 4739 Augustinum
1063 4675 1397 4732 Veronensis
1434 4693 1564 4742 ms.,
1605 4679 1929 4742 discernere,

365 4744 642 4811 Usquequo
676 4744 955 4813 judicatis,
982 4754 1111 4807 etc.,
1144 4755 1255 4801 tum
1290 4748 1464 4800 altero
1498 4749 1565 4801 ab
1596 4748 1698 4801 hoc
1722 4762 1882 4801 versu
1914 4787 1929 4812 ,

362 4816 583 4885 Auferte
614 4816 820 4889 inopem
856 4822 905 4867 et
932 4830 1148 4885 egenum
1169 4822 1329 4889 (Aug,
1355 4820 1661 4888 pauperem)
1684 4822 1746 4869 de
1771 4834 1932 4871 manu

361 4888 648 4962 peccatoris
678 4888 862 4962 eruite.

429 4957 540 5009 'ln
627 4957 851 5008 instanti
929 4953 1094 5009 habet
1151 4958 1289 5012 idem
1369 4974 1473 5011 ms.
1526 4959 1830 5021 morimini,
1877 4969 1933 5013 et

366 5041 492 5080 mox
523 5026 733 5090 caditis,
780 5026 1007 5094 propius
1040 5026 1249 5083 Graeco.
1288 5030 1342 5083 In
1383 5028 1489 5082 line
1522 5029 1933 5092 Ittereditaberis,

366 5111 466 5166 pro
494 5096 866 5159 hereditubis;
909 5098 1261 5166 Augustinus,
1311 5099 1579 5162 disperdes
1606 5114 1623 5150 :
1671 5116 1721 5152 tn
1754 5115 1932 5167 quem

366 5169 585 5221 lorum:
617 5187 633 5216 ‹
661 5167 778 5220 Non
809 5168 1271 5234 praeteteundum,
1291 5170 1490 5237 inquit,
1512 5170 1655 5237 quod
1682 5167 1931 5222 nonnulli

364 5240 586 5290 codices
616 5237 838 5299 habent,
875 5240 1125 5306 quoniam
1157 5247 1210 5290 tu
1239 5240 1571 5293 luereditabis
1612 5240 1665 5291 in
1694 5238 1935 5292 omnibus

365 5307 606 5375 gentibus
633 5324 652 5363 :
701 5307 839 5371 Quia
883 5321 936 5360 et
981 5310 1082 5362 hoc
1113 5325 1220 5361 non
1254 5311 1703 5362 inconvenienter
1735 5308 1938 5375 accipi-

369 5385 477 5439 tur,
510 5394 689 5443 neque
722 5387 776 5429 ut
811 5379 974 5431 simul
1007 5390 1297 5446 utrumque
1329 5382 1411 5446 lit,
1439 5380 1735 5446 quidquam
1776 5393 1939 5445 repn-

369 5459 517 5515 gnat.
556 5450 639 5501 Fit
663 5464 793 5516 ergo
824 5448 1264 5517 basreditasejus
1297 5464 1391 5517 per
1421 5458 1767 5503 otiaritatem.
1811 5466 1828 5498 ι
1860 5447 1937 5501 Εἰ

369 5518 457 5570 th
483 5534 643 5586 purro
673 5515 856 5572 verbis
888 5519 1072 5572 editor
1105 5515 1438 5571 Veronensis
1462 5517 1706 5570 PSalterJ
1737 5527 1937 5581 arguit,

370 5600 480 5639 non
504 5588 857 5654 Ita'reditabts,
896 5587 1357 5657 quemadmodum
1387 5588 1772 5655 Augustiuiani
1810 5586 1938 5657 lbri

373 5671 405 5705 u
431 5672 563 5709 nues
591 5659 793 5721 lerunt,
821 5660 939 5720 sed,
976 5668 1033 5710 ut
1068 5659 1122 5712 in
1162 5656 1459 5711 Veronens't
1490 5666 1571 5710 est
1614 5659 1825 5715 codice.
1865 5656 1941 5708 Ie-

373 5726 606 5793 gcnduin
632 5728 683 5779 in
701 5725 1065 5797 Hipponensis
1091 5743 1306 5797 quoque
1334 5730 1570 5796 episcopi
1607 5728 1934 5789 testimonio,

2236 3726 2498 3765 cuneus
2522 3726 2705 3765 essent
2726 3726 2893 3766 ASAPII
2926 3724 3046 3783 (ms.
3076 3727 3173 3767 lPSl
3198 3711 3403 3782 turn).

2111 3827 2273 3891 Deus,
2323 3827 2448 3896 quis
2491 3825 2687 3881 similis
2726 3826 2833 3881 erit
2876 3825 3013 3881 tibi?
3043 3842 3113 3882 ne
3158 3835 3375 3893 taceas,
3436 3841 3622 3897 neque

2041 3923 2410 3993 compescaris
2426 3921 2471 3988 ‘,
2507 3922 2668 3976 Deus.

2123 4016 2387 4081 Quoniam
2410 4029 2540 4069 ecce
2562 4012 2770 4067 inimici
2796 4011 2872 4067 tui
2889 4021 3258 4068 souavcruut:
3292 4013 3457 4084 ctqui
3484 4014 3618 4069 ode.

2043 4115 2171 4159 runt
2202 4116 2276 4169 te,
2310 4106 2631 4159 extulerunt
2661 4110 2843 4172 caput.

2044 4257 2458 4313 hereditaberis.
2506 4260 2659 4326 Quod
2709 4276 2810 4329 ego
2860 4258 3077 4328 quidem
3120 4257 3261 4312 haud
3294 4258 3453 4314 facile
3487 4274 3616 4313 cre-

2046 4329 2194 4391 dam,
2225 4331 2377 4383 nullo
2417 4331 2752 4400 sutl'ragantc
2786 4329 2946 4390 libro,
2985 4330 3219 4400 maxime
3266 4338 3447 4381 autem
3483 4332 3617 4400 reli-

2045 4411 2154 4465 quo
2199 4400 2364 4452 activi
2421 4398 2615 4453 sensus
2652 4409 2909 4453 contextu
2962 4398 3375 4452 contradicente
3417 4414 3479 4451 ε(
3515 4399 3619 4452 Per

2039 4470 2363 4520 charitatem
2415 4483 2574 4536 quam
2622 4484 2739 4523 suns
2784 4468 3073 4537 praeceptis
3101 4477 3154 4522 et
3179 4468 3374 4537 gratia,
3403 4468 3623 4521 miseri-

2038 4537 2282 4589 corditer
2327 4538 2650 4599 excolendo,
2710 4549 2983 4591 terrenam
3043 4536 3312 4605 disperdit
3364 4537 3624 4589 substan-

2040 4608 2193 4675 tiam.
2236 4624 2253 4655 ι
2316 4606 2428 4660 lino
2464 4622 2597 4661 vero
2630 4621 2807 4675 neque
2849 4608 2985 4660 satis
3011 4604 3143 4675 quid
3188 4606 3278 4659 ille
3325 4604 3429 4658 sibi
3462 4607 3616 4667 velit.

2039 4674 2302 4757 intelligo,
2327 4686 2435 4757 aut
2451 4678 2590 4730 alius
2618 4674 2753 4757 puto
2785 4674 3069 4757 intelliget,
3097 4677 3240 4757 quod
3271 4675 3617 4741 pronuntiat.

2036 4744 2237 4798 lectum
2290 4747 2359 4798 ab
2409 4744 2734 4812 Augusﬁno,
2788 4745 3181 4799 haereditaberis
3231 4758 3464 4809 PAS'eIVO,
3509 4759 3619 4797 non

2037 4817 2199 4867 modo
2226 4824 2316 4868 aut
2349 4830 2539 4880 sensu,
2572 4817 2664 4869 sed
2697 4829 2965 4871 reasons.

2109 4884 2241 4957 {in
2307 4885 2513 4957 eodem
2591 4900 2693 4939 ms.
2746 4887 3012 4957 mitescas
3084 4899 3186 4957 pro
3248 4890 3620 4957 compesearis.

2040 4970 2057 5003 s
2095 4953 2252 5016 Nam,
2303 4954 2482 5022 inquit
2528 4956 2885 5022 Augustinus.
2939 4965 2992 5009 et
3039 4953 3120 5011 sic
3166 4954 3383 5023 quidam
3446 4957 3620 5011 inter.

2037 5029 2230 5091 pretati
2260 5034 2408 5083 sunt.
2436 5028 2581 5081 uuod
2610 5026 2700 5079 hic
2724 5026 2963 5094 positum
2995 5036 3103 5090 est,
3132 5039 3295 5087 neque
3316 5039 3617 5093 compesco-

2039 5096 2131 5152 ris,
2168 5095 2326 5156 Deus,
2366 5103 2425 5147 ut
2448 5096 2719 5161 dicerent,
2751 5110 2916 5163 neque
2944 5099 3206 5157 mitescas,
3234 5094 3391 5147 Deus.
3421 5116 3439 5145 ι
3473 5095 3622 5150 Sub-

2039 5168 2294 5232 soquenti
2328 5179 2491 5218 versu
2527 5175 2821 5219 sonuerunt
2873 5179 2969 5232 pro
3002 5172 3347 5232 sonuerunt,
3378 5174 3434 5217 et
3472 5164 3620 5218 leva-

2038 5230 2223 5285 verunt
2293 5249 2389 5302 pro
2448 5238 2774 5288 extulerunt.
2808 5230 2969 5299 Tum,
3018 5236 3191 5302 Super
3237 5230 3434 5300 plebem
3466 5244 3618 5287 tuam

2040 5304 2473 5358 machinaveruat
2503 5304 2784 5358 consilium
2815 5319 2834 5366 ;
2879 5314 2933 5356 et
2967 5310 3130 5372 paulo
3160 5314 3302 5374 post,
3336 5303 3615 5372 disperda-

2040 5390 2154 5444 nms
2193 5390 2278 5427 eos
2318 5390 2381 5427 ex
2424 5377 2681 5444 gentibus,
2712 5384 2759 5427 et
2790 5391 2891 5426 non
2929 5376 2997 5427 sit
3049 5378 3101 5429 in
3139 5375 3392 5429 memoria
3425 5389 3616 5427 nomen

2041 5441 2216 5497 Israel
2249 5441 2441 5498 adhuc:
2478 5446 2740 5500 Memorat
2768 5458 2988 5513 quoque
3015 5448 3353 5514 Augustinus
3390 5444 3616 5505 codices,

2038 5515 2127 5583 qui
2158 5516 2248 5585 ‘de
2300 5516 2561 5585 gentibus
2612 5515 2801 5569 habent
2849 5531 2869 5569 :
2933 5515 3021 5569 ubi
3078 5513 3245 5582 magis
3305 5516 3619 5580 interpretes

2040 5582 2384 5708 gtlelleclttin,
2415 5601 2574 5653 quam
2598 5585 2806 5642 verbum
2844 5586 3011 5643 secuti
3047 5594 3190 5652 sunt,
3220 5591 3356 5645 αις..
3382 5598 3502 5655 qua:
3537 5585 3618 5641 vi-

2080 5671 2210 5708 ests.

2080 5671 2210 5710 sats.
