3958 6176
299 230 406 292 293

1538 240 1770 298 LIBER
1818 239 2311 301 PSAlJilOliL'M.

3430 244 3534 306 iiii

370 346 438 399 Et
472 362 627 416 super
656 355 865 402 sanctos
899 365 1040 416 suos,
1069 358 1115 402 et
1157 351 1207 401 in
1235 365 1318 402 eos
1362 352 1451 419 qui
1500 358 1872 403 convertuntur
1904 359 1946 411 Α
1980 350 2191 416 plebem
2222 367 2396 413 Suam,
2440 364 2494 407 et
2520 369 2684 417 sulscr
2728 360 2943 406 :anctos
2976 367 3128 416 suos,
3158 359 3211 403 et
3238 353 3291 404 in
3321 367 3415 406 eos
3449 356 3539 422 qui

298 440 370 494 ad
390 456 499 492 cor.

381 530 752 586 Verumtamen
783 549 946 601 prape
975 536 1215 587 timentes
1243 550 1359 587 eum
1381 532 1622 587 salutare
1655 532 1821 599 ipsius
1851 546 1869 585 :

298 633 357 678 ut
384 625 643 678 inhabitet
673 627 690 655 ⁸
722 624 895 695 gloria
923 626 977 678 in
1000 636 1140 678 terra
1174 638 1380 679 nostra.

364 715 731 770 Misericordia
770 726 820 769 et
852 718 1048 770 veritas
1078 720 1417 773 obviaverunt
1483 734 1543 774 -εο
1586 720 1685 773 sibi
1719 720 1868 790 είκ-

298 808 443 862 stitia
469 819 515 859 et
547 824 654 877 pax
682 811 932 862 osculata:
951 818 1094 862 sunt.

378 898 586 952 Veritas
625 899 691 951 de
729 911 871 952 terra
912 908 1031 952 orta
1064 908 1141 953 est
1168 916 1185 954 :
1217 910 1263 953 et
1276 900 1489 970 justitia
1513 901 1575 954 de
1597 902 1722 956 coelo
1754 920 1875 973 pro-

300 992 493 1061 spuit.

366 1080 579 1135 Etenim
618 1083 867 1135 Dominus
898 1083 1039 1136 dabit
1066 1083 1436 1153 benignitatem
1474 1099 1490 1137 :
1520 1093 1568 1138 et
1598 1093 1739 1137 terra
1772 1100 1870 1137 no-

301 1182 414 1225 stra
443 1174 589 1226 dabit
614 1175 843 1243 fructum
881 1192 1062 1230 suum.

366 1264 591 1317 Justitia
628 1278 749 1318 ante
777 1282 891 1318 eum
916 1266 1203 1322 ambulabit
1238 1277 1325 1325 .‘et
1357 1276 1509 1339 ponet
1541 1269 1593 1320 in
1625 1268 1710 1322 via
1741 1281 1880 1338 gres-

303 1370 393 1407 GUJ
410 1372 551 1409 θυοδ.

1974 451 2367 498 convertentur
2392 446 2455 499 ad
2490 446 2667 515 ipsum
2705 445 2749 499 '.

2048 528 2438 589 Verumtamen
2472 550 2641 605 prope
2666 546 2748 591 est
2776 534 3101 590 timentibus
3131 548 3256 588 eum
3310 532 3545 587 salutare

1977 619 2149 689 ipsius
2181 640 2194 674 :
2233 632 2295 679 ut
2342 625 2612 682 inhabitet
2645 626 2814 697 gloria
2859 626 2912 679 in
2943 634 3086 680 terra
3122 634 3331 679 nostra.

2048 712 2421 770 Misericordia
2453 728 2509 772 et
2546 720 2745 773 veritas
2770 713 3259 772 obviaveruntsibi
3287 730 3300 768 :
3327 712 3546 783 justitia

1976 810 2031 855 et
2072 819 2173 871 pax
2214 808 2509 875 complexae
2541 818 2669 863 sunt
2696 825 2773 865 se.

2054 894 2269 950 Veritas
2292 900 2355 952 de
2383 909 2526 953 terra
2547 915 2666 955 orta
2692 908 2775 956 est
2804 918 2817 956 :
2848 911 2903 956 et
2927 899 3138 972 iustitia
3168 900 3235 954 de
3254 898 3392 953 cazlo
3421 912 3550 966 pro-

1980 988 2181 1054 spexit.

2062 1080 2274 1133 Etenim
2332 1079 2591 1135 Dominus
2640 1081 2789 1134 dabit
2854 1080 3241 1152 benignitatem
3282 1090 3371 1134 :et
3407 1089 3553 1134 terra

1981 1182 2173 1226 nostra
2222 1171 2373 1225 dabit
2404 1171 2640 1224 fructum
2667 1186 2847 1225 suum.

2053 1267 2270 1321 iustitia
2296 1276 2421 1322 ante
2441 1283 2567 1322 eum
2587 1265 2884 1321 ambulabit
2911 1281 2925 1321 :
2951 1275 3007 1321 et
3028 1275 3194 1336 ponet
3222 1266 3278 1320 in
3303 1264 3386 1319 via
3408 1278 3556 1334 gres-

1983 1375 2079 1415 SUS
2131 1375 2281 1414 ιυοε.

1588 1519 1938 1580 l’SALMUS
2004 1520 2287 1583 LXXXV.

726 1641 926 1693 omno
964 1643 1022 1684 σξ-
1062 1642 1159 1685 ιιιει
1185 1635 1204 1662 ⁸
1246 1632 1267 1701 ζ
1302 1647 1476 1685 emo.

378 1740 607 1804 Inclina.
635 1742 873 1807 Domine,
909 1759 1093 1794 aurem
1120 1752 1286 1796 tuam.
1318 1755 1376 1795 -ι-
1404 1752 1450 1793 et
1486 1741 1508 1809 ζ
1540 1743 1733 1795 exaudi
1767 1758 1883 1796 me:

310 1836 560 1903 quoniam
596 1834 746 1901 inops
769 1843 816 1885 et
847 1849 1050 1902 pauper
1074 1850 1188 1886 sum
1217 1849 1327 1899 ego.

379 1928 599 1981 Custodi
635 1928 871 1979 animam
917 1940 1110 2000 meum,
1165 1928 1416 1995 quoniam
1465 1932 1681 1979 sanctus
1720 1941 1836 1976 sum
1863 1939 1884 1979 :

309 2018 514 2071 salvum
563 2019 650 2086 {ac
696 2033 904 2071 servum
961 2029 1132 2082 tuum,
1188 2017 1323 2070 Deus
1383 2033 1548 2080 meus,
1580 2027 1886 2085 sperantem

310 2112 363 2161 in
397 2120 467 2163 te.

377 2202 629 2252 miserere
680 2201 801 2262 mei,
851 2201 1085 2264 Domine,
1140 2196 1394 2269 quoniam
1443 2201 1513 2253 ad
1558 2208 1607 2254 te
1662 2199 1888 2253 clamavi

311 2302 417 2344 tota
446 2293 533 2344 die
558 2291 619 2346 ³;
649 2290 855 2359 laetiﬁca
886 2294 1122 2344 animam
1156 2292 1290 2346 servi
1321 2294 1419 2357 tui,
1448 2293 1699 2361 quoniam
1724 2294 1793 2345 ad
1814 2302 1887 2359 te,

314 2383 561 2445 Domine,
596 2386 830 2436 animam
866 2399 1032 2436 meam
1074 2382 1260 2437 levavi.

379 2469 645 2534 Quoniam
695 2480 770 2533 tu,
808 2470 1041 2532 Domine,
1102 2472 1275 2524 suavis
1311 2480 1359 2523 et
1414 2472 1572 2537 mitis,
1614 2483 1663 2525 et
1712 2474 1889 2528 multa

315 2559 687 2614 misericordia
716 2562 955 2613 omnibus
988 2563 1348 2615 invocantibus
1379 2570 1452 2616 te.

382 2653 612 2704 Auribus
644 2652 871 2720 percipe,
899 2650 1142 2715 Domine,
1175 2657 1471 2707 orationem
1496 2669 1663 2707 meam
1690 2669 1709 2709 .‘
1736 2663 1782 2707 et
1810 2656 1894 2707 in-

312 2744 465 2796 tende
490 2744 604 2795 voci
626 2743 1012 2811 deprecationis
1044 2760 1186 2798 meie.
1742 2794 1749 2800 .

381 2834 451 2889 In
507 2837 593 2887 die
646 2833 1003 2889 tribulationis
1050 2851 1179 2888 mete
1214 2836 1439 2889 clamavi
1486 2835 1561 2888 ad
1613 2845 1662 2889 te
1693 2853 1711 2890 :
1764 2838 1889 2906 quia

316 2928 583 2981 exaudiui
604 2942 702 2978 me.

2320 1644 2513 1688 onsrio
2542 1644 2698 1684 mvm
2725 1627 2745 1698 ί
2771 1643 2867 1681 ms.
2904 1640 3004 1681 wsr
3032 1638 3189 1679 omo
3215 1622 3259 1696 ].

2060 1742 2287 1806 lnclina,
2328 1742 2573 1805 Domine,
2596 1758 2782 1794 aurem
2818 1750 2965 1794 tuam
2990 1739 3054 1792 ad
3087 1754 3172 1791 me
3200 1737 3243 1805 ⁸,
3278 1746 3335 1791 et
3359 1736 3557 1790 exaudi

1990 1848 2115 1888 me:
2152 1832 2419 1901 quoniam
2442 1846 2646 1901 egenus
2679 1840 2734 1885 et
2764 1845 2970 1900 pauper
3002 1844 3120 1882 sum
3153 1842 3274 1897 ego.

2057 1922 2285 1976 Custodi
2332 1923 2566 1975 animam
2614 1936 2814 1984 meam,
2843 1918 3102 1988 quoniam
3133 1929 3351 1971 sanctus
3396 1931 3557 1972 smn:

1987 2013 2197 2067 salvum
2212 2012 2294 2066 fac
2312 2027 2528 2066 servum
2551 2023 2603 2066 tu
2614 2013 2875 2075 um,Deus
2890 2024 3064 2075 meus,
3086 2019 3392 2077 sperantem
3413 2009 3467 2061 in
3486 2019 3558 2061 tc.

2062 2192 2320 2247 iliserere
2349 2190 2504 2257 mihi,
2544 2190 2794 2252 Domine,
2829 2186 3087 2256 quoniam
3148 2185 3213 2238 ad
3250 2193 3300 2239 te
3332 2182 3558 2237 clamavi

1991 2294 2101 2341 tota
2141 2284 2229 2338 die
2265 2300 2280 2339 :
2319 2282 2533 2338 laetiﬁca
2560 2283 2797 2335 animam
2828 2283 2967 2333 servi
2994 2279 3094 2341 tui,
3126 2278 3330 2346 quiaad
3357 2287 3428 2341 te,
3457 2277 3560 2331 Do-

1990 2377 2158 2438 mine,
2181 2375 2358 2430 levavi
2383 2376 2621 2428 animam
2656 2388 2852 2427 meam.

2060 2469 2326 2535 Quoniam
2357 2478 2433 2535 tu,
2461 2467 2709 2530 Domine,
2730 2466 2911 2521 suavis
2941 2480 3004 2519 ac
3031 2463 3182 2520 mitis
3202 2480 3280 2529 es,
3308 2464 3564 2534 etcOpio-

1991 2577 2086 2617 sus
2111 2562 2164 2615 in
2206 2561 2581 2615 misericordia
2612 2561 2867 2614 omnibus
2897 2558 3276 2612 invocantibus
3307 2565 3378 2611 te.

2061 2658 2302 2712 Auribus
2360 2656 2601 2725 percipe,
2641 2654 2889 2718 Domine,
2923 2651 3229 2705 orationem
3256 2665 3471 2715 meam;
3505 2660 3561 2704 et

1993 2749 2217 2803 intende
2249 2747 2368 2801 voci
2400 2745 2806 2815 deprecationis
2841 2759 2993 2797 meae.

2061 2839 2122 2893 1n
2152 2838 2240 2893 die
2270 2837 2635 2892 tribulationis
2663 2852 2796 2889 mea
2825 2833 3055 2889 clamavi
3086 2833 3153 2888 ad
3179 2843 3270 2892 te;
3302 2833 3560 2904 quoniam

1993 2930 2261 2985 exaudisti
2303 2946 2409 2985 me.

383 3016 510 3072 Non
559 3028 633 3073 est
668 3018 860 3073 similis
892 3023 967 3074 tui
1012 3025 1065 3074 in
1095 3021 1222 3086 diis,
1256 3021 1523 3075 Domine:
1561 3029 1611 3076 et
1661 3038 1765 3076 non
1816 3031 1895 3077 est
1924 3049 1964 3106 ο
2064 3019 2180 3075 Non
2212 3030 2297 3076 est
2327 3022 2521 3076 similis
2550 3020 2648 3076 tibi
2686 3022 2740 3077 in
2771 3021 2898 3085 diis,
2950 3010 3180 3076 Domine
3216 3039 3229 3075 :
3264 3031 3320 3078 et
3352 3032 3565 3078 nonest

317 3112 607 3162 secundum
643 3127 803 3176 opera
836 3120 946 3164 tua.

385 3200 576 3255 Omnes
604 3212 778 3269 gentes
812 3220 944 3272 quas
982 3217 1037 3257 -ι-
1073 3218 1278 3273 cunque
1312 3204 1337 3273 ζ
1373 3204 1563 3273 fecisti,
1591 3205 1815 3267 venient,
1849 3215 1897 3257 et

319 3292 619 3345 adorabunt
646 3309 824 3346 coram
854 3302 922 3359 te,
960 3293 1200 3360 Domine,
1234 3306 1280 3348 et
1312 3295 1685 3365 gloriﬁcabunt
1712 3311 1898 3349 nomen

319 3393 490 3436 tuum.

392 3475 657 3539 Quoniam
688 3494 908 3548 magnus
933 3496 984 3533 es
1008 3488 1084 3547 tu,
1119 3490 1167 3534 et
1195 3481 1393 3551 faciens
1418 3480 1689 3536 mirabilia
1716 3498 1734 3537 :
1768 3491 1823 3536 tu
1847 3500 1896 3538 us

318 3584 372 3620 es
401 3569 424 3636 ζ
464 3568 605 3622 Deus
636 3575 775 3623 solus
807 3569 848 3625 δ.

382 3660 563 3712 Deduc
598 3677 696 3727 me,
758 3661 1002 3727 Domine,
1057 3665 1111 3717 in
1164 3665 1246 3718 via
1284 3677 1395 3731 tua,
1441 3677 1490 3718 et
1523 3667 1793 3734 ingrediar
1843 3667 1897 3721 in

320 3752 539 3804 veritate
567 3761 661 3806 tua
698 3769 718 3808 ἔ
770 3757 977 3809 (tutetur
1022 3772 1114 3810 cor
1148 3773 1345 3818 meum.
1394 3767 1451 3811 ut
1495 3759 1677 3812 timeat
1712 3775 1898 3814 nomen

323 3852 489 3896 tuum.

389 3932 690 4001 Conﬁtebor
734 3936 853 4001 tibi,
895 3924 1117 3991 Domine
1156 3934 1291 3992 Deus
1323 3955 1488 4003 meus,
1528 3941 1583 3993 in
1611 3948 1718 3994 toto
1743 3943 1899 3996 corde

322 4039 433 4077 meo
457 4040 475 4078 :
504 4034 553 4077 et
572 4027 873 4094 glori/icabo
902 4044 1089 4082 nomen
1127 4036 1273 4083 tuum
1300 4032 1355 4083 in
1386 4041 1665 4086 internum.

389 4200 528 4266 Quia
561 4204 922 4259 misericordia
958 4216 1051 4261 tua
1100 4223 1292 4276 magna
1332 4224 1383 4261 tu
1414 4216 1487 4263 est
1522 4211 1545 4278 ζ
1593 4227 1749 4279 super
1775 4227 1895 4265 me:

318 4303 367 4346 et
399 4296 583 4348 eruisti
621 4298 858 4349 animam
889 4312 1060 4351 meam
1090 4313 1156 4351 ea:
1180 4298 1386 4368 inferno
1420 4302 1678 4370 inferiori.

393 4472 555 4538 Deus,
582 4473 753 4543 iniqui
782 4474 1178 4530 insurrexerunt
1204 4493 1366 4547 super
1402 4494 1505 4538 me.
1541 4488 1589 4531 et
1624 4496 1893 4551 synagoga

394 4680 414 4756 ξ
448 4678 520 4756 De
546 4693 703 4756 more
729 4678 956 4756 Palatia.
990 4697 1115 4747 ms.,
1148 4682 1211 4738 Ut
1248 4700 1304 4739 οε-
1339 4688 1389 4736 in
1419 4688 1679 4756 :Iiabitet.

357 4748 663 4870 b’llgnorat
691 4748 833 4802 idem
854 4765 956 4805 ms.
984 4768 1281 4820 pronomen
1309 4748 1440 4825 ipsi,
1460 4762 1735 4827 istumque
1755 4759 1894 4815 adeo

398 4838 423 4868 α
450 4834 562 4869 υιιι.
1040 4866 1045 4870 .

322 4834 562 4871 ουαιυιιι.

390 4866 719 4962 illi—vitii)de
755 4902 880 4962 ιρις..
910 4889 998 4962 έάί
1020 4866 1070 4942 te
1100 4891 1342 4947 clamabo
1374 4905 1506 4962 tota,
1533 4908 1643 4952 etc.

386 4957 408 4986 ³
438 4957 733 5036 Subjungit
771 4957 860 5037 bic
910 4957 1145 5013 Palatiu.
1205 4980 1309 5017 ms.
1349 4957 1664 5035 Diiipsulrna
1695 5010 1709 5026 .
1749 4971 1893 5037 quod

324 5027 519 5080 iterum
548 5029 712 5078 tertio
742 5027 809 5078 ab
842 5028 947 5081 hoc
984 5045 1138 5082 versu
1175 5027 1474 5089 subnectit:

392 5098 412 5126 ⁵
445 5097 499 5148 In
523 5095 818 5148 Veronensi
844 5114 944 5150 ius.
973 5097 1361 5153 Convertuntur
1390 5122 1452 5156 ex
1472 5106 1645 5160 corde.
1673 5107 1894 5161 Verum-

322 5180 493 5219 tamen
519 5181 682 5233 prope
711 5167 950 5243 timentes
981 5183 1119 5234 eum,
1156 5184 1263 5225 etc.
1301 5174 1668 5242 Subscqueuti
1706 5193 1888 5243 versu,

321 5244 691 5315 cucurrerunt,
717 5251 815 5313 pro
838 5236 1192 5315 obviuverunt,
1233 5255 1286 5296 ct
1318 5236 1570 5299 osculum
1616 5259 1760 5312 sunt,
1792 5236 1893 5315 pro

321 5308 626 5383 coiitplCJtB.
655 5307 895 5373 Denique
922 5307 1061 5383 itifra
1099 5315 1255 5365 unice
1287 5332 1409 5366 cum
1437 5307 1762 5383 Augustino,
1792 5307 1890 5371 da-

321 5376 765 5456 bitrsuavituteml,
797 5391 892 5456 pro
915 5380 1283 5448 benignitatem
1315 5399 1332 5436 :
1362 5396 1414 5437 ct
1437 5376 1564 5437 ant'e
1599 5403 1715 5439 eum
1749 5376 1891 5456 prae-

322 5448 413 5498 i.it
441 5462 542 5513 pro
575 5447 888 5499 ambulabit.

398 5519 415 5547 ⁵
458 5515 688 5591 \‘oculus
724 5515 792 5565 ad
825 5533 1079 5587 me,quas
1110 5536 1289 5590 neque
1326 5523 1619 5591 originales
1652 5528 1772 5581 libri
1798 5530 1888 5581 alii

324 5588 546 5648 habent,
580 5582 908 5639 Veronensis
934 5582 1152 5657 quoque
1176 5582 1277 5644 ius;
1303 5582 1466 5647 tacei.
1495 5595 1681 5650 'l'ertio
1707 5609 1887 5651 autem

322 5671 389 5712 ab
413 5660 515 5709 hoc
554 5670 727 5731 versu,
746 5658 872 5727 legit
899 5674 1021 5712 cum
1049 5666 1370 5730 Augustino,
1398 5668 1632 5732 jocumlu
1655 5671 1886 5723 animum

1998 3114 2299 3167 secundum
2320 3129 2488 3182 opera
2538 3123 2654 3167 tua.

2069 3202 2273 3260 Omnes
2302 3215 2489 3275 gentes
2526 3220 2881 3275 quascunque
2907 3203 3031 3276 [ms.
3062 3204 3219 3277 quas]
3248 3206 3446 3270 fecisti,
3480 3223 3569 3262 ve-

2000 3297 2153 3351 nient
2185 3314 2198 3352 :
2226 3306 2281 3351 ct
2312 3296 2617 3351 adorabunt
2642 3312 2826 3351 coram
2863 3308 2934 3359 te,
2971 3299 3220 3365 Domine,
3255 3309 3310 3353 et
3346 3300 3569 3356 honori-

2000 3388 2242 3444 ﬁcabunt
2266 3387 2386 3461 [ms.
2422 3389 2832 3461 gloriﬁcabuntj
2855 3406 3050 3445 nomen
3079 3401 3252 3446 tuum.

2084 3478 2350 3543 Quoniam
2393 3494 2621 3549 magnus
2657 3494 2718 3534 es
2756 3489 2831 3545 tu,
2868 3490 2924 3534 et
2952 3478 3159 3534 iaciens
3194 3480 3465 3536 mirabilia
3502 3482 3521 3513 "
3555 3499 3569 3513 ο

2000 3578 2055 3623 tu
2083 3586 2144 3625 es
2182 3570 2326 3625 Deus
2366 3572 2540 3625 solus.

2072 3661 2257 3715 Deduc
2289 3678 2396 3723 me.
2425 3660 2673 3725 Domine,
2707 3660 2761 3714 in
2787 3661 2872 3714 via
2936 3672 3025 3716 tua
3053 3679 3066 3716 :
3092 3672 3145 3717 et
3188 3663 3478 3717 ambulabo
3515 3666 3569 3718 in

2000 3753 2231 3806 veritate
2267 3763 2378 3805 tua.

2078 3844 2315 3898 Laetetur
2344 3842 2367 3914 [
2400 3859 2496 3896 ms.
2524 3840 2834 3895 delectetur
2866 3840 2885 3911 J
2916 3856 3010 3894 cor
3040 3857 3244 3906 meum,
3279 3852 3336 3896 ut
3370 3843 3572 3898 timeat

1996 3950 2196 3989 nomen
2224 3946 2411 3990 tuum:
2463 3933 2767 3989 confitebor
2815 3934 2935 3996 tibi,
2974 3935 3196 3987 Domine
3218 3934 3361 3988 Deus
3392 3951 3569 3999 meus,

2001 4027 2057 4081 in
2096 4036 2211 4082 toto
2237 4027 2401 4081 corde
2428 4042 2573 4089 men,
2596 4037 2652 4079 et
2683 4024 3052 4078 bonorilicabo
3082 4023 3201 4096 [ms.
3229 4025 3571 4098 gloriﬁcabo]

1996 4135 2196 4175 nomen
2241 4128 2392 4172 tuum
2431 4119 2483 4171 in
2513 4127 2799 4171 asternum.

2087 4212 2352 4277 Quoniam
2394 4209 2775 4263 misericordia
2818 4218 2906 4262 tua
2935 4224 3124 4279 magna
3143 4218 3227 4262 est
3253 4223 3416 4278 super
3438 4223 3524 4262 me
3552 4225 3565 4261 :

1998 4321 2054 4360 et
2084 4305 2331 4376 eripuisti
2370 4303 2490 4376 [ms.
2518 4299 2734 4372 eruisti]
2766 4302 3001 4355 animam
3058 4316 3233 4354 meam
3259 4316 3322 4354 ex
3356 4301 3566 4355 inleruo

1922 4390 1967 4443 υ
1998 4398 2277 4452 inferiore.

2071 4484 2231 4548 Deus,
2271 4483 2459 4552 injusti
2499 4482 2992 4536 insurrexeruutin
3027 4497 3114 4535 me
3138 4480 3159 4513 ⁸
3184 4497 3202 4537 t
3229 4492 3285 4536 et
3303 4498 3570 4553 synagoga

1995 4694 2129 4746 servi
2172 4692 2247 4744 lui
2284 4706 2302 4743 :
2351 4691 2603 4761 quoniam
2630 4693 2699 4745 ad
2735 4701 2805 4751 te.
2857 4690 3097 4754 Domine,
3130 4691 3296 4745 levavi
3337 4692 3569 4743 animam

1998 4778 2189 4815 meam.
2222 4762 2360 4827 Quia
2392 4774 2448 4813 tu
2476 4764 2650 4815 suavis
2684 4779 2758 4825 es,
2797 4762 3037 4822 Domine,
3069 4779 3131 4814 ac
3152 4764 3313 4819 mitis.
3351 4770 3397 4814 et
3433 4762 3569 4813 mul-

1999 4845 2109 4883 tum
2141 4835 2436 4885 misericors
2467 4832 2706 4883 omnibus
2732 4832 3095 4884 introeuntibus
3121 4844 3189 4885 te.
3220 4834 3445 4883 Auribus
3482 4847 3568 4882 m-

1995 4901 2118 4970 ﬁge,
2155 4901 2396 4966 Domine,
2432 4904 2721 4955 orationem
2762 4917 2955 4967 meam,
2989 4911 3035 4952 et
3071 4902 3280 4954 intende
3306 4902 3415 4954 voci
3448 4916 3571 4952 ora-

1997 4983 2158 5023 (tents
2188 4987 2336 5022 meat.

2065 5041 2083 5070 "
2124 5041 2222 5092 Ms.
2266 5038 2564 5097 Veronens.
2604 5041 3012 5100 misericordias.
3042 5056 3102 5093 ex
3129 5041 3337 5093 librarii
3361 5057 3566 5106 errore,

2000 5125 2098 5177 pro
2128 5110 2397 5165 mirabilia
2429 5130 2447 5167 :
2489 5123 2601 5165 tum
2626 5127 2750 5164 cum
2779 5112 3105 5180 Augustino,
3138 5120 3191 5162 tu
3231 5127 3283 5163 es
3316 5111 3451 5164 Deus
3479 5128 3568 5163 so-

2000 5180 2079 5231 lus
2109 5195 2345 5247 magnus.
2378 5183 2578 5239 Deduc.
2613 5191 2723 5234 etc.

2067 5250 2089 5280 ³
2125 5252 2299 5316 Atque
2332 5252 2453 5315 huc,
2490 5263 2548 5305 ut
2598 5264 2650 5303 et
2688 5251 2791 5304 alia
2839 5251 3095 5320 pleraque
3156 5254 3223 5303 ad
3273 5250 3567 5317 margini-in

1996 5330 2276 5379 annotata.
2327 5336 2449 5373 cum
2507 5322 2810 5389 Augustino
2846 5322 3010 5375 habet
3054 5322 3349 5375 Veronens.
3405 5320 3563 5377 libi‘J',

1998 5389 2157 5458 Deus,
2202 5400 2573 5455 prwtereuntes
2604 5392 2765 5460 legem
2809 5394 3203 5444 insurrexerunt
3251 5405 3406 5454 super
3441 5405 3518 5438 me
3552 5405 3569 5440 .’

1995 5476 2262 5528 synagoga
2302 5465 2592 5526 potentium
2622 5463 2970 5525 inquisierunt
3002 5465 3234 5511 animum
3287 5475 3480 5528 meum,
3517 5475 3564 5510 et

1998 5525 2099 5581 uin
2131 5525 2416 5598 posuerunt
2461 5542 2509 5587 te
2539 5535 2592 5586 in
2646 5542 2923 5598 conspectu
2971 5544 3087 5581 suo.
3135 5528 3202 5578 Et
3238 5539 3314 5588 tu,
3354 5525 3571 5578 Domine

2001 5603 2136 5651 Iteus
2175 5603 2455 5655 miserator
2487 5616 2531 5656 et
2557 5606 2874 5662 misericors,
2902 5600 3211 5665 longanimis
3237 5607 3285 5648 et
3319 5601 3564 5651 multum.

1996 5681 2100 5725 etc.
2144 5671 2353 5727 \iidesis
2399 5683 2453 5728 et
2486 5674 2873 5741 Hieronymum
2911 5673 3076 5737 epist.
3115 5670 3182 5720 ad
3233 5666 3491 5720 Sunmam
3524 5679 3570 5719 et
