3958 6176
264 351 369 415 991

1533 334 1768 404 LIBER
1809 334 2312 400 PSALMORUM.

3430 326 3537 390 293

259 466 438 536 factus
466 482 585 522 sum
622 467 757 521 sicut
790 468 947 521 homo
976 464 1089 518 sine
1114 461 1406 530 adjutorio,
1438 459 1578 513 inter
1612 466 1848 512 mortuos
1879 463 1924 519 Α
1955 450 2136 506 factus
2189 463 2311 505 sum
2354 445 2497 501 sicut
2525 445 2688 502 homo
2718 444 2836 500 sine
2865 437 3168 513 adiutorio,
3211 436 3350 491 inter
3390 451 3539 491 mor-

256 561 412 616 liber.

325 654 480 709 Sicut
525 651 796 707 vulnerati
848 652 1164 705 dormientes
1210 649 1266 700 in
1306 645 1584 715 sepulcris,
1618 657 1843 712 quorum

256 762 361 800 non
398 762 451 800 es
487 762 686 799 memor
715 743 945 815 amplius
969 755 992 798 :
1037 753 1086 797 et
1120 741 1219 808 ipsi
1245 740 1308 793 de
1340 754 1505 793 manu
1529 747 1622 789 tua
1649 733 1845 803 repulsi

255 849 403 894 sunt.

326 929 632 985 Posuerunt
660 946 740 985 me
773 931 826 984 in
850 929 969 984 lacu
989 928 1255 995 inferiori,
1290 927 1344 980 in
1378 924 1685 986 tenebrosis,
1711 930 1759 974 et
1787 919 1842 972 in

258 1022 448 1075 umbra
476 1025 683 1075 mortis.

326 1110 502 1181 Super
532 1129 613 1165 me
664 1110 1010 1179 conﬁrmatus
1062 1119 1138 1165 est
1189 1110 1339 1179 {uror
1384 1117 1528 1169 tuus,
1564 1114 1614 1159 et
1663 1117 1842 1157 omnes

257 1203 449 1269 ﬂuctus
475 1213 592 1255 tuos
622 1202 879 1256 induxisti
903 1217 1065 1270 super
1090 1216 1192 1254 me.
1227 1198 1554 1252 Drusum.

326 1294 508 1363 Longe
530 1296 699 1363 fecisti
727 1303 875 1347 notos
903 1310 1044 1347 meos
1074 1312 1107 1348 a
1139 1308 1219 1346 me
1240 1307 1260 1346 :
1291 1298 1579 1361 posuerunt
1605 1304 1687 1342 me
1719 1290 1846 1342 abo-

258 1386 608 1440 minationem
636 1386 761 1440 sibi.

335 1477 588 1531 Traditus
624 1494 764 1545 sum,
806 1487 854 1531 et
885 1480 986 1531 nan
1018 1476 1363 1547 egrediebar:
1409 1473 1548 1529 oculi
1588 1474 1690 1527 mei
1724 1472 1845 1528 lan-

261 1582 483 1642 guerunt
516 1588 630 1639 pra:
662 1574 862 1642 inopia.

332 1663 579 1719 Clamavi
600 1664 669 1717 ad
690 1674 757 1730 te,
787 1663 1025 1725 Domine,
1056 1672 1167 1717 tota
1191 1662 1278 1715 die
1297 1661 1530 1727 expandi
1558 1661 1630 1715 ad
1658 1668 1708 1714 te
1734 1673 1851 1712 ma-

264 1773 362 1808 nus
392 1774 559 1810 meas.

1956 553 2079 597 tuos
2104 540 2228 613 [τηε.
2266 542 2323 594 in
2382 537 2657 609 mortuis]
2706 537 2866 592 liber.

2026 636 2468 691 Sicutvulnerati
2497 633 2836 688 dormientes
2861 629 3096 700 proiecti
3136 628 3192 685 in
3217 645 3545 686 monumen-

1956 732 2049 795 tis,
2080 742 2321 799 quorum
2361 745 2471 784 non
2530 725 2830 780 meministi
2883 722 3122 792 amplius
3156 739 3170 779 :
3204 734 3259 778 et
3318 725 3540 795 quidem

1953 821 2059 892 ipsi
2077 823 2144 878 de
2172 837 2340 876 manu
2371 832 2463 877 tua
2498 819 2708 889 expulsi
2739 829 2888 874 sunt.

2025 915 2341 969 Posuerunt
2399 930 2487 968 me
2523 914 2577 967 in
2633 914 2756 969 lacu
2788 913 3060 977 inferiori,
3100 910 3435 966 intenebris
3485 917 3543 962 ct

1955 1006 2145 1061 umbra
2174 1004 2385 1077 [ms.in
2412 1004 2605 1059 umbra
2642 1003 2662 1076 ]
2700 1005 2907 1060 mortis.

2025 1097 2083 1151 In
2120 1111 2209 1151 me
2235 1096 2557 1150 conﬁrmata
2583 1105 2669 1149 est
2702 1096 2782 1149 ira
2819 1107 2909 1151 tua
2948 1108 3041 1153 :et
3062 1112 3255 1153 omnes
3272 1098 3541 1154 elationes

1957 1200 2081 1247 tuas
2108 1204 2277 1260 super
2311 1205 2398 1244 me
2425 1187 2712 1242 induxisti.
2751 1187 3069 1244 Drusum.

2025 1280 2213 1351 Longe
2242 1280 2421 1336 fecisti
2456 1291 2621 1335 notos
2653 1295 2805 1336 meos
2842 1298 2872 1335 a
2905 1296 3016 1348 me,
3040 1295 3346 1353 posuerunt
3368 1302 3455 1342 me
3482 1288 3536 1342 in

1959 1377 2083 1451 [ms.
2125 1387 2230 1432 tac.
2268 1376 2348 1449 in]
2396 1376 2864 1433 abominationem
2890 1378 2994 1433 sibi
3021 1398 3034 1432 :
3059 1379 3294 1436 traditus
3312 1396 3459 1452 sum,
3483 1393 3539 1439 et

1957 1487 2067 1527 non
2103 1470 2444 1540 egrediebar.

2029 1562 2186 1617 Oculi
2221 1562 2328 1616 mei
2363 1562 2623 1617 inﬁrmati
2657 1572 2786 1619 sunt
2816 1578 2929 1634 pne
2953 1565 3161 1636 inopia,
3207 1566 3435 1622 clamavi
3468 1568 3536 1622 ad

1961 1666 2038 1723 te,
2066 1655 2322 1711 Domine"
2346 1673 2363 1712 :
2397 1665 2508 1711 tota
2537 1656 2628 1712 die
2648 1658 2887 1727 expandi
2914 1674 3111 1715 manus
3140 1675 3292 1716 meas
3334 1662 3404 1717 ad
3464 1672 3539 1716 te.

332 1848 607 1919 Numquid
654 1850 875 1902 mortuis
924 1849 1088 1918 [acies
1142 1848 1455 1902 mirabilia?
1505 1855 1601 1900 aut
1660 1843 1850 1898 medici
1886 1827 1928 1883 Β
2027 1842 2306 1911 Numquid
2346 1840 2583 1896 mortuis
2634 1842 2811 1898 [scies
2839 1843 3165 1899 mirabilia?
3198 1857 3294 1901 aut
3346 1848 3545 1904 medici

263 1941 614 2005 suscitabunt,
644 1949 694 1994 et
718 1940 1105 2008 conﬁtebuntur
1136 1940 1283 1993 tibi?
1320 1939 1628 1993 ῡιιιιιελωιλ
1662 1938 1699 1993 Ρ.

330 2118 609 2188 Numquid
656 2119 901 2174 narrabit
942 2117 1132 2187 aliquis
1176 2120 1232 2172 in
1280 2119 1520 2187 sepulcro
1550 2116 1852 2171 miscricor-

266 2210 407 2264 diam
443 2220 597 2264 tuam
623 2211 649 2264 ?
679 2222 730 2266 et
763 2213 1041 2265 veritatem
1082 2224 1228 2265 tuam
1250 2213 1305 2264 in
1337 2212 1626 2280 perditione
1647 2209 1673 2261 Ρ

328 2303 604 2370 Numquid
642 2316 1022 2375 cognoscentur
1070 2305 1124 2358 in
1157 2305 1383 2358 tenebris
1424 2304 1695 2359 mirabilia
1722 2304 1854 2356 tua?

268 2407 315 2452 et
332 2398 551 2467 justitia
575 2406 667 2452 tua
692 2401 749 2453 in
775 2410 918 2453 terra
941 2399 1255 2453 oblivionis?

342 2487 408 2542 Et
439 2504 534 2558 ego
571 2490 643 2541 ad
689 2501 760 2555 te,
797 2489 1038 2555 Domine,
1076 2488 1301 2543 clamavi
1333 2502 1352 2541 :
1405 2497 1455 2542 et
1487 2504 1640 2542 inane
1682 2489 1854 2542 oratio

271 2596 384 2632 mea
417 2582 699 2647 praveniet
734 2590 804 2635 te.

342 2672 406 2726 L't
435 2675 585 2741 quid,
617 2672 858 2738 Domine,
893 2674 1107 2742 repellis
1130 2676 1423 2729 orationem
1463 2691 1632 2729 meam
1657 2676 1682 2728 9
1706 2690 1859 2730 aver-

270 2768 339 2819 tis
373 2767 564 2836 faciem
586 2777 735 2821 tuam
762 2786 794 2822 a
826 2786 906 2821 me
930 2770 955 2821 .’

345 2858 561 2925 Pauper
592 2873 655 2913 -ε-
694 2876 808 2913 sum
849 2861 872 2929 ζ
904 2878 1017 2931 ego,
1042 2871 1093 2915 et
1130 2861 1186 2914 in
1220 2861 1487 2915 laboribus
1522 2878 1554 2914 a
1586 2863 1859 2930 iuventute

274 2966 339 3005 -ἰ-
374 2968 488 3005 mea
523 2952 548 3021 ζ
595 2952 863 3007 multatus
915 2965 1114 3018 autem,
1150 2954 1458 3009 humiliatus
1487 2970 1626 3017 sum,
1661 2963 1710 3008 et
1737 2969 1862 3007 con-

272 3049 537 3100 turbatus.

342 3135 405 3189 In
450 3155 533 3192 me
580 3139 910 3192 transierunt
961 3138 1059 3192 ira:
1109 3145 1253 3191 tute:
1289 3152 1351 3193 -t-
1380 3146 1427 3192 et
1464 3138 1488 3207 ζ
1522 3147 1748 3191 terrores
1782 3146 1862 3191 tut

276 3233 724 3284 conturbauerunt
754 3247 833 3284 me
860 3233 902 3282 ⁸.

355 3321 832 3376 Circumdederunt
883 3337 963 3376 me
998 3322 1137 3376 sicut
1167 3337 1312 3393 aqua
1353 3330 1464 3377 tota
1499 3321 1607 3387 die,
1636 3322 1867 3375 circum-

278 3414 535 3467 dederunt
567 3430 651 3466 me
682 3415 861 3468 simul.

350 3502 632 3574 Elnngasti
654 3522 686 3557 a
716 3521 796 3557 me
826 3508 1057 3560 amicum
1081 3515 1131 3560 et
1155 3509 1459 3578 proximum
1488 3522 1505 3559 :
1534 3518 1597 3559 οι-
1627 3519 1674 3558 ει
1710 3506 1733 3573 ζ
1767 3520 1864 3558 nco

278 3602 355 3648 tos
392 3612 533 3650 meos
564 3613 597 3648 a
633 3597 867 3650 miseria.

1511 3786 1869 3847 PSAIMUS

589 3912 959 3953 INTELLECTUS
984 3912 1158 3951 musa
1189 3908 1467 3951 EZRAIIITA'I
1495 3899 1536 3949 ³.

354 4013 749 4069 Misericordias
788 4011 1002 4066 Domini
1030 4012 1082 4065 in
1119 4026 1373 4065 wternum
1414 4012 1657 4065 cantabo.

353 4109 414 4163 In
448 4111 791 4179 generatione
825 4119 874 4158 et
907 4107 1329 4176 generationem,
1364 4102 1694 4157 annnntiabo
1729 4102 1867 4154 veri-

282 4214 439 4256 tatem
473 4213 626 4255 tuam
660 4204 717 4253 in
747 4216 837 4253 ore
865 4216 999 4255 meo.

354 4297 623 4361 Quoniam
657 4295 842 4347 dixisti
880 4309 898 4348 :
928 4293 994 4345 In
1023 4303 1280 4346 aternum
1303 4289 1665 4345 misericordia
1700 4288 1870 4356 (ediﬁ-

280 4394 487 4445 cabitur
508 4404 569 4445 -ι-
603 4391 658 4444 in
683 4392 705 4459 ζ
732 4390 873 4443 ccelis
898 4404 916 4442 :
945 4388 1338 4458 pra’parabitur
1358 4388 1554 4440 veritas
1589 4394 1682 4438 tua
1724 4398 1784 4437 αι-
1814 4386 1868 4437 in

280 4488 409 4540 eis!

358 4578 609 4647 Disposui
650 4585 1020 4629 testamentum
1076 4575 1250 4627 electis
1302 4576 1450 4637 meis,
1472 4576 1658 4642 juravi
1697 4570 1865 4625 David

283 4692 431 4745 servo
481 4690 641 4727 meo:
691 4688 850 4736 usque
889 4673 944 4724 in
1002 4680 1260 4727 a'ternum
1320 4670 1639 4741 prteparabo
1690 4684 1868 4722 semen

282 4780 375 4820 tun
384 4785 458 4822 nt.

362 4865 426 4916 Et
456 4860 727 4928 mdi/icabo
764 4861 817 4913 in
846 4860 1238 4930 generationem
1263 4866 1311 4910 et
1349 4856 1741 4924 generationem
1783 4870 1871 4906 se-

284 4957 405 5011 dem
429 4968 599 5009 tuam.
627 4955 954 5009 DIAPziALIM.

362 5141 378 5170 ⁸
415 5138 469 5191 In
504 5139 675 5192 Palat.
706 5152 810 5190 ms.
845 5134 991 5189 istud
1033 5134 1349 5203 Diapsalma
1382 5131 1675 5203 reticetur.
1718 5129 1865 5203 quod

283 5221 344 5263 et
370 5224 401 5261 a
429 5207 636 5263 Graecis
664 5206 960 5263 codicibus
989 5200 1148 5261 abest
1174 5223 1189 5259 '.
1221 5212 1307 5259 est
1333 5211 1515 5256 autem
1548 5202 1603 5254 in
1636 5200 1870 5254 Hebraso

286 5308 496 5423 ΠῬίπε
523 5381 853 5437 pronomen,
884 5366 1030 5436 quod
1071 5365 1279 5437 deerat,
1308 5378 1379 5437 rex
1407 5360 1657 5415 Palatino
1686 5376 1784 5437 ms.
1815 5368 1869 5437 et

283 5440 454 5502 Caro,
499 5432 614 5490 tum
656 5432 1021 5502 originalibus
1064 5436 1220 5489 libris
1249 5432 1389 5498 aliis,
1424 5443 1481 5487 et
1514 5446 1639 5485 cum
1677 5432 1871 5500 primis

286 5510 547 5570 Hebraeo.
569 5515 817 5566 τετυ-τω
854 5507 1199 5561 suﬂ‘ecimus.

353 5580 375 5611 ⁸
402 5581 503 5634 Ms.
528 5580 867 5634 Sorbonicus
896 5579 1058 5631 habet
1087 5575 1333 5631 scltolion
1365 5573 1510 5628 istud
1535 5588 1552 5627 :
1586 5571 1869 5631 Israelitw.

285 5654 369 5708 uel
397 5650 632 5705 Esraita:
660 5651 882 5703 habetur
904 5653 957 5703 iu
980 5647 1315 5718 quibusdam.
1346 5645 1402 5699 In
1429 5653 1580 5700 textu
1604 5646 1721 5714 ipse
1742 5643 1872 5711 legit

286 5724 539 5777 lzraitae.
572 5722 757 5776 llam.

365 5794 386 5823 "
416 5793 556 5851 Cum
590 5793 925 5860 Augustino,
954 5789 1293 5846 Veronensis
1323 5804 1426 5845 ms.
1476 5788 1553 5843 Ab
1590 5786 1791 5855 inopia,
1818 5794 1868 5838 et

682 5892 958 5953 Ρλτιιοι..
999 5891 1223 5950 XXIX

1901 4493 1949 4547 D

1958 1934 2388 1998 resuscitabunt,
2410 1944 2468 1990 et
2487 1934 2897 1992 conﬁtebuntur
2932 1937 3074 1992 tibi?
3101 1938 3392 1994 Durssuu
3415 1939 3540 2013 [ms.

1959 2035 2064 2079 tac.
2102 2023 2421 2097 DIAPSALHA]
2434 2064 2449 2079 .

2029 2115 2313 2186 Numquid
2346 2118 2630 2174 enarrabit
2653 2118 2855 2189 aliquis
2874 2120 2928 2174 in
2951 2121 3206 2189 sepulcro
3240 2123 3552 2180 misericor-

1961 2207 2108 2262 diam
2140 2219 2285 2264 tuam
2317 2211 2456 2265 ?aut
2485 2213 2770 2268 veritatem
2804 2222 2952 2267 tuam
2984 2213 3039 2268 in
3066 2213 3376 2283 perditione
3409 2216 3433 2268 ?

2032 2300 2309 2372 Numquid
2342 2315 2742 2373 cognoscentur
2762 2304 2814 2358 in
2844 2306 3093 2361 tenebris
3113 2307 3387 2364 mirabilia
3416 2310 3547 2364 tua?

1964 2407 2058 2451 aut
2082 2394 2295 2466 iustitia
2323 2408 2412 2452 tua
2433 2398 2488 2452 in
2523 2407 2668 2452 terra
2689 2399 2987 2455 oblivionis
3011 2399 3033 2452 ?

2035 2491 2105 2545 Et
2132 2505 2233 2560 ego
2260 2490 2324 2544 ad
2359 2500 2430 2556 te,
2463 2492 2711 2558 Domine,
2753 2492 2989 2548 clamavi
3035 2512 3050 2549 :
3081 2508 3138 2551 et
3163 2510 3323 2551 mane
3368 2496 3551 2553 oratio

1967 2598 2083 2638 mea
2116 2585 2410 2652 praeveniet
2437 2592 2510 2637 te.

2040 2675 2108 2731 Ut
2130 2674 2284 2744 quid,
2343 2674 2593 2740 Domine,
2658 2676 2878 2745 repellis
2951 2678 3259 2733 orationem
3308 2680 3547 2736 meanti

1966 2766 2173 2821 avertis
2203 2765 2398 2820 faciem
2429 2775 2577 2820 tuam
2600 2782 2631 2819 a
2657 2768 2816 2821 me“?
2850 2769 3165 2824 ῡιΑΡδΑιτιΑ.

2039 2858 2219 2927 Egens
2252 2871 2373 2910 sum
2394 2871 2518 2925 ego,
2550 2867 2606 2912 et
2634 2864 2690 2912 in
2714 2860 2997 2914 laboribus
3023 2877 3054 2915 a
3075 2863 3367 2932 juventute
3386 2878 3506 2920 mea
3532 2882 3549 2930 ;

1968 2949 2241 3003 csaltatus
2266 2958 2471 3015 autem,
2501 2950 2824 3007 butniliatus
2853 2968 2973 3007 sum
3008 2964 3065 3007 et
3094 2954 3387 3011 confusus.

2042 3131 2102 3187 In
2134 3148 2223 3187 me
2253 3135 2701 3201 pertransierunt
2731 3135 2827 3188 ira:
2860 3145 2968 3189 tua:
3004 3152 3019 3188 :
3055 3143 3112 3189 et
3172 3145 3414 3191 terrores
3472 3134 3551 3189 tui

1971 3228 2451 3285 conturbaverunt
2483 3241 2593 3281 me.

2041 3318 2540 3375 Circumdederunt
2561 3335 2647 3373 me
2673 3321 2813 3375 sicut
2838 3335 2980 3391 aqua
3011 3329 3123 3375 tota
3146 3320 3236 3376 die
3267 3337 3282 3373 :
3314 3321 3555 3378 circum-

1971 3412 2247 3469 dederunt
2277 3429 2366 3469 me
2403 3414 2591 3470 simul.

2045 3503 2322 3576 Elougasti
2351 3522 2381 3559 a
2412 3522 2499 3562 me
2530 3511 2767 3561 amicum
2818 3520 2874 3562 et
2904 3507 3218 3578 proximum
3248 3527 3264 3565 :
3289 3521 3347 3566 et
3396 3520 3555 3567 notos

1974 3612 2126 3651 meos
2155 3614 2182 3651 a
2212 3599 2453 3653 miseria.

1932 3788 2320 3848 LXXXVIII.

2304 3916 2664 3957 INTELLECTUS
2689 3917 2860 3956 ETIIAN
2901 3916 3212 3958 ISRAELI‘IE.

2051 4015 2619 4079 Miscrieordiastuas,
2645 4016 2897 4079 Domine,
2917 4016 2972 4069 in
2994 4023 3259 4071 aeternum
3286 4017 3517 4073 cantabo
3542 4036 3558 4078 ;

1972 4110 2027 4162 in
2053 4110 2405 4177 generatione
2429 4120 2485 4163 et
2510 4108 2769 4178 progenie
2820 4108 3190 4178 pronuntiabo
3227 4106 3351 4181 [ms.
3384 4125 3554 4180 θείως

1975 4202 2187 4256 ratione
2219 4200 2581 4274 annuntiabo]
2614 4204 2898 4258 veritatem
2939 4215 3087 4257 tuam
3141 4203 3195 4257 in
3256 4220 3350 4260 ore
3408 4220 3551 4262 meo.

2047 4295 2320 4360 Quoniam
2354 4295 2544 4350 dixisti
2577 4314 2590 4350 :
2624 4294 2682 4348 In
2718 4307 2985 4349 aeternum
3016 4297 3391 4351 misericordia
3423 4296 3555 4352 mdi-
3638 4352 3645 4357 ,

1979 4387 2229 4444 ﬁcabitur
2263 4403 2277 4439 :
2312 4388 2365 4441 in
2394 4387 2549 4442 cmlis
2581 4386 2973 4458 praeparabitur
3000 4387 3205 4444 veritas
3236 4399 3347 4442 tua.

2050 4571 2303 4641 Disposui
2338 4582 2726 4627 testamentum
2758 4572 2955 4627 electis
2987 4574 3146 4637 meis,
3175 4573 3359 4644 iuravi
3392 4548 3587 4630 David.

1975 4680 2138 4717 Servo
2204 4679 2325 4718 meo
2362 4681 2377 4721 :
2410 4680 2583 4734 usque
2641 4667 2696 4718 in
2729 4675 2996 4719 azternum
3028 4668 3345 4736 prceparabo
3369 4683 3556 4724 semen

1979 4770 2131 4812 tuum
2164 4775 2178 4810 ι
2208 4768 2261 4811 et
2296 4757 2577 4813 mditleabo
2607 4759 2659 4811 iu
2693 4760 2952 4812 smculum
2974 4760 3157 4814 saeculi
3189 4759 3308 4831 [ms.
3332 4777 3561 4829 genera-

1979 4851 2127 4901 tione
2160 4858 2211 4900 σει
2242 4846 2615 4917 generatione]
2650 4849 2834 4901 sedem
2872 4858 3043 4905 tuam.
3090 4849 3415 4905 Durssuu.

1980 5148 2207 5201 clamavi
2236 5148 2304 5199 ad
2334 5157 2400 5211 te,
2434 5147 2655 5200 Domine
2683 5165 2698 5200 :
2724 5144 2941 5202 totadie
2956 5151 3166 5203 extendi
3197 5166 3388 5203 manus
3418 5165 3559 5202 meas

1982 5219 2050 5269 ad
2084 5228 2150 5271 te.
2207 5222 2391 5289 Atque
2422 5218 2597 5289 altero
2647 5220 2714 5272 ab
2752 5223 2852 5273 hoc
2901 5236 3088 5284 versu,
3120 5219 3413 5274 Enarrabit
3443 5224 3559 5289 quis

1979 5289 2035 5339 in
2066 5287 2342 5356 sepulchro
2375 5288 2795 5342 misericordiam
2841 5297 2988 5343 tuam
3020 5302 3068 5344 et
3120 5293 3412 5353 veritatem,
3449 5287 3555 5341 etc.

1984 5356 2048 5410 Et
2083 5361 2388 5429 insequenti
2417 5359 2542 5422 alio,
2588 5358 2649 5411 Et
2676 5361 2893 5429 justitia
2927 5370 3019 5415 tua
3053 5364 3107 5414 in
3143 5371 3286 5413 terra
3310 5359 3493 5429 oblita.

2058 5429 2078 5457 ⁵
2100 5428 2257 5483 Juxta
2293 5431 2582 5499 Augustin.
2616 5427 2920 5495 veronens.
2948 5432 3109 5495 liber,
3153 5427 3409 5492 Repulisti
3437 5444 3562 5479 ora-

1981 5500 2175 5552 tionem
2200 5517 2390 5566 meam,
2411 5502 2645 5555 avertisti
2663 5503 2851 5571 faciem
2876 5513 3025 5555 tuam
3053 5518 3086 5553 a
3113 5515 3193 5552 me
3213 5501 3561 5571 .’et_pra:tet-

1984 5571 2155 5624 misso
2188 5572 2576 5640 Diapsalmate,
2641 5566 2790 5643 inops
2824 5587 2958 5643 sunt
2987 5578 3247 5643 ego,_etc.
3282 5566 3421 5620 Tum
3457 5584 3558 5643 ms.

1981 5657 2140 5710 super
2158 5659 2237 5694 me
2267 5639 2612 5711 transierunt,
2637 5639 2773 5710 etcl;
2801 5652 2879 5711 et,
2900 5639 3291 5696 Circumierunt
3317 5653 3400 5692 me
3423 5640 3563 5694 sicut

1986 5728 2146 5780 aqua,
2179 5724 2283 5767 etc.

3141 5878 3220 5939 10
