3898 6172
406 371 529 437 ’299

1325 369 1382 432 S.
1419 363 1855 428 HIEBONYMI
1893 358 2156 422 DIVINA
2194 358 2733 420 BlBlJOTllECA.

3544 356 3641 418 308

483 482 887 551 Conﬁtebuntur
940 482 1051 537 coeli
1119 478 1382 533 mirabilia
1434 488 1546 541 tua,
1620 478 1887 532 Domine:
1944 481 1992 526 et
2021 474 2071 532 Δ
2169 470 2588 527 Conﬁtebuntur
2613 470 2732 527 coeli
2754 468 3022 523 mirabilis
3047 477 3159 534 tua,
3196 466 3419 522 Domine
3449 507 3460 521 .
3489 475 3542 522 et
3560 482 3653 524 ve-

426 588 487 632 οξ-
525 577 662 629 enim
694 577 715 644 ζ
753 576 1024 630 veritatem
1060 580 1204 625 tuam
1229 574 1281 625 in
1308 570 1521 623 ecclesia
1555 580 1879 623 sanctorum.

494 670 755 734 Quoniam
784 669 895 736 quis
921 668 971 719 in
999 665 1213 718 nubibus
1241 662 1537 733 (equabitur
1560 661 1781 716 Domino
1798 662 1822 714 ἰ)
1839 662 1985 713 sinti-

422 760 486 815 lis
517 762 612 813 erit
645 760 748 812 Deo
776 760 827 812 in
858 756 984 826 ﬁliis
1018 754 1109 809 Dei
1152 755 1200 808 ‘2’

498 852 633 903 Deus
665 850 754 918 qui
794 846 1121 919 gloriﬁcatur
1148 848 1203 901 in
1233 846 1451 899 consilio
1480 856 1785 901 sanctorum
1814 861 1834 903 :
1869 862 1983 899 ma-

418 958 550 1012 gnus
582 948 630 995 et
667 940 920 995 terribilis
959 953 1120 1009 super
1168 953 1343 993 onmes
1371 938 1461 1008 qui
1502 937 1557 990 in
1599 938 1822 991 circuitu
1868 938 1982 1008 ejus

415 1039 561 1085 sunt.

490 1121 714 1175 Domine
742 1118 883 1173 Deus
921 1118 1196 1184 virtutum,
1247 1117 1361 1187 quis
1390 1114 1581 1169 similis
1613 1114 1752 1169 tibi?
1801 1123 1981 1184 potens

415 1230 491 1278 es,
522 1214 765 1276 Domine,
805 1223 854 1266 et
882 1212 1074 1266 ueritas
1105 1219 1195 1263 tua
1226 1210 1281 1262 in
1310 1210 1532 1263 circuitu
1560 1217 1671 1263 tuo.

486 1306 561 1360 Tu
584 1305 877 1360 dominaris
915 1303 1164 1374 potestati
1193 1302 1356 1356 muris
1385 1313 1407 1353 :
1435 1309 1636 1355 motum
1669 1308 1845 1355 autem
1874 1299 1980 1368 ﬂu-

412 1407 589 1453 ctuum
613 1399 726 1468 ejus
763 1407 816 1451 tu
854 1397 1087 1467 mitigas.

485 1488 566 1542 Tu
589 1488 884 1542 humiliasli
910 1490 1043 1542 sicut
1071 1486 1407 1544 uulneratum
1437 1491 1760 1558 superbum:
1783 1485 1839 1539 in
1861 1485 1983 1538 bra-

413 1581 527 1633 chio
551 1580 761 1634 uirtutis
784 1589 888 1635 tute
916 1580 1202 1649 dispersisti
1228 1579 1467 1633 inimicos
1492 1586 1629 1633 tuos.

486 1669 586 1723 Tui
611 1680 733 1723 sunt
759 1669 894 1735 coeli,
922 1676 972 1724 et
1001 1678 1092 1723 tua
1115 1678 1189 1724 est
1219 1672 1241 1702 ³
1275 1678 1442 1732 terra,
1474 1667 1650 1721 orbem
1684 1679 1747 1723 σε·
1777 1674 1932 1719 terra
1956 1667 1978 1733 ζ

416 1769 463 1814 et
494 1762 875 1829 plenitudinem
900 1761 1011 1831 ejus
1038 1772 1093 1816 tu
1114 1760 1350 1832 fundasti
1375 1775 1394 1815 :
1429 1759 1726 1828 aquilonem
1759 1763 1807 1811 et
1836 1773 1983 1811 mare

418 1860 474 1905 tu
499 1851 718 1906 creasti.

490 1943 530 1995 Τ
527 1943 691 1996 habor
716 1951 767 1996 et
796 1942 1027 1997 IIermon
1049 1956 1107 1999 -t-
1138 1944 1239 2013 in:
1262 1943 1474 1998 nomine
1496 1951 1595 1996 tuo
1615 1941 1986 1996 exsultabant:

420 2041 568 2086 tuum
601 2034 870 2089 brachium
908 2050 1021 2088 cum
1056 2038 1314 2106 potentia.

405 2172 411 2178 .
492 2126 762 2181 Firmctur
810 2144 997 2181 manus
1054 2137 1169 2196 tua,
1203 2141 1267 2185 οι-
1305 2140 1354 2183 et
1431 2129 1455 2199 ζ
1483 2128 1746 2183 exaltetur
1769 2128 1984 2182 dextera

418 2230 507 2271 tua
531 2234 550 2271 :
580 2219 791 2287 justitia
824 2228 871 2272 et
889 2220 1150 2290 judicium
1184 2223 1506 2291 praeparatio
1536 2222 1673 2275 sedis
1698 2229 1822 2275 tute.

491 2311 855 2365 Misericordia
901 2319 953 2364 et
1009 2312 1204 2365 ueritas
1243 2312 1533 2382 prwcedent
1563 2312 1752 2381 faciem
1786 2322 1934 2365 tuam
1965 2326 1983 2365 :

416 2402 879 2473 bcatuspopulus,
917 2404 1007 2473 qui
1038 2405 1136 2459 scit
1160 2405 1553 2476 jubilationem.

488 2587 731 2652 Domine,
766 2589 819 2641 in
850 2587 1049 2640 lumine
1075 2586 1247 2641 vultus
1275 2587 1351 2640 tui
1386 2586 1753 2648 ainbulnbunt,
1789 2599 1849 2641 -t-
1872 2597 1920 2640 et
1956 2588 1978 2656 ζ

414 2681 470 2733 in
500 2681 709 2732 nomine
734 2690 823 2733 tuo
847 2678 1180 2733 exsultabant
1210 2686 1318 2732 tota
1342 2680 1427 2732 die
1451 2693 1469 2731 :
1494 2687 1540 2732 et
1573 2679 1625 2733 in
1650 2679 1864 2747 justitia
1891 2688 1982 2733 tua

414 2773 813 2827 mtallabuttlttt‘.

478 2862 737 2927 Quoniam
780 2862 950 2933 gloria
982 2862 1190 2915 uirtutis
1228 2875 1409 2914 eorum
1440 2870 1499 2913 tu
1525 2875 1577 2914 es
1604 2873 1622 2913 :
1658 2866 1707 2911 et
1741 2859 1797 2912 in
1827 2859 1982 2913 bene-

410 2956 608 3023 placito
643 2966 731 3008 tuo
762 2955 1083 3009 exaltabitur
1105 2969 1267 3006 cornu
1296 2962 1555 3005 nostrum.

488 3049 623 3112 Quia
665 3046 875 3099 Domini
907 3054 982 3099 est
1023 3046 1311 3113 assumptio
1343 3057 1407 3099 -ι-
1458 3051 1639 3097 nostra
1671 3044 1694 3112 ζ
1731 3052 1779 3097 et
1809 3042 1979 3096 sancti

413 3139 588 3193 Israel
617 3137 751 3206 regis
778 3138 945 3190 nostri
972 3135 1014 3189 ‘.

483 3227 627 3279 Tunc
653 3225 856 3279 locutus
888 3240 939 3278 es
970 3226 1024 3278 in
1050 3224 1245 3279 uisione
1271 3224 1471 3278 sanctis
1502 3226 1629 3291 tuis,
1664 3234 1715 3280 et
1747 3227 1930 3281 dixiin
1960 3242 1981 3282 .'

414 3319 577 3373 Posui
609 3317 937 3388 adiutorium
967 3317 1020 3369 in
1042 3324 1269 3386 potente,
1300 3328 1362 3371 οι-
1385 3325 1433 3369 et
1456 3313 1479 3383 ζ
1504 3318 1737 3371 excitaui
1760 3319 1980 3373 electum

413 3413 478 3465 de
504 3411 654 3482 plebe
687 3423 747 3464 +
782 3425 899 3463 mea
931 3410 954 3478 ζ

487 3503 668 3559 Inueni
688 3501 855 3555 David
888 3517 1094 3555 seruum
1131 3516 1300 3555 meum
1327 3500 1475 3556 :oleo
1497 3510 1681 3555 sancto
1712 3516 1825 3554 meo
1853 3502 1983 3555 ωιωὲ

412 3612 549 3649 eum.

486 3686 679 3739 Manus
705 3698 765 3739 σεο
797 3684 935 3737 enim
957 3685 981 3753 ζ
1003 3699 1117 3736 mea
1139 3683 1490 3738 auxiliabitur
1519 3686 1567 3739 ei
1592 3698 1610 3737 :
1636 3694 1683 3738 et
1708 3683 1981 3738 brachium

414 3792 589 3831 meum
641 3773 955 3843 confortabit
992 3774 1013 3804 ⁵
1039 3788 1179 3827 eum.

483 3868 634 3922 Nihil
657 3868 895 3936 proﬁciet
926 3867 1170 3919 inimicus
1209 3868 1261 3920 in
1291 3883 1350 3922 eo
1380 3882 1398 3920 :
1429 3876 1476 3921 et
1510 3866 1653 3936 filius
1685 3867 1981 3936 iniquitatis

414 3979 515 4016 non
545 3969 767 4031 apponet
797 3975 977 4012 nocere
1010 3960 1075 4013 ei.

490 4081 503 4106 ‘
541 4075 819 4130 Palatinus
852 4090 955 4143 ms.
1013 4074 1257 4137 Domino.
1289 4073 1514 4143 propius
1547 4071 1736 4143 Graeco
1762 4071 1976 4143 Κυρζῳ.

483 4149 502 4178 ¹
538 4146 776 4200 Verbum
825 4152 899 4196 est
942 4142 1176 4198 Palatin.
1225 4142 1326 4197 ms.
1361 4142 1520 4197 obelo
1544 4142 1758 4212 jugulat
1792 4156 1806 4195 :
1869 4142 1978 4196 lle-

421 4218 600 4269 braeus
645 4215 846 4268 nedum
900 4214 1069 4279 istud,
1109 4216 1204 4268 sed
1237 4224 1313 4280 et,
1342 4213 1487 4280 quod
1523 4209 1785 4280 praecedit
1833 4221 1976 4277 sunt,

418 4295 580 4340 tacct.
654 4284 901 4338 Diximus
965 4299 1129 4353 porro
1184 4284 1249 4338 de
1302 4281 1441 4353 Sani
1476 4284 1639 4353 unico
1692 4281 1979 4353 vocabulo,

426 4356 571 4423 quod
625 4364 781 4424 terra:
826 4352 1015 4409 orbem
1048 4353 1337 4424 signiﬁcat.
1400 4352 1554 4424 [laud
1617 4360 1804 4405 autem
1834 4352 1976 4408 bene

418 4422 804 4492 subsequentis
859 4440 1053 4479 versus
1098 4422 1318 4479 obelum
1378 4422 1521 4477 idem
1584 4436 1687 4477 ms.
1743 4433 1972 4487 prseter-

418 4496 601 4547 mittit.

372 4548 399 4569 ⁸
468 4567 489 4596 ³
524 4565 602 4618 lta
633 4580 731 4617 ms.
767 4563 1040 4617 Palatinus
1095 4570 1143 4616 et
1195 4563 1445 4633 copulam
1479 4577 1630 4633 rveru
1683 4574 1969 4630 prmnotat,

415 4650 577 4699 quam
625 4645 679 4687 et
741 4634 1081 4701 praestitisset
1126 4632 1348 4687 omnino
1401 4632 1707 4686 inducere:
1766 4634 1968 4690 nedum

413 4704 561 4756 enim
607 4703 675 4756 ab
709 4702 937 4756 llebrzeo
985 4709 1155 4766 textu,
1208 4703 1302 4756 sed
1332 4712 1386 4756 et
1421 4717 1450 4753 a
1484 4705 1671 4756 erco
1714 4705 1833 4773 ipso
1868 4706 1966 4758 ab-

411 4782 516 4826 est.
1198 4788 1205 4794 ”

476 4844 493 4915 ἦ
525 4841 813 4915 Subiungit
835 4842 979 4915 idem
1011 4855 1113 4899 ms.
1151 4843 1478 4915 Diapsalma.

481 4913 500 4943 ⁵
531 4910 675 4984 idem
703 4910 802 4965 nis.
836 4913 1192 4981 conﬁrmabit.
1228 4910 1414 4969 Altero
1447 4917 1514 4970 ab
1542 4916 1647 4969 hoc
1682 4930 1863 4984 versu,
1898 4918 1967 4972 Et

410 4982 677 5036 concidam
711 4999 747 5054 _a
797 4984 931 5051 facie
982 4985 1095 5052 ejus
1150 4984 1413 5047 inimicos,
1458 4994 1506 5038 et
1537 4987 1792 5054 odientes,
1834 4982 1964 5054 etc.,

410 5068 531 5133 quae
575 5066 643 5105 ex
692 5052 904 5118 Graeco,
945 5065 1003 5107 ιιι
1038 5054 1274 5119 videtur,
1323 5056 1545 5124 sequior
1579 5052 1784 5110 manus
1812 5052 1968 5127 repo-

408 5136 537 5177 5U“.

480 5195 500 5224 ⁵
532 5193 858 5249 Veronensis
906 5210 1011 5249 uis.
1066 5192 1204 5248 Deus
1248 5193 1625 5266 gloriﬁcandus
1661 5198 1795 5249 inter
1831 5198 1967 5266 ﬁlios

397 5263 685 5333 justorum,
732 5281 951 5334 magnus
998 5275 1047 5318 et
1096 5263 1344 5319 terribilis
1393 5282 1553 5335 super
1605 5283 1799 5336 omnes,
1832 5263 1966 5332 etc.,

406 5349 581 5405 neque
630 5336 957 5405 adamussim
980 5351 1102 5389 cum
1143 5336 1466 5404 Augustino,
1499 5352 1673 5405 neque
1696 5352 1819 5390 cum
1853 5340 1962 5393 alio

403 5404 659 5474 quopiam
699 5404 979 5470 l’saltcrin,
1008 5407 1154 5475 quod
1184 5408 1374 5475 sciam.
1410 5407 1474 5459 Et
1512 5423 1578 5459 ne
1612 5417 1794 5460 tamen
1824 5409 1963 5463 hanc

405 5485 576 5539 putes,
604 5492 721 5545 qua:
751 5485 875 5529 ante
902 5475 1286 5545 Hieronymum
1316 5476 1621 5537 obtinebat,
1652 5476 1959 5541 lcetionem,

402 5557 706 5617 opportune
749 5556 993 5599 notatum
1041 5547 1141 5617 ipsi
1174 5554 1255 5599 est
1294 5548 1345 5597 in
1379 5547 1574 5613 sacpius
1600 5547 1811 5617 laudata
1843 5549 1959 5615 epi-

400 5620 536 5667 swta
568 5615 630 5668 ad
668 5617 929 5669 Sunniam
956 5626 1007 5669 et
1042 5614 1329 5683 Fietelam,
1364 5631 1460 5683 pro
1504 5616 1724 5668 terribili
1756 5614 1956 5670 lectum

400 5696 555 5735 antea
587 5686 923 5748 horrendam,
947 5686 1036 5739 ubi
1073 5682 1233 5739 ltabét
1263 5703 1274 5737 :
1315 5704 1331 5734 ι
1358 5682 1705 5753 Octogesimo
1730 5697 1922 5741 octavo
1946 5705 1978 5752 ;,

403 5766 623 5819 magnus
659 5764 703 5805 cl
736 5756 1022 5809 horrendus
1055 5771 1070 5807 .'
1108 5770 1203 5825 pro
1234 5772 1341 5825 quo
1375 5757 1427 5809 in
1456 5755 1643 5810 erco
1686 5757 1957 5812 invenisse

2000 4475 2052 4535 Ι)

2092 567 2312 620 ritatem
2348 576 2494 619 tuam
2536 568 2590 617 in
2623 565 2857 625 ecclesia
2897 575 3237 616 sanctorum.

2159 654 2427 721 Quoniam
2452 656 2578 724 quis
2601 655 2654 708 in
2690 654 2929 707 nubibus
2947 654 3252 722 aequabitur
3277 653 3544 707 Domino?
3566 666 3655 708 aut

2089 746 2212 815 quis
2241 745 2437 800 similis
2465 745 2570 799 erit
2596 745 2706 799 Deo
2746 747 2888 799 inter
2915 744 3053 798 lilios
3092 744 3188 799 Dei
3218 744 3241 797 ’ἰ

2156 837 2304 891 Deus
2337 836 2428 906 qui
2462 836 2855 906 gloriﬁcabitur
2912 837 2965 889 in
3001 836 3235 891 concilio
3293 844 3605 890 sanctorum
3638 850 3653 887 :

2088 942 2315 997 magnus
2334 936 2389 982 et
2420 928 2776 982 metuendus“
2805 941 2971 995 super
3005 941 3198 981 omnes
3219 926 3310 995 qui
3337 926 3391 980 in
3423 924 3655 981 circuitu

2085 1020 2203 1090 ejus
2231 1028 2378 1075 sunt.

2158 1110 2386 1164 Domine
2416 1109 2562 1166 Deus
2597 1111 2886 1175 virtutum.
2921 1113 3046 1184 quis
3082 1114 3278 1168 similis
3310 1116 3405 1169 tibi
3430 1115 3660 1186 'lpotens

2084 1217 2165 1265 es,
2196 1202 2425 1258 Domine
2457 1219 2473 1260 :
2500 1205 2781 1260 etveritas
2811 1212 2904 1261 tua
2937 1206 2991 1260 in
3024 1206 3257 1260 circuitu
3293 1217 3415 1260 tuo.

2159 1297 2239 1352 Tu
2277 1298 2578 1353 dominaris
2617 1300 2877 1369 potestati
2916 1299 3082 1354 maris
3142 1316 3157 1353 :
3215 1308 3424 1355 motum
3480 1307 3658 1354 autem

2085 1391 2312 1445 tluctum
2340 1391 2459 1460 ejus
2494 1399 2550 1443 tu
2588 1391 2827 1460 mitigas.

2155 1478 2240 1533 Tu
2274 1480 2575 1534 humiliasti
2612 1480 2755 1535 sicut
2786 1480 3133 1535 vulneratum
3190 1482 3490 1550 superbum
3529 1498 3545 1534 :
3609 1493 3658 1537 et

2086 1570 2142 1624 in
2184 1571 2387 1626 virtute
2417 1571 2627 1627 brachii
2664 1572 2738 1626 tui
2775 1571 2794 1600 τ
2828 1572 3137 1641 dispersisti
3198 1572 3453 1628 inimicos
3515 1581 3657 1628 tuos.

2162 1661 2263 1717 Tui
2292 1672 2421 1718 sunt
2442 1663 2591 1729 coeli,
2624 1674 2679 1719 et
2705 1672 2796 1719 tua
2820 1674 2905 1720 est
2935 1672 3078 1719 terra
3119 1682 3134 1719 :
3168 1666 3356 1719 orbem
3389 1675 3657 1721 terrarum

2086 1764 2143 1810 et
2170 1754 2567 1825 plenitudinem
2607 1755 2725 1824 ejus
2756 1763 2809 1808 tu
2841 1753 3104 1809 fundasti.

2163 1847 2490 1917 Aquilonem
2513 1856 2567 1901 et
2599 1862 2747 1900 mare
2764 1855 2823 1901 tu
2846 1846 3076 1912 creasti,
3101 1843 3317 1900 Tliabor
3342 1856 3397 1899 et
3414 1843 3656 1900 Hermon

2091 1941 2143 1994 in
2176 1939 2523 1994 nominetuo
2549 1939 2905 1994 exsultabuut
2936 1953 2951 1993 :
2996 1946 3150 1993 tuum
3186 1937 3469 1992 brachium
3536 1951 3658 1991 cum

2090 2029 2358 2100 potentia.

2157 2123 2431 2179 Firmetur
2464 2137 2659 2179 manus
2687 2132 2799 2188 tua,
2826 2128 2882 2177 et
2914 2121 3188 2177 enitatur
3228 2121 3450 2176 dextera
3511 2128 3655 2176 tua:

2081 2217 2293 2288 justitia
2319 2229 2373 2271 et
2394 2216 2663 2287 judicium
2699 2215 3025 2284 praeparatio
3057 2214 3204 2269 sedis
3234 2223 3369 2269 tuae.

2159 2304 2529 2360 Misericordia
2555 2317 2609 2360 et
2639 2305 2841 2359 veritas
2871 2304 3144 2373 prasibuut
3171 2302 3291 2368 itus.
3328 2305 3641 2373 praeambu-

2085 2397 2219 2469 lant]
2252 2407 2381 2453 ante
2420 2398 2617 2453 faciem
2653 2405 2801 2452 tuam
2847 2413 2862 2454 ;
2904 2397 3096 2452 beatus
3126 2397 3362 2467 populus
3420 2399 3519 2467 qui
3550 2399 3654 2453 scit

2076 2488 2491 2559 jubilationem.

2156 2582 2407 2645 Domine,
2437 2583 2489 2636 in
2523 2581 2733 2636 lumine
2758 2580 2939 2636 vultus
2969 2581 3046 2635 tui
3088 2581 3464 2645 ambulabunt,
3493 2592 3555 2638 et
3600 2583 3653 2636 in

2086 2673 2307 2728 nomine
2343 2682 2437 2728 tuo
2464 2673 2817 2729 exsultabant
2850 2681 2959 2730 tota
2990 2673 3079 2729 die
3111 2684 3208 2730 :et
3241 2674 3295 2728 in
3329 2686 3417 2729 tua
3438 2676 3653 2746 justitia

2083 2767 2489 2823 cxallabuntur.

2152 2858 2419 2922 Quoniam
2450 2857 2619 2927 gloria
2654 2857 2871 2912 virtutis
2892 2872 3086 2914 eorum
3114 2869 3167 2912 tu
3196 2872 3256 2913 es
3279 2876 3293 2913 :
3318 2868 3371 2912 et
3400 2859 3455 2911 in
3490 2858 3662 2913 bene-

2086 2949 2283 3017 placito
2308 2960 2400 3002 tuo
2430 2950 2763 3003 exaltabitur
2790 2964 2961 3003 cornu
2999 2959 3272 3004 nostrum.

2154 3040 2420 3104 Quoniam
2452 3041 2667 3095 Domini
2696 3049 2777 3095 est
2803 3042 3103 3111 assumptio
3124 3041 3181 3098 δι
3211 3049 3264 3096 et
3292 3042 3463 3096 sancti
3488 3039 3653 3095 Israel

2003 3133 2050 3196 C
2082 3134 2223 3201 regis
2259 3133 2451 3187 nostri.
2489 3132 2813 3187 Duremus.

2154 3224 2307 3280 Tunc
2335 3225 2625 3303 locutuses
2650 3224 2706 3279 in
2740 3233 2959 3294 aspectu
2981 3223 3108 3279 ﬁliis
3139 3224 3249 3279 tuis
3275 3226 3389 3291 ’,ct
3425 3224 3614 3278 dixisti
3640 3242 3655 3278 ;

2086 3318 2245 3373 Posui
2279 3318 2614 3387 adjutorinm
2645 3334 2810 3386 super
2859 3327 3133 3387 potentem
3166 3326 3223 3371 et
3268 3317 3392 3388 [ηις.
3430 3325 3543 3370 tac.
3577 3316 3658 3389 et]

2070 3410 2306 3465 ‘cxaltavi
2342 3411 2572 3466 electum
2606 3412 2674 3464 de
2708 3410 2865 3479 plebe
2912 3425 3029 3464 mea
3086 3407 3213 3479 [ηις.
3249 3408 3449 3479 populo
3482 3407 3654 3480 meo].

2142 3502 2337 3557 inveni
2373 3502 2541 3557 David
2563 3516 2780 3557 servum
2813 3515 2992 3555 meum
3022 3516 3037 3557 :
3083 3501 3206 3555 oleo
3252 3499 3376 3571 ints.
3414 3500 3469 3553 in
3497 3501 3656 3572 oleo]

2081 3603 2271 3648 sancto
2297 3609 2417 3649 meo
2440 3595 2570 3649 unxi
2601 3608 2748 3648 eum.

2155 3686 2346 3742 Manus
2372 3686 2521 3741 enim
2552 3701 2667 3741 mea
2700 3685 3047 3739 auxiliabitur
3078 3685 3129 3739 ei

2084 3795 2267 3833 meum
2303 3779 2634 3834 confortabit
2657 3793 2805 3833 eum.

2153 3873 2299 3927 Nihil
2339 3871 2644 3941 proﬁciet.“
2674 3870 2925 3927 inimicus
2951 3870 3007 3926 in
3032 3884 3137 3927 eo:
3167 3878 3224 3926 et
3249 3870 3392 3925 (ilius
3424 3870 3644 3941 iniqui-

2083 3967 2210 4022 tatis
2233 3979 2344 4019 non
2376 3964 2594 4018 nocebit
2622 3963 2692 4018 ei.

3192 3701 3210 3741 :
3255 3694 3310 3740 et
3358 3684 3652 3740 brachium

2086 4093 2181 4132 vos
2211 4075 2412 4141 dicitis,
2453 4074 2705 4141 φοϐερὸς.
2754 4073 2897 4142 quod
2955 4074 3224 4145 signiﬁcat
3275 4074 3548 4135 terribilis.
3593 4078 3659 4129 ti-

2086 4148 2322 4209 mendus,
2353 4145 2737 4211 formidandus.
2758 4145 2868 4214 Ego
2899 4154 3029 4213 puto
3056 4146 3108 4198 id
3132 4147 3307 4213 ipsum
3340 4145 3658 4213 significare

2083 4227 2137 4272 et
2163 4216 2479 4269 horrendum
2513 4231 2531 4268 :
2568 4229 2695 4277 non,
2731 4224 2786 4267 ut
2834 4216 3023 4284 vulgus
3052 4216 3301 4279 aestimat,
3334 4215 3653 4283 despicien-

2084 4289 2210 4341 dum
2241 4295 2298 4339 et
2328 4284 2660 4353 squalidum,
2703 4301 2722 4332 ι
2758 4292 2868 4338 etc.

2159 4356 2179 4386 ⁷
2211 4354 2310 4408 llic
2342 4369 2475 4407 vero
2497 4354 2652 4423 juxta
2685 4353 2973 4421 Augustin.
3024 4353 3327 4408 Veronens.
3375 4371 3479 4410 ms.
3515 4365 3567 4409 et
3601 4356 3657 4408 in

2084 4425 2293 4479 brachio
2317 4425 2522 4477 uirtutis
2545 4431 2646 4474 tua:
2665 4439 2684 4477 :
2715 4431 2829 4476 tum
2848 4426 3021 4478 altero
3050 4424 3117 4477 ab
3149 4423 3252 4478 hoc
3280 4438 3462 4486 versu,
3485 4428 3659 4493 Aqui-

2083 4497 2250 4548 lonem
2288 4505 2336 4546 et
2370 4493 2543 4545 maria
2591 4501 2669 4554 tu,
2698 4501 2832 4559 etc.,
2860 4504 2916 4549 et
2945 4495 3323 4562 subsequenti,
3353 4496 3656 4563 Con/inite-

2085 4574 2172 4617 tur
2195 4581 2382 4617 manus
2412 4572 2527 4624 tua,
2557 4572 2665 4616 etc.

2153 4635 2350 4687 a.quta
2369 4633 2732 4703 Augustinum
2765 4632 3066 4703 Veronens.
3090 4646 3219 4698 ms.,
3245 4636 3531 4703 susceptio,
3557 4649 3661 4703 pro

2153 4650 2350 4687 “tuna
2369 4650 2732 4701 nugusunum
2772 4650 3066 4686 veronens.
3090 4650 3219 4698 ms.,
3245 4650 3390 4685 suscc
3432 4650 3531 4697 uo,
3557 4650 3660 4703 pro

2082 4703 2388 4771 assumptio.
2443 4703 2517 4754 De
2565 4702 2916 4769 subsequenti
2978 4716 3155 4765 versu,
3216 4703 3307 4755 ubi
3361 4650 3514 4770 ﬁliiis,
3556 4721 3660 4772 pro

2079 4775 2277 4827 sanctis
2306 4772 2524 4841 legitur,
2558 4773 2737 4841 recole
2773 4772 3089 4840 [lietonymi
3121 4772 3569 4827 observationem
3602 4776 3657 4825 in

2080 4843 2311 4912 epistola
2344 4842 2412 4893 ad
2446 4840 2732 4912 Suuniam,
2754 4849 2862 4912 etc.

2151 4914 2172 4944 ⁹
2204 4910 2670 4982 δείθιιύιιωιιιιοι]
2702 4911 2753 4962 in
2784 4910 2947 4982 llebr.
2973 4924 3263 4964 unsmscn
3288 4911 3485 4978 habet;
3506 4913 3662 4982 quod

2080 4996 2271 5035 omnes
2292 4983 2401 5041 τοῖς
2432 4981 2600 5041 ὁσίοις
2638 4995 2755 5042 σου,
2795 4980 2847 5032 id
2876 4990 2979 5041 est,
3019 4984 3217 5032 sanctis
3250 4985 3375 5044 tuis,
3409 4980 3664 5036 transtu-

2082 5054 2263 5106 lerunt
2296 5068 2310 5104 :
2345 5058 2400 5103 et
2438 5050 2553 5103 sola
2600 5048 2763 5102 Sexta
2794 5049 2965 5103 editio
3018 5051 3280 5116 prophetis
3317 5054 3419 5103 tuis
3480 5054 3663 5105 inter-

2082 5131 2292 5190 pretata
2349 5131 2450 5183 est,
2513 5132 2737 5174 sensum
2788 5121 2959 5188 magis
3005 5134 3168 5187 quam
3202 5124 3427 5174 verbum
3458 5124 3665 5187 expri-

2090 5205 2265 5261 mens.
2294 5189 2364 5261 Et
2395 5192 2449 5243 in
2472 5190 2641 5257 Κοινῇ
2668 5197 2877 5261 tantum
2908 5204 3008 5258 pro
3035 5191 3250 5256 sanctis,
3272 5190 3411 5258 ﬁlios
3438 5192 3663 5261 reperi.

2080 5261 2153 5313 lta
2210 5260 2266 5315 S.
2302 5256 2685 5328 Hieronymus.
2712 5256 2884 5311 Μιιιτ.

2151 5332 2189 5362 ¹⁰
2208 5332 2410 5385 lterum
2437 5344 2559 5401 cum
2581 5328 2903 5396 Augustino,
2931 5338 3070 5401 u_t_et
3099 5347 3219 5401 qua:
3240 5331 3314 5401 ad
3341 5329 3467 5385 libri
3497 5344 3669 5386 oram

2078 5411 2431 5464 annotantur,
2464 5400 2760 5471 Veronens.
2792 5414 2919 5471 ms.,
2952 5398 3076 5471 Non
3117 5398 3377 5471 proﬁciet,
3420 5410 3501 5464 et,
3554 5418 3669 5455 non

2078 5480 2300 5538 apponet
2340 5486 2520 5523 nocere
2568 5469 2739 5539 ei,et,
2770 5486 2800 5520 ιι
2834 5469 2966 5537 facie
2995 5469 3164 5539 illius,
3198 5483 3247 5525 et
3291 5488 3379 5525 eos
3404 5473 3497 5539 qui
3533 5472 3671 5525 ode-

2078 5537 2199 5593 runt
2227 5557 2344 5593 eum
2388 5539 2597 5609 fugabo.
2651 5537 2788 5591 Tum
2820 5553 3018 5608 quarto
3056 5544 3123 5596 ab
3154 5537 3280 5596 ‘ltoc
3312 5537 3500 5603 versu,
3536 5540 3673 5593 Pri-

2079 5613 2396 5680 niogenitum
2427 5624 2619 5681 ponam
2657 5624 2796 5671 eum,
2844 5612 3105 5665 excelsum
3132 5612 3275 5682 apud
3298 5628 3439 5681 reges
3470 5624 3669 5682 terra,

2077 5693 2132 5735 et
2190 5690 2311 5748 post
2365 5682 2533 5735 alium
2584 5693 2828 5744 versum,
2892 5698 3064 5736 semen
3122 5681 3235 5753 ejus
3296 5697 3395 5751 pro
3442 5681 3671 5747 sedem,

2078 5761 2183 5806 etc.
