3898 6172
431 409 538 472 303

1300 413 1363 473 S.
1403 410 1840 471 HIERONYMI
1883 407 2145 468 DlVlNA
2185 399 2715 465 BIBLIOTHECA.
3548 390 3662 451 '3Bi

493 523 620 589 Quis
668 531 738 576 est
779 524 930 577 homo
972 525 1059 593 qui
1089 523 1241 588 vivet,
1276 534 1323 578 et
1354 541 1456 579 non
1493 525 1681 578 videbit
1716 531 1936 576 mortem
1962 522 1984 574 2’
2013 524 2061 584 Α
2159 517 2291 583 Quis
2324 525 2407 571 est
2430 515 2592 569 homo
2616 511 2708 583 qui
2737 511 2892 574 vivit,
2917 518 2973 565 et
3004 523 3112 562 non
3137 505 3342 562 videbit
3395 510 3663 560 mortem?

417 623 562 668 eruet
601 615 835 668 animam
860 631 1010 668 suam
1037 615 1101 668 de
1138 632 1300 669 manu
1324 615 1526 683 inferi?
1554 615 1875 670 Durssws.

493 793 591 848 Ubi
620 803 740 848 sunt
771 795 1138 850 misericordia:
1162 806 1266 850 tua:
1294 797 1547 866 antiquar,
1578 796 1832 850 Domine:
1852 797 1985 849 sicut

409 887 610 961 jurasti
643 884 814 937 David
849 885 902 936 in
933 887 1152 938 veritate
1183 895 1272 937 tua
1302 886 1326 937 ?

486 977 692 1030 Memor
715 984 840 1041 esto,
879 975 1119 1039 Domine,
1151 977 1417 1046 approbrii
1449 993 1722 1031 servorum
1748 988 1982 1039 tuorum,

415 1071 556 1138 quod
584 1068 820 1121 continui
845 1068 899 1119 in
929 1067 1048 1120 sinu
1077 1083 1189 1120 meo
1223 1068 1514 1122 multarum
1552 1071 1804 1140 gentium.

492 1159 645 1225 Quod
687 1158 1129 1220 exprobrauerunt
1180 1161 1381 1215 inimici
1425 1163 1521 1227 tui,
1572 1160 1814 1224 Domine,
1850 1163 1984 1229 quod

416 1252 860 1321 exprobrauerunt
888 1253 1349 1304 commutationem
1377 1253 1574 1306 Christi
1613 1253 1710 1307 tui.

490 1342 821 1406 Benedictus,
860 1339 1130 1407 Dominus,
1162 1344 1215 1396 in
1242 1353 1495 1398 rrternum
1521 1357 1540 1396 :
1581 1343 1699 1411 ﬁat,
1735 1343 1851 1410 ﬁat.

2097 619 2191 664 aut
2221 609 2344 676 quis
2381 606 2792 661 eruetanimam
2818 616 2972 656 suam
3004 600 3071 655 de
3094 615 3258 653 manu
3292 596 3453 652 inferi
3493 597 3516 651 ἲ
3546 596 3663 650 Du-

2104 717 2331 756 ΡεΑωιΔ.

2175 793 2275 847 Ubi
2309 797 2434 844 sunt
2471 785 2862 842 misericordiae
2913 793 3020 838 tua:
3079 785 3336 854 antiquae,
3389 781 3662 838 Domine:

2098 887 2238 940 sicut
2261 882 2461 953 jurasti
2496 880 2664 935 David
2697 881 2748 933 in
2785 879 3011 933 veritate
3045 878 3176 932 tua?

2168 975 2374 1029 Memor
2404 983 2521 1028 esto
2561 971 2839 1042 opprobrii
2893 984 3177 1021 servorum
3230 977 3470 1031 tuorum,
3527 966 3664 1034 quod

2091 1066 2338 1121 continui
2368 1067 2422 1120 in
2457 1066 2578 1118 sinu
2633 1079 2758 1118 meo
2790 1063 3086 1117 multarum
3117 1061 3379 1131 gentium.

2161 1158 2314 1226 Quod
2355 1155 2822 1226 exprobraverunt
2857 1153 3066 1207 inimici
3098 1152 3172 1204 tui
3198 1193 3212 1214 ,
3247 1150 3495 1213 Domine,
3528 1149 3670 1219 quod

2094 1253 2572 1318 exprobraverun‘t
2596 1245 3084 1299 comnmtationem
3111 1242 3319 1296 ChriSIi
3353 1243 3458 1295 tui.

2160 1339 2489 1395 Benedictus
2527 1337 2788 1391 Dominus
2818 1337 2872 1391 in
2906 1346 3170 1390 aeternum
3210 1353 3223 1387 :
3263 1333 3512 1400 tiat,ﬁat.

1679 1504 2041 1566 PSALMUS
2085 1501 2404 1564 LXXXIX.

777 1609 988 1651 ‘ORATIO
1017 1610 1192 1658 IIOYSI,
1236 1609 1452 1650 IIOIINIS
1490 1610 1603 1650 DEI.

476 1685 731 1753 "Domine,
759 1686 1016 1756 refugium
1040 1690 1106 1755 3K
1133 1695 1186 1739 tu
1234 1689 1256 1756 ζ
1293 1688 1461 1756 factus
1487 1701 1540 1740 es
1574 1685 1804 1747 nobis”:
1836 1698 1988 1755 gene-

417 1781 624 1834 ratione
650 1779 704 1831 in
725 1779 1137 1848 generationem.

489 1871 810 1940 Priusquam
841 1879 1037 1922 montes
1066 1867 1273 1936 ﬁerent,
1311 1878 1401 1922 aut
1435 1871 1453 1901 ί
1485 1870 1808 1938 [armaretur
1837 1879 1982 1924 terra

417 1974 464 2016 et
521 1963 658 2016 orbis
704 1976 722 2011 :
774 1977 807 2011 a
855 1958 1070 2020 seculo,
1116 1969 1166 2014 et
1214 1976 1375 2029 usque
1408 1961 1464 2014 in
1514 1960 1768 2016 saeculum
1807 1972 1865 2015 tu
1905 1978 1981 2025 es,

421 2053 578 2112 Deus.
877 2107 883 2112 .

491 2156 534 2198 -δ
580 2143 656 2198 Ne
692 2144 956 2212 :‘ravertas
985 2143 1247 2197 hominem
1273 2145 1326 2198 in
1357 2144 1750 2202 humilitatem:
1779 2154 1828 2200 et
1853 2146 1986 2202 dixi-

416 2238 505 2300 sti,
536 2235 930 2295 Convertimini,
961 2233 1063 2301 ﬁlii
1095 2236 1386 2288 hominum.

491 2327 751 2392 Quoniam
777 2324 930 2380 mille
950 2327 1079 2379 anni
1099 2335 1222 2379 ante
1238 2326 1415 2380 oculos
1439 2335 1576 2395 tuos,
1603 2336 1856 2400 tanquam
1877 2331 1986 2385 dies

420 2421 684 2484 hesterna,
717 2435 838 2488 qua!
861 2417 1140 2486 prieteriit.

493 2509 559 2563 Et
592 2509 823 2563 custodia
871 2507 926 2560 in
956 2515 1145 2560 nocte:
1176 2523 1294 2576 qua
1351 2523 1447 2577 pro
1493 2508 1656 2563 nihilo
1707 2509 1987 2577 habentur,

422 2619 600 2658 eorum
633 2602 759 2654 anni
790 2608 965 2654 erunt.

493 2695 812 2750 Mane-sicut
838 2694 999 2747 herba
1033 2700 1288 2758 transeat,
1323 2709 1476 2747 mane
1503 2695 1715 2765 ﬂoreat,
1744 2704 1990 2759 et-trans-

421 2797 506 2843 eat
533 2803 550 2840 :
579 2801 786 2853 vespere
811 2784 1038 2848 decidat,
1074 2783 1306 2848 induret,
1338 2794 1387 2838 et
1421 2793 1648 2839 arescat.

492 2879 629 2943 Quia
651 2877 932 2946 defecimus
961 2874 1016 2928 in
1046 2874 1128 2928 ira
1143 2883 1246 2928 tua
1269 2890 1287 2927 :
1315 2883 1361 2929 et
1394 2877 1448 2930 in
1476 2877 1653 2944 furore
1681 2877 1993 2931 tuo-turbati

489 3062 719 3116 Posuisti
742 3061 1046 3130 iniquitates
1075 3069 1283 3114 nostras
1304 3061 1359 3112 in
1382 3074 1655 3129 conspectu
1677 3069 1802 3114 tuo:
1825 3077 1988 3117 stern-

418 3157 530 3208 lum
561 3165 798 3207 nostrum
829 3155 880 3206 in
906 3152 1299 3206 illuminatione
1330 3153 1503 3207 vultus
1536 3154 1636 3207 tui.

489 3245 751 3310 Quoniam
792 3259 968 3298 omnes
997 3244 1108 3297 dies
1139 3245 1306 3297 nostri
1331 3244 1630 3312 defecerunt
1655 3258 1676 3299 :
1707 3258 1769 3300 -ε-
1791 3255 1840 3300 et
1869 3247 1890 3316 ζ
1931 3246 1984 3300 in

418 3339 502 3392 ira
546 3346 636 3389 tua
665 3336 971 3404 defecimus.

490 3428 630 3482 Anni
658 3427 822 3480 nostri
845 3425 988 3491 sicut,
1009 3440 1211 3479 aranea
1240 3425 1667 3479 meditabuntur:
1690 3426 1798 3482 dies
1827 3443 1986 3480 anno-

419 3535 536 3572 rum
554 3527 862 3573 nostrorum
887 3519 942 3571 in
968 3517 1098 3585 ipsis
1123 3518 1461 3586 septuaginta
1489 3519 1638 3570 anni.

490 3611 547 3665 Si
575 3620 746 3664 autem
790 3613 844 3663 in
889 3610 1240 3679 potentatibus
1286 3610 1551 3680 octoginta
1584 3609 1713 3662 anni
1743 3623 1760 3661 :
1799 3620 1844 3663 et
1871 3626 1986 3663 arn-

417 3705 554 3776 plius
583 3719 764 3759 eorum
798 3702 945 3757 labor
967 3712 1017 3756 et
1039 3703 1208 3756 dolor.

489 3797 1069 3865 Quoniamsupervenit
1100 3796 1444 3849 mansuetudo
1484 3808 1502 3848 :
1537 3805 1584 3850 et
1618 3796 1980 3867 corripiemur.

488 3979 616 4044 Quis
645 3981 785 4033 novit
812 3987 1116 4049 potestatem
1161 3981 1252 4034 ira:
1287 3990 1388 4034 tute
1413 3981 1437 4032 .’
1467 3990 1513 4033 et
1543 3995 1652 4050 prie
1677 3981 1864 4035 timore
1891 3991 1981 4036 tuo

417 4073 553 4124 iram
579 4071 920 4124 dinumerare
943 4073 962 4105 ³
1014 4072 1038 4123 ?

417 4211 680 4276 tthl"€lll_‘.
710 4211 852 4276 eruet
883 4204 1118 4276 animam
1143 4219 1293 4257 suam
1314 4203 1381 4276 de
1404 4220 1561 4256 manu
1586 4204 1777 4276 inferni
1803 4222 1820 4258 :
1850 4222 1978 4276 quas

410 4273 610 4341 jurasti
640 4272 886 4326 David-in
916 4275 1132 4326 veritate
1160 4281 1272 4326 tua.
1309 4272 1584 4336 Memento,
1612 4272 1870 4337 Domine,
1889 4293 1978 4340 op—

415 4342 636 4412 probrii,
660 4352 791 4408 etc.;
822 4342 1060 4412 denique
1094 4344 1148 4397 in
1181 4343 1310 4409 line,
1343 4341 1643 4397 Benedictio
1682 4346 1893 4398 Domini
1923 4351 1977 4399 in

414 4424 692 4476 wternum,
729 4422 837 4466 etc.

2502 1600 2692 1641 οιιλτιο
2720 1567 2871 1640 ιιὸῖει
2893 1597 3072 1648 ,ἩΟΙΙΝ
3096 1595 3123 1636 8
3148 1598 3256 1638 DEI.

2165 1681 2416 1744 Domine,
2457 1679 2734 1749 refugium
2801 1677 2978 1730 factus
3027 1691 3088 1731 es
3137 1675 3312 1737 nobis,
3346 1691 3376 1728 a
3449 1687 3675 1745 genera-

2019 1809 2062 1866 Β
2092 1773 2242 1827 tione
2271 1781 2327 1826 et
2367 1773 2624 1843 progenie
2659 1773 2698 1826 ³.

2164 1863 2488 1931 Priusquam
2513 1863 2707 1917 ﬂerent
2743 1870 2979 1930 montes,
3019 1868 3114 1916 aut
3143 1859 3476 1915 [armaretur
3511 1858 3667 1914 orbis

2088 1967 2249 2012 terra:
2281 1971 2346 2009 :a
2371 1955 2572 2010 saeculo
2595 1965 2648 2012 et
2681 1970 2852 2024 usque
2882 1955 2939 2009 in
2969 1956 3231 2010 saeculum
3266 1963 3321 2008 tu
3359 1967 3418 2007 es
3452 1990 3468 2016 ,
3507 1953 3667 2005 Deus.

2157 2139 2236 2194 Ne
2262 2150 2478 2196 avertas
2508 2138 2786 2193 hominem
2811 2137 2865 2192 in
2886 2134 3258 2190 humilitatem
3320 2149 3334 2198 ;
3364 2142 3416 2187 et
3485 2128 3673 2185 dixisti

2091 2229 2206 2302 [ms
2237 2271 2252 2286 .
2285 2231 2478 2304 dicas]
2511 2273 2525 2299 ,
2559 2229 2956 2287 Convertimini
2980 2268 2995 2294 ,
3025 2229 3125 2282 ﬂlii
3176 2226 3482 2281 hominum.

2162 2322 2428 2388 Quoniam
2464 2324 2610 2380 mille
2631 2323 2759 2377 anni
2790 2331 2918 2376 ante
2951 2321 3144 2376 oculos
3175 2329 3298 2374 tuos
3318 2358 3334 2382 ,
3363 2318 3512 2373 sicut
3550 2316 3672 2371 dies

2098 2415 2354 2470 hesterna
2385 2454 2400 2480 ,
2441 2430 2562 2486 quae
2587 2413 2690 2485 [ms
2719 2453 2734 2470 .
2756 2416 3045 2469 hesternus
3065 2412 3159 2482 qui
3185 2421 3203 2482 j
3239 2410 3532 2480 praeteriit.

2162 2507 2229 2561 Et
2268 2507 2409 2561 sicut
2431 2507 2681 2562 custodia
2735 2507 2788 2560 in
2843 2514 3055 2560 nocte:
3125 2518 3248 2573 quae
3300 2517 3396 2573 pro
3495 2500 3675 2556 nihilo

2092 2599 2364 2654 habentur
2391 2639 2406 2664 ,
2439 2599 2566 2653 anni
2602 2614 2794 2654 eorum
2823 2597 2870 2651 ⁵.

2163 2690 2318 2746 Mane
2342 2691 2486 2746 sicut
2520 2689 2688 2744 herba
2707 2697 2950 2744 transeat
2973 2728 2988 2752 .
3014 2702 3174 2744 mane
3204 2687 3429 2751 ﬂoreat,
3462 2695 3522 2739 et
3543 2699 3668 2756 pcr-

2097 2793 2346 2839 transeat
2377 2800 2395 2838 :
2427 2796 2653 2852 vespere
2687 2780 2924 2847 decidat,
2957 2779 3176 2834 indurel
3197 2789 3253 2833 et
3285 2789 3525 2833 arescat.

2161 2877 2297 2943 Quia
2323 2875 2620 2930 defecimus
2637 2875 2786 2928 inira
2815 2883 3020 2929 tua‘:et
3041 2872 3095 2926 in
3113 2872 3304 2926 furore
3327 2879 3420 2926 tuo
3445 2878 3676 2926 contur-

2097 2969 2209 3024 lnati
2262 2983 2471 3024 sumus.

2164 3061 2400 3117 Posuisti
2420 3061 2736 3131 iniquitates
2764 3068 2978 3114 nostras
3004 3059 3059 3114 in
3081 3070 3384 3130 conspectu
3412 3067 3510 3112 tuo
3536 3073 3556 3112 :
3575 3073 3671 3114 sae-

2015 3160 2059 3218 c
2093 3151 2276 3205 culum
2319 3151 2652 3206 nostrum-in
2682 3150 3094 3204 illuminatione
3115 3151 3297 3204 vultus
3355 3149 3455 3204 tui.

2162 3242 2428 3309 Quoniam
2452 3257 2640 3304 omnes
2674 3241 2790 3296 dies
2815 3243 2988 3297 nostri
3010 3241 3371 3308 deiecerunt,
3423 3251 3482 3296 et
3567 3255 3670 3296 nos

2088 3334 2146 3388 in
2176 3335 2255 3388 ira
2287 3342 2377 3387 tua
2404 3333 2729 3388 defecimus.

2159 3425 2300 3480 Anni
2330 3426 2501 3480 nostri
2555 3425 2694 3482 sicut
2759 3441 2961 3483 aranea
3019 3426 3435 3482 meditabantur
3473 3447 3494 3484 :
3549 3429 3670 3482 dies

2089 3533 2355 3574 annorum
2393 3529 2702 3572 nostrorum
2735 3519 2788 3572 in
2820 3519 2958 3587 ipsis
2975 3522 3316 3591 septuaginta
3343 3524 3504 3578 anni.

2160 3612 2214 3667 Si
2248 3621 2430 3667 autem
2458 3613 2512 3666 in
2549 3613 2916 3681 potentatibus
2949 3614 3222 3683 octoginta
3244 3615 3373 3670 anni
3401 3631 3416 3672 :
3441 3627 3502 3671 et
3540 3618 3666 3688 plu-

2001 3717 2027 3746 ν
2089 3703 2285 3756 rimum
2327 3715 2520 3755 eorum
2549 3700 2708 3755 labor
2733 3709 2790 3755 et
2821 3701 2999 3755 dolor.

2155 3791 2423 3857 Quoniam
2453 3791 2947 3862 supervenitsuper
2983 3795 3123 3848 nos“
3155 3798 3524 3853 mansuetudo
3561 3810 3663 3867 :_et

2085 3883 2468 3951 carripiemu’r.

2155 3976 2288 4041 Quis
2317 3976 2466 4029 novit
2497 3983 2822 4045 potestatem
2855 3976 2949 4032 ira:
3007 3980 3165 4032 tute?
3212 3989 3306 4034 aut
3365 3977 3493 4050 (ms.
3549 3980 3658 4051 et~]

2083 4083 2194 4137 prae
2234 4069 2430 4125 timore
2464 4067 2600 4120 iram
2623 4077 2766 4122 tuam
2784 4067 2894 4140 {ms
2919 4107 2932 4122 .
2963 4069 3055 4124 iraa
3089 4066 3232 4140 tua]
3257 4070 3661 4126 dinumerare?

2085 4205 2267 4274 tacito,
2308 4204 2454 4272 quod
2484 4203 2570 4256 hic
2588 4202 2965 4274 subsequitur,
3003 4203 3159 4258 Deus.
3202 4203 3255 4256 ln
3282 4221 3440 4274 quem
3465 4206 3658 4262 locum

2081 4268 2450 4343 Hieronymus
2474 4268 2670 4341 saepius
2694 4268 2908 4343 laudata
2932 4276 3095 4340 epist.
3130 4275 3195 4328 ad
3223 4268 3510 4341 Suimiam,
3547 4290 3660 4334 etc.

2087 4363 2104 4395 ι
2147 4345 2222 4416 Et
2251 4342 2454 4416 dicitis,
2508 4350 2652 4411 quod
2707 4342 2982 4416 il_l_Gt'il:CO
3032 4345 3271 4416 nonhsit
3306 4343 3469 4416 Deus.
3503 4355 3657 4416 quod

2081 4413 2224 4482 apud
2256 4429 2351 4466 eos
2387 4415 2578 4467 deesse
2608 4412 2956 4465 manifestum
2993 4424 3097 4467 est.
3142 4413 3278 4467 Nam
3327 4424 3382 4467 et
3421 4412 3636 4471 .l-leiirai

491 4483 506 4511 ¹
550 4481 795 4554 ln_Palat.
834 4496 934 4554 ms.
969 4481 1264 4554 repositum
1297 4483 1553 4554 secundis
1589 4483 1735 4538 curis
1781 4495 1829 4538 et
1878 4502 1976 4554 pro
2012 4491 2054 4547 D
2083 4481 2206 4536 cum
2242 4483 2426 4554 habet,
2455 4493 2510 4535 et
2553 4496 2744 4535 omnes
2785 4483 2876 4554 alii
2915 4483 3276 4554 interpretes,
3311 4482 3659 4554 et_Septug-

411 4563 503 4603 aut
529 4567 547 4603 :
575 4550 759 4622 Graece
786 4553 951 4622 etiam
982 4561 1063 4622 est
1091 4551 1204 4604 καί.
1232 4552 1463 4605 Additur
1491 4564 1545 4606 et
1574 4550 1897 4622 Diapsalma
1922 4559 1973 4608 in

412 4623 538 4674 line.
594 4621 762 4672 Porro
813 4621 906 4686 qui
938 4620 1317 4687 subsequitur,
1352 4623 1606 4687 praziisus
1637 4620 1701 4676 ne
1747 4625 1972 4687 voculae,

410 4689 606 4761 obeltts
655 4687 1040 4761 desideratur:
1073 4688 1151 4742 Ac
1187 4705 1241 4741 re
1281 4692 1500 4757 quidem
1549 4694 1663 4760 ipsa
1697 4703 1791 4747 aut
1831 4697 1972 4761 quod

411 4758 657 4831 proxime
695 4759 948 4831 praecedit
1006 4757 1155 4831 Deus»
1189 4774 1415 4823 nomen,
1470 4757 1705 4815 aut-ham
1738 4757 1973 4831 negandi

411 4827 675 4896 particula
703 4827 941 4881 abundat
970 4841 985 4882 :
1017 4829 1158 4895 quod
1191 4831 1336 4881 enim
1360 4831 1517 4884 unice
1540 4839 1632 4884 est
1662 4832 1712 4883 in
1746 4827 1975 4886 He'brieo

408 4901 482 4976 “an
517 4931 614 4986 pro
649 4916 816 4971 variis
848 4917 1140 4973 substratis
1166 4921 1401 4988 punctis,
1471 4921 1632 4974 Deum
1667 4930 1721 4977 et
1752 4939 1851 4976 non
1881 4939 1975 4978 so-

409 4999 546 5042 nat:
585 4988 810 5042 tninime
851 4998 1033 5041 autem
1078 4994 1249 5057 repeti
1285 5005 1348 5042 ac
1398 4994 1539 5044 sumi
1581 4993 1829 5046 bifariam
1873 4995 1973 5048 de-

411 5058 551 5128 buit.
585 5059 725 5122 Quin
767 5058 864 5126 ipsi
899 5057 1275 5128 Septuaginta,
1343 5061 1554 5115 tametsi
1592 5062 1750 5116 aliter
1795 5066 1969 5118 visum

409 5126 739 5202 llieronyuto
774 5131 1073 5202 est_,tunice
1108 5126 1202 5197 pro
1238 5145 1322 5194 ne,
1354 5132 1484 5202 isive
1510 5134 1586 5200 μὴ
1615 5145 1968 5202 acceperunt,

410 5213 588 5266 neque
621 5197 770 5251 enim
796 5199 1003 5252 addunt
1035 5201 1364 5267 praecedenti
1410 5197 1615 5266 versui,
1652 5205 1679 5254 ὁ
1713 5197 1870 5266 θέὸς,
1910 5197 1968 5256 ut

410 5267 498 5320 hic
526 5270 776 5334 habetur,
811 5268 965 5322 Deus.

481 5340 502 5411 ξ
530 5339 774 5411 {alterum
804 5339 891 5392 hic
924 5338 1228 5409 Diapsalma
1260 5339 1403 5395 idem
1425 5355 1528 5411 ms.
1560 5341 1860 5411 subjungit.

483 5407 503 5436 ³
538 5406 838 5462 Veroneus.
875 5425 973 5462 ms.
1017 5406 1068 5463 et
1102 5412 1386 5479 Augustin.
1439 5409 1502 5462 In
1551 5406 1886 5479 generatione
1921 5424 1968 5466 et

406 5481 778 5546 generatione:
822 5489 931 5531 tum
969 5496 1108 5534 unus
1143 5478 1499 5540 Veronensis,
1551 5478 1652 5533 Aut
1681 5481 1972 5548 ﬁngeretur

409 5559 571 5610 terra,
609 5558 656 5599 et
708 5550 846 5602 orbis
901 5561 1073 5610 terrm,
1109 5561 1216 5602 etc.
1261 5549 1432 5612 Quam
1469 5561 1646 5601 tamen
1677 5551 1967 5605 lectionem

409 5617 523 5683 ipse
547 5620 695 5670 novit
719 5618 1055 5686 llipponcns.
1088 5620 1404 5685 episconus,
1432 5619 1634 5681 ub'tait,
1655 5619 1752 5671 alii
1771 5622 1968 5675 codices

407 5687 616 5748 habent,
643 5691 780 5754 quod
793 5693 856 5740 de
886 5704 987 5740 uno
1012 5688 1164 5740 verbo
1198 5686 1378 5742 Crteco
1413 5703 1709 5754 expressum
1732 5701 1828 5754 est,
1865 5696 1968 5744 lin-

407 5765 628 5828 geretur
670 5766 834 5828 terra.
868 5760 1125 5823 Sequitur
1159 5773 1283 5811 cum
1333 5759 1524 5812 eodem
1568 5761 1967 5828 Augusttniano

410 5823 689 5887 l's‘alterio,
725 5824 788 5877 Et
831 5845 859 5878 ιι
904 5831 1113 5893 sterulo,
1165 5839 1209 5881 et
1257 5845 1417 5897 usque
1447 5830 1498 5883 in
1530 5823 1779 5884 attriti-tun
1807 5841 1859 5884 tu
1893 5848 1965 5898 es,

2085 4556 2230 4620 ginta
2285 4553 2537 4605 similiter
2569 4553 2988 4620 transtulerunt,
3041 4553 3148 4604 ἀπὸ
3191 4553 3285 4602 τοῦ
3312 4552 3514 4616 alcinoi
3550 4577 3654 4609 mi

2086 4617 2418 4693 iniecitini“
2470 4624 2534 4693 ab
2585 4617 2633 4671 εἰ
2677 4621 2887 4693 ό-Οεμὺς,
2922 4622 3381 4693 ςυραῄιιειληιὶοθ
3414 4623 3654 4693 dicitur,

2085 4691 2310 4744 incolant
2354 4691 2598 4744 all-olant
2650 4691 2740 4742 at/i
2765 4690 2830 4742 cl.
2862 4709 2878 4740 ι
2922 4690 3133 4744 \‘idesis
3167 4701 3221 4745 cl
3254 4706 3374 4759 qua:
3406 4695 3455 4744 in
3503 4690 3657 4750 hunc

2081 4775 2182 4813 nos
2227 4763 2403 4814 locum
2456 4775 2807 4819 autumamus.
2837 4769 2892 4814 et
2923 4762 2991 4813 ad
3028 4762 3331 4830 oppositam
3382 4760 3660 4818 Gallicani

2081 4831 2324 4894 I’salterii
2357 4831 2686 4884 columnam.

2159 4902 2180 4930 ⁸
2227 4901 2394 4954 [idem
2447 4914 2682 4972 rursum_
2716 4898 2859 4972 libri,
2899 4898 3044 4955 Sicut
3071 4905 3253 4972 vigilia
3287 4907 3341 4958 in
3374 4913 3550 4965 nocte,
3577 4919 3660 4967 et.

2081 4972 2205 5022 anni
2229 4981 2377 5023 erunt
2408 4986 2608 5022 eorum.
2651 4967 3013 5038 Subsequenti
3044 4967 3223 5037 versu,
3256 4975 3322 5028 Et
3357 4987 3661 5038 prwterea,

2080 5056 2280 5108 vespere
2309 5041 2534 5101 decidat,
2565 5039 2826 5105 durescat,
2869 5049 3170 5113 clarescat.
3209 5046 3470 5108 Quoniam
3510 5047 3662 5113 defeo

2078 5114 2266 5170 cintus,
2316 5119 2446 5171 etc.,
2503 5120 2558 5161 ut
2595 5119 2647 5162 et
2685 5121 2802 5175 post
2830 5112 3061 5164 alterum
3098 5129 3334 5178 versum,
3376 5125 3424 5167 et
3459 5115 3518 5166 in
3571 5112 3664 5169 ira

2079 5189 2167 5233 tua
2221 5180 2527 5245 defecimus,
2587 5189 2749 5232 laeuo
2804 5197 2893 5232 nos
2954 5184 3300 5249 pronomine,
3347 5201 3412 5236 ac
3444 5186 3665 5238 deinde

2079 5249 2518 5323 meditabantur,
2553 5263 2652 5316 pro
2685 5251 3137 5323 “meditabantur.
3211 5255 3451 5323 Denique
3506 5269 3663 5306 unus

2079 5316 2428 5391 Veronensis,
2554 5319 2857 5391 ampliusin
2899 5320 3092 5374 viribus
3125 5316 3387 5391 octoginta
3420 5326 3580 5385 anni,
3613 5336 3663 5376 et

2077 5390 2304 5456 amplius
2334 5389 2431 5458 ipsi
2460 5388 2606 5440 labor
2635 5398 2680 5439 et
2713 5390 2886 5446 dolor.
2913 5391 3047 5444 Illud
3081 5388 3490 5460 quod'habctur
3523 5395 3665 5447 sub-

2075 5461 2324 5528 sequenti
2352 5474 2511 5511 versu
2545 5473 2701 5523 super
2737 5476 2850 5522 nos,
2883 5463 3220 5528 superﬂuunt
3249 5472 3401 5516 notat
3425 5477 3562 5515 esse
3598 5465 3662 5516 δ.

2075 5525 2236 5598 l’ater
2273 5532 2323 5581 in
2371 5529 2587 5581 laudata
2615 5529 2681 5579 ad
2719 5525 2982 5583 Sunniam
3011 5542 3063 5585 et
3088 5532 3354 5586 Frctelam
3390 5533 3659 5598 epistola.

2076 5597 2246 5652 Porro
2299 5603 2579 5667 sequitur,
2627 5608 2675 5651 et
2734 5603 3062 5667 erudiemur,
3121 5618 3218 5670 pro
3271 5597 3662 5668 corripiemur,

2073 5678 2179 5720 εις.

2146 5737 2166 5767 ⁵
2198 5736 2369 5864 Supflr
2403 5755 2496 5793 nos
2533 5739 2622 5797 hic
2654 5741 2991 5812 superﬂuum
3025 5752 3142 5810 cst,
3183 5746 3411 5797 docente
3443 5739 3671 5796 Hiero-

2155 5827 2261 5864 m0.
2300 5827 2330 5862 ,ί
2355 5825 2472 5863 ΔῐιΤ.

2077 5824 2261 5878 nymo.
2300 5824 2472 5864 sum.
