  <div class='ocr_page' id='page_1' title='image "/cluster/home/n/w/nwhite01/storage/ocr_20150623/29/hvd.32044096580519/168.png"; bbox 0 0 3958 6176; ppageno 0'>
   <div class='ocr_carea' id='block_1_1' title="bbox 291 298 396 359">
    <p class='ocr_par' dir='ltr' id='par_1_1' title="bbox 291 298 396 359">
     <span class='ocr_line' id='line_1_1' title="bbox 291 298 396 359; baseline -0.086 1"><span class='ocrx_word' id='word_1_1' title='bbox 291 298 361 359; x_wconf 80' lang='lat'><strong><em>30</em></strong></span> <span class='ocrx_word' id='word_1_2' title='bbox 366 301 396 351; x_wconf 38' lang='grc' dir='ltr'>νί</span> 
     </span>
    </p>
   </div>
   <div class='ocr_carea' id='block_1_2' title="bbox 1538 286 2305 347">
    <p class='ocr_par' dir='ltr' id='par_1_2' title="bbox 1538 286 2305 347">
     <span class='ocr_line' id='line_1_2' title="bbox 1538 286 2305 347; baseline -0.004 0"><span class='ocrx_word' id='word_1_3' title='bbox 1538 287 1765 347; x_wconf 77' lang='lat' dir='ltr'><strong><em>LIBER</em></strong></span> <span class='ocrx_word' id='word_1_4' title='bbox 1808 286 2215 347; x_wconf 82' lang='lat' dir='ltr'><strong><em>PSALMORU</em></strong></span> <span class='ocrx_word' id='word_1_5' title='bbox 2227 286 2305 346; x_wconf 83' lang='grc' dir='ltr'><strong><em>Μ.</em></strong></span> 
     </span>
    </p>
   </div>
   <div class='ocr_carea' id='block_1_3' title="bbox 3424 270 3535 334">
    <p class='ocr_par' dir='ltr' id='par_1_3' title="bbox 3424 270 3535 334">
     <span class='ocr_line' id='line_1_3' title="bbox 3424 270 3535 334; baseline -0.054 1"><span class='ocrx_word' id='word_1_6' title='bbox 3424 270 3535 334; x_wconf 70' lang='lat'><strong><em>306</em></strong></span> 
     </span>
    </p>
   </div>
   <div class='ocr_carea' id='block_1_4' title="bbox 360 384 3528 469">
    <p class='ocr_par' dir='ltr' id='par_1_4' title="bbox 360 384 3528 469">
     <span class='ocr_line' id='line_1_4' title="bbox 360 384 3528 469; baseline -0.007 -14"><span class='ocrx_word' id='word_1_7' title='bbox 360 408 642 457; x_wconf 69' lang='lat' dir='ltr'><strong><em>Deaterunt</em></strong></span> <span class='ocrx_word' id='word_1_8' title='bbox 666 413 810 456; x_wconf 82' lang='lat' dir='ltr'><strong><em>tuam</em></strong></span> <span class='ocrx_word' id='word_1_9' title='bbox 855 403 927 454; x_wconf 86' lang='lat' dir='ltr'><strong><em>sic</em></strong></span> <span class='ocrx_word' id='word_1_10' title='bbox 961 411 1133 458; x_wconf 85' lang='lat' dir='ltr'><strong><em>notam</em></strong></span> <span class='ocrx_word' id='word_1_11' title='bbox 1165 404 1247 469; x_wconf 75' lang='lat' dir='ltr'><strong><em>{ac</em></strong></span> <span class='ocrx_word' id='word_1_12' title='bbox 1283 415 1299 451; x_wconf 94' lang='grc'><strong><em>.·</em></strong></span> <span class='ocrx_word' id='word_1_13' title='bbox 1334 407 1382 453; x_wconf 85' lang='lat' dir='ltr'><strong><em>et</em></strong></span> <span class='ocrx_word' id='word_1_14' title='bbox 1406 400 1632 451; x_wconf 71' lang='lat' dir='ltr'><strong><em>eruditos</em></strong></span> <span class='ocrx_word' id='word_1_15' title='bbox 1659 398 1673 427; x_wconf 85' lang='grc'>¹</span> <span class='ocrx_word' id='word_1_16' title='bbox 1705 397 1858 450; x_wconf 90' lang='lat' dir='ltr'><strong><em>corde</em></strong></span> <span class='ocrx_word' id='word_1_17' title='bbox 1889 402 1933 459; x_wconf 71' lang='grc' dir='ltr'><strong>Α</strong></span> <span class='ocrx_word' id='word_1_18' title='bbox 2033 397 2318 451; x_wconf 77' lang='lat' dir='ltr'><strong><em>Dexteram</em></strong></span> <span class='ocrx_word' id='word_1_19' title='bbox 2344 403 2490 448; x_wconf 85' lang='lat' dir='ltr'><strong><em>tuam</em></strong></span> <span class='ocrx_word' id='word_1_20' title='bbox 2520 433 2531 453; x_wconf 88' lang='lat'><strong><em>,</em></strong></span> <span class='ocrx_word' id='word_1_21' title='bbox 2564 390 2812 450; x_wconf 84' lang='lat' dir='ltr'><strong><em>Domine,</em></strong></span> <span class='ocrx_word' id='word_1_22' title='bbox 2846 397 3025 442; x_wconf 80' lang='lat' dir='ltr'>nolam</span> <span class='ocrx_word' id='word_1_23' title='bbox 3064 384 3146 441; x_wconf 81' lang='lat' dir='ltr'><strong><em>fac</em></strong></span> <span class='ocrx_word' id='word_1_24' title='bbox 3201 384 3359 438; x_wconf 87' lang='lat' dir='ltr'><strong><em>nobis</em></strong></span> <span class='ocrx_word' id='word_1_25' title='bbox 3383 386 3438 439; x_wconf 69' lang='grc' dir='ltr'><strong><em>δι</em></strong></span> <span class='ocrx_word' id='word_1_26' title='bbox 3474 392 3528 435; x_wconf 76' lang='lat' dir='ltr'><strong><em>et</em></strong></span> 
     </span>
    </p>
   </div>
   <div class='ocr_carea' id='block_1_5' title="bbox 286 495 653 561">
    <p class='ocr_par' dir='ltr' id='par_1_5' title="bbox 286 495 653 561">
     <span class='ocr_line' id='line_1_5' title="bbox 286 495 653 561; baseline 0 -15"><span class='ocrx_word' id='word_1_27' title='bbox 286 498 335 546; x_wconf 78' lang='lat' dir='ltr'><strong><em>in</em></strong></span> <span class='ocrx_word' id='word_1_28' title='bbox 363 495 653 561; x_wconf 73' lang='lat' dir='ltr'><strong><em>sapientia.</em></strong></span> 
     </span>
    </p>
   </div>
   <div class='ocr_carea' id='block_1_6' title="bbox 355 575 1857 650">
    <p class='ocr_par' dir='ltr' id='par_1_6' title="bbox 355 575 1857 650">
     <span class='ocr_line' id='line_1_6' title="bbox 355 575 1857 650; baseline -0.008 -12"><span class='ocrx_word' id='word_1_29' title='bbox 355 590 695 648; x_wconf 69' lang='lat' dir='ltr'><strong><em>Convertere,</em></strong></span> <span class='ocrx_word' id='word_1_30' title='bbox 751 582 996 647; x_wconf 84' lang='lat' dir='ltr'><strong><em>Domine,</em></strong></span> <span class='ocrx_word' id='word_1_31' title='bbox 1050 596 1315 650; x_wconf 86' lang='lat' dir='ltr'><strong><em>usquequo</em></strong></span> <span class='ocrx_word' id='word_1_32' title='bbox 1346 580 1371 632; x_wconf 68' lang='lat'><strong><em>.9</em></strong></span> <span class='ocrx_word' id='word_1_33' title='bbox 1421 589 1467 631; x_wconf 88' lang='lat' dir='ltr'><strong><em>et</em></strong></span> <span class='ocrx_word' id='word_1_34' title='bbox 1513 575 1857 645; x_wconf 83' lang='lat' dir='ltr'><strong><em>deprecubilis</em></strong></span> 
     </span>
    </p>
   </div>
   <div class='ocr_carea' id='block_1_7' title="bbox 285 684 938 744">
    <p class='ocr_par' dir='ltr' id='par_1_7' title="bbox 285 684 938 744">
     <span class='ocr_line' id='line_1_7' title="bbox 285 684 938 744; baseline 0.003 -19"><span class='ocrx_word' id='word_1_35' title='bbox 285 688 391 730; x_wconf 78' lang='lat' dir='ltr'><strong><em>esto</em></strong></span> <span class='ocrx_word' id='word_1_36' title='bbox 412 692 567 744; x_wconf 87' lang='lat' dir='ltr'><strong><em>super</em></strong></span> <span class='ocrx_word' id='word_1_37' title='bbox 595 691 769 727; x_wconf 84' lang='lat' dir='ltr'><strong><em>servos</em></strong></span> <span class='ocrx_word' id='word_1_38' title='bbox 800 684 938 727; x_wconf 83' lang='lat' dir='ltr'><strong><em>tuos.</em></strong></span> 
     </span>
    </p>
   </div>
   <div class='ocr_carea' id='block_1_8' title="bbox 352 760 1858 838">
    <p class='ocr_par' dir='ltr' id='par_1_8' title="bbox 352 760 1858 838">
     <span class='ocr_line' id='line_1_8' title="bbox 352 760 1858 838; baseline -0.007 -17"><span class='ocrx_word' id='word_1_39' title='bbox 352 768 555 838; x_wconf 82' lang='lat' dir='ltr'><strong><em>Repleti</em></strong></span> <span class='ocrx_word' id='word_1_40' title='bbox 584 784 762 819; x_wconf 83' lang='lat' dir='ltr'><strong><em>sumus</em></strong></span> <span class='ocrx_word' id='word_1_41' title='bbox 789 783 941 820; x_wconf 88' lang='lat' dir='ltr'><strong><em>mane</em></strong></span> <span class='ocrx_word' id='word_1_42' title='bbox 973 766 1325 820; x_wconf 74' lang='lat' dir='ltr'><strong><em>misericordia</em></strong></span> <span class='ocrx_word' id='word_1_43' title='bbox 1353 773 1446 816; x_wconf 77' lang='lat' dir='ltr'><strong><em>tua</em></strong></span> <span class='ocrx_word' id='word_1_44' title='bbox 1469 764 1513 825; x_wconf 83' lang='lat'><strong><em>‘,</em></strong></span> <span class='ocrx_word' id='word_1_45' title='bbox 1546 772 1595 815; x_wconf 83' lang='lat' dir='ltr'><strong><em>et</em></strong></span> <span class='ocrx_word' id='word_1_46' title='bbox 1619 760 1827 815; x_wconf 64' lang='lat' dir='ltr'><strong><em>exsultet</em></strong></span> <span class='ocrx_word' id='word_1_47' title='bbox 1846 792 1858 801; x_wconf 88' lang='lat'><em>-</em></span> 
     </span>
    </p>
   </div>
   <div class='ocr_carea' id='block_1_9' title="bbox 283 856 1787 923">
    <p class='ocr_par' dir='ltr' id='par_1_9' title="bbox 283 856 1787 923">
     <span class='ocr_line' id='line_1_9' title="bbox 283 856 1787 923; baseline -0.005 -11"><span class='ocrx_word' id='word_1_48' title='bbox 283 865 472 923; x_wconf 64' lang='lat' dir='ltr'><strong><em>nimus,</em></strong></span> <span class='ocrx_word' id='word_1_49' title='bbox 512 870 563 912; x_wconf 90' lang='lat' dir='ltr'><strong><em>et</em></strong></span> <span class='ocrx_word' id='word_1_50' title='bbox 593 860 838 912; x_wconf 77' lang='lat' dir='ltr'><strong><em>delectati</em></strong></span> <span class='ocrx_word' id='word_1_51' title='bbox 876 875 1058 912; x_wconf 87' lang='lat' dir='ltr'><strong><em>sumus</em></strong></span> <span class='ocrx_word' id='word_1_52' title='bbox 1096 859 1333 911; x_wconf 84' lang='lat' dir='ltr'><strong><em>omnibus</em></strong></span> <span class='ocrx_word' id='word_1_53' title='bbox 1363 856 1542 909; x_wconf 86' lang='lat' dir='ltr'><strong><em>diebus</em></strong></span> <span class='ocrx_word' id='word_1_54' title='bbox 1571 856 1787 908; x_wconf 89' lang='lat' dir='ltr'><strong><em>nostris.</em></strong></span> 
     </span>
    </p>
   </div>
   <div class='ocr_carea' id='block_1_10' title="bbox 352 942 1861 1017">
    <p class='ocr_par' dir='ltr' id='par_1_10' title="bbox 352 942 1861 1017">
     <span class='ocr_line' id='line_1_10' title="bbox 352 942 1861 1017; baseline -0.007 -14"><span class='ocrx_word' id='word_1_55' title='bbox 352 950 538 1003; x_wconf 74' lang='lat' dir='ltr'><strong><em>Lectati</em></strong></span> <span class='ocrx_word' id='word_1_56' title='bbox 566 963 630 1003; x_wconf 74' lang='grc' dir='ltr'><strong><em>σι-</em></strong></span> <span class='ocrx_word' id='word_1_57' title='bbox 666 963 846 1001; x_wconf 83' lang='lat' dir='ltr'><strong><em>sumus</em></strong></span> <span class='ocrx_word' id='word_1_58' title='bbox 882 949 904 1016; x_wconf 71' lang='grc' dir='ltr'>ζ</span> <span class='ocrx_word' id='word_1_59' title='bbox 930 964 1024 1017; x_wconf 91' lang='lat' dir='ltr'><strong><em>pro</em></strong></span> <span class='ocrx_word' id='word_1_60' title='bbox 1048 946 1249 1011; x_wconf 83' lang='lat' dir='ltr'><strong><em>diebus,</em></strong></span> <span class='ocrx_word' id='word_1_61' title='bbox 1282 946 1467 1014; x_wconf 85' lang='lat' dir='ltr'><strong><em>quibus</em></strong></span> <span class='ocrx_word' id='word_1_62' title='bbox 1485 962 1576 999; x_wconf 88' lang='lat' dir='ltr'><strong><em>nos</em></strong></span> <span class='ocrx_word' id='word_1_63' title='bbox 1606 942 1861 996; x_wconf 83' lang='lat' dir='ltr'><strong><em>humilia-</em></strong></span> 
     </span>
    </p>
   </div>
   <div class='ocr_carea' id='block_1_11' title="bbox 286 1039 1277 1109">
    <p class='ocr_par' dir='ltr' id='par_1_11' title="bbox 286 1039 1277 1109">
     <span class='ocr_line' id='line_1_11' title="bbox 286 1039 1277 1109; baseline -0.004 -14"><span class='ocrx_word' id='word_1_64' title='bbox 286 1044 358 1095; x_wconf 87' lang='lat' dir='ltr'><strong><em>sti</em></strong></span> <span class='ocrx_word' id='word_1_65' title='bbox 388 1056 404 1093; x_wconf 91' lang='lat'><em>:</em></span> <span class='ocrx_word' id='word_1_66' title='bbox 442 1042 599 1093; x_wconf 83' lang='lat' dir='ltr'><strong><em>annis</em></strong></span> <span class='ocrx_word' id='word_1_67' title='bbox 630 1040 817 1109; x_wconf 83' lang='lat' dir='ltr'><strong><em>quibus</em></strong></span> <span class='ocrx_word' id='word_1_68' title='bbox 850 1041 1071 1092; x_wconf 81' lang='lat' dir='ltr'><strong><em>vidimus</em></strong></span> <span class='ocrx_word' id='word_1_69' title='bbox 1109 1039 1277 1091; x_wconf 87' lang='lat' dir='ltr'><strong><em>mala.</em></strong></span> 
     </span>
    </p>
   </div>
   <div class='ocr_carea' id='block_1_12' title="bbox 356 1130 1490 1198">
    <p class='ocr_par' dir='ltr' id='par_1_12' title="bbox 356 1130 1490 1198">
     <span class='ocr_line' id='line_1_12' title="bbox 356 1130 1490 1198; baseline -0.004 -15"><span class='ocrx_word' id='word_1_70' title='bbox 356 1131 572 1197; x_wconf 82' lang='lat' dir='ltr'><strong><em>Respice</em></strong></span> <span class='ocrx_word' id='word_1_71' title='bbox 595 1131 648 1182; x_wconf 91' lang='lat' dir='ltr'><strong><em>in</em></strong></span> <span class='ocrx_word' id='word_1_72' title='bbox 677 1146 850 1184; x_wconf 86' lang='lat' dir='ltr'><strong><em>servos</em></strong></span> <span class='ocrx_word' id='word_1_73' title='bbox 884 1140 999 1182; x_wconf 86' lang='lat' dir='ltr'><strong><em>tuos</em></strong></span> <span class='ocrx_word' id='word_1_74' title='bbox 1018 1140 1068 1181; x_wconf 88' lang='lat' dir='ltr'><strong><em>et</em></strong></span> <span class='ocrx_word' id='word_1_75' title='bbox 1094 1130 1147 1183; x_wconf 89' lang='lat' dir='ltr'><strong><em>in</em></strong></span> <span class='ocrx_word' id='word_1_76' title='bbox 1177 1144 1339 1198; x_wconf 82' lang='lat' dir='ltr'><strong><em>opera</em></strong></span> <span class='ocrx_word' id='word_1_77' title='bbox 1397 1136 1490 1180; x_wconf 84' lang='lat' dir='ltr'><strong><em>tua</em></strong></span> 
     </span>
    </p>
   </div>
   <div class='ocr_carea' id='block_1_13' title="bbox 282 1215 652 1281">
    <p class='ocr_par' dir='ltr' id='par_1_13' title="bbox 282 1215 652 1281">
     <span class='ocr_line' id='line_1_13' title="bbox 282 1215 652 1281; baseline 0.005 -14"><span class='ocrx_word' id='word_1_78' title='bbox 282 1215 423 1281; x_wconf 73' lang='lat' dir='ltr'><strong><em>ﬁlios</em></strong></span> <span class='ocrx_word' id='word_1_79' title='bbox 447 1232 652 1269; x_wconf 86' lang='lat' dir='ltr'><strong><em>eorum.</em></strong></span> 
     </span>
    </p>
   </div>
   <div class='ocr_carea' id='block_1_14' title="bbox 363 1306 1861 1376">
    <p class='ocr_par' dir='ltr' id='par_1_14' title="bbox 363 1306 1861 1376">
     <span class='ocr_line' id='line_1_14' title="bbox 363 1306 1861 1376; baseline -0.003 -17"><span class='ocrx_word' id='word_1_80' title='bbox 363 1306 425 1359; x_wconf 83' lang='lat' dir='ltr'><strong><em>Et</em></strong></span> <span class='ocrx_word' id='word_1_81' title='bbox 451 1309 520 1359; x_wconf 91' lang='lat' dir='ltr'><strong><em>sit</em></strong></span> <span class='ocrx_word' id='word_1_82' title='bbox 547 1307 799 1376; x_wconf 76' lang='lat' dir='ltr'><strong><em>splendor</em></strong></span> <span class='ocrx_word' id='word_1_83' title='bbox 832 1306 1042 1360; x_wconf 78' lang='lat' dir='ltr'><strong><em>Domini</em></strong></span> <span class='ocrx_word' id='word_1_84' title='bbox 1078 1306 1174 1360; x_wconf 86' lang='lat' dir='ltr'><strong><em>Dei</em></strong></span> <span class='ocrx_word' id='word_1_85' title='bbox 1224 1309 1397 1361; x_wconf 84' lang='lat' dir='ltr'><strong><em>nostri</em></strong></span> <span class='ocrx_word' id='word_1_86' title='bbox 1444 1322 1602 1375; x_wconf 85' lang='lat' dir='ltr'><strong><em>super</em></strong></span> <span class='ocrx_word' id='word_1_87' title='bbox 1661 1320 1774 1368; x_wconf 88' lang='lat' dir='ltr'><strong><em>nos,</em></strong></span> <span class='ocrx_word' id='word_1_88' title='bbox 1812 1310 1861 1355; x_wconf 88' lang='lat' dir='ltr'><strong><em>et</em></strong></span> 
     </span>
    </p>
   </div>
   <div class='ocr_carea' id='block_1_15' title="bbox 285 1394 1861 1468">
    <p class='ocr_par' dir='ltr' id='par_1_15' title="bbox 285 1394 1861 1468">
     <span class='ocr_line' id='line_1_15' title="bbox 285 1394 1861 1468; baseline 0 -20"><span class='ocrx_word' id='word_1_89' title='bbox 285 1414 443 1468; x_wconf 71' lang='lat' dir='ltr'><strong><em>opera</em></strong></span> <span class='ocrx_word' id='word_1_90' title='bbox 476 1415 723 1452; x_wconf 86' lang='lat' dir='ltr'><strong><em>manuum</em></strong></span> <span class='ocrx_word' id='word_1_91' title='bbox 751 1408 1055 1452; x_wconf 86' lang='lat' dir='ltr'><strong><em>nostrarum</em></strong></span> <span class='ocrx_word' id='word_1_92' title='bbox 1086 1399 1255 1467; x_wconf 78' lang='lat' dir='ltr'><strong><em>dirige</em></strong></span> <span class='ocrx_word' id='word_1_93' title='bbox 1274 1413 1435 1467; x_wconf 89' lang='lat' dir='ltr'><strong><em>super</em></strong></span> <span class='ocrx_word' id='word_1_94' title='bbox 1466 1413 1559 1450; x_wconf 86' lang='lat' dir='ltr'><strong><em>nos</em></strong></span> <span class='ocrx_word' id='word_1_95' title='bbox 1600 1412 1620 1449; x_wconf 91' lang='lat'><strong><em>:</em></strong></span> <span class='ocrx_word' id='word_1_96' title='bbox 1654 1396 1721 1462; x_wconf 52' lang='grc' dir='ltr'><strong><em>Ἀ(</em></strong></span> <span class='ocrx_word' id='word_1_97' title='bbox 1751 1404 1802 1449; x_wconf 89' lang='lat' dir='ltr'><strong><em>et</em></strong></span> <span class='ocrx_word' id='word_1_98' title='bbox 1842 1394 1861 1424; x_wconf 84' lang='grc'>³</span> 
     </span>
    </p>
   </div>
   <div class='ocr_carea' id='block_1_16' title="bbox 286 1492 1301 1561">
    <p class='ocr_par' dir='ltr' id='par_1_16' title="bbox 286 1492 1301 1561">
     <span class='ocr_line' id='line_1_16' title="bbox 286 1492 1301 1561; baseline 0.002 -18"><span class='ocrx_word' id='word_1_99' title='bbox 286 1508 420 1558; x_wconf 88' lang='lat' dir='ltr'><strong><em>opus</em></strong></span> <span class='ocrx_word' id='word_1_100' title='bbox 465 1507 720 1543; x_wconf 87' lang='lat' dir='ltr'><strong><em>manuum</em></strong></span> <span class='ocrx_word' id='word_1_101' title='bbox 748 1501 1051 1545; x_wconf 88' lang='lat' dir='ltr'><strong><em>uostrarunt</em></strong></span> <span class='ocrx_word' id='word_1_102' title='bbox 1083 1492 1253 1561; x_wconf 85' lang='lat' dir='ltr'><strong><em>dirige</em></strong></span> <span class='ocrx_word' id='word_1_103' title='bbox 1278 1492 1301 1559; x_wconf 71' lang='grc' dir='ltr'>ζ</span> 
     </span>
    </p>
   </div>
   <div class='ocr_carea' id='block_1_17' title="bbox 1549 1125 1859 1194">
    <p class='ocr_par' dir='ltr' id='par_1_17' title="bbox 1549 1125 1859 1194">
     <span class='ocr_line' id='line_1_17' title="bbox 1549 1125 1859 1194; baseline -0.003 -15"><span class='ocrx_word' id='word_1_104' title='bbox 1549 1141 1566 1179; x_wconf 92' lang='lat'><strong><em>:</em></strong></span> <span class='ocrx_word' id='word_1_105' title='bbox 1614 1138 1660 1179; x_wconf 90' lang='lat' dir='ltr'><strong><em>et</em></strong></span> <span class='ocrx_word' id='word_1_106' title='bbox 1693 1125 1859 1194; x_wconf 84' lang='lat' dir='ltr'><strong><em>dirige</em></strong></span> 
     </span>
    </p>
   </div>
   <div class='ocr_carea' id='block_1_18' title="bbox 1962 474 2817 544">
    <p class='ocr_par' dir='ltr' id='par_1_18' title="bbox 1962 474 2817 544">
     <span class='ocr_line' id='line_1_18' title="bbox 1962 474 2817 544; baseline -0.008 -10"><span class='ocrx_word' id='word_1_107' title='bbox 1962 480 2214 534; x_wconf 85' lang='lat' dir='ltr'><strong><em>eruditos</em></strong></span> <span class='ocrx_word' id='word_1_108' title='bbox 2238 477 2404 532; x_wconf 81' lang='lat' dir='ltr'><strong><em>corde</em></strong></span> <span class='ocrx_word' id='word_1_109' title='bbox 2427 476 2479 529; x_wconf 90' lang='lat' dir='ltr'><strong><em>in</em></strong></span> <span class='ocrx_word' id='word_1_110' title='bbox 2500 474 2764 544; x_wconf 77' lang='lat' dir='ltr'><strong><em>sapientia</em></strong></span> <span class='ocrx_word' id='word_1_111' title='bbox 2803 491 2817 527; x_wconf 86' lang='lat'><strong>:</strong></span> 
     </span>
    </p>
   </div>
   <div class='ocr_carea' id='block_1_19' title="bbox 2030 559 3532 631">
    <p class='ocr_par' dir='ltr' id='par_1_19' title="bbox 2030 559 3532 631">
     <span class='ocr_line' id='line_1_19' title="bbox 2030 559 3532 631; baseline -0.013 -5"><span class='ocrx_word' id='word_1_112' title='bbox 2030 571 2384 630; x_wconf 85' lang='lat' dir='ltr'><strong><em>Convertere,</em></strong></span> <span class='ocrx_word' id='word_1_113' title='bbox 2418 568 2669 628; x_wconf 84' lang='lat' dir='ltr'><strong><em>Domine,</em></strong></span> <span class='ocrx_word' id='word_1_114' title='bbox 2712 563 3126 631; x_wconf 83' lang='lat' dir='ltr'><strong><em>aliquantulum,</em></strong></span> <span class='ocrx_word' id='word_1_115' title='bbox 3157 572 3212 615; x_wconf 88' lang='lat' dir='ltr'><strong><em>ct</em></strong></span> <span class='ocrx_word' id='word_1_116' title='bbox 3241 559 3532 627; x_wconf 79' lang='lat' dir='ltr'><strong><em>deprecare</em></strong></span> 
     </span>
    </p>
   </div>
   <div class='ocr_carea' id='block_1_20' title="bbox 1960 668 2510 731">
    <p class='ocr_par' dir='ltr' id='par_1_20' title="bbox 1960 668 2510 731">
     <span class='ocr_line' id='line_1_20' title="bbox 1960 668 2510 731; baseline -0.005 -15"><span class='ocrx_word' id='word_1_117' title='bbox 1960 677 2125 731; x_wconf 81' lang='lat' dir='ltr'><strong><em>super</em></strong></span> <span class='ocrx_word' id='word_1_118' title='bbox 2149 675 2336 714; x_wconf 82' lang='lat' dir='ltr'><strong><em>servos</em></strong></span> <span class='ocrx_word' id='word_1_119' title='bbox 2368 668 2510 713; x_wconf 85' lang='lat' dir='ltr'><strong><em>tuos.</em></strong></span> 
     </span>
    </p>
   </div>
   <div class='ocr_carea' id='block_1_21' title="bbox 2032 741 3536 821">
    <p class='ocr_par' dir='ltr' id='par_1_21' title="bbox 2032 741 3536 821">
     <span class='ocr_line' id='line_1_21' title="bbox 2032 741 3536 821; baseline -0.009 -13"><span class='ocrx_word' id='word_1_120' title='bbox 2032 752 2245 821; x_wconf 80' lang='lat' dir='ltr'><strong><em>Repleti</em></strong></span> <span class='ocrx_word' id='word_1_121' title='bbox 2270 766 2458 803; x_wconf 87' lang='lat' dir='ltr'><strong><em>sumus</em></strong></span> <span class='ocrx_word' id='word_1_122' title='bbox 2481 764 2636 803; x_wconf 79' lang='lat' dir='ltr'><strong><em>inane</em></strong></span> <span class='ocrx_word' id='word_1_123' title='bbox 2661 745 3035 802; x_wconf 84' lang='lat' dir='ltr'><strong><em>misericordia</em></strong></span> <span class='ocrx_word' id='word_1_124' title='bbox 3063 753 3153 798; x_wconf 88' lang='lat' dir='ltr'><strong><em>tua</em></strong></span> <span class='ocrx_word' id='word_1_125' title='bbox 3196 761 3209 801; x_wconf 85' lang='lat'><strong>:</strong></span> <span class='ocrx_word' id='word_1_126' title='bbox 3237 741 3536 796; x_wconf 76' lang='lat' dir='ltr'><strong><em>exsultavi-</em></strong></span> 
     </span>
    </p>
   </div>
   <div class='ocr_carea' id='block_1_22' title="bbox 1963 831 3531 908">
    <p class='ocr_par' dir='ltr' id='par_1_22' title="bbox 1963 831 3531 908">
     <span class='ocr_line' id='line_1_22' title="bbox 1963 831 3531 908; baseline -0.006 -11"><span class='ocrx_word' id='word_1_127' title='bbox 1963 859 2104 908; x_wconf 88' lang='lat' dir='ltr'><strong><em>mus,</em></strong></span> <span class='ocrx_word' id='word_1_128' title='bbox 2133 852 2188 896; x_wconf 89' lang='lat' dir='ltr'><strong><em>et</em></strong></span> <span class='ocrx_word' id='word_1_129' title='bbox 2219 840 2468 894; x_wconf 80' lang='lat' dir='ltr'><strong><em>delectati</em></strong></span> <span class='ocrx_word' id='word_1_130' title='bbox 2501 853 2686 893; x_wconf 83' lang='lat' dir='ltr'><strong><em>sumus</em></strong></span> <span class='ocrx_word' id='word_1_131' title='bbox 2721 839 2774 892; x_wconf 89' lang='lat' dir='ltr'><strong><em>in</em></strong></span> <span class='ocrx_word' id='word_1_132' title='bbox 2803 836 3061 890; x_wconf 89' lang='lat' dir='ltr'><strong><em>onmibus</em></strong></span> <span class='ocrx_word' id='word_1_133' title='bbox 3092 834 3287 887; x_wconf 82' lang='lat' dir='ltr'><strong><em>diebus</em></strong></span> <span class='ocrx_word' id='word_1_134' title='bbox 3309 831 3531 887; x_wconf 76' lang='lat' dir='ltr'><strong><em>nostris.</em></strong></span> 
     </span>
    </p>
   </div>
   <div class='ocr_carea' id='block_1_23' title="bbox 2026 921 3534 1000">
    <p class='ocr_par' dir='ltr' id='par_1_23' title="bbox 2026 921 3534 1000">
     <span class='ocr_line' id='line_1_23' title="bbox 2026 921 3534 1000; baseline -0.007 -13"><span class='ocrx_word' id='word_1_135' title='bbox 2026 934 2284 988; x_wconf 85' lang='lat' dir='ltr'><strong><em>Delectati</em></strong></span> <span class='ocrx_word' id='word_1_136' title='bbox 2304 948 2492 985; x_wconf 88' lang='lat' dir='ltr'><strong><em>sumus</em></strong></span> <span class='ocrx_word' id='word_1_137' title='bbox 2512 947 2609 1000; x_wconf 82' lang='lat' dir='ltr'><strong><em>pro</em></strong></span> <span class='ocrx_word' id='word_1_138' title='bbox 2635 928 2849 994; x_wconf 84' lang='lat' dir='ltr'><strong><em>diebus,</em></strong></span> <span class='ocrx_word' id='word_1_139' title='bbox 2876 928 2928 982; x_wconf 88' lang='lat' dir='ltr'><strong><em>in</em></strong></span> <span class='ocrx_word' id='word_1_140' title='bbox 2956 926 3077 999; x_wconf 86' lang='lat' dir='ltr'><strong><em>[ms.</em></strong></span> <span class='ocrx_word' id='word_1_141' title='bbox 3097 933 3203 978; x_wconf 81' lang='lat' dir='ltr'><strong><em>tar.</em></strong></span> <span class='ocrx_word' id='word_1_142' title='bbox 3233 921 3313 993; x_wconf 74' lang='lat' dir='ltr'><strong><em>in}</em></strong></span> <span class='ocrx_word' id='word_1_143' title='bbox 3333 921 3534 991; x_wconf 80' lang='lat' dir='ltr'><strong>quibus</strong></span> 
     </span>
    </p>
   </div>
   <div class='ocr_carea' id='block_1_24' title="bbox 1965 1012 3532 1088">
    <p class='ocr_par' dir='ltr' id='par_1_24' title="bbox 1965 1012 3532 1088">
     <span class='ocr_line' id='line_1_24' title="bbox 1965 1012 3532 1088; baseline -0.009 -7"><span class='ocrx_word' id='word_1_144' title='bbox 1965 1042 2064 1081; x_wconf 86' lang='lat' dir='ltr'><strong><em>nos</em></strong></span> <span class='ocrx_word' id='word_1_145' title='bbox 2097 1023 2404 1081; x_wconf 82' lang='lat' dir='ltr'><strong><em>ltumiliasti</em></strong></span> <span class='ocrx_word' id='word_1_146' title='bbox 2430 1039 2445 1076; x_wconf 89' lang='lat'><strong>:</strong></span> <span class='ocrx_word' id='word_1_147' title='bbox 2469 1032 2526 1077; x_wconf 90' lang='lat' dir='ltr'><strong><em>et</em></strong></span> <span class='ocrx_word' id='word_1_148' title='bbox 2558 1021 2742 1085; x_wconf 88' lang='lat' dir='ltr'><strong><em>annis,</em></strong></span> <span class='ocrx_word' id='word_1_149' title='bbox 2774 1019 2828 1073; x_wconf 91' lang='lat' dir='ltr'><strong><em>in</em></strong></span> <span class='ocrx_word' id='word_1_150' title='bbox 2860 1018 3063 1088; x_wconf 86' lang='lat' dir='ltr'><strong><em>quibus</em></strong></span> <span class='ocrx_word' id='word_1_151' title='bbox 3099 1014 3333 1069; x_wconf 77' lang='lat' dir='ltr'><strong><em>vidimus</em></strong></span> <span class='ocrx_word' id='word_1_152' title='bbox 3367 1012 3532 1067; x_wconf 89' lang='lat' dir='ltr'><strong><em>mala.</em></strong></span> 
     </span>
    </p>
   </div>
   <div class='ocr_carea' id='block_1_25' title="bbox 2028 1105 3530 1185">
    <p class='ocr_par' dir='ltr' id='par_1_25' title="bbox 2028 1105 3530 1185">
     <span class='ocr_line' id='line_1_25' title="bbox 2028 1105 3530 1185; baseline -0.01 -13"><span class='ocrx_word' id='word_1_153' title='bbox 2028 1116 2270 1185; x_wconf 78' lang='lat' dir='ltr'><strong><em>Respice</em></strong></span> <span class='ocrx_word' id='word_1_154' title='bbox 2303 1115 2359 1170; x_wconf 91' lang='lat' dir='ltr'><strong><em>in</em></strong></span> <span class='ocrx_word' id='word_1_155' title='bbox 2400 1129 2589 1170; x_wconf 81' lang='lat' dir='ltr'><strong><em>servos</em></strong></span> <span class='ocrx_word' id='word_1_156' title='bbox 2606 1122 2751 1177; x_wconf 90' lang='lat' dir='ltr'><strong><em>tuos,</em></strong></span> <span class='ocrx_word' id='word_1_157' title='bbox 2786 1120 2840 1165; x_wconf 88' lang='lat' dir='ltr'><strong><em>et</em></strong></span> <span class='ocrx_word' id='word_1_158' title='bbox 2870 1109 2923 1163; x_wconf 91' lang='lat' dir='ltr'><strong><em>in</em></strong></span> <span class='ocrx_word' id='word_1_159' title='bbox 2942 1123 3106 1178; x_wconf 88' lang='lat' dir='ltr'><strong><em>opera</em></strong></span> <span class='ocrx_word' id='word_1_160' title='bbox 3126 1116 3239 1171; x_wconf 83' lang='lat' dir='ltr'><strong><em>tua,</em></strong></span> <span class='ocrx_word' id='word_1_161' title='bbox 3271 1105 3530 1160; x_wconf 83' lang='lat' dir='ltr'><strong><em>Domine:</em></strong></span> 
     </span>
    </p>
   </div>
   <div class='ocr_carea' id='block_1_26' title="bbox 1959 1207 2657 1277">
    <p class='ocr_par' dir='ltr' id='par_1_26' title="bbox 1959 1207 2657 1277">
     <span class='ocr_line' id='line_1_26' title="bbox 1959 1207 2657 1277; baseline -0.013 -11"><span class='ocrx_word' id='word_1_162' title='bbox 1959 1220 2015 1266; x_wconf 85' lang='lat' dir='ltr'><strong><em>et</em></strong></span> <span class='ocrx_word' id='word_1_163' title='bbox 2054 1209 2230 1277; x_wconf 81' lang='lat' dir='ltr'><strong><em>dirige</em></strong></span> <span class='ocrx_word' id='word_1_164' title='bbox 2268 1207 2409 1262; x_wconf 82' lang='lat' dir='ltr'><strong><em>ﬁlios</em></strong></span> <span class='ocrx_word' id='word_1_165' title='bbox 2442 1220 2657 1260; x_wconf 90' lang='lat' dir='ltr'><strong><em>eorum.</em></strong></span> 
     </span>
    </p>
   </div>
   <div class='ocr_carea' id='block_1_27' title="bbox 2026 1293 3532 1369">
    <p class='ocr_par' dir='ltr' id='par_1_27' title="bbox 2026 1293 3532 1369">
     <span class='ocr_line' id='line_1_27' title="bbox 2026 1293 3532 1369; baseline -0.009 -14"><span class='ocrx_word' id='word_1_166' title='bbox 2026 1302 2093 1355; x_wconf 86' lang='lat' dir='ltr'><strong><em>Et</em></strong></span> <span class='ocrx_word' id='word_1_167' title='bbox 2123 1300 2193 1355; x_wconf 91' lang='lat' dir='ltr'><strong><em>sit</em></strong></span> <span class='ocrx_word' id='word_1_168' title='bbox 2232 1296 2494 1369; x_wconf 87' lang='lat' dir='ltr'><strong><em>splendor</em></strong></span> <span class='ocrx_word' id='word_1_169' title='bbox 2523 1294 2738 1350; x_wconf 84' lang='lat' dir='ltr'><strong><em>Domini</em></strong></span> <span class='ocrx_word' id='word_1_170' title='bbox 2776 1293 2868 1348; x_wconf 86' lang='lat' dir='ltr'><strong><em>Dei</em></strong></span> <span class='ocrx_word' id='word_1_171' title='bbox 2899 1293 3070 1348; x_wconf 88' lang='lat' dir='ltr'><strong><em>nostri</em></strong></span> <span class='ocrx_word' id='word_1_172' title='bbox 3099 1305 3267 1357; x_wconf 82' lang='lat' dir='ltr'><strong><em>super</em></strong></span> <span class='ocrx_word' id='word_1_173' title='bbox 3299 1305 3396 1345; x_wconf 90' lang='lat' dir='ltr'><strong><em>nos</em></strong></span> <span class='ocrx_word' id='word_1_174' title='bbox 3431 1304 3446 1343; x_wconf 88' lang='lat'><strong>:</strong></span> <span class='ocrx_word' id='word_1_175' title='bbox 3476 1296 3532 1343; x_wconf 91' lang='lat' dir='ltr'><strong><em>et</em></strong></span> 
     </span>
    </p>
   </div>
   <div class='ocr_carea' id='block_1_28' title="bbox 1959 1386 3302 1463">
    <p class='ocr_par' dir='ltr' id='par_1_28' title="bbox 1959 1386 3302 1463">
     <span class='ocr_line' id='line_1_28' title="bbox 1959 1386 3302 1463; baseline -0.007 -16"><span class='ocrx_word' id='word_1_176' title='bbox 1959 1408 2124 1463; x_wconf 82' lang='lat' dir='ltr'><strong><em>opera</em></strong></span> <span class='ocrx_word' id='word_1_177' title='bbox 2162 1404 2420 1446; x_wconf 89' lang='lat' dir='ltr'><strong><em>manuum</em></strong></span> <span class='ocrx_word' id='word_1_178' title='bbox 2450 1396 2757 1443; x_wconf 89' lang='lat' dir='ltr'><strong><em>nostrarum</em></strong></span> <span class='ocrx_word' id='word_1_179' title='bbox 2795 1386 2967 1457; x_wconf 86' lang='lat' dir='ltr'><strong><em>dirige</em></strong></span> <span class='ocrx_word' id='word_1_180' title='bbox 2988 1400 3152 1454; x_wconf 75' lang='lat' dir='ltr'><strong><em>super</em></strong></span> <span class='ocrx_word' id='word_1_181' title='bbox 3181 1399 3302 1440; x_wconf 86' lang='lat' dir='ltr'><strong><em>nos.</em></strong></span> 
     </span>
    </p>
   </div>
   <div class='ocr_carea' id='block_1_29' title="bbox 1656 1579 2157 1647">
    <p class='ocr_par' dir='ltr' id='par_1_29' title="bbox 1656 1579 2157 1647">
     <span class='ocr_line' id='line_1_29' title="bbox 1656 1579 2157 1647; baseline -0.016 -2"><span class='ocrx_word' id='word_1_182' title='bbox 1656 1582 2003 1647; x_wconf 79' lang='lat' dir='ltr'><strong><em>PSALMUS</em></strong></span> <span class='ocrx_word' id='word_1_183' title='bbox 2038 1579 2157 1638; x_wconf 78' lang='lat' dir='ltr'><strong><em>XC.</em></strong></span> 
     </span>
    </p>
   </div>
   <div class='ocr_carea' id='block_1_30' title="bbox 752 1689 1399 1731">
    <p class='ocr_par' dir='ltr' id='par_1_30' title="bbox 752 1689 1399 1731">
     <span class='ocr_line' id='line_1_30' title="bbox 752 1689 1399 1731; baseline -0.003 -1"><span class='ocrx_word' id='word_1_184' title='bbox 752 1689 812 1730; x_wconf 71' lang='grc' dir='ltr'><strong><em>σι’-</em></strong></span> <span class='ocrx_word' id='word_1_185' title='bbox 838 1691 968 1730; x_wconf 65' lang='grc' dir='ltr'><strong><em>ωυε</em></strong></span> <span class='ocrx_word' id='word_1_186' title='bbox 989 1690 1201 1731; x_wconf 71' lang='lat' dir='ltr'><strong><em>CANTICI</em></strong></span> <span class='ocrx_word' id='word_1_187' title='bbox 1226 1691 1399 1731; x_wconf 74' lang='lat' dir='ltr'><strong><em>DAVID.</em></strong></span> 
     </span>
    </p>
   </div>
   <div class='ocr_carea' id='block_1_31' title="bbox 2253 1664 3319 1738">
    <p class='ocr_par' dir='ltr' id='par_1_31' title="bbox 2253 1664 3319 1738">
     <span class='ocr_line' id='line_1_31' title="bbox 2253 1664 3319 1738; baseline -0.003 -18"><span class='ocrx_word' id='word_1_188' title='bbox 2253 1680 2385 1721; x_wconf 71' lang='lat' dir='ltr'><strong>LADS</strong></span> <span class='ocrx_word' id='word_1_189' title='bbox 2412 1681 2618 1721; x_wconf 74' lang='lat' dir='ltr'><strong><em>CANTICI</em></strong></span> <span class='ocrx_word' id='word_1_190' title='bbox 2644 1682 2801 1722; x_wconf 64' lang='lat' dir='ltr'><strong><em>navm</em></strong></span> <span class='ocrx_word' id='word_1_191' title='bbox 2827 1667 2946 1738; x_wconf 66' lang='lat' dir='ltr'><strong><em>[ms</em></strong></span> <span class='ocrx_word' id='word_1_192' title='bbox 2987 1683 3086 1721; x_wconf 76' lang='lat' dir='ltr'><strong><em>ipsi</em></strong></span> <span class='ocrx_word' id='word_1_193' title='bbox 3118 1664 3319 1736; x_wconf 68' lang='lat' dir='ltr'><strong><em>eum].</em></strong></span> 
     </span>
    </p>
   </div>
   <div class='ocr_carea' id='block_1_32' title="bbox 358 1760 3533 1856">
    <p class='ocr_par' dir='ltr' id='par_1_32' title="bbox 358 1760 3533 1856">
     <span class='ocr_line' id='line_1_32' title="bbox 358 1760 3533 1856; baseline -0 -20"><span class='ocrx_word' id='word_1_194' title='bbox 358 1788 462 1853; x_wconf 79' lang='lat' dir='ltr'><strong><em>Qui</em></strong></span> <span class='ocrx_word' id='word_1_195' title='bbox 494 1789 696 1840; x_wconf 77' lang='lat' dir='ltr'><strong><em>habitat</em></strong></span> <span class='ocrx_word' id='word_1_196' title='bbox 722 1789 777 1841; x_wconf 77' lang='lat' dir='ltr'><strong><em>in</em></strong></span> <span class='ocrx_word' id='word_1_197' title='bbox 810 1788 1083 1856; x_wconf 69' lang='lat' dir='ltr'><strong><em>adjutorio</em></strong></span> <span class='ocrx_word' id='word_1_198' title='bbox 1108 1788 1379 1853; x_wconf 65' lang='grc' dir='ltr'><strong><em>Αίιεεείηιί,</em></strong></span> <span class='ocrx_word' id='word_1_199' title='bbox 1433 1788 1488 1840; x_wconf 78' lang='lat' dir='ltr'><strong><em>in</em></strong></span> <span class='ocrx_word' id='word_1_200' title='bbox 1522 1787 1857 1856; x_wconf 73' lang='lat' dir='ltr'><strong><em>proiectione</em></strong></span> <span class='ocrx_word' id='word_1_201' title='bbox 1892 1760 1932 1813; x_wconf 73' lang='grc' dir='ltr'><strong>Β</strong></span> <span class='ocrx_word' id='word_1_202' title='bbox 2033 1780 2135 1847; x_wconf 89' lang='lat' dir='ltr'><strong><em>Qui</em></strong></span> <span class='ocrx_word' id='word_1_203' title='bbox 2171 1779 2381 1834; x_wconf 83' lang='lat' dir='ltr'><strong><em>habitat</em></strong></span> <span class='ocrx_word' id='word_1_204' title='bbox 2413 1780 2466 1833; x_wconf 91' lang='lat' dir='ltr'><strong><em>in</em></strong></span> <span class='ocrx_word' id='word_1_205' title='bbox 2499 1779 2772 1848; x_wconf 80' lang='lat' dir='ltr'><strong><em>adiutorio</em></strong></span> <span class='ocrx_word' id='word_1_206' title='bbox 2796 1779 3081 1844; x_wconf 87' lang='lat' dir='ltr'><strong><em>Altissimi,</em></strong></span> <span class='ocrx_word' id='word_1_207' title='bbox 3107 1778 3161 1833; x_wconf 91' lang='lat' dir='ltr'><strong><em>in</em></strong></span> <span class='ocrx_word' id='word_1_208' title='bbox 3192 1780 3533 1847; x_wconf 83' lang='lat' dir='ltr'><strong><em>protectione</em></strong></span> 
     </span>
    </p>
   </div>
   <div class='ocr_carea' id='block_1_33' title="bbox 289 1881 1148 1949">
    <p class='ocr_par' dir='ltr' id='par_1_33' title="bbox 289 1881 1148 1949">
     <span class='ocr_line' id='line_1_33' title="bbox 289 1881 1148 1949; baseline -0.001 -14"><span class='ocrx_word' id='word_1_209' title='bbox 289 1881 378 1935; x_wconf 81' lang='lat' dir='ltr'><strong><em>Det</em></strong></span> <span class='ocrx_word' id='word_1_210' title='bbox 413 1895 472 1935; x_wconf 85' lang='lat'><strong><em>+</em></strong></span> <span class='ocrx_word' id='word_1_211' title='bbox 500 1882 616 1934; x_wconf 73' lang='lat' dir='ltr'><strong><em>caeli</em></strong></span> <span class='ocrx_word' id='word_1_212' title='bbox 648 1882 669 1949; x_wconf 72' lang='grc' dir='ltr'>ζ</span> <span class='ocrx_word' id='word_1_213' title='bbox 707 1882 1148 1935; x_wconf 78' lang='lat' dir='ltr'><strong><em>commorabitur.</em></strong></span> 
     </span>
    </p>
   </div>
   <div class='ocr_carea' id='block_1_34' title="bbox 362 1969 1862 2040">
    <p class='ocr_par' dir='ltr' id='par_1_34' title="bbox 362 1969 1862 2040">
     <span class='ocr_line' id='line_1_34' title="bbox 362 1969 1862 2040; baseline 0 -16"><span class='ocrx_word' id='word_1_214' title='bbox 362 1972 507 2025; x_wconf 83' lang='lat' dir='ltr'><strong><em>Dicet</em></strong></span> <span class='ocrx_word' id='word_1_215' title='bbox 536 1973 780 2036; x_wconf 87' lang='lat' dir='ltr'><strong><em>Domino,</em></strong></span> <span class='ocrx_word' id='word_1_216' title='bbox 821 1970 1105 2040; x_wconf 84' lang='lat' dir='ltr'><strong><em>Susceptor</em></strong></span> <span class='ocrx_word' id='word_1_217' title='bbox 1129 1987 1269 2025; x_wconf 87' lang='lat' dir='ltr'><strong><em>meus</em></strong></span> <span class='ocrx_word' id='word_1_218' title='bbox 1306 1984 1367 2026; x_wconf 70' lang='grc' dir='ltr'><strong><em>-ι-</em></strong></span> <span class='ocrx_word' id='word_1_219' title='bbox 1408 1987 1461 2025; x_wconf 91' lang='lat' dir='ltr'><strong><em>es</em></strong></span> <span class='ocrx_word' id='word_1_220' title='bbox 1490 1981 1546 2025; x_wconf 87' lang='lat' dir='ltr'><strong><em>tu</em></strong></span> <span class='ocrx_word' id='word_1_221' title='bbox 1584 1970 1681 2038; x_wconf 74' lang='grc' dir='ltr'><strong><em>ζει</em></strong></span> <span class='ocrx_word' id='word_1_222' title='bbox 1718 1969 1862 2039; x_wconf 82' lang='lat' dir='ltr'><strong><em>refu-</em></strong></span> 
     </span>
    </p>
   </div>
   <div class='ocr_carea' id='block_1_35' title="bbox 290 2064 1491 2133">
    <p class='ocr_par' dir='ltr' id='par_1_35' title="bbox 290 2064 1491 2133">
     <span class='ocr_line' id='line_1_35' title="bbox 290 2064 1491 2133; baseline 0.002 -20"><span class='ocrx_word' id='word_1_223' title='bbox 290 2066 425 2131; x_wconf 75' lang='lat' dir='ltr'><strong><em>giurn</em></strong></span> <span class='ocrx_word' id='word_1_224' title='bbox 460 2080 657 2129; x_wconf 87' lang='lat' dir='ltr'><strong><em>meum,</em></strong></span> <span class='ocrx_word' id='word_1_225' title='bbox 693 2065 827 2117; x_wconf 75' lang='lat' dir='ltr'><strong><em>Deus</em></strong></span> <span class='ocrx_word' id='word_1_226' title='bbox 852 2081 995 2118; x_wconf 78' lang='lat' dir='ltr'><strong><em>meus</em></strong></span> <span class='ocrx_word' id='word_1_227' title='bbox 1018 2064 1236 2133; x_wconf 82' lang='lat' dir='ltr'><strong><em>sperabo</em></strong></span> <span class='ocrx_word' id='word_1_228' title='bbox 1274 2065 1326 2117; x_wconf 88' lang='lat' dir='ltr'><strong><em>in</em></strong></span> <span class='ocrx_word' id='word_1_229' title='bbox 1355 2079 1491 2117; x_wconf 88' lang='lat' dir='ltr'><strong><em>eum.</em></strong></span> 
     </span>
    </p>
   </div>
   <div class='ocr_carea' id='block_1_36' title="bbox 356 2234 1856 2305">
    <p class='ocr_par' dir='ltr' id='par_1_36' title="bbox 356 2234 1856 2305">
     <span class='ocr_line' id='line_1_36' title="bbox 356 2234 1856 2305; baseline 0.001 -19"><span class='ocrx_word' id='word_1_230' title='bbox 356 2234 627 2298; x_wconf 84' lang='lat' dir='ltr'><strong><em>Quoniam</em></strong></span> <span class='ocrx_word' id='word_1_231' title='bbox 655 2240 764 2304; x_wconf 82' lang='lat' dir='ltr'><strong><em>ipse</em></strong></span> <span class='ocrx_word' id='word_1_232' title='bbox 797 2235 1035 2291; x_wconf 78' lang='lat' dir='ltr'><strong><em>liberavit</em></strong></span> <span class='ocrx_word' id='word_1_233' title='bbox 1072 2237 1189 2290; x_wconf 64' lang='lat' dir='ltr'><strong><em>‘me</em></strong></span> <span class='ocrx_word' id='word_1_234' title='bbox 1216 2238 1280 2290; x_wconf 91' lang='lat' dir='ltr'><strong><em>de</em></strong></span> <span class='ocrx_word' id='word_1_235' title='bbox 1313 2237 1502 2305; x_wconf 85' lang='lat' dir='ltr'><strong><em>laqueo</em></strong></span> <span class='ocrx_word' id='word_1_236' title='bbox 1533 2238 1856 2302; x_wconf 86' lang='lat' dir='ltr'><strong><em>venantium,</em></strong></span> 
     </span>
    </p>
   </div>
   <div class='ocr_carea' id='block_1_37' title="bbox 290 2327 823 2396">
    <p class='ocr_par' dir='ltr' id='par_1_37' title="bbox 290 2327 823 2396">
     <span class='ocr_line' id='line_1_37' title="bbox 290 2327 823 2396; baseline 0.006 -20"><span class='ocrx_word' id='word_1_237' title='bbox 290 2332 338 2377; x_wconf 84' lang='lat' dir='ltr'><strong><em>et</em></strong></span> <span class='ocrx_word' id='word_1_238' title='bbox 365 2341 397 2376; x_wconf 79' lang='grc' dir='ltr'><em>α</em></span> <span class='ocrx_word' id='word_1_239' title='bbox 428 2327 593 2381; x_wconf 59' lang='lat' dir='ltr'><strong><em>verba,</em></strong></span> <span class='ocrx_word' id='word_1_240' title='bbox 615 2342 823 2396; x_wconf 89' lang='lat' dir='ltr'><strong><em>aspero.</em></strong></span> 
     </span>
    </p>
   </div>
   <div class='ocr_carea' id='block_1_38' title="bbox 359 2416 1861 2488">
    <p class='ocr_par' dir='ltr' id='par_1_38' title="bbox 359 2416 1861 2488">
     <span class='ocr_line' id='line_1_38' title="bbox 359 2416 1861 2488; baseline 0.003 -20"><span class='ocrx_word' id='word_1_241' title='bbox 359 2416 425 2469; x_wconf 86' lang='lat' dir='ltr'><strong><em>In</em></strong></span> <span class='ocrx_word' id='word_1_242' title='bbox 455 2417 477 2483; x_wconf 75' lang='grc' dir='ltr'>ζ</span> <span class='ocrx_word' id='word_1_243' title='bbox 512 2416 746 2488; x_wconf 85' lang='lat' dir='ltr'><strong><em>scapulis</em></strong></span> <span class='ocrx_word' id='word_1_244' title='bbox 776 2420 888 2473; x_wconf 86' lang='lat' dir='ltr'><strong><em>suis</em></strong></span> <span class='ocrx_word' id='word_1_245' title='bbox 923 2418 1252 2474; x_wconf 88' lang='lat' dir='ltr'><strong><em>obumbrabit</em></strong></span> <span class='ocrx_word' id='word_1_246' title='bbox 1284 2419 1380 2473; x_wconf 83' lang='lat' dir='ltr'><strong><em>tibi</em></strong></span> <span class='ocrx_word' id='word_1_247' title='bbox 1410 2435 1430 2474; x_wconf 91' lang='lat'><strong><em>:</em></strong></span> <span class='ocrx_word' id='word_1_248' title='bbox 1456 2428 1506 2472; x_wconf 92' lang='lat' dir='ltr'><strong><em>et</em></strong></span> <span class='ocrx_word' id='word_1_249' title='bbox 1536 2418 1631 2473; x_wconf 88' lang='lat' dir='ltr'><strong><em>sub</em></strong></span> <span class='ocrx_word' id='word_1_250' title='bbox 1677 2420 1861 2488; x_wconf 85' lang='lat' dir='ltr'><strong><em>pennis</em></strong></span> 
     </span>
    </p>
   </div>
   <div class='ocr_carea' id='block_1_39' title="bbox 290 2508 688 2576">
    <p class='ocr_par' dir='ltr' id='par_1_39' title="bbox 290 2508 688 2576">
     <span class='ocr_line' id='line_1_39' title="bbox 290 2508 688 2576; baseline 0.01 -18"><span class='ocrx_word' id='word_1_251' title='bbox 290 2508 401 2576; x_wconf 76' lang='lat' dir='ltr'><strong><em>ejus</em></strong></span> <span class='ocrx_word' id='word_1_252' title='bbox 433 2510 688 2576; x_wconf 83' lang='lat' dir='ltr'><strong><em>sperabis.</em></strong></span> 
     </span>
    </p>
   </div>
   <div class='ocr_carea' id='block_1_40' title="bbox 358 2596 1862 2673">
    <p class='ocr_par' dir='ltr' id='par_1_40' title="bbox 358 2596 1862 2673">
     <span class='ocr_line' id='line_1_40' title="bbox 358 2596 1862 2673; baseline 0.003 -22"><span class='ocrx_word' id='word_1_253' title='bbox 358 2596 517 2651; x_wconf 82' lang='lat' dir='ltr'><strong><em>Scuto</em></strong></span> <span class='ocrx_word' id='word_1_254' title='bbox 555 2599 905 2654; x_wconf 84' lang='lat' dir='ltr'><strong><em>circumdabit</em></strong></span> <span class='ocrx_word' id='word_1_255' title='bbox 928 2611 976 2655; x_wconf 85' lang='lat' dir='ltr'><strong><em>te</em></strong></span> <span class='ocrx_word' id='word_1_256' title='bbox 1007 2604 1202 2657; x_wconf 89' lang='lat' dir='ltr'><strong><em>veritas</em></strong></span> <span class='ocrx_word' id='word_1_257' title='bbox 1226 2604 1343 2673; x_wconf 82' lang='lat' dir='ltr'><strong><em>ejus</em></strong></span> <span class='ocrx_word' id='word_1_258' title='bbox 1375 2618 1395 2657; x_wconf 90' lang='lat'><strong><em>:</em></strong></span> <span class='ocrx_word' id='word_1_259' title='bbox 1426 2618 1534 2657; x_wconf 87' lang='lat' dir='ltr'><strong><em>non</em></strong></span> <span class='ocrx_word' id='word_1_260' title='bbox 1592 2604 1796 2657; x_wconf 87' lang='lat' dir='ltr'><strong><em>timebis</em></strong></span> <span class='ocrx_word' id='word_1_261' title='bbox 1829 2617 1862 2655; x_wconf 81' lang='grc' dir='ltr'><em>α</em></span> 
     </span>
    </p>
   </div>
   <div class='ocr_carea' id='block_1_41' title="bbox 290 2692 787 2746">
    <p class='ocr_par' dir='ltr' id='par_1_41' title="bbox 290 2692 787 2746">
     <span class='ocr_line' id='line_1_41' title="bbox 290 2692 787 2746; baseline 0.008 -4"><span class='ocrx_word' id='word_1_262' title='bbox 290 2692 476 2743; x_wconf 84' lang='lat' dir='ltr'><strong><em>timore</em></strong></span> <span class='ocrx_word' id='word_1_263' title='bbox 508 2701 787 2746; x_wconf 84' lang='lat' dir='ltr'><strong><em>nocturno.</em></strong></span> 
     </span>
    </p>
   </div>
   <div class='ocr_carea' id='block_1_42' title="bbox 360 2778 1863 2854">
    <p class='ocr_par' dir='ltr' id='par_1_42' title="bbox 360 2778 1863 2854">
     <span class='ocr_line' id='line_1_42' title="bbox 360 2778 1863 2854; baseline 0.004 -25"><span class='ocrx_word' id='word_1_264' title='bbox 360 2778 404 2829; x_wconf 84' lang='grc' dir='ltr'><strong><em>Δ</em></strong></span> <span class='ocrx_word' id='word_1_265' title='bbox 436 2779 637 2847; x_wconf 85' lang='lat' dir='ltr'><strong><em>sagitta</em></strong></span> <span class='ocrx_word' id='word_1_266' title='bbox 676 2780 881 2835; x_wconf 78' lang='lat' dir='ltr'><strong><em>volante</em></strong></span> <span class='ocrx_word' id='word_1_267' title='bbox 913 2782 967 2836; x_wconf 90' lang='lat' dir='ltr'><strong><em>in</em></strong></span> <span class='ocrx_word' id='word_1_268' title='bbox 1003 2785 1105 2848; x_wconf 86' lang='lat' dir='ltr'><strong><em>die,</em></strong></span> <span class='ocrx_word' id='word_1_269' title='bbox 1134 2801 1171 2837; x_wconf 88' lang='lat' dir='ltr'><strong><em>a</em></strong></span> <span class='ocrx_word' id='word_1_270' title='bbox 1205 2783 1413 2854; x_wconf 81' lang='lat' dir='ltr'><strong><em>negotio</em></strong></span> <span class='ocrx_word' id='word_1_271' title='bbox 1461 2782 1863 2852; x_wconf 83' lang='lat' dir='ltr'><strong><em>perambulante</em></strong></span> 
     </span>
    </p>
   </div>
   <div class='ocr_carea' id='block_1_43' title="bbox 290 2870 1718 2936">
    <p class='ocr_par' dir='ltr' id='par_1_43' title="bbox 290 2870 1718 2936">
     <span class='ocr_line' id='line_1_43' title="bbox 290 2870 1718 2936; baseline 0.004 -13"><span class='ocrx_word' id='word_1_272' title='bbox 290 2871 344 2923; x_wconf 70' lang='lat' dir='ltr'><strong><em>in</em></strong></span> <span class='ocrx_word' id='word_1_273' title='bbox 374 2870 626 2936; x_wconf 84' lang='lat' dir='ltr'><strong><em>tenebris,</em></strong></span> <span class='ocrx_word' id='word_1_274' title='bbox 655 2871 719 2924; x_wconf 86' lang='lat' dir='ltr'><strong><em>ab</em></strong></span> <span class='ocrx_word' id='word_1_275' title='bbox 744 2873 959 2926; x_wconf 87' lang='lat' dir='ltr'><strong><em>incursu</em></strong></span> <span class='ocrx_word' id='word_1_276' title='bbox 984 2882 1033 2927; x_wconf 89' lang='lat' dir='ltr'><strong><em>et</em></strong></span> <span class='ocrx_word' id='word_1_277' title='bbox 1068 2875 1326 2929; x_wconf 79' lang='lat' dir='ltr'><strong><em>dwmonio</em></strong></span> <span class='ocrx_word' id='word_1_278' title='bbox 1359 2875 1652 2929; x_wconf 87' lang='lat' dir='ltr'><strong><em>meridiano</em></strong></span> <span class='ocrx_word' id='word_1_279' title='bbox 1671 2875 1718 2928; x_wconf 84' lang='grc'><strong><em>⁸.</em></strong></span> 
     </span>
    </p>
   </div>
   <div class='ocr_carea' id='block_1_44' title="bbox 361 3069 1928 3163">
    <p class='ocr_par' dir='ltr' id='par_1_44' title="bbox 361 3069 1928 3163">
     <span class='ocr_line' id='line_1_44' title="bbox 361 3069 1928 3163; baseline 0.002 -41"><span class='ocrx_word' id='word_1_280' title='bbox 361 3070 570 3123; x_wconf 85' lang='lat' dir='ltr'><strong><em>Cadent</em></strong></span> <span class='ocrx_word' id='word_1_281' title='bbox 599 3088 633 3125; x_wconf 90' lang='lat' dir='ltr'><strong><em>a</em></strong></span> <span class='ocrx_word' id='word_1_282' title='bbox 654 3069 819 3125; x_wconf 88' lang='lat' dir='ltr'><strong><em>latere</em></strong></span> <span class='ocrx_word' id='word_1_283' title='bbox 840 3081 930 3125; x_wconf 85' lang='lat' dir='ltr'><strong><em>tuo</em></strong></span> <span class='ocrx_word' id='word_1_284' title='bbox 959 3071 1121 3133; x_wconf 88' lang='lat' dir='ltr'><strong><em>mille.</em></strong></span> <span class='ocrx_word' id='word_1_285' title='bbox 1160 3080 1209 3125; x_wconf 80' lang='lat' dir='ltr'><strong><em>et</em></strong></span> <span class='ocrx_word' id='word_1_286' title='bbox 1238 3072 1415 3126; x_wconf 74' lang='lat' dir='ltr'><strong><em>decem</em></strong></span> <span class='ocrx_word' id='word_1_287' title='bbox 1466 3072 1635 3126; x_wconf 85' lang='lat' dir='ltr'><strong><em>millia</em></strong></span> <span class='ocrx_word' id='word_1_288' title='bbox 1663 3087 1694 3125; x_wconf 84' lang='lat' dir='ltr'><strong><em>tt</em></strong></span> <span class='ocrx_word' id='word_1_289' title='bbox 1727 3072 1855 3126; x_wconf 74' lang='lat' dir='ltr'><strong><em>dex-</em></strong></span> <span class='ocrx_word' id='word_1_290' title='bbox 1883 3100 1928 3163; x_wconf 65' lang='grc' dir='ltr'>ϐ</span> 
     </span>
    </p>
   </div>
   <div class='ocr_carea' id='block_1_45' title="bbox 292 3164 1576 3234">
    <p class='ocr_par' dir='ltr' id='par_1_45' title="bbox 292 3164 1576 3234">
     <span class='ocr_line' id='line_1_45' title="bbox 292 3164 1576 3234; baseline 0.002 -20"><span class='ocrx_word' id='word_1_291' title='bbox 292 3164 384 3214; x_wconf 83' lang='lat' dir='ltr'><strong><em>tris</em></strong></span> <span class='ocrx_word' id='word_1_292' title='bbox 408 3164 513 3216; x_wconf 79' lang='lat' dir='ltr'><strong><em>tuis</em></strong></span> <span class='ocrx_word' id='word_1_293' title='bbox 547 3178 568 3216; x_wconf 90' lang='lat'><strong><em>:</em></strong></span> <span class='ocrx_word' id='word_1_294' title='bbox 597 3164 667 3217; x_wconf 87' lang='lat' dir='ltr'><strong><em>ad</em></strong></span> <span class='ocrx_word' id='word_1_295' title='bbox 689 3173 737 3217; x_wconf 86' lang='lat' dir='ltr'><strong><em>te</em></strong></span> <span class='ocrx_word' id='word_1_296' title='bbox 763 3173 939 3218; x_wconf 80' lang='lat' dir='ltr'><strong><em>autem</em></strong></span> <span class='ocrx_word' id='word_1_297' title='bbox 966 3181 1066 3218; x_wconf 89' lang='lat' dir='ltr'><strong><em>non</em></strong></span> <span class='ocrx_word' id='word_1_298' title='bbox 1109 3166 1576 3234; x_wconf 86' lang='lat' dir='ltr'><strong><em>appropinquabit.</em></strong></span> 
     </span>
    </p>
   </div>
   <div class='ocr_carea' id='block_1_46' title="bbox 375 3334 1863 3394">
    <p class='ocr_par' dir='ltr' id='par_1_46' title="bbox 375 3334 1863 3394">
     <span class='ocr_line' id='line_1_46' title="bbox 375 3334 1863 3394; baseline 0.003 -7"><span class='ocrx_word' id='word_1_299' title='bbox 375 3334 749 3392; x_wconf 78' lang='lat' dir='ltr'><strong><em>Verumtamen</em></strong></span> <span class='ocrx_word' id='word_1_300' title='bbox 781 3338 943 3393; x_wconf 82' lang='lat' dir='ltr'><strong><em>oculis</em></strong></span> <span class='ocrx_word' id='word_1_301' title='bbox 965 3342 1069 3392; x_wconf 88' lang='lat' dir='ltr'><strong><em>tuis</em></strong></span> <span class='ocrx_word' id='word_1_302' title='bbox 1126 3340 1480 3394; x_wconf 84' lang='lat' dir='ltr'><strong><em>considerabis</em></strong></span> <span class='ocrx_word' id='word_1_303' title='bbox 1508 3355 1525 3391; x_wconf 90' lang='lat'><strong><em>:</em></strong></span> <span class='ocrx_word' id='word_1_304' title='bbox 1558 3347 1607 3391; x_wconf 89' lang='lat' dir='ltr'><strong><em>et</em></strong></span> <span class='ocrx_word' id='word_1_305' title='bbox 1638 3340 1863 3392; x_wconf 88' lang='lat' dir='ltr'><strong><em>retribu-</em></strong></span> 
     </span>
    </p>
   </div>
   <div class='ocr_carea' id='block_1_47' title="bbox 293 3432 1104 3498">
    <p class='ocr_par' dir='ltr' id='par_1_47' title="bbox 293 3432 1104 3498">
     <span class='ocr_line' id='line_1_47' title="bbox 293 3432 1104 3498; baseline 0.006 -17"><span class='ocrx_word' id='word_1_306' title='bbox 293 3432 480 3483; x_wconf 80' lang='lat' dir='ltr'><strong><em>tionem</em></strong></span> <span class='ocrx_word' id='word_1_307' title='bbox 528 3441 859 3498; x_wconf 87' lang='lat' dir='ltr'><strong><em>peccatorum</em></strong></span> <span class='ocrx_word' id='word_1_308' title='bbox 884 3432 1104 3486; x_wconf 71' lang='lat' dir='ltr'><strong><em>videbis.</em></strong></span> 
     </span>
    </p>
   </div>
   <div class='ocr_carea' id='block_1_48' title="bbox 363 3522 1862 3593">
    <p class='ocr_par' dir='ltr' id='par_1_48' title="bbox 363 3522 1862 3593">
     <span class='ocr_line' id='line_1_48' title="bbox 363 3522 1862 3593; baseline 0.002 -19"><span class='ocrx_word' id='word_1_309' title='bbox 363 3522 636 3586; x_wconf 79' lang='lat' dir='ltr'><strong><em>Quoniam</em></strong></span> <span class='ocrx_word' id='word_1_310' title='bbox 678 3532 735 3576; x_wconf 91' lang='lat' dir='ltr'><strong><em>tu</em></strong></span> <span class='ocrx_word' id='word_1_311' title='bbox 765 3540 841 3587; x_wconf 90' lang='lat' dir='ltr'><strong><em>es,</em></strong></span> <span class='ocrx_word' id='word_1_312' title='bbox 896 3525 1135 3589; x_wconf 86' lang='lat' dir='ltr'><strong><em>Domine,</em></strong></span> <span class='ocrx_word' id='word_1_313' title='bbox 1162 3541 1276 3593; x_wconf 88' lang='lat' dir='ltr'><strong><em>spes</em></strong></span> <span class='ocrx_word' id='word_1_314' title='bbox 1331 3540 1446 3579; x_wconf 87' lang='lat' dir='ltr'><strong><em>mea</em></strong></span> <span class='ocrx_word' id='word_1_315' title='bbox 1481 3539 1499 3577; x_wconf 90' lang='lat'><strong><em>:</em></strong></span> <span class='ocrx_word' id='word_1_316' title='bbox 1531 3525 1862 3580; x_wconf 77' lang='lat' dir='ltr'><strong><em>Altissimnm</em></strong></span> 
     </span>
    </p>
   </div>
   <div class='ocr_carea' id='block_1_49' title="bbox 296 3617 1002 3685">
    <p class='ocr_par' dir='ltr' id='par_1_49' title="bbox 296 3617 1002 3685">
     <span class='ocr_line' id='line_1_49' title="bbox 296 3617 1002 3685; baseline 0.004 -17"><span class='ocrx_word' id='word_1_317' title='bbox 296 3617 515 3685; x_wconf 71' lang='lat' dir='ltr'><strong><em>posuisti</em></strong></span> <span class='ocrx_word' id='word_1_318' title='bbox 540 3618 798 3685; x_wconf 72' lang='lat' dir='ltr'><strong><em>refugium</em></strong></span> <span class='ocrx_word' id='word_1_319' title='bbox 833 3629 1002 3671; x_wconf 88' lang='lat' dir='ltr'><strong><em>tuum.</em></strong></span> 
     </span>
    </p>
   </div>
   <div class='ocr_carea' id='block_1_50' title="bbox 362 3707 1863 3781">
    <p class='ocr_par' dir='ltr' id='par_1_50' title="bbox 362 3707 1863 3781">
     <span class='ocr_line' id='line_1_50' title="bbox 362 3707 1863 3781; baseline 0.004 -22"><span class='ocrx_word' id='word_1_320' title='bbox 362 3707 480 3760; x_wconf 82' lang='lat' dir='ltr'><strong><em>Non</em></strong></span> <span class='ocrx_word' id='word_1_321' title='bbox 515 3708 722 3760; x_wconf 88' lang='lat' dir='ltr'><strong><em>accedet</em></strong></span> <span class='ocrx_word' id='word_1_322' title='bbox 744 3708 813 3762; x_wconf 91' lang='lat' dir='ltr'><strong><em>ad</em></strong></span> <span class='ocrx_word' id='word_1_323' title='bbox 837 3717 887 3763; x_wconf 88' lang='lat' dir='ltr'><strong><em>te</em></strong></span> <span class='ocrx_word' id='word_1_324' title='bbox 914 3710 1113 3763; x_wconf 86' lang='lat' dir='ltr'><strong><em>malum</em></strong></span> <span class='ocrx_word' id='word_1_325' title='bbox 1133 3720 1150 3762; x_wconf 87' lang='lat'><strong><em>:</em></strong></span> <span class='ocrx_word' id='word_1_326' title='bbox 1168 3722 1215 3763; x_wconf 84' lang='lat' dir='ltr'><strong><em>et</em></strong></span> <span class='ocrx_word' id='word_1_327' title='bbox 1242 3710 1513 3779; x_wconf 75' lang='lat' dir='ltr'><strong><em>ﬂagellum</em></strong></span> <span class='ocrx_word' id='word_1_328' title='bbox 1544 3728 1644 3766; x_wconf 87' lang='lat' dir='ltr'><strong><em>non</em></strong></span> <span class='ocrx_word' id='word_1_329' title='bbox 1673 3729 1863 3781; x_wconf 85' lang='lat' dir='ltr'><strong><em>appro-</em></strong></span> 
     </span>
    </p>
   </div>
   <div class='ocr_carea' id='block_1_51' title="bbox 298 3799 1085 3869">
    <p class='ocr_par' dir='ltr' id='par_1_51' title="bbox 298 3799 1085 3869">
     <span class='ocr_line' id='line_1_51' title="bbox 298 3799 1085 3869; baseline 0.008 -19"><span class='ocrx_word' id='word_1_330' title='bbox 298 3799 575 3869; x_wconf 81' lang='lat' dir='ltr'><strong><em>pinquabit</em></strong></span> <span class='ocrx_word' id='word_1_331' title='bbox 604 3801 944 3855; x_wconf 87' lang='lat' dir='ltr'><strong><em>tabernaculo</em></strong></span> <span class='ocrx_word' id='word_1_332' title='bbox 975 3811 1085 3857; x_wconf 85' lang='lat' dir='ltr'><strong><em>tuo.</em></strong></span> 
     </span>
    </p>
   </div>
   <div class='ocr_carea' id='block_1_52' title="bbox 361 3976 1865 4049">
    <p class='ocr_par' dir='ltr' id='par_1_52' title="bbox 361 3976 1865 4049">
     <span class='ocr_line' id='line_1_52' title="bbox 361 3976 1865 4049; baseline 0.007 -19"><span class='ocrx_word' id='word_1_333' title='bbox 361 3976 629 4041; x_wconf 82' lang='lat' dir='ltr'><strong><em>Quoniam</em></strong></span> <span class='ocrx_word' id='word_1_334' title='bbox 686 3980 887 4049; x_wconf 82' lang='lat' dir='ltr'><strong><em>angelis</em></strong></span> <span class='ocrx_word' id='word_1_335' title='bbox 909 3982 1020 4036; x_wconf 88' lang='lat' dir='ltr'><strong><em>suis</em></strong></span> <span class='ocrx_word' id='word_1_336' title='bbox 1077 3982 1345 4037; x_wconf 85' lang='lat' dir='ltr'><strong><em>mandavit</em></strong></span> <span class='ocrx_word' id='word_1_337' title='bbox 1380 3984 1444 4038; x_wconf 90' lang='lat' dir='ltr'><strong><em>de</em></strong></span> <span class='ocrx_word' id='word_1_338' title='bbox 1470 3992 1519 4037; x_wconf 92' lang='lat' dir='ltr'><strong><em>te</em></strong></span> <span class='ocrx_word' id='word_1_339' title='bbox 1549 4001 1571 4044; x_wconf 84' lang='lat'><strong><em>:</em></strong></span> <span class='ocrx_word' id='word_1_340' title='bbox 1593 3997 1652 4038; x_wconf 82' lang='lat' dir='ltr'><strong><em>ut</em></strong></span> <span class='ocrx_word' id='word_1_341' title='bbox 1690 3996 1865 4040; x_wconf 83' lang='lat' dir='ltr'><strong><em>custo-</em></strong></span> 
     </span>
    </p>
   </div>
   <div class='ocr_carea' id='block_1_53' title="bbox 296 4068 1157 4130">
    <p class='ocr_par' dir='ltr' id='par_1_53' title="bbox 296 4068 1157 4130">
     <span class='ocr_line' id='line_1_53' title="bbox 296 4068 1157 4130; baseline 0.01 -9"><span class='ocrx_word' id='word_1_342' title='bbox 296 4068 444 4123; x_wconf 84' lang='lat' dir='ltr'><strong><em>diant</em></strong></span> <span class='ocrx_word' id='word_1_343' title='bbox 475 4080 527 4123; x_wconf 92' lang='lat' dir='ltr'><strong><em>te</em></strong></span> <span class='ocrx_word' id='word_1_344' title='bbox 552 4072 609 4125; x_wconf 89' lang='lat' dir='ltr'><strong><em>in</em></strong></span> <span class='ocrx_word' id='word_1_345' title='bbox 639 4074 880 4128; x_wconf 87' lang='lat' dir='ltr'><strong><em>omnibus</em></strong></span> <span class='ocrx_word' id='word_1_346' title='bbox 904 4076 998 4129; x_wconf 85' lang='lat' dir='ltr'><strong><em>viis</em></strong></span> <span class='ocrx_word' id='word_1_347' title='bbox 1033 4078 1157 4130; x_wconf 85' lang='lat' dir='ltr'><strong><em>tuis.</em></strong></span> 
     </span>
    </p>
   </div>
   <div class='ocr_carea' id='block_1_54' title="bbox 365 4161 1865 4239">
    <p class='ocr_par' dir='ltr' id='par_1_54' title="bbox 365 4161 1865 4239">
     <span class='ocr_line' id='line_1_54' title="bbox 365 4161 1865 4239; baseline 0.005 -22"><span class='ocrx_word' id='word_1_348' title='bbox 365 4161 435 4217; x_wconf 85' lang='lat' dir='ltr'><strong><em>In</em></strong></span> <span class='ocrx_word' id='word_1_349' title='bbox 464 4165 707 4219; x_wconf 86' lang='lat' dir='ltr'><strong><em>manibus</em></strong></span> <span class='ocrx_word' id='word_1_350' title='bbox 734 4168 1020 4234; x_wconf 87' lang='lat' dir='ltr'><strong><em>portabunt</em></strong></span> <span class='ocrx_word' id='word_1_351' title='bbox 1041 4180 1129 4222; x_wconf 86' lang='lat' dir='ltr'><strong><em>te:</em></strong></span> <span class='ocrx_word' id='word_1_352' title='bbox 1165 4185 1229 4224; x_wconf 89' lang='lat' dir='ltr'><strong><em>ne</em></strong></span> <span class='ocrx_word' id='word_1_353' title='bbox 1251 4170 1386 4239; x_wconf 78' lang='lat' dir='ltr'><strong><em>forte</em></strong></span> <span class='ocrx_word' id='word_1_354' title='bbox 1419 4170 1656 4238; x_wconf 71' lang='lat' dir='ltr'><strong><em>o/fendas</em></strong></span> <span class='ocrx_word' id='word_1_355' title='bbox 1697 4170 1865 4225; x_wconf 87' lang='lat' dir='ltr'><strong><em>adla-</em></strong></span> 
     </span>
    </p>
   </div>
   <div class='ocr_carea' id='block_1_55' title="bbox 300 4258 874 4328">
    <p class='ocr_par' dir='ltr' id='par_1_55' title="bbox 300 4258 874 4328">
     <span class='ocr_line' id='line_1_55' title="bbox 300 4258 874 4328; baseline 0.009 -19"><span class='ocrx_word' id='word_1_356' title='bbox 300 4258 469 4324; x_wconf 77' lang='lat' dir='ltr'><strong><em>pidem</em></strong></span> <span class='ocrx_word' id='word_1_357' title='bbox 493 4258 679 4328; x_wconf 88' lang='lat' dir='ltr'><strong><em>pedem</em></strong></span> <span class='ocrx_word' id='word_1_358' title='bbox 704 4268 874 4314; x_wconf 85' lang='lat' dir='ltr'><strong><em>tuum.</em></strong></span> 
     </span>
    </p>
   </div>
   <div class='ocr_carea' id='block_1_56' title="bbox 371 4407 1859 4487">
    <p class='ocr_par' dir='ltr' id='par_1_56' title="bbox 371 4407 1859 4487">
     <span class='ocr_line' id='line_1_56' title="bbox 371 4407 1859 4487; baseline 0.004 -26"><span class='ocrx_word' id='word_1_359' title='bbox 371 4409 386 4440; x_wconf 84' lang='grc'><strong>¹</strong></span> <span class='ocrx_word' id='word_1_360' title='bbox 423 4407 764 4487; x_wconf 72' lang='lat' dir='ltr'><strong><em>Asteriscum</em></strong></span> <span class='ocrx_word' id='word_1_361' title='bbox 803 4409 880 4462; x_wconf 83' lang='lat' dir='ltr'><strong><em>sic</em></strong></span> <span class='ocrx_word' id='word_1_362' title='bbox 914 4408 1381 4487; x_wconf 30' lang='lat' dir='ltr'><strong><em>voculae-Palatia.</em></strong></span> <span class='ocrx_word' id='word_1_363' title='bbox 1415 4426 1517 4465; x_wconf 88' lang='lat' dir='ltr'><strong><em>ms.</em></strong></span> <span class='ocrx_word' id='word_1_364' title='bbox 1546 4414 1859 4487; x_wconf 73' lang='lat' dir='ltr'><strong><em>praeponit:</em></strong></span> 
     </span>
    </p>
   </div>
   <div class='ocr_carea' id='block_1_57' title="bbox 303 4472 1937 4548">
    <p class='ocr_par' dir='ltr' id='par_1_57' title="bbox 303 4472 1937 4548">
     <span class='ocr_line' id='line_1_57' title="bbox 303 4472 1937 4548; baseline 0.005 -18"><span class='ocrx_word' id='word_1_365' title='bbox 303 4488 415 4530; x_wconf 90' lang='lat' dir='ltr'><strong><em>tum</em></strong></span> <span class='ocrx_word' id='word_1_366' title='bbox 443 4492 544 4545; x_wconf 83' lang='lat' dir='ltr'><strong><em>pro</em></strong></span> <span class='ocrx_word' id='word_1_367' title='bbox 591 4477 845 4548; x_wconf 82' lang='lat' dir='ltr'><strong><em>eruditos,</em></strong></span> <span class='ocrx_word' id='word_1_368' title='bbox 885 4480 1261 4533; x_wconf 80' lang='lat' dir='ltr'><strong><em>substituitiu</em></strong></span> <span class='ocrx_word' id='word_1_369' title='bbox 1302 4495 1375 4533; x_wconf 90' lang='lat' dir='ltr'><strong><em>eo.</em></strong></span> <span class='ocrx_word' id='word_1_370' title='bbox 1403 4472 1862 4548; x_wconf 67' lang='lat' dir='ltr'><strong><em>sequior&#39;inanus</em></strong></span> <span class='ocrx_word' id='word_1_371' title='bbox 1895 4472 1937 4527; x_wconf 74' lang='grc' dir='ltr'><strong><em>Ι)</em></strong></span> 
     </span>
    </p>
   </div>
   <div class='ocr_carea' id='block_1_58' title="bbox 303 4547 1863 4618">
    <p class='ocr_par' dir='ltr' id='par_1_58' title="bbox 303 4547 1863 4618">
     <span class='ocr_line' id='line_1_58' title="bbox 303 4547 1863 4618; baseline 0.008 -21"><span class='ocrx_word' id='word_1_372' title='bbox 303 4548 637 4618; x_wconf 72' lang='lat' dir='ltr'><strong><em>compeditos.</em></strong></span> <span class='ocrx_word' id='word_1_373' title='bbox 680 4547 798 4614; x_wconf 85' lang='lat' dir='ltr'><strong><em>Ipse</em></strong></span> <span class='ocrx_word' id='word_1_374' title='bbox 827 4548 989 4601; x_wconf 88' lang='lat' dir='ltr'><strong><em>etiam</em></strong></span> <span class='ocrx_word' id='word_1_375' title='bbox 1013 4548 1351 4618; x_wconf 67' lang='lat' dir='ltr'><strong><em>Augustinus</em></strong></span> <span class='ocrx_word' id='word_1_376' title='bbox 1381 4551 1435 4603; x_wconf 90' lang='lat' dir='ltr'><strong><em>in</em></strong></span> <span class='ocrx_word' id='word_1_377' title='bbox 1465 4547 1610 4604; x_wconf 78' lang='lat' dir='ltr'><strong><em>lium:</em></strong></span> <span class='ocrx_word' id='word_1_378' title='bbox 1635 4552 1813 4606; x_wconf 81' lang='lat' dir='ltr'><strong><em>locum</em></strong></span> <span class='ocrx_word' id='word_1_379' title='bbox 1848 4570 1863 4609; x_wconf 85' lang='lat'><strong>:</strong></span> 
     </span>
    </p>
   </div>
   <div class='ocr_carea' id='block_1_59' title="bbox 304 4616 1866 4686">
    <p class='ocr_par' dir='ltr' id='par_1_59' title="bbox 304 4616 1866 4686">
     <span class='ocr_line' id='line_1_59' title="bbox 304 4616 1866 4686; baseline 0.004 -17"><span class='ocrx_word' id='word_1_380' title='bbox 304 4616 368 4669; x_wconf 78' lang='lat' dir='ltr'><strong><em>Et</em></strong></span> <span class='ocrx_word' id='word_1_381' title='bbox 412 4618 732 4681; x_wconf 82' lang='lat' dir='ltr'><strong><em>compeditos</em></strong></span> <span class='ocrx_word' id='word_1_382' title='bbox 789 4618 942 4669; x_wconf 88' lang='lat' dir='ltr'><strong><em>corde</em></strong></span> <span class='ocrx_word' id='word_1_383' title='bbox 972 4620 1025 4670; x_wconf 85' lang='lat' dir='ltr'><strong><em>in</em></strong></span> <span class='ocrx_word' id='word_1_384' title='bbox 1070 4616 1373 4686; x_wconf 80' lang='lat' dir='ltr'><strong><em>sapientia:</em></strong></span> <span class='ocrx_word' id='word_1_385' title='bbox 1430 4636 1449 4669; x_wconf 69' lang='grc' dir='ltr'>ι</span> <span class='ocrx_word' id='word_1_386' title='bbox 1514 4620 1616 4673; x_wconf 82' lang='lat' dir='ltr'><strong><em>Alii</em></strong></span> <span class='ocrx_word' id='word_1_387' title='bbox 1647 4621 1866 4676; x_wconf 89' lang='lat' dir='ltr'><strong><em>codices</em></strong></span> 
     </span>
    </p>
   </div>
   <div class='ocr_carea' id='block_1_60' title="bbox 304 4686 1865 4755">
    <p class='ocr_par' dir='ltr' id='par_1_60' title="bbox 304 4686 1865 4755">
     <span class='ocr_line' id='line_1_60' title="bbox 304 4686 1865 4755; baseline 0.005 -18"><span class='ocrx_word' id='word_1_388' title='bbox 304 4701 411 4755; x_wconf 79' lang='lat' dir='ltr'><strong><em>non</em></strong></span> <span class='ocrx_word' id='word_1_389' title='bbox 445 4686 649 4739; x_wconf 81' lang='lat' dir='ltr'><strong><em>habent</em></strong></span> <span class='ocrx_word' id='word_1_390' title='bbox 677 4688 1012 4755; x_wconf 84' lang='lat' dir='ltr'><strong><em>compeditos,</em></strong></span> <span class='ocrx_word' id='word_1_391' title='bbox 1037 4690 1131 4743; x_wconf 90' lang='lat' dir='ltr'><strong><em>sed</em></strong></span> <span class='ocrx_word' id='word_1_392' title='bbox 1161 4690 1411 4743; x_wconf 83' lang='lat' dir='ltr'><strong><em>eruditos.</em></strong></span> <span class='ocrx_word' id='word_1_393' title='bbox 1450 4688 1685 4744; x_wconf 86' lang='lat' dir='ltr'><strong><em>Verbum</em></strong></span> <span class='ocrx_word' id='word_1_394' title='bbox 1718 4693 1865 4745; x_wconf 80' lang='lat' dir='ltr'><strong><em>enim</em></strong></span> 
     </span>
    </p>
   </div>
   <div class='ocr_carea' id='block_1_61' title="bbox 303 4754 1861 4826">
    <p class='ocr_par' dir='ltr' id='par_1_61' title="bbox 303 4754 1861 4826">
     <span class='ocr_line' id='line_1_61' title="bbox 303 4754 1861 4826; baseline 0.004 -18"><span class='ocrx_word' id='word_1_395' title='bbox 303 4754 555 4808; x_wconf 74' lang='lat' dir='ltr'><strong><em>Graecum</em></strong></span> <span class='ocrx_word' id='word_1_396' title='bbox 598 4755 676 4826; x_wconf 77' lang='lat' dir='ltr'><strong><em>in</em></strong></span> <span class='ocrx_word' id='word_1_397' title='bbox 713 4754 945 4825; x_wconf 85' lang='lat' dir='ltr'><strong><em>utraque</em></strong></span> <span class='ocrx_word' id='word_1_398' title='bbox 975 4758 1374 4826; x_wconf 79' lang='lat' dir='ltr'><strong><em>signiﬁcatione</em></strong></span> <span class='ocrx_word' id='word_1_399' title='bbox 1398 4759 1652 4812; x_wconf 84' lang='lat' dir='ltr'><strong><em>similiter</em></strong></span> <span class='ocrx_word' id='word_1_400' title='bbox 1686 4771 1861 4825; x_wconf 77' lang='lat' dir='ltr'><strong><em>sonat,</em></strong></span> 
     </span>
    </p>
   </div>
   <div class='ocr_carea' id='block_1_62' title="bbox 304 4824 1375 4893">
    <p class='ocr_par' dir='ltr' id='par_1_62' title="bbox 304 4824 1375 4893">
     <span class='ocr_line' id='line_1_62' title="bbox 304 4824 1375 4893; baseline 0.001 -17"><span class='ocrx_word' id='word_1_401' title='bbox 304 4832 364 4877; x_wconf 86' lang='lat' dir='ltr'><strong><em>ut</em></strong></span> <span class='ocrx_word' id='word_1_402' title='bbox 395 4840 501 4893; x_wconf 85' lang='lat' dir='ltr'><strong><em>una</em></strong></span> <span class='ocrx_word' id='word_1_403' title='bbox 527 4824 733 4893; x_wconf 82' lang='lat' dir='ltr'><strong><em>syllaba</em></strong></span> <span class='ocrx_word' id='word_1_404' title='bbox 767 4824 1051 4893; x_wconf 76' lang='lat' dir='ltr'><strong><em>paululum</em></strong></span> <span class='ocrx_word' id='word_1_405' title='bbox 1078 4828 1314 4882; x_wconf 80' lang='lat' dir='ltr'><strong><em>dili‘erat.</em></strong></span> <span class='ocrx_word' id='word_1_406' title='bbox 1356 4845 1375 4877; x_wconf 73' lang='grc' dir='ltr'><strong><em>ι</em></strong></span> 
     </span>
    </p>
   </div>
   <div class='ocr_carea' id='block_1_63' title="bbox 362 4892 1868 4968">
    <p class='ocr_par' dir='ltr' id='par_1_63' title="bbox 362 4892 1868 4968">
     <span class='ocr_line' id='line_1_63' title="bbox 362 4892 1868 4968; baseline 0.006 -23"><span class='ocrx_word' id='word_1_407' title='bbox 362 4895 385 4924; x_wconf 78' lang='grc'><em>³</em></span> <span class='ocrx_word' id='word_1_408' title='bbox 415 4892 943 4968; x_wconf 78' lang='lat' dir='ltr'><strong><em>ltiitneritoPalatin.</em></strong></span> <span class='ocrx_word' id='word_1_409' title='bbox 974 4912 1076 4949; x_wconf 87' lang='lat' dir='ltr'><strong><em>ms.</em></strong></span> <span class='ocrx_word' id='word_1_410' title='bbox 1102 4911 1401 4965; x_wconf 86' lang='lat' dir='ltr'><strong><em>pronomen</em></strong></span> <span class='ocrx_word' id='word_1_411' title='bbox 1429 4907 1521 4952; x_wconf 92' lang='lat' dir='ltr'><strong><em>tua</em></strong></span> <span class='ocrx_word' id='word_1_412' title='bbox 1550 4899 1707 4954; x_wconf 91' lang='lat' dir='ltr'><strong><em>obelo</em></strong></span> <span class='ocrx_word' id='word_1_413' title='bbox 1732 4913 1868 4968; x_wconf 68' lang='lat' dir='ltr'><strong><em>prae-</em></strong></span> 
     </span>
    </p>
   </div>
   <div class='ocr_carea' id='block_1_64' title="bbox 309 4965 1868 5034">
    <p class='ocr_par' dir='ltr' id='par_1_64' title="bbox 309 4965 1868 5034">
     <span class='ocr_line' id='line_1_64' title="bbox 309 4965 1868 5034; baseline 0.006 -20"><span class='ocrx_word' id='word_1_414' title='bbox 309 4972 483 5023; x_wconf 81' lang='lat' dir='ltr'><strong><em>notat,</em></strong></span> <span class='ocrx_word' id='word_1_415' title='bbox 531 4974 648 5016; x_wconf 89' lang='lat' dir='ltr'><strong><em>tum</em></strong></span> <span class='ocrx_word' id='word_1_416' title='bbox 701 4965 830 5033; x_wconf 87' lang='lat' dir='ltr'><strong><em>legit</em></strong></span> <span class='ocrx_word' id='word_1_417' title='bbox 882 4969 938 5019; x_wconf 89' lang='lat' dir='ltr'><strong><em>in</em></strong></span> <span class='ocrx_word' id='word_1_418' title='bbox 965 4969 1207 5019; x_wconf 88' lang='lat' dir='ltr'><strong><em>omnibus</em></strong></span> <span class='ocrx_word' id='word_1_419' title='bbox 1254 4968 1456 5034; x_wconf 87' lang='lat' dir='ltr'><strong><em>diebus,</em></strong></span> <span class='ocrx_word' id='word_1_420' title='bbox 1496 4980 1605 5023; x_wconf 86' lang='lat' dir='ltr'><strong><em>etc.</em></strong></span> <span class='ocrx_word' id='word_1_421' title='bbox 1644 4965 1868 5024; x_wconf 77' lang='lat' dir='ltr'><strong><em>Rectius</em></strong></span> 
     </span>
    </p>
   </div>
   <div class='ocr_carea' id='block_1_65' title="bbox 311 5035 1867 5104">
    <p class='ocr_par' dir='ltr' id='par_1_65' title="bbox 311 5035 1867 5104">
     <span class='ocr_line' id='line_1_65' title="bbox 311 5035 1867 5104; baseline 0.005 -21"><span class='ocrx_word' id='word_1_422' title='bbox 311 5048 472 5099; x_wconf 81' lang='lat' dir='ltr'><strong><em>porro</em></strong></span> <span class='ocrx_word' id='word_1_423' title='bbox 526 5035 879 5104; x_wconf 86' lang='lat' dir='ltr'><strong><em>subsequenti</em></strong></span> <span class='ocrx_word' id='word_1_424' title='bbox 963 5050 1125 5089; x_wconf 89' lang='lat' dir='ltr'><strong><em>versu</em></strong></span> <span class='ocrx_word' id='word_1_425' title='bbox 1182 5038 1466 5104; x_wconf 64' lang='lat' dir='ltr'><strong><em>praeﬁxum</em></strong></span> <span class='ocrx_word' id='word_1_426' title='bbox 1524 5041 1867 5095; x_wconf 85' lang='lat' dir='ltr'><strong><em>substantivo</em></strong></span> 
     </span>
    </p>
   </div>
   <div class='ocr_carea' id='block_1_66' title="bbox 308 5103 1183 5160">
    <p class='ocr_par' dir='ltr' id='par_1_66' title="bbox 308 5103 1183 5160">
     <span class='ocr_line' id='line_1_66' title="bbox 308 5103 1183 5160; baseline 0.008 -7"><span class='ocrx_word' id='word_1_427' title='bbox 308 5104 477 5155; x_wconf 81' lang='lat' dir='ltr'><strong><em>verbo</em></strong></span> <span class='ocrx_word' id='word_1_428' title='bbox 505 5119 685 5155; x_wconf 86' lang='lat' dir='ltr'><strong><em>sumus</em></strong></span> <span class='ocrx_word' id='word_1_429' title='bbox 715 5103 928 5157; x_wconf 87' lang='lat' dir='ltr'><strong><em>obelum</em></strong></span> <span class='ocrx_word' id='word_1_430' title='bbox 960 5108 1183 5160; x_wconf 85' lang='lat' dir='ltr'><strong><em>omittit.</em></strong></span> 
     </span>
    </p>
   </div>
   <div class='ocr_carea' id='block_1_67' title="bbox 381 5172 1868 5249">
    <p class='ocr_par' dir='ltr' id='par_1_67' title="bbox 381 5172 1868 5249">
     <span class='ocr_line' id='line_1_67' title="bbox 381 5172 1868 5249; baseline 0.006 -24"><span class='ocrx_word' id='word_1_431' title='bbox 381 5173 489 5226; x_wconf 76' lang='grc' dir='ltr'><strong><em>ἰιι</em></strong></span> <span class='ocrx_word' id='word_1_432' title='bbox 539 5172 771 5249; x_wconf 61' lang='lat' dir='ltr'><strong><em>Palatia.</em></strong></span> <span class='ocrx_word' id='word_1_433' title='bbox 813 5188 917 5228; x_wconf 84' lang='lat' dir='ltr'><strong><em>ms.</em></strong></span> <span class='ocrx_word' id='word_1_434' title='bbox 970 5176 1145 5249; x_wconf 86' lang='lat' dir='ltr'><strong><em>_uuice</em></strong></span> <span class='ocrx_word' id='word_1_435' title='bbox 1192 5176 1493 5247; x_wconf 69' lang='lat' dir='ltr'><strong><em>praeﬁgitur</em></strong></span> <span class='ocrx_word' id='word_1_436' title='bbox 1549 5185 1614 5231; x_wconf 88' lang='lat' dir='ltr'><strong><em>et.</em></strong></span> <span class='ocrx_word' id='word_1_437' title='bbox 1659 5180 1868 5247; x_wconf 77' lang='lat' dir='ltr'><strong><em>c0pula:</em></strong></span> 
     </span>
    </p>
   </div>
   <div class='ocr_carea' id='block_1_68' title="bbox 309 5244 1869 5316">
    <p class='ocr_par' dir='ltr' id='par_1_68' title="bbox 309 5244 1869 5316">
     <span class='ocr_line' id='line_1_68' title="bbox 309 5244 1869 5316; baseline 0.006 -22"><span class='ocrx_word' id='word_1_438' title='bbox 309 5257 467 5305; x_wconf 85' lang='lat' dir='ltr'><strong><em>veru,</em></strong></span> <span class='ocrx_word' id='word_1_439' title='bbox 490 5244 864 5316; x_wconf 74' lang='lat' dir='ltr'><strong><em>p_ro‘asterieo,</em></strong></span> <span class='ocrx_word' id='word_1_440' title='bbox 890 5244 984 5311; x_wconf 89' lang='lat' dir='ltr'><strong><em>qui</em></strong></span> <span class='ocrx_word' id='word_1_441' title='bbox 1015 5244 1676 5316; x_wconf 51' lang='lat' dir='ltr'><strong><em>totam&#39;bauc&#39;pericopen</em></strong></span> <span class='ocrx_word' id='word_1_442' title='bbox 1727 5244 1869 5303; x_wconf 74' lang='lat' dir='ltr'><strong><em>illu-</em></strong></span> 
     </span>
    </p>
   </div>
   <div class='ocr_carea' id='block_1_69' title="bbox 312 5310 1864 5384">
    <p class='ocr_par' dir='ltr' id='par_1_69' title="bbox 312 5310 1864 5384">
     <span class='ocr_line' id='line_1_69' title="bbox 312 5310 1864 5384; baseline 0.005 -19"><span class='ocrx_word' id='word_1_443' title='bbox 312 5324 470 5384; x_wconf 78' lang='lat' dir='ltr'><strong><em>strat.</em></strong></span> <span class='ocrx_word' id='word_1_444' title='bbox 512 5310 978 5384; x_wconf 68' lang='lat' dir='ltr'><strong><em>lnquemlocum</em></strong></span> <span class='ocrx_word' id='word_1_445' title='bbox 1029 5310 1396 5383; x_wconf 67' lang='lat' dir='ltr'><strong><em>Augustinus,</em></strong></span> <span class='ocrx_word' id='word_1_446' title='bbox 1455 5335 1473 5368; x_wconf 70' lang='grc' dir='ltr'>ι</span> <span class='ocrx_word' id='word_1_447' title='bbox 1516 5310 1634 5371; x_wconf 76' lang='lat' dir='ltr'><strong><em>Huc</em></strong></span> <span class='ocrx_word' id='word_1_448' title='bbox 1669 5332 1864 5384; x_wconf 85' lang='lat' dir='ltr'><strong><em>usque,</em></strong></span> 
     </span>
    </p>
   </div>
   <div class='ocr_carea' id='block_1_70' title="bbox 308 5380 1871 5459">
    <p class='ocr_par' dir='ltr' id='par_1_70' title="bbox 308 5380 1871 5459">
     <span class='ocr_line' id='line_1_70' title="bbox 308 5380 1871 5459; baseline 0.004 -24"><span class='ocrx_word' id='word_1_449' title='bbox 308 5382 488 5450; x_wconf 81' lang='lat' dir='ltr'><strong><em>inquit</em></strong></span> <span class='ocrx_word' id='word_1_450' title='bbox 518 5382 599 5459; x_wconf 79' lang='lat' dir='ltr'><strong><em>(id</em></strong></span> <span class='ocrx_word' id='word_1_451' title='bbox 636 5391 740 5459; x_wconf 63' lang='lat' dir='ltr'><strong><em>est,</em></strong></span> <span class='ocrx_word' id='word_1_452' title='bbox 765 5380 843 5459; x_wconf 60' lang='grc' dir='ltr'><em>με</em></span> <span class='ocrx_word' id='word_1_453' title='bbox 870 5398 1028 5459; x_wconf 83' lang='lat' dir='ltr'><strong><em>opera</em></strong></span> <span class='ocrx_word' id='word_1_454' title='bbox 1058 5380 1314 5439; x_wconf 76' lang='lat' dir='ltr'><strong><em>manuum</em></strong></span> <span class='ocrx_word' id='word_1_455' title='bbox 1345 5380 1646 5459; x_wconf 77' lang='lat' dir='ltr'><strong><em>nostrarum</em></strong></span> <span class='ocrx_word' id='word_1_456' title='bbox 1703 5380 1871 5459; x_wconf 80' lang='lat' dir='ltr'><strong><em>dirige</em></strong></span> 
     </span>
    </p>
   </div>
   <div class='ocr_carea' id='block_1_71' title="bbox 305 5450 1865 5521">
    <p class='ocr_par' dir='ltr' id='par_1_71' title="bbox 305 5450 1865 5521">
     <span class='ocr_line' id='line_1_71' title="bbox 305 5450 1865 5521; baseline 0.005 -15"><span class='ocrx_word' id='word_1_457' title='bbox 305 5469 463 5520; x_wconf 87' lang='lat' dir='ltr'><strong><em>super</em></strong></span> <span class='ocrx_word' id='word_1_458' title='bbox 490 5451 631 5521; x_wconf 87' lang='lat' dir='ltr'><strong><em>nos),</em></strong></span> <span class='ocrx_word' id='word_1_459' title='bbox 661 5450 933 5506; x_wconf 86' lang='lat' dir='ltr'><strong><em>Psalmum</em></strong></span> <span class='ocrx_word' id='word_1_460' title='bbox 968 5457 1130 5507; x_wconf 84' lang='lat' dir='ltr'><strong><em>istum</em></strong></span> <span class='ocrx_word' id='word_1_461' title='bbox 1171 5458 1331 5510; x_wconf 83' lang='lat' dir='ltr'><strong><em>multi</em></strong></span> <span class='ocrx_word' id='word_1_462' title='bbox 1356 5457 1580 5512; x_wconf 85' lang='lat' dir='ltr'><strong><em>codices</em></strong></span> <span class='ocrx_word' id='word_1_463' title='bbox 1621 5450 1832 5513; x_wconf 60' lang='lat' dir='ltr'><strong><em>babeut&#39;</em></strong></span> <span class='ocrx_word' id='word_1_464' title='bbox 1851 5477 1865 5513; x_wconf 88' lang='lat'><strong>:</strong></span> 
     </span>
    </p>
   </div>
   <div class='ocr_carea' id='block_1_72' title="bbox 306 5523 1869 5591">
    <p class='ocr_par' dir='ltr' id='par_1_72' title="bbox 306 5523 1869 5591">
     <span class='ocr_line' id='line_1_72' title="bbox 306 5523 1869 5591; baseline 0.002 -14"><span class='ocrx_word' id='word_1_465' title='bbox 306 5524 401 5577; x_wconf 84' lang='lat' dir='ltr'><strong><em>sed</em></strong></span> <span class='ocrx_word' id='word_1_466' title='bbox 432 5527 486 5574; x_wconf 86' lang='lat' dir='ltr'><strong><em>in</em></strong></span> <span class='ocrx_word' id='word_1_467' title='bbox 517 5523 798 5576; x_wconf 85' lang='lat' dir='ltr'><strong><em>nonnullis</em></strong></span> <span class='ocrx_word' id='word_1_468' title='bbox 821 5523 1019 5591; x_wconf 84' lang='lat' dir='ltr'><strong><em>legitur</em></strong></span> <span class='ocrx_word' id='word_1_469' title='bbox 1073 5526 1214 5578; x_wconf 89' lang='lat' dir='ltr'><strong><em>alius</em></strong></span> <span class='ocrx_word' id='word_1_470' title='bbox 1253 5526 1480 5581; x_wconf 88' lang='lat' dir='ltr'><strong><em>ultimus</em></strong></span> <span class='ocrx_word' id='word_1_471' title='bbox 1526 5541 1716 5581; x_wconf 86' lang='lat' dir='ltr'><strong><em>versus</em></strong></span> <span class='ocrx_word' id='word_1_472' title='bbox 1749 5545 1763 5580; x_wconf 86' lang='lat'><strong>:</strong></span> <span class='ocrx_word' id='word_1_473' title='bbox 1800 5528 1869 5581; x_wconf 83' lang='lat' dir='ltr'><strong><em>Et</em></strong></span> 
     </span>
    </p>
   </div>
   <div class='ocr_carea' id='block_1_73' title="bbox 305 5596 1870 5666">
    <p class='ocr_par' dir='ltr' id='par_1_73' title="bbox 305 5596 1870 5666">
     <span class='ocr_line' id='line_1_73' title="bbox 305 5596 1870 5666; baseline 0.005 -23"><span class='ocrx_word' id='word_1_474' title='bbox 305 5608 434 5659; x_wconf 87' lang='lat' dir='ltr'><strong><em>opus</em></strong></span> <span class='ocrx_word' id='word_1_475' title='bbox 470 5602 1062 5666; x_wconf 7' lang='lat' dir='ltr'><strong><em>manuumgnostrarum</em></strong></span> <span class='ocrx_word' id='word_1_476' title='bbox 1117 5596 1309 5666; x_wconf 85' lang='lat' dir='ltr'><strong><em>dirige.</em></strong></span> <span class='ocrx_word' id='word_1_477' title='bbox 1373 5597 1473 5653; x_wconf 86' lang='lat' dir='ltr'><strong><em>Cui</em></strong></span> <span class='ocrx_word' id='word_1_478' title='bbox 1509 5597 1683 5652; x_wconf 80' lang='lat' dir='ltr'><strong><em>versui</em></strong></span> <span class='ocrx_word' id='word_1_479' title='bbox 1741 5598 1870 5651; x_wconf 85' lang='lat' dir='ltr'><strong><em>dili-</em></strong></span> 
     </span>
    </p>
   </div>
   <div class='ocr_carea' id='block_1_74' title="bbox 307 5662 1869 5737">
    <p class='ocr_par' dir='ltr' id='par_1_74' title="bbox 307 5662 1869 5737">
     <span class='ocr_line' id='line_1_74' title="bbox 307 5662 1869 5737; baseline 0.005 -23"><span class='ocrx_word' id='word_1_480' title='bbox 307 5670 499 5727; x_wconf 81' lang='lat' dir='ltr'><strong><em>gentes</em></strong></span> <span class='ocrx_word' id='word_1_481' title='bbox 523 5671 579 5713; x_wconf 88' lang='lat' dir='ltr'><strong><em>et</em></strong></span> <span class='ocrx_word' id='word_1_482' title='bbox 610 5662 755 5737; x_wconf 76' lang='lat' dir='ltr'><strong><em>docti</em></strong></span> <span class='ocrx_word' id='word_1_483' title='bbox 783 5674 1088 5737; x_wconf 63' lang='lat' dir='ltr'><strong><em>prapnotaut</em></strong></span> <span class='ocrx_word' id='word_1_484' title='bbox 1134 5662 1368 5734; x_wconf 77' lang='lat' dir='ltr'><strong><em>stellam,</em></strong></span> <span class='ocrx_word' id='word_1_485' title='bbox 1429 5683 1568 5737; x_wconf 83' lang='lat' dir='ltr'><strong><em>quos</em></strong></span> <span class='ocrx_word' id='word_1_486' title='bbox 1603 5667 1869 5722; x_wconf 86' lang='lat' dir='ltr'><strong><em>astericos</em></strong></span> 
     </span>
    </p>
   </div>
   <div class='ocr_carea' id='block_1_75' title="bbox 308 5731 1868 5807">
    <p class='ocr_par' dir='ltr' id='par_1_75' title="bbox 308 5731 1868 5807">
     <span class='ocr_line' id='line_1_75' title="bbox 308 5731 1868 5807; baseline 0.007 -27"><span class='ocrx_word' id='word_1_487' title='bbox 308 5738 505 5784; x_wconf 65' lang='lat' dir='ltr'><strong><em>vacant</em></strong></span> <span class='ocrx_word' id='word_1_488' title='bbox 546 5731 787 5800; x_wconf 82' lang='lat' dir='ltr'><strong><em>:quibus</em></strong></span> <span class='ocrx_word' id='word_1_489' title='bbox 826 5731 1133 5800; x_wconf 76' lang='lat' dir='ltr'><strong><em>signiﬁcant</em></strong></span> <span class='ocrx_word' id='word_1_490' title='bbox 1163 5752 1222 5792; x_wconf 90' lang='lat' dir='ltr'><strong><em>ea</em></strong></span> <span class='ocrx_word' id='word_1_491' title='bbox 1251 5731 1369 5807; x_wconf 78' lang='lat' dir='ltr'><strong><em>quae</em></strong></span> <span class='ocrx_word' id='word_1_492' title='bbox 1405 5731 1458 5794; x_wconf 74' lang='lat' dir='ltr'><strong><em>in</em></strong></span> <span class='ocrx_word' id='word_1_493' title='bbox 1493 5737 1740 5803; x_wconf 69' lang='lat' dir='ltr'><strong><em>llcbrtco,</em></strong></span> <span class='ocrx_word' id='word_1_494' title='bbox 1784 5740 1868 5792; x_wconf 75' lang='lat' dir='ltr'><strong><em>vel</em></strong></span> 
     </span>
    </p>
   </div>
   <div class='ocr_carea' id='block_1_76' title="bbox 1961 1871 2703 1927">
    <p class='ocr_par' dir='ltr' id='par_1_76' title="bbox 1961 1871 2703 1927">
     <span class='ocr_line' id='line_1_76' title="bbox 1961 1871 2703 1927; baseline -0.003 -2"><span class='ocrx_word' id='word_1_495' title='bbox 1961 1872 2054 1926; x_wconf 87' lang='lat' dir='ltr'><strong><em>Dei</em></strong></span> <span class='ocrx_word' id='word_1_496' title='bbox 2094 1872 2220 1927; x_wconf 77' lang='lat' dir='ltr'><strong><em>cteli</em></strong></span> <span class='ocrx_word' id='word_1_497' title='bbox 2247 1871 2703 1926; x_wconf 81' lang='lat' dir='ltr'><strong><em>commorabitur.</em></strong></span> 
     </span>
    </p>
   </div>
   <div class='ocr_carea' id='block_1_77' title="bbox 2032 1961 3535 2035">
    <p class='ocr_par' dir='ltr' id='par_1_77' title="bbox 2032 1961 3535 2035">
     <span class='ocr_line' id='line_1_77' title="bbox 2032 1961 3535 2035; baseline -0.001 -20"><span class='ocrx_word' id='word_1_498' title='bbox 2032 1962 2188 2016; x_wconf 86' lang='lat' dir='ltr'><strong><em>Dicet</em></strong></span> <span class='ocrx_word' id='word_1_499' title='bbox 2216 1962 2447 2017; x_wconf 88' lang='lat' dir='ltr'><strong><em>Domino</em></strong></span> <span class='ocrx_word' id='word_1_500' title='bbox 2474 1961 2599 2034; x_wconf 83' lang='lat' dir='ltr'><strong><em>[ms.</em></strong></span> <span class='ocrx_word' id='word_1_501' title='bbox 2654 1963 2813 2035; x_wconf 83' lang='lat' dir='ltr'><strong><em>Deo],</em></strong></span> <span class='ocrx_word' id='word_1_502' title='bbox 2851 1961 3152 2031; x_wconf 85' lang='lat' dir='ltr'><strong><em>Susceptor</em></strong></span> <span class='ocrx_word' id='word_1_503' title='bbox 3182 1976 3337 2016; x_wconf 86' lang='lat' dir='ltr'><strong><em>meus</em></strong></span> <span class='ocrx_word' id='word_1_504' title='bbox 3369 1975 3430 2015; x_wconf 91' lang='lat' dir='ltr'><strong><em>cs</em></strong></span> <span class='ocrx_word' id='word_1_505' title='bbox 3456 1970 3535 2021; x_wconf 78' lang='lat' dir='ltr'><strong><em>tu,</em></strong></span> 
     </span>
    </p>
   </div>
   <div class='ocr_carea' id='block_1_78' title="bbox 1960 2051 3535 2124">
    <p class='ocr_par' dir='ltr' id='par_1_78' title="bbox 1960 2051 3535 2124">
     <span class='ocr_line' id='line_1_78' title="bbox 1960 2051 3535 2124; baseline -0.003 -16"><span class='ocrx_word' id='word_1_506' title='bbox 1960 2068 2015 2108; x_wconf 88' lang='lat' dir='ltr'><strong><em>et</em></strong></span> <span class='ocrx_word' id='word_1_507' title='bbox 2046 2051 2313 2123; x_wconf 74' lang='lat' dir='ltr'><strong><em>refugium</em></strong></span> <span class='ocrx_word' id='word_1_508' title='bbox 2346 2067 2554 2116; x_wconf 89' lang='lat' dir='ltr'><strong><em>meum,</em></strong></span> <span class='ocrx_word' id='word_1_509' title='bbox 2585 2052 2730 2107; x_wconf 88' lang='lat' dir='ltr'><strong><em>Deus</em></strong></span> <span class='ocrx_word' id='word_1_510' title='bbox 2769 2068 2925 2109; x_wconf 85' lang='lat' dir='ltr'><strong><em>meus</em></strong></span> <span class='ocrx_word' id='word_1_511' title='bbox 2956 2052 3079 2124; x_wconf 63' lang='grc' dir='ltr'><strong><em>[γης.</em></strong></span> <span class='ocrx_word' id='word_1_512' title='bbox 3105 2052 3235 2108; x_wconf 83' lang='lat' dir='ltr'><strong><em>add.</em></strong></span> <span class='ocrx_word' id='word_1_513' title='bbox 3288 2051 3365 2123; x_wconf 89' lang='lat' dir='ltr'><strong><em>et]</em></strong></span> <span class='ocrx_word' id='word_1_514' title='bbox 3413 2067 3535 2121; x_wconf 84' lang='lat' dir='ltr'><strong><em>spe-</em></strong></span> 
     </span>
    </p>
   </div>
   <div class='ocr_carea' id='block_1_79' title="bbox 1962 2144 2355 2199">
    <p class='ocr_par' dir='ltr' id='par_1_79' title="bbox 1962 2144 2355 2199">
     <span class='ocr_line' id='line_1_79' title="bbox 1962 2144 2355 2199; baseline -0.005 0"><span class='ocrx_word' id='word_1_515' title='bbox 1962 2145 2093 2199; x_wconf 83' lang='lat' dir='ltr'><strong><em>rabo</em></strong></span> <span class='ocrx_word' id='word_1_516' title='bbox 2122 2144 2174 2199; x_wconf 91' lang='lat' dir='ltr'><strong><em>in</em></strong></span> <span class='ocrx_word' id='word_1_517' title='bbox 2206 2159 2355 2199; x_wconf 84' lang='lat' dir='ltr'><strong><em>eum.</em></strong></span> 
     </span>
    </p>
   </div>
   <div class='ocr_carea' id='block_1_80' title="bbox 2030 2234 3531 2307">
    <p class='ocr_par' dir='ltr' id='par_1_80' title="bbox 2030 2234 3531 2307">
     <span class='ocr_line' id='line_1_80' title="bbox 2030 2234 3531 2307; baseline -0.001 -18"><span class='ocrx_word' id='word_1_518' title='bbox 2030 2237 2305 2304; x_wconf 84' lang='lat' dir='ltr'><strong><em>Quoniam</em></strong></span> <span class='ocrx_word' id='word_1_519' title='bbox 2327 2238 2443 2307; x_wconf 85' lang='lat' dir='ltr'><strong><em>ipse</em></strong></span> <span class='ocrx_word' id='word_1_520' title='bbox 2471 2237 2729 2294; x_wconf 79' lang='lat' dir='ltr'><strong><em>liberavit</em></strong></span> <span class='ocrx_word' id='word_1_521' title='bbox 2748 2251 2834 2291; x_wconf 90' lang='lat' dir='ltr'><strong><em>me</em></strong></span> <span class='ocrx_word' id='word_1_522' title='bbox 2867 2236 2934 2292; x_wconf 89' lang='lat' dir='ltr'><strong><em>de</em></strong></span> <span class='ocrx_word' id='word_1_523' title='bbox 2957 2236 3156 2305; x_wconf 86' lang='lat' dir='ltr'><strong><em>laqueo</em></strong></span> <span class='ocrx_word' id='word_1_524' title='bbox 3190 2234 3531 2298; x_wconf 85' lang='lat' dir='ltr'><strong><em>venantium,</em></strong></span> 
     </span>
    </p>
   </div>
   <div class='ocr_carea' id='block_1_81' title="bbox 1962 2329 2515 2399">
    <p class='ocr_par' dir='ltr' id='par_1_81' title="bbox 1962 2329 2515 2399">
     <span class='ocr_line' id='line_1_81' title="bbox 1962 2329 2515 2399; baseline 0.004 -16"><span class='ocrx_word' id='word_1_525' title='bbox 1962 2338 2016 2383; x_wconf 80' lang='lat' dir='ltr'><strong><em>et</em></strong></span> <span class='ocrx_word' id='word_1_526' title='bbox 2039 2345 2068 2383; x_wconf 88' lang='lat' dir='ltr'><strong><em>a</em></strong></span> <span class='ocrx_word' id='word_1_527' title='bbox 2105 2329 2276 2384; x_wconf 86' lang='lat' dir='ltr'><strong><em>verbo</em></strong></span> <span class='ocrx_word' id='word_1_528' title='bbox 2299 2344 2515 2399; x_wconf 88' lang='lat' dir='ltr'><strong><em>aspero.</em></strong></span> 
     </span>
    </p>
   </div>
   <div class='ocr_carea' id='block_1_82' title="bbox 2032 2417 3537 2489">
    <p class='ocr_par' dir='ltr' id='par_1_82' title="bbox 2032 2417 3537 2489">
     <span class='ocr_line' id='line_1_82' title="bbox 2032 2417 3537 2489; baseline -0.003 -14"><span class='ocrx_word' id='word_1_529' title='bbox 2032 2420 2283 2489; x_wconf 74' lang='lat' dir='ltr'><strong><em>Scapulis</em></strong></span> <span class='ocrx_word' id='word_1_530' title='bbox 2327 2422 2443 2477; x_wconf 87' lang='lat' dir='ltr'><strong><em>suis</em></strong></span> <span class='ocrx_word' id='word_1_531' title='bbox 2501 2421 2853 2477; x_wconf 70' lang='lat' dir='ltr'><strong><em>obumbrabit</em></strong></span> <span class='ocrx_word' id='word_1_532' title='bbox 2910 2419 3019 2474; x_wconf 85' lang='lat' dir='ltr'><strong><em>tibi.</em></strong></span> <span class='ocrx_word' id='word_1_533' title='bbox 3056 2436 3069 2475; x_wconf 87' lang='lat'><strong>:</strong></span> <span class='ocrx_word' id='word_1_534' title='bbox 3101 2429 3156 2474; x_wconf 89' lang='lat' dir='ltr'><strong><em>et</em></strong></span> <span class='ocrx_word' id='word_1_535' title='bbox 3205 2419 3310 2475; x_wconf 88' lang='lat' dir='ltr'><strong><em>sub</em></strong></span> <span class='ocrx_word' id='word_1_536' title='bbox 3339 2417 3537 2488; x_wconf 86' lang='lat' dir='ltr'><strong><em>pennis</em></strong></span> 
     </span>
    </p>
   </div>
   <div class='ocr_carea' id='block_1_83' title="bbox 1961 2514 2420 2583">
    <p class='ocr_par' dir='ltr' id='par_1_83' title="bbox 1961 2514 2420 2583">
     <span class='ocr_line' id='line_1_83' title="bbox 1961 2514 2420 2583; baseline 0.007 -16"><span class='ocrx_word' id='word_1_537' title='bbox 1961 2514 2082 2582; x_wconf 86' lang='lat' dir='ltr'><strong><em>ejus</em></strong></span> <span class='ocrx_word' id='word_1_538' title='bbox 2116 2514 2366 2583; x_wconf 82' lang='lat' dir='ltr'><strong><em>sperabis</em></strong></span> <span class='ocrx_word' id='word_1_539' title='bbox 2381 2515 2420 2569; x_wconf 92' lang='grc'><strong>⁷.</strong></span> 
     </span>
    </p>
   </div>
   <div class='ocr_carea' id='block_1_84' title="bbox 2035 2602 3534 2673">
    <p class='ocr_par' dir='ltr' id='par_1_84' title="bbox 2035 2602 3534 2673">
     <span class='ocr_line' id='line_1_84' title="bbox 2035 2602 3534 2673; baseline -0.003 -13"><span class='ocrx_word' id='word_1_540' title='bbox 2035 2604 2204 2661; x_wconf 86' lang='lat' dir='ltr'><strong><em>Scuto</em></strong></span> <span class='ocrx_word' id='word_1_541' title='bbox 2233 2606 2603 2663; x_wconf 89' lang='lat' dir='ltr'><strong><em>circumdabit</em></strong></span> <span class='ocrx_word' id='word_1_542' title='bbox 2633 2618 2686 2662; x_wconf 88' lang='lat' dir='ltr'><strong><em>te</em></strong></span> <span class='ocrx_word' id='word_1_543' title='bbox 2726 2606 2931 2663; x_wconf 85' lang='lat' dir='ltr'><strong><em>veritas</em></strong></span> <span class='ocrx_word' id='word_1_544' title='bbox 2962 2604 3079 2673; x_wconf 81' lang='lat' dir='ltr'><strong><em>ejus</em></strong></span> <span class='ocrx_word' id='word_1_545' title='bbox 3112 2618 3129 2658; x_wconf 86' lang='lat'><strong>:</strong></span> <span class='ocrx_word' id='word_1_546' title='bbox 3167 2617 3275 2657; x_wconf 85' lang='lat' dir='ltr'><strong><em>non</em></strong></span> <span class='ocrx_word' id='word_1_547' title='bbox 3311 2602 3534 2657; x_wconf 83' lang='lat' dir='ltr'><strong><em>timebis</em></strong></span> 
     </span>
    </p>
   </div>
   <div class='ocr_carea' id='block_1_85' title="bbox 1962 2700 2545 2754">
    <p class='ocr_par' dir='ltr' id='par_1_85' title="bbox 1962 2700 2545 2754">
     <span class='ocr_line' id='line_1_85' title="bbox 1962 2700 2545 2754; baseline 0.003 -4"><span class='ocrx_word' id='word_1_548' title='bbox 1962 2712 1991 2750; x_wconf 90' lang='lat' dir='ltr'><strong><em>a</em></strong></span> <span class='ocrx_word' id='word_1_549' title='bbox 2030 2700 2224 2752; x_wconf 88' lang='lat' dir='ltr'><strong><em>timore</em></strong></span> <span class='ocrx_word' id='word_1_550' title='bbox 2253 2708 2545 2754; x_wconf 86' lang='lat' dir='ltr'><strong><em>nocturno.</em></strong></span> 
     </span>
    </p>
   </div>
   <div class='ocr_carea' id='block_1_86' title="bbox 2035 2789 3534 2860">
    <p class='ocr_par' dir='ltr' id='par_1_86' title="bbox 2035 2789 3534 2860">
     <span class='ocr_line' id='line_1_86' title="bbox 2035 2789 3534 2860; baseline -0.001 -17"><span class='ocrx_word' id='word_1_551' title='bbox 2035 2790 2079 2843; x_wconf 79' lang='grc' dir='ltr'><strong>Α</strong></span> <span class='ocrx_word' id='word_1_552' title='bbox 2115 2789 2316 2859; x_wconf 77' lang='lat' dir='ltr'><strong><em>sagitta</em></strong></span> <span class='ocrx_word' id='word_1_553' title='bbox 2369 2790 2594 2845; x_wconf 84' lang='lat' dir='ltr'><strong><em>volante</em></strong></span> <span class='ocrx_word' id='word_1_554' title='bbox 2645 2805 2744 2860; x_wconf 87' lang='lat' dir='ltr'><strong><em>per</em></strong></span> <span class='ocrx_word' id='word_1_555' title='bbox 2774 2790 2942 2856; x_wconf 82' lang='lat' dir='ltr'><strong><em>diem,</em></strong></span> <span class='ocrx_word' id='word_1_556' title='bbox 2986 2804 3018 2843; x_wconf 85' lang='lat' dir='ltr'><strong><em>a</em></strong></span> <span class='ocrx_word' id='word_1_557' title='bbox 3068 2790 3287 2859; x_wconf 89' lang='lat' dir='ltr'><strong><em>negotio</em></strong></span> <span class='ocrx_word' id='word_1_558' title='bbox 3318 2802 3534 2857; x_wconf 57' lang='lat' dir='ltr'><strong><em>peram.</em></strong></span> 
     </span>
    </p>
   </div>
   <div class='ocr_carea' id='block_1_87' title="bbox 1962 2879 3530 2947">
    <p class='ocr_par' dir='ltr' id='par_1_87' title="bbox 1962 2879 3530 2947">
     <span class='ocr_line' id='line_1_87' title="bbox 1962 2879 3530 2947; baseline -0.003 -11"><span class='ocrx_word' id='word_1_559' title='bbox 1962 2882 2185 2936; x_wconf 88' lang='lat' dir='ltr'><strong><em>bulantc</em></strong></span> <span class='ocrx_word' id='word_1_560' title='bbox 2214 2882 2268 2936; x_wconf 89' lang='lat' dir='ltr'><strong><em>in</em></strong></span> <span class='ocrx_word' id='word_1_561' title='bbox 2341 2881 2605 2947; x_wconf 87' lang='lat' dir='ltr'><strong><em>tenebris,</em></strong></span> <span class='ocrx_word' id='word_1_562' title='bbox 2661 2897 2690 2934; x_wconf 89' lang='lat' dir='ltr'><strong><em>a</em></strong></span> <span class='ocrx_word' id='word_1_563' title='bbox 2759 2880 2915 2937; x_wconf 89' lang='lat' dir='ltr'><strong><em>ruina</em></strong></span> <span class='ocrx_word' id='word_1_564' title='bbox 2938 2888 2994 2935; x_wconf 90' lang='lat' dir='ltr'><strong><em>et</em></strong></span> <span class='ocrx_word' id='word_1_565' title='bbox 3035 2879 3303 2936; x_wconf 73' lang='lat' dir='ltr'><strong><em>daemonio</em></strong></span> <span class='ocrx_word' id='word_1_566' title='bbox 3361 2879 3530 2935; x_wconf 79' lang='lat' dir='ltr'><strong><em>meri-</em></strong></span> 
     </span>
    </p>
   </div>
   <div class='ocr_carea' id='block_1_88' title="bbox 1966 2974 2154 3030">
    <p class='ocr_par' dir='ltr' id='par_1_88' title="bbox 1966 2974 2154 3030">
     <span class='ocr_line' id='line_1_88' title="bbox 1966 2974 2154 3030; baseline 0.021 -4"><span class='ocrx_word' id='word_1_567' title='bbox 1966 2974 2154 3030; x_wconf 86' lang='lat' dir='ltr'><strong><em>diann.</em></strong></span> 
     </span>
    </p>
   </div>
   <div class='ocr_carea' id='block_1_89' title="bbox 2028 3059 3530 3128">
    <p class='ocr_par' dir='ltr' id='par_1_89' title="bbox 2028 3059 3530 3128">
     <span class='ocr_line' id='line_1_89' title="bbox 2028 3059 3530 3128; baseline -0.007 -7"><span class='ocrx_word' id='word_1_568' title='bbox 2028 3065 2290 3123; x_wconf 86' lang='lat' dir='ltr'><strong><em>Cadenta</em></strong></span> <span class='ocrx_word' id='word_1_569' title='bbox 2331 3066 2503 3122; x_wconf 87' lang='lat' dir='ltr'><strong><em>latere</em></strong></span> <span class='ocrx_word' id='word_1_570' title='bbox 2562 3074 2655 3118; x_wconf 89' lang='lat' dir='ltr'><strong><em>tuo</em></strong></span> <span class='ocrx_word' id='word_1_571' title='bbox 2709 3062 2900 3128; x_wconf 88' lang='lat' dir='ltr'><strong><em>mille,</em></strong></span> <span class='ocrx_word' id='word_1_572' title='bbox 2952 3069 3010 3118; x_wconf 88' lang='lat' dir='ltr'><strong><em>et</em></strong></span> <span class='ocrx_word' id='word_1_573' title='bbox 3061 3061 3250 3117; x_wconf 79' lang='lat' dir='ltr'><strong><em>decem</em></strong></span> <span class='ocrx_word' id='word_1_574' title='bbox 3309 3059 3530 3114; x_wconf 84' lang='lat' dir='ltr'><strong><em>milliaa</em></strong></span> 
     </span>
    </p>
   </div>
   <div class='ocr_carea' id='block_1_90' title="bbox 1961 3150 3538 3225">
    <p class='ocr_par' dir='ltr' id='par_1_90' title="bbox 1961 3150 3538 3225">
     <span class='ocr_line' id='line_1_90' title="bbox 1961 3150 3538 3225; baseline -0.006 -11"><span class='ocrx_word' id='word_1_575' title='bbox 1961 3160 2169 3214; x_wconf 82' lang='lat' dir='ltr'><strong><em>dextris</em></strong></span> <span class='ocrx_word' id='word_1_576' title='bbox 2198 3158 2306 3213; x_wconf 88' lang='lat' dir='ltr'><strong><em>tuis</em></strong></span> <span class='ocrx_word' id='word_1_577' title='bbox 2339 3172 2354 3211; x_wconf 91' lang='lat'><strong>:</strong></span> <span class='ocrx_word' id='word_1_578' title='bbox 2386 3158 2483 3212; x_wconf 90' lang='lat' dir='ltr'><strong><em>tibi</em></strong></span> <span class='ocrx_word' id='word_1_579' title='bbox 2508 3166 2690 3211; x_wconf 87' lang='lat' dir='ltr'><strong><em>autem</em></strong></span> <span class='ocrx_word' id='word_1_580' title='bbox 2738 3169 2849 3210; x_wconf 90' lang='lat' dir='ltr'><strong><em>non</em></strong></span> <span class='ocrx_word' id='word_1_581' title='bbox 2884 3152 3349 3225; x_wconf 86' lang='lat' dir='ltr'><strong><em>appropinquabit</em></strong></span> <span class='ocrx_word' id='word_1_582' title='bbox 3407 3150 3538 3223; x_wconf 75' lang='lat' dir='ltr'><strong><em>(ms.</em></strong></span> 
     </span>
    </p>
   </div>
   <div class='ocr_carea' id='block_1_91' title="bbox 1962 3248 2525 3323">
    <p class='ocr_par' dir='ltr' id='par_1_91' title="bbox 1962 3248 2525 3323">
     <span class='ocr_line' id='line_1_91' title="bbox 1962 3248 2525 3323; baseline -0.007 -18"><span class='ocrx_word' id='word_1_583' title='bbox 1962 3248 2525 3323; x_wconf 76' lang='lat' dir='ltr'><strong><em>appropinquabant].</em></strong></span> 
     </span>
    </p>
   </div>
   <div class='ocr_carea' id='block_1_92' title="bbox 2039 3340 3533 3399">
    <p class='ocr_par' dir='ltr' id='par_1_92' title="bbox 2039 3340 3533 3399">
     <span class='ocr_line' id='line_1_92' title="bbox 2039 3340 3533 3399; baseline 0.002 -7"><span class='ocrx_word' id='word_1_584' title='bbox 2039 3341 2420 3397; x_wconf 74' lang='lat' dir='ltr'><strong><em>Verumtamen</em></strong></span> <span class='ocrx_word' id='word_1_585' title='bbox 2447 3341 2624 3397; x_wconf 87' lang='lat' dir='ltr'><strong><em>oculis</em></strong></span> <span class='ocrx_word' id='word_1_586' title='bbox 2672 3341 2785 3396; x_wconf 86' lang='lat' dir='ltr'><strong><em>tuis</em></strong></span> <span class='ocrx_word' id='word_1_587' title='bbox 2815 3340 3227 3397; x_wconf 77' lang='lat' dir='ltr'><strong><em>considerabis:</em></strong></span> <span class='ocrx_word' id='word_1_588' title='bbox 3259 3352 3316 3399; x_wconf 88' lang='lat' dir='ltr'><strong><em>et</em></strong></span> <span class='ocrx_word' id='word_1_589' title='bbox 3373 3344 3533 3399; x_wconf 89' lang='lat' dir='ltr'><strong><em>retri-</em></strong></span> 
     </span>
    </p>
   </div>
   <div class='ocr_carea' id='block_1_93' title="bbox 1963 3434 2900 3505">
    <p class='ocr_par' dir='ltr' id='par_1_93' title="bbox 1963 3434 2900 3505">
     <span class='ocr_line' id='line_1_93' title="bbox 1963 3434 2900 3505; baseline -0.003 -11"><span class='ocrx_word' id='word_1_590' title='bbox 1963 3438 2245 3494; x_wconf 83' lang='lat' dir='ltr'><strong><em>butionem</em></strong></span> <span class='ocrx_word' id='word_1_591' title='bbox 2275 3445 2627 3505; x_wconf 87' lang='lat' dir='ltr'><strong><em>peccatorum</em></strong></span> <span class='ocrx_word' id='word_1_592' title='bbox 2663 3434 2900 3491; x_wconf 83' lang='lat' dir='ltr'><strong><em>videbis.</em></strong></span> 
     </span>
    </p>
   </div>
   <div class='ocr_carea' id='block_1_94' title="bbox 2033 3530 3530 3600">
    <p class='ocr_par' dir='ltr' id='par_1_94' title="bbox 2033 3530 3530 3600">
     <span class='ocr_line' id='line_1_94' title="bbox 2033 3530 3530 3600; baseline 0.003 -19"><span class='ocrx_word' id='word_1_593' title='bbox 2033 3530 2302 3596; x_wconf 83' lang='lat' dir='ltr'><strong><em>Quoniam</em></strong></span> <span class='ocrx_word' id='word_1_594' title='bbox 2335 3538 2391 3583; x_wconf 87' lang='lat' dir='ltr'><strong><em>ttt</em></strong></span> <span class='ocrx_word' id='word_1_595' title='bbox 2415 3545 2497 3595; x_wconf 89' lang='lat' dir='ltr'><strong><em>es,</em></strong></span> <span class='ocrx_word' id='word_1_596' title='bbox 2538 3531 2788 3594; x_wconf 89' lang='lat' dir='ltr'><strong><em>Domine,</em></strong></span> <span class='ocrx_word' id='word_1_597' title='bbox 2815 3545 2942 3600; x_wconf 84' lang='lat' dir='ltr'><strong><em>spes</em></strong></span> <span class='ocrx_word' id='word_1_598' title='bbox 2994 3546 3111 3586; x_wconf 85' lang='lat' dir='ltr'><strong><em>mea</em></strong></span> <span class='ocrx_word' id='word_1_599' title='bbox 3144 3550 3158 3587; x_wconf 86' lang='lat'><strong>:</strong></span> <span class='ocrx_word' id='word_1_600' title='bbox 3189 3532 3530 3588; x_wconf 81' lang='lat' dir='ltr'><strong><em>Altissimqu</em></strong></span> 
     </span>
    </p>
   </div>
   <div class='ocr_carea' id='block_1_95' title="bbox 1964 3619 2700 3690">
    <p class='ocr_par' dir='ltr' id='par_1_95' title="bbox 1964 3619 2700 3690">
     <span class='ocr_line' id='line_1_95' title="bbox 1964 3619 2700 3690; baseline -0.004 -14"><span class='ocrx_word' id='word_1_601' title='bbox 1964 3620 2193 3690; x_wconf 86' lang='lat' dir='ltr'><strong><em>posuisti</em></strong></span> <span class='ocrx_word' id='word_1_602' title='bbox 2224 3619 2498 3689; x_wconf 77' lang='lat' dir='ltr'><strong><em>refugium</em></strong></span> <span class='ocrx_word' id='word_1_603' title='bbox 2526 3630 2700 3674; x_wconf 87' lang='lat' dir='ltr'><strong><em>tuum.</em></strong></span> 
     </span>
    </p>
   </div>
   <div class='ocr_carea' id='block_1_96' title="bbox 2035 3710 3533 3785">
    <p class='ocr_par' dir='ltr' id='par_1_96' title="bbox 2035 3710 3533 3785">
     <span class='ocr_line' id='line_1_96' title="bbox 2035 3710 3533 3785; baseline 0.002 -19"><span class='ocrx_word' id='word_1_604' title='bbox 2035 3712 2150 3767; x_wconf 76' lang='lat' dir='ltr'><strong><em>Non</em></strong></span> <span class='ocrx_word' id='word_1_605' title='bbox 2172 3711 2436 3766; x_wconf 82' lang='lat' dir='ltr'><strong><em>accedent</em></strong></span> <span class='ocrx_word' id='word_1_606' title='bbox 2464 3710 2531 3763; x_wconf 87' lang='lat' dir='ltr'><strong><em>ad</em></strong></span> <span class='ocrx_word' id='word_1_607' title='bbox 2566 3719 2618 3765; x_wconf 90' lang='lat' dir='ltr'><strong><em>te</em></strong></span> <span class='ocrx_word' id='word_1_608' title='bbox 2650 3710 2789 3765; x_wconf 88' lang='lat' dir='ltr'><strong><em>mala</em></strong></span> <span class='ocrx_word' id='word_1_609' title='bbox 2816 3728 2830 3766; x_wconf 94' lang='lat'>:</span> <span class='ocrx_word' id='word_1_610' title='bbox 2868 3722 2923 3767; x_wconf 91' lang='lat' dir='ltr'><strong><em>et</em></strong></span> <span class='ocrx_word' id='word_1_611' title='bbox 2967 3711 3240 3783; x_wconf 83' lang='lat' dir='ltr'><strong><em>ﬂagellum</em></strong></span> <span class='ocrx_word' id='word_1_612' title='bbox 3273 3730 3382 3768; x_wconf 89' lang='lat' dir='ltr'><strong><em>non</em></strong></span> <span class='ocrx_word' id='word_1_613' title='bbox 3431 3729 3533 3785; x_wconf 86' lang='lat' dir='ltr'><strong><em>ap-</em></strong></span> 
     </span>
    </p>
   </div>
   <div class='ocr_carea' id='block_1_97' title="bbox 1965 3796 3527 3873">
    <p class='ocr_par' dir='ltr' id='par_1_97' title="bbox 1965 3796 3527 3873">
     <span class='ocr_line' id='line_1_97' title="bbox 1965 3796 3527 3873; baseline 0.001 -18"><span class='ocrx_word' id='word_1_614' title='bbox 1965 3799 2354 3873; x_wconf 85' lang='lat' dir='ltr'><strong><em>propinquabit</em></strong></span> <span class='ocrx_word' id='word_1_615' title='bbox 2409 3796 2561 3870; x_wconf 75' lang='lat' dir='ltr'><strong><em>(ms.</em></strong></span> <span class='ocrx_word' id='word_1_616' title='bbox 2619 3800 3121 3872; x_wconf 87' lang='lat' dir='ltr'><strong><em>appropinquavit]</em></strong></span> <span class='ocrx_word' id='word_1_617' title='bbox 3172 3802 3527 3858; x_wconf 86' lang='lat' dir='ltr'><strong><em>tabernaculo</em></strong></span> 
     </span>
    </p>
   </div>
   <div class='ocr_carea' id='block_1_98' title="bbox 1967 3907 2084 3950">
    <p class='ocr_par' dir='ltr' id='par_1_98' title="bbox 1967 3907 2084 3950">
     <span class='ocr_line' id='line_1_98' title="bbox 1967 3907 2084 3950; baseline -0.026 0"><span class='ocrx_word' id='word_1_618' title='bbox 1967 3907 2084 3950; x_wconf 89' lang='lat' dir='ltr'><strong><em>tuo.</em></strong></span> 
     </span>
    </p>
   </div>
   <div class='ocr_carea' id='block_1_99' title="bbox 2023 3985 3532 4059">
    <p class='ocr_par' dir='ltr' id='par_1_99' title="bbox 2023 3985 3532 4059">
     <span class='ocr_line' id='line_1_99' title="bbox 2023 3985 3532 4059; baseline 0 -16"><span class='ocrx_word' id='word_1_619' title='bbox 2023 3988 2290 4055; x_wconf 82' lang='lat' dir='ltr'><strong><em>Quoniam</em></strong></span> <span class='ocrx_word' id='word_1_620' title='bbox 2319 3987 2526 4056; x_wconf 87' lang='lat' dir='ltr'><strong><em>angelis</em></strong></span> <span class='ocrx_word' id='word_1_621' title='bbox 2563 3985 2678 4041; x_wconf 91' lang='lat' dir='ltr'><strong><em>suis</em></strong></span> <span class='ocrx_word' id='word_1_622' title='bbox 2711 3985 2988 4040; x_wconf 81' lang='lat' dir='ltr'><strong><em>mandavit</em></strong></span> <span class='ocrx_word' id='word_1_623' title='bbox 3043 3991 3164 4058; x_wconf 59' lang='lat' dir='ltr'><strong><em>ints.</em></strong></span> <span class='ocrx_word' id='word_1_624' title='bbox 3224 3987 3532 4059; x_wconf 81' lang='lat' dir='ltr'><strong><em>mandabit]</em></strong></span> 
     </span>
    </p>
   </div>
   <div class='ocr_carea' id='block_1_100' title="bbox 1967 4076 3350 4137">
    <p class='ocr_par' dir='ltr' id='par_1_100' title="bbox 1967 4076 3350 4137">
     <span class='ocr_line' id='line_1_100' title="bbox 1967 4076 3350 4137; baseline -0.001 -2"><span class='ocrx_word' id='word_1_625' title='bbox 1967 4082 2034 4137; x_wconf 87' lang='lat' dir='ltr'><strong><em>de</em></strong></span> <span class='ocrx_word' id='word_1_626' title='bbox 2068 4089 2119 4135; x_wconf 92' lang='lat' dir='ltr'><strong><em>te</em></strong></span> <span class='ocrx_word' id='word_1_627' title='bbox 2152 4096 2167 4132; x_wconf 88' lang='lat'><strong>:</strong></span> <span class='ocrx_word' id='word_1_628' title='bbox 2211 4088 2272 4133; x_wconf 89' lang='lat' dir='ltr'><strong><em>ut</em></strong></span> <span class='ocrx_word' id='word_1_629' title='bbox 2302 4078 2617 4132; x_wconf 88' lang='lat' dir='ltr'><strong><em>custodiant</em></strong></span> <span class='ocrx_word' id='word_1_630' title='bbox 2644 4076 2772 4132; x_wconf 85' lang='lat' dir='ltr'><strong><em>tein</em></strong></span> <span class='ocrx_word' id='word_1_631' title='bbox 2806 4077 3064 4133; x_wconf 87' lang='lat' dir='ltr'><strong><em>omnibus</em></strong></span> <span class='ocrx_word' id='word_1_632' title='bbox 3088 4078 3193 4135; x_wconf 86' lang='lat' dir='ltr'><strong><em>viis</em></strong></span> <span class='ocrx_word' id='word_1_633' title='bbox 3222 4083 3350 4135; x_wconf 89' lang='lat' dir='ltr'><strong><em>tuis.</em></strong></span> 
     </span>
    </p>
   </div>
   <div class='ocr_carea' id='block_1_101' title="bbox 2039 4168 3534 4241">
    <p class='ocr_par' dir='ltr' id='par_1_101' title="bbox 2039 4168 3534 4241">
     <span class='ocr_line' id='line_1_101' title="bbox 2039 4168 3534 4241; baseline -0.001 -13"><span class='ocrx_word' id='word_1_634' title='bbox 2039 4174 2099 4229; x_wconf 89' lang='lat' dir='ltr'><strong><em>In</em></strong></span> <span class='ocrx_word' id='word_1_635' title='bbox 2134 4170 2389 4226; x_wconf 87' lang='lat' dir='ltr'><strong><em>manibus</em></strong></span> <span class='ocrx_word' id='word_1_636' title='bbox 2419 4169 2719 4239; x_wconf 84' lang='lat' dir='ltr'><strong><em>portabunt</em></strong></span> <span class='ocrx_word' id='word_1_637' title='bbox 2739 4168 2762 4201; x_wconf 79' lang='lat'><strong>&quot;</strong></span> <span class='ocrx_word' id='word_1_638' title='bbox 2787 4178 2840 4226; x_wconf 89' lang='lat' dir='ltr'><strong><em>te</em></strong></span> <span class='ocrx_word' id='word_1_639' title='bbox 2865 4186 2882 4225; x_wconf 87' lang='lat'><strong>:</strong></span> <span class='ocrx_word' id='word_1_640' title='bbox 2910 4186 2980 4226; x_wconf 88' lang='lat' dir='ltr'><strong><em>ne</em></strong></span> <span class='ocrx_word' id='word_1_641' title='bbox 3015 4186 3255 4241; x_wconf 88' lang='lat' dir='ltr'><strong><em>unquam</em></strong></span> <span class='ocrx_word' id='word_1_642' title='bbox 3285 4171 3534 4227; x_wconf 72' lang='lat' dir='ltr'><strong><em>odendas</em></strong></span> 
     </span>
    </p>
   </div>
   <div class='ocr_carea' id='block_1_102' title="bbox 1968 4261 2733 4334">
    <p class='ocr_par' dir='ltr' id='par_1_102' title="bbox 1968 4261 2733 4334">
     <span class='ocr_line' id='line_1_102' title="bbox 1968 4261 2733 4334; baseline -0.005 -16"><span class='ocrx_word' id='word_1_643' title='bbox 1968 4264 2030 4318; x_wconf 82' lang='lat' dir='ltr'><strong><em>ad</em></strong></span> <span class='ocrx_word' id='word_1_644' title='bbox 2063 4264 2300 4334; x_wconf 87' lang='lat' dir='ltr'><strong><em>lapidem</em></strong></span> <span class='ocrx_word' id='word_1_645' title='bbox 2330 4261 2526 4333; x_wconf 89' lang='lat' dir='ltr'><strong><em>pedem</em></strong></span> <span class='ocrx_word' id='word_1_646' title='bbox 2556 4271 2733 4317; x_wconf 90' lang='lat' dir='ltr'><strong><em>tuum.</em></strong></span> 
     </span>
    </p>
   </div>
   <div class='ocr_carea' id='block_1_103' title="bbox 1969 4413 3536 4486">
    <p class='ocr_par' dir='ltr' id='par_1_103' title="bbox 1969 4413 3536 4486">
     <span class='ocr_line' id='line_1_103' title="bbox 1969 4413 3536 4486; baseline 0.003 -20"><span class='ocrx_word' id='word_1_647' title='bbox 1969 4413 2092 4486; x_wconf 79' lang='lat' dir='ltr'><strong><em>aliis</em></strong></span> <span class='ocrx_word' id='word_1_648' title='bbox 2121 4414 2518 4486; x_wconf 84' lang='lat' dir='ltr'><strong><em>interpretibus</em></strong></span> <span class='ocrx_word' id='word_1_649' title='bbox 2556 4414 2762 4486; x_wconf 67' lang='lat' dir='ltr'><strong><em>Grtecis</em></strong></span> <span class='ocrx_word' id='word_1_650' title='bbox 2810 4416 3179 4484; x_wconf 85' lang='lat' dir='ltr'><strong><em>reperiuntur,</em></strong></span> <span class='ocrx_word' id='word_1_651' title='bbox 3205 4417 3260 4470; x_wconf 87' lang='lat' dir='ltr'><strong><em>iu</em></strong></span> <span class='ocrx_word' id='word_1_652' title='bbox 3305 4416 3536 4486; x_wconf 78' lang='lat' dir='ltr'><strong><em>Septua-</em></strong></span> 
     </span>
    </p>
   </div>
   <div class='ocr_carea' id='block_1_104' title="bbox 1968 4483 3535 4553">
    <p class='ocr_par' dir='ltr' id='par_1_104' title="bbox 1968 4483 3535 4553">
     <span class='ocr_line' id='line_1_104' title="bbox 1968 4483 3535 4553; baseline 0.003 -17"><span class='ocrx_word' id='word_1_653' title='bbox 1968 4484 2116 4553; x_wconf 81' lang='lat' dir='ltr'><strong><em>ginta</em></strong></span> <span class='ocrx_word' id='word_1_654' title='bbox 2144 4497 2271 4537; x_wconf 87' lang='lat' dir='ltr'><strong><em>vero</em></strong></span> <span class='ocrx_word' id='word_1_655' title='bbox 2298 4483 2751 4553; x_wconf 81' lang='lat' dir='ltr'><strong><em>interpretatione</em></strong></span> <span class='ocrx_word' id='word_1_656' title='bbox 2786 4483 2893 4538; x_wconf 82' lang='lat' dir='ltr'><strong><em>non</em></strong></span> <span class='ocrx_word' id='word_1_657' title='bbox 2948 4495 3096 4539; x_wconf 90' lang='lat' dir='ltr'><strong><em>sunt.</em></strong></span> <span class='ocrx_word' id='word_1_658' title='bbox 3136 4504 3154 4536; x_wconf 75' lang='grc' dir='ltr'><strong><em>ι</em></strong></span> <span class='ocrx_word' id='word_1_659' title='bbox 3218 4483 3431 4541; x_wconf 70' lang='grc' dir='ltr'><strong><em>νίιιθεῖδ</em></strong></span> <span class='ocrx_word' id='word_1_660' title='bbox 3479 4496 3535 4540; x_wconf 91' lang='lat' dir='ltr'><strong><em>et</em></strong></span> 
     </span>
    </p>
   </div>
   <div class='ocr_carea' id='block_1_105' title="bbox 1969 4552 3534 4623">
    <p class='ocr_par' dir='ltr' id='par_1_105' title="bbox 1969 4552 3534 4623">
     <span class='ocr_line' id='line_1_105' title="bbox 1969 4552 3534 4623; baseline 0.004 -18"><span class='ocrx_word' id='word_1_661' title='bbox 1969 4552 2090 4615; x_wconf 64' lang='lat' dir='ltr'><strong><em>una:</em></strong></span> <span class='ocrx_word' id='word_1_662' title='bbox 2118 4567 2219 4623; x_wconf 86' lang='lat' dir='ltr'><strong><em>nos</em></strong></span> <span class='ocrx_word' id='word_1_663' title='bbox 2250 4554 2318 4607; x_wconf 85' lang='lat' dir='ltr'><strong><em>ad</em></strong></span> <span class='ocrx_word' id='word_1_664' title='bbox 2351 4552 2509 4607; x_wconf 82' lang='lat' dir='ltr'><strong><em>linem</em></strong></span> <span class='ocrx_word' id='word_1_665' title='bbox 2546 4552 2982 4623; x_wconf 74' lang='lat' dir='ltr'><strong><em>llicronymiana:</em></strong></span> <span class='ocrx_word' id='word_1_666' title='bbox 3002 4556 3319 4623; x_wconf 68' lang='lat' dir='ltr'><strong><em>epistolazin</em></strong></span> <span class='ocrx_word' id='word_1_667' title='bbox 3347 4565 3534 4611; x_wconf 84' lang='lat' dir='ltr'><strong><em>nostra</em></strong></span> 
     </span>
    </p>
   </div>
   <div class='ocr_carea' id='block_1_106' title="bbox 1971 4620 3274 4690">
    <p class='ocr_par' dir='ltr' id='par_1_106' title="bbox 1971 4620 3274 4690">
     <span class='ocr_line' id='line_1_106' title="bbox 1971 4620 3274 4690; baseline 0.005 -17"><span class='ocrx_word' id='word_1_668' title='bbox 1971 4622 2295 4675; x_wconf 89' lang='lat' dir='ltr'><strong><em>recensione</em></strong></span> <span class='ocrx_word' id='word_1_669' title='bbox 2338 4623 2439 4676; x_wconf 79' lang='lat' dir='ltr'><strong><em>HO</em></strong></span> <span class='ocrx_word' id='word_1_670' title='bbox 2470 4624 2535 4677; x_wconf 90' lang='lat' dir='ltr'><strong><em>ad</em></strong></span> <span class='ocrx_word' id='word_1_671' title='bbox 2562 4620 2895 4690; x_wconf 77' lang='lat' dir='ltr'><strong><em>Cyprianum</em></strong></span> <span class='ocrx_word' id='word_1_672' title='bbox 2924 4620 3274 4679; x_wconf 78' lang='lat' dir='ltr'><strong><em>annotamus.</em></strong></span> 
     </span>
    </p>
   </div>
   <div class='ocr_carea' id='block_1_107' title="bbox 2041 4690 3285 4749">
    <p class='ocr_par' dir='ltr' id='par_1_107' title="bbox 2041 4690 3285 4749">
     <span class='ocr_line' id='line_1_107' title="bbox 2041 4690 3285 4749; baseline 0.004 -6"><span class='ocrx_word' id='word_1_673' title='bbox 2041 4696 2061 4721; x_wconf 77' lang='grc'>⁸</span> <span class='ocrx_word' id='word_1_674' title='bbox 2092 4690 2321 4747; x_wconf 78' lang='lat' dir='ltr'><strong><em>Rectius</em></strong></span> <span class='ocrx_word' id='word_1_675' title='bbox 2353 4693 2409 4745; x_wconf 90' lang='lat' dir='ltr'><strong><em>in</em></strong></span> <span class='ocrx_word' id='word_1_676' title='bbox 2439 4691 2686 4746; x_wconf 86' lang='lat' dir='ltr'><strong><em>Palatino</em></strong></span> <span class='ocrx_word' id='word_1_677' title='bbox 2713 4704 2797 4746; x_wconf 80' lang='lat' dir='ltr'><strong><em>est</em></strong></span> <span class='ocrx_word' id='word_1_678' title='bbox 2822 4707 2924 4746; x_wconf 91' lang='lat' dir='ltr'><strong><em>ms.</em></strong></span> <span class='ocrx_word' id='word_1_679' title='bbox 2978 4693 3217 4747; x_wconf 85' lang='lat' dir='ltr'><strong><em>liberabit</em></strong></span> <span class='ocrx_word' id='word_1_680' title='bbox 3266 4711 3285 4749; x_wconf 90' lang='lat'><strong><em>:</em></strong></span> 
     </span>
    </p>
   </div>
   <div class='ocr_carea' id='block_1_108' title="bbox 1968 4760 3276 4834">
    <p class='ocr_par' dir='ltr' id='par_1_108' title="bbox 1968 4760 3276 4834">
     <span class='ocr_line' id='line_1_108' title="bbox 1968 4760 3276 4834; baseline 0.004 -20"><span class='ocrx_word' id='word_1_681' title='bbox 1968 4771 2190 4834; x_wconf 17' lang='lat' dir='ltr'><strong><em>veroiet‘</em></strong></span> <span class='ocrx_word' id='word_1_682' title='bbox 2215 4770 2283 4834; x_wconf 80' lang='lat' dir='ltr'><strong><em>te,</em></strong></span> <span class='ocrx_word' id='word_1_683' title='bbox 2317 4777 2553 4834; x_wconf 74' lang='lat' dir='ltr'><strong><em>prome,</em></strong></span> <span class='ocrx_word' id='word_1_684' title='bbox 2574 4760 3122 4834; x_wconf 81' lang='lat' dir='ltr'><strong><em>quodsubsequitur,</em></strong></span> <span class='ocrx_word' id='word_1_685' title='bbox 3149 4764 3276 4834; x_wconf 82' lang='lat' dir='ltr'><strong><em>legi.</em></strong></span> 
     </span>
    </p>
   </div>
   <div class='ocr_carea' id='block_1_109' title="bbox 2042 4831 3189 4901">
    <p class='ocr_par' dir='ltr' id='par_1_109' title="bbox 2042 4831 3189 4901">
     <span class='ocr_line' id='line_1_109' title="bbox 2042 4831 3189 4901; baseline 0.002 -14"><span class='ocrx_word' id='word_1_686' title='bbox 2042 4835 2061 4864; x_wconf 86' lang='lat'>&#39;</span> <span class='ocrx_word' id='word_1_687' title='bbox 2098 4831 2561 4901; x_wconf 68' lang='lat' dir='ltr'><strong><em>Subjungitidem</em></strong></span> <span class='ocrx_word' id='word_1_688' title='bbox 2588 4845 2689 4883; x_wconf 90' lang='lat' dir='ltr'><strong><em>ms.</em></strong></span> <span class='ocrx_word' id='word_1_689' title='bbox 2722 4832 2811 4885; x_wconf 81' lang='lat' dir='ltr'><strong><em>hic</em></strong></span> <span class='ocrx_word' id='word_1_690' title='bbox 2858 4833 3189 4901; x_wconf 84' lang='lat' dir='ltr'><strong><em>Diapsatma.</em></strong></span> 
     </span>
    </p>
   </div>
   <div class='ocr_carea' id='block_1_110' title="bbox 2042 4898 3537 4972">
    <p class='ocr_par' dir='ltr' id='par_1_110' title="bbox 2042 4898 3537 4972">
     <span class='ocr_line' id='line_1_110' title="bbox 2042 4898 3537 4972; baseline 0.001 -19"><span class='ocrx_word' id='word_1_691' title='bbox 2042 4901 2063 4930; x_wconf 78' lang='grc'><strong><em>⁵</em></strong></span> <span class='ocrx_word' id='word_1_692' title='bbox 2095 4898 2272 4970; x_wconf 81' lang='lat' dir='ltr'><strong><em>Atque</em></strong></span> <span class='ocrx_word' id='word_1_693' title='bbox 2308 4898 2397 4955; x_wconf 69' lang='lat' dir='ltr'><strong><em>liic</em></strong></span> <span class='ocrx_word' id='word_1_694' title='bbox 2428 4898 2710 4972; x_wconf 80' lang='lat' dir='ltr'><strong><em>Veronens</em></strong></span> <span class='ocrx_word' id='word_1_695' title='bbox 2760 4916 2861 4955; x_wconf 80' lang='lat' dir='ltr'><strong><em>ius.</em></strong></span> <span class='ocrx_word' id='word_1_696' title='bbox 2904 4898 2996 4972; x_wconf 84' lang='lat' dir='ltr'><strong><em>Sic</em></strong></span> <span class='ocrx_word' id='word_1_697' title='bbox 3053 4913 3231 4957; x_wconf 87' lang='lat' dir='ltr'><strong><em>notam</em></strong></span> <span class='ocrx_word' id='word_1_698' title='bbox 3274 4904 3359 4972; x_wconf 78' lang='lat' dir='ltr'><strong><em>fac</em></strong></span> <span class='ocrx_word' id='word_1_699' title='bbox 3391 4906 3537 4963; x_wconf 73' lang='lat' dir='ltr'><strong><em>milii,</em></strong></span> 
     </span>
    </p>
   </div>
   <div class='ocr_carea' id='block_1_111' title="bbox 1970 4970 3539 5036">
    <p class='ocr_par' dir='ltr' id='par_1_111' title="bbox 1970 4970 3539 5036">
     <span class='ocr_line' id='line_1_111' title="bbox 1970 4970 3539 5036; baseline 0.001 -12"><span class='ocrx_word' id='word_1_700' title='bbox 1970 4980 2077 5025; x_wconf 85' lang='lat' dir='ltr'><strong><em>etc.</em></strong></span> <span class='ocrx_word' id='word_1_701' title='bbox 2123 4986 2247 5024; x_wconf 90' lang='lat' dir='ltr'><strong><em>cum</em></strong></span> <span class='ocrx_word' id='word_1_702' title='bbox 2283 4970 2627 5036; x_wconf 83' lang='lat' dir='ltr'><strong><em>Augustino,</em></strong></span> <span class='ocrx_word' id='word_1_703' title='bbox 2664 4984 2822 5036; x_wconf 86' lang='lat' dir='ltr'><strong><em>quem</em></strong></span> <span class='ocrx_word' id='word_1_704' title='bbox 2866 4971 3063 5025; x_wconf 80' lang='lat' dir='ltr'><strong><em>vidcsis</em></strong></span> <span class='ocrx_word' id='word_1_705' title='bbox 3100 4974 3152 5025; x_wconf 88' lang='lat' dir='ltr'><strong><em>in</em></strong></span> <span class='ocrx_word' id='word_1_706' title='bbox 3192 4970 3539 5027; x_wconf 80' lang='lat' dir='ltr'><strong><em>enarratione</em></strong></span> 
     </span>
    </p>
   </div>
   <div class='ocr_carea' id='block_1_112' title="bbox 1972 5038 3539 5112">
    <p class='ocr_par' dir='ltr' id='par_1_112' title="bbox 1972 5038 3539 5112">
     <span class='ocr_line' id='line_1_112' title="bbox 1972 5038 3539 5112; baseline 0 -18"><span class='ocrx_word' id='word_1_707' title='bbox 1972 5042 2139 5112; x_wconf 78' lang='lat' dir='ltr'><strong><em>hujus</em></strong></span> <span class='ocrx_word' id='word_1_708' title='bbox 2172 5040 2304 5112; x_wconf 82' lang='lat' dir='ltr'><strong><em>loci.</em></strong></span> <span class='ocrx_word' id='word_1_709' title='bbox 2357 5038 2831 5112; x_wconf 34' lang='lat' dir='ltr'><strong><em>Et‘subsequgnli</em></strong></span> <span class='ocrx_word' id='word_1_710' title='bbox 2884 5054 3070 5105; x_wconf 81' lang='lat' dir='ltr'><strong><em>versu,</em></strong></span> <span class='ocrx_word' id='word_1_711' title='bbox 3118 5058 3403 5112; x_wconf 88' lang='lat' dir='ltr'><strong><em>quousque,</em></strong></span> <span class='ocrx_word' id='word_1_712' title='bbox 3439 5057 3539 5110; x_wconf 88' lang='lat' dir='ltr'><strong><em>pro</em></strong></span> 
     </span>
    </p>
   </div>
   <div class='ocr_carea' id='block_1_113' title="bbox 1971 5105 3539 5177">
    <p class='ocr_par' dir='ltr' id='par_1_113' title="bbox 1971 5105 3539 5177">
     <span class='ocr_line' id='line_1_113' title="bbox 1971 5105 3539 5177; baseline 0 -14"><span class='ocrx_word' id='word_1_713' title='bbox 1971 5105 2389 5177; x_wconf 74' lang='lat' dir='ltr'><strong><em>aliquantulum.</em></strong></span> <span class='ocrx_word' id='word_1_714' title='bbox 2422 5106 2628 5177; x_wconf 82' lang='lat' dir='ltr'><strong><em>Deinde</em></strong></span> <span class='ocrx_word' id='word_1_715' title='bbox 2656 5123 2669 5158; x_wconf 92' lang='lat'><strong>:</strong></span> <span class='ocrx_word' id='word_1_716' title='bbox 2707 5105 2913 5165; x_wconf 77' lang='lat' dir='ltr'><strong><em>Satiati</em></strong></span> <span class='ocrx_word' id='word_1_717' title='bbox 2934 5125 3114 5164; x_wconf 84' lang='lat' dir='ltr'><strong><em>sumus</em></strong></span> <span class='ocrx_word' id='word_1_718' title='bbox 3131 5105 3306 5167; x_wconf 45' lang='lat' dir='ltr'><strong><em>&#39;mane&#39;</em></strong></span> <span class='ocrx_word' id='word_1_719' title='bbox 3334 5105 3539 5166; x_wconf 70' lang='lat' dir='ltr'><strong><em>miseri-</em></strong></span> 
     </span>
    </p>
   </div>
   <div class='ocr_carea' id='block_1_114' title="bbox 1971 5175 3539 5250">
    <p class='ocr_par' dir='ltr' id='par_1_114' title="bbox 1971 5175 3539 5250">
     <span class='ocr_line' id='line_1_114' title="bbox 1971 5175 3539 5250; baseline 0 -19"><span class='ocrx_word' id='word_1_720' title='bbox 1971 5175 2151 5250; x_wconf 84' lang='lat' dir='ltr'><strong><em>cordia</em></strong></span> <span class='ocrx_word' id='word_1_721' title='bbox 2186 5191 2299 5250; x_wconf 81' lang='lat' dir='ltr'><strong><em>tua.</em></strong></span> <span class='ocrx_word' id='word_1_722' title='bbox 2334 5186 2400 5250; x_wconf 86' lang='lat' dir='ltr'><strong><em>et</em></strong></span> <span class='ocrx_word' id='word_1_723' title='bbox 2449 5175 2851 5250; x_wconf 71' lang='lat' dir='ltr'><strong><em>exsultaviptns,</em></strong></span> <span class='ocrx_word' id='word_1_724' title='bbox 2884 5190 2933 5234; x_wconf 92' lang='lat' dir='ltr'><strong><em>et</em></strong></span> <span class='ocrx_word' id='word_1_725' title='bbox 2967 5180 3246 5250; x_wconf 85' lang='lat' dir='ltr'><strong><em>jocundati</em></strong></span> <span class='ocrx_word' id='word_1_726' title='bbox 3276 5183 3539 5242; x_wconf 53' lang='lat' dir='ltr'><strong><em>sumussin</em></strong></span> 
     </span>
    </p>
   </div>
   <div class='ocr_carea' id='block_1_115' title="bbox 1971 5247 3537 5316">
    <p class='ocr_par' dir='ltr' id='par_1_115' title="bbox 1971 5247 3537 5316">
     <span class='ocr_line' id='line_1_115' title="bbox 1971 5247 3537 5316; baseline -0.001 -16"><span class='ocrx_word' id='word_1_727' title='bbox 1971 5249 2209 5302; x_wconf 85' lang='lat' dir='ltr'><strong><em>omnibus</em></strong></span> <span class='ocrx_word' id='word_1_728' title='bbox 2239 5248 2417 5302; x_wconf 86' lang='lat' dir='ltr'><strong><em>diebus</em></strong></span> <span class='ocrx_word' id='word_1_729' title='bbox 2454 5248 2661 5301; x_wconf 82' lang='lat' dir='ltr'><strong><em>nostris.</em></strong></span> <span class='ocrx_word' id='word_1_730' title='bbox 2693 5247 2980 5304; x_wconf 85' lang='lat' dir='ltr'><strong><em>Jocundati</em></strong></span> <span class='ocrx_word' id='word_1_731' title='bbox 3005 5266 3208 5316; x_wconf 87' lang='lat' dir='ltr'><strong><em>sumus,</em></strong></span> <span class='ocrx_word' id='word_1_732' title='bbox 3235 5262 3345 5305; x_wconf 85' lang='lat' dir='ltr'><strong><em>etc.</em></strong></span> <span class='ocrx_word' id='word_1_733' title='bbox 3379 5251 3537 5311; x_wconf 87' lang='lat' dir='ltr'><strong><em>Tum,</em></strong></span> 
     </span>
    </p>
   </div>
   <div class='ocr_carea' id='block_1_116' title="bbox 1973 5318 3536 5388">
    <p class='ocr_par' dir='ltr' id='par_1_116' title="bbox 1973 5318 3536 5388">
     <span class='ocr_line' id='line_1_116' title="bbox 1973 5318 3536 5388; baseline -0.001 -17"><span class='ocrx_word' id='word_1_734' title='bbox 1973 5318 2040 5371; x_wconf 86' lang='lat' dir='ltr'><strong><em>Et</em></strong></span> <span class='ocrx_word' id='word_1_735' title='bbox 2077 5323 2254 5388; x_wconf 89' lang='lat' dir='ltr'><strong><em>aspice</em></strong></span> <span class='ocrx_word' id='word_1_736' title='bbox 2288 5335 2447 5387; x_wconf 85' lang='lat' dir='ltr'><strong><em>super</em></strong></span> <span class='ocrx_word' id='word_1_737' title='bbox 2477 5331 2650 5369; x_wconf 86' lang='lat' dir='ltr'><strong><em>servos</em></strong></span> <span class='ocrx_word' id='word_1_738' title='bbox 2687 5329 2803 5371; x_wconf 87' lang='lat' dir='ltr'><strong><em>tuos</em></strong></span> <span class='ocrx_word' id='word_1_739' title='bbox 2839 5322 2999 5386; x_wconf 83' lang='lat' dir='ltr'><strong><em>(Aug.</em></strong></span> <span class='ocrx_word' id='word_1_740' title='bbox 3036 5324 3230 5383; x_wconf 84' lang='lat' dir='ltr'><strong><em>respice</em></strong></span> <span class='ocrx_word' id='word_1_741' title='bbox 3257 5323 3312 5374; x_wconf 89' lang='lat' dir='ltr'><strong><em>in</em></strong></span> <span class='ocrx_word' id='word_1_742' title='bbox 3343 5334 3536 5383; x_wconf 86' lang='lat' dir='ltr'><strong><em>servos,</em></strong></span> 
     </span>
    </p>
   </div>
   <div class='ocr_carea' id='block_1_117' title="bbox 1971 5389 3057 5458">
    <p class='ocr_par' dir='ltr' id='par_1_117' title="bbox 1971 5389 3057 5458">
     <span class='ocr_line' id='line_1_117' title="bbox 1971 5389 3057 5458; baseline 0 -15"><span class='ocrx_word' id='word_1_743' title='bbox 1971 5393 2101 5455; x_wconf 80' lang='lat' dir='ltr'><strong><em>etc.)</em></strong></span> <span class='ocrx_word' id='word_1_744' title='bbox 2128 5398 2177 5442; x_wconf 89' lang='lat' dir='ltr'><strong><em>et</em></strong></span> <span class='ocrx_word' id='word_1_745' title='bbox 2199 5390 2254 5442; x_wconf 88' lang='lat' dir='ltr'><strong><em>in</em></strong></span> <span class='ocrx_word' id='word_1_746' title='bbox 2286 5406 2445 5458; x_wconf 88' lang='lat' dir='ltr'><strong><em>opera</em></strong></span> <span class='ocrx_word' id='word_1_747' title='bbox 2475 5398 2586 5448; x_wconf 88' lang='lat' dir='ltr'><strong><em>tua.</em></strong></span> <span class='ocrx_word' id='word_1_748' title='bbox 2617 5395 2665 5439; x_wconf 90' lang='lat' dir='ltr'><strong><em>et</em></strong></span> <span class='ocrx_word' id='word_1_749' title='bbox 2696 5389 2885 5456; x_wconf 87' lang='lat' dir='ltr'><strong><em>dirige,</em></strong></span> <span class='ocrx_word' id='word_1_750' title='bbox 2916 5399 3023 5458; x_wconf 84' lang='lat' dir='ltr'><strong><em>etc.</em></strong></span> <span class='ocrx_word' id='word_1_751' title='bbox 3054 5446 3057 5447; x_wconf 26' lang='grc' dir='ltr'><em>ν</em></span> 
     </span>
    </p>
   </div>
   <div class='ocr_carea' id='block_1_118' title="bbox 2043 5456 3540 5526">
    <p class='ocr_par' dir='ltr' id='par_1_118' title="bbox 2043 5456 3540 5526">
     <span class='ocr_line' id='line_1_118' title="bbox 2043 5456 3540 5526; baseline 0 -14"><span class='ocrx_word' id='word_1_752' title='bbox 2043 5460 2060 5489; x_wconf 81' lang='grc'>⁸</span> <span class='ocrx_word' id='word_1_753' title='bbox 2089 5456 2448 5515; x_wconf 66' lang='grc' dir='ltr'><strong><em>Οοηιίηευιει·</em></strong></span> <span class='ocrx_word' id='word_1_754' title='bbox 2470 5472 2596 5511; x_wconf 87' lang='lat' dir='ltr'><strong><em>cum</em></strong></span> <span class='ocrx_word' id='word_1_755' title='bbox 2616 5458 2920 5526; x_wconf 78' lang='lat' dir='ltr'><strong><em>Augustino</em></strong></span> <span class='ocrx_word' id='word_1_756' title='bbox 2952 5456 3250 5515; x_wconf 76' lang='lat' dir='ltr'><strong><em>V&#39;eronens.</em></strong></span> <span class='ocrx_word' id='word_1_757' title='bbox 3287 5471 3391 5511; x_wconf 91' lang='lat' dir='ltr'><strong><em>ms.</em></strong></span> <span class='ocrx_word' id='word_1_758' title='bbox 3417 5471 3434 5510; x_wconf 87' lang='lat'>:</span> <span class='ocrx_word' id='word_1_759' title='bbox 3464 5456 3540 5512; x_wconf 93' lang='lat' dir='ltr'><strong><em>De</em></strong></span> 
     </span>
    </p>
   </div>
   <div class='ocr_carea' id='block_1_119' title="bbox 1972 5527 3539 5600">
    <p class='ocr_par' dir='ltr' id='par_1_119' title="bbox 1972 5527 3539 5600">
     <span class='ocr_line' id='line_1_119' title="bbox 1972 5527 3539 5600; baseline -0.004 -16"><span class='ocrx_word' id='word_1_760' title='bbox 1972 5529 2268 5600; x_wconf 87' lang='lat' dir='ltr'><strong><em>muscipula</em></strong></span> <span class='ocrx_word' id='word_1_761' title='bbox 2299 5529 2628 5600; x_wconf 74' lang='lat' dir='ltr'><strong><em>venantium,</em></strong></span> <span class='ocrx_word' id='word_1_762' title='bbox 2658 5535 2770 5600; x_wconf 7' lang='lat' dir='ltr'><strong><em>etga</em></strong></span> <span class='ocrx_word' id='word_1_763' title='bbox 2800 5530 2955 5583; x_wconf 89' lang='lat' dir='ltr'><strong><em>verbo</em></strong></span> <span class='ocrx_word' id='word_1_764' title='bbox 2985 5542 3194 5600; x_wconf 70' lang='lat' dir='ltr'><strong><em>aspero.</em></strong></span> <span class='ocrx_word' id='word_1_765' title='bbox 3248 5527 3398 5581; x_wconf 86' lang='lat' dir='ltr'><strong><em>Inter</em></strong></span> <span class='ocrx_word' id='word_1_766' title='bbox 3422 5543 3539 5600; x_wconf 86' lang='lat' dir='ltr'><strong><em>sca-</em></strong></span> 
     </span>
    </p>
   </div>
   <div class='ocr_carea' id='block_1_120' title="bbox 1971 5597 3539 5668">
    <p class='ocr_par' dir='ltr' id='par_1_120' title="bbox 1971 5597 3539 5668">
     <span class='ocr_line' id='line_1_120' title="bbox 1971 5597 3539 5668; baseline -0.002 -15"><span class='ocrx_word' id='word_1_767' title='bbox 1971 5597 2278 5668; x_wconf 53' lang='lat' dir='ltr'><strong><em>pulas&#39;suas</em></strong></span> <span class='ocrx_word' id='word_1_768' title='bbox 2308 5598 2638 5653; x_wconf 88' lang='lat' dir='ltr'><strong><em>obumbrabit</em></strong></span> <span class='ocrx_word' id='word_1_769' title='bbox 2662 5597 2775 5659; x_wconf 89' lang='lat' dir='ltr'><strong><em>tibi,</em></strong></span> <span class='ocrx_word' id='word_1_770' title='bbox 2799 5612 2845 5652; x_wconf 89' lang='lat' dir='ltr'><strong><em>et</em></strong></span> <span class='ocrx_word' id='word_1_771' title='bbox 2873 5599 2966 5651; x_wconf 85' lang='lat' dir='ltr'><strong><em>sub</em></strong></span> <span class='ocrx_word' id='word_1_772' title='bbox 3003 5598 3105 5650; x_wconf 90' lang='lat' dir='ltr'><strong><em>alis</em></strong></span> <span class='ocrx_word' id='word_1_773' title='bbox 3136 5597 3246 5668; x_wconf 79' lang='lat' dir='ltr'><strong><em>ejus</em></strong></span> <span class='ocrx_word' id='word_1_774' title='bbox 3276 5599 3539 5667; x_wconf 86' lang='lat' dir='ltr'><strong><em>sperabis.</em></strong></span> 
     </span>
    </p>
   </div>
   <div class='ocr_carea' id='block_1_121' title="bbox 1972 5666 3539 5735">
    <p class='ocr_par' dir='ltr' id='par_1_121' title="bbox 1972 5666 3539 5735">
     <span class='ocr_line' id='line_1_121' title="bbox 1972 5666 3539 5735; baseline -0.001 -12"><span class='ocrx_word' id='word_1_775' title='bbox 1972 5666 2049 5723; x_wconf 64' lang='lat' dir='ltr'><strong><em>Ac</em></strong></span> <span class='ocrx_word' id='word_1_776' title='bbox 2087 5679 2214 5735; x_wconf 84' lang='lat' dir='ltr'><strong><em>post</em></strong></span> <span class='ocrx_word' id='word_1_777' title='bbox 2244 5671 2383 5723; x_wconf 81' lang='lat' dir='ltr'><strong><em>duos</em></strong></span> <span class='ocrx_word' id='word_1_778' title='bbox 2405 5681 2618 5725; x_wconf 87' lang='lat' dir='ltr'><strong><em>versus,</em></strong></span> <span class='ocrx_word' id='word_1_779' title='bbox 2647 5668 2781 5719; x_wconf 77' lang='lat' dir='ltr'><strong><em>dena</em></strong></span> <span class='ocrx_word' id='word_1_780' title='bbox 2814 5667 3004 5729; x_wconf 88' lang='lat' dir='ltr'><strong><em>millia,</em></strong></span> <span class='ocrx_word' id='word_1_781' title='bbox 3036 5683 3131 5735; x_wconf 88' lang='lat' dir='ltr'><strong><em>pro</em></strong></span> <span class='ocrx_word' id='word_1_782' title='bbox 3184 5666 3381 5732; x_wconf 80' lang='lat' dir='ltr'><strong><em>decem,</em></strong></span> <span class='ocrx_word' id='word_1_783' title='bbox 3429 5677 3539 5723; x_wconf 89' lang='lat' dir='ltr'><strong><em>etc.</em></strong></span> 
     </span>
    </p>
   </div>
   <div class='ocr_carea' id='block_1_122' title="bbox 2046 5736 3551 5806">
    <p class='ocr_par' dir='ltr' id='par_1_122' title="bbox 2046 5736 3551 5806">
     <span class='ocr_line' id='line_1_122' title="bbox 2046 5736 3551 5806; baseline -0.001 -9"><span class='ocrx_word' id='word_1_784' title='bbox 2046 5742 2065 5769; x_wconf 81' lang='grc'>⁸</span> <span class='ocrx_word' id='word_1_785' title='bbox 2093 5740 2209 5797; x_wconf 88' lang='lat' dir='ltr'><strong><em>Uno</em></strong></span> <span class='ocrx_word' id='word_1_786' title='bbox 2234 5741 2399 5796; x_wconf 82' lang='lat' dir='ltr'><strong><em>verbo</em></strong></span> <span class='ocrx_word' id='word_1_787' title='bbox 2441 5739 2661 5805; x_wconf 88' lang='lat' dir='ltr'><strong><em>tollant,</em></strong></span> <span class='ocrx_word' id='word_1_788' title='bbox 2724 5753 2821 5805; x_wconf 84' lang='lat' dir='ltr'><strong><em>pro</em></strong></span> <span class='ocrx_word' id='word_1_789' title='bbox 2858 5737 3059 5806; x_wconf 76' lang='lat' dir='ltr'><strong><em>tollent,</em></strong></span> <span class='ocrx_word' id='word_1_790' title='bbox 3096 5736 3306 5792; x_wconf 81' lang='lat' dir='ltr'><strong><em>abludit</em></strong></span> <span class='ocrx_word' id='word_1_791' title='bbox 3374 5741 3551 5796; x_wconf 55' lang='lat' dir='ltr'><strong><em>Veron</em></strong></span> 
     </span>
    </p>
   </div>
   <div class='ocr_carea' id='block_1_123' title="bbox 3344 4695 3529 4749">
    <p class='ocr_par' dir='ltr' id='par_1_123' title="bbox 3344 4695 3529 4749">
     <span class='ocr_line' id='line_1_123' title="bbox 3344 4695 3529 4749; baseline 0.005 -1"><span class='ocrx_word' id='word_1_792' title='bbox 3344 4695 3529 4749; x_wconf 82' lang='lat' dir='ltr'><strong><em>malim</em></strong></span> 
     </span>
    </p>
   </div>
  </div>
