3898 6172
418 298 518 360 307

1320 298 1382 358 S.
1423 294 1861 358 HIERONYMI
1902 297 2162 358 DIVINA
2206 297 2745 358 BIBIJOTHECA.

3548 301 3643 361 308

479 407 648 474 Super
681 413 913 477 aspidem
975 419 1020 464 et
1053 411 1358 466 basiliscum
1401 408 1694 462 ambulabis
1729 423 1745 460 :
1780 424 1836 462 σει-
1867 417 1915 460 cl
1950 409 1972 476 ζ
2005 417 2049 472 Α
2155 411 2334 480 Super
2412 409 2656 477 aspidem
2710 419 2766 464 et
2822 409 3137 465 basiliscum
3217 408 3539 475 ambulabis,
3599 424 3647 467 et

409 501 738 556 conculcabis
769 501 969 556 leonem
1001 512 1049 556 et
1077 503 1383 554 draconem.

469 594 725 659 Quoniam
760 595 810 647 iu
840 610 919 646 me
940 594 1188 661 speravit,
1222 591 1453 646 liberabo
1496 607 1614 644 eum
1665 607 1684 646 :
1709 601 1981 662 protegam

411 701 553 749 eum,
590 686 836 754 quoniam
860 687 1098 753 cognovit
1122 699 1309 737 nomen
1347 699 1540 738 meum.

478 777 741 831 Clamabit
793 775 862 828 ad
888 791 993 841 me,
1043 783 1093 828 et
1119 777 1260 846 ego‘
1312 776 1599 830 exaudiam
1657 791 1818 829 eum:
1857 790 1977 828 cum

406 873 520 941 ipso
547 887 663 923 sum
699 869 754 924 in
786 869 1151 934 tribulatione,
1183 870 1408 940 eripiam
1428 879 1634 936 eum,et
1667 869 1975 939 gloriﬁcabo

405 978 463 1014 (Ἢ
472 979 520 1014 ιη
529 999 543 1014 ο

472 1047 826 1118 Longitudiue
853 1048 1054 1103 dierum
1071 1049 1276 1120 replebo
1297 1067 1418 1105 eum
1447 1068 1466 1106 :
1496 1065 1547 1105 et
1603 1053 1875 1107 ostendam
1894 1052 1978 1107 illi

412 1141 652 1194 salutare
673 1157 863 1194 meum.

2091 501 2446 556 conculcabis
2479 502 2694 556 leonem
2720 512 2775 557 et
2807 503 3127 557 draconem.

2153 591 2420 656 Quoniam
2451 594 2504 645 in
2526 608 2612 646 me
2638 591 2896 662 speravit,
2913 592 3159 647 liberabo
3172 604 3338 647 eum:
3373 599 3645 663 protegam

2086 696 2238 748 eum,
2267 682 2523 752 quoniam
2541 682 2798 751 cognovit
2822 697 3020 737 nomen
3047 696 3254 738 meum.

2161 773 2444 830 lnvoeabit
2486 773 2612 845 lms.
2640 773 2947 845 lnvocavit}
2987 788 3096 840 me,
3136 781 3194 828 et
3219 787 3321 843 ego
3370 769 3646 828 exaudiam

2085 881 2213 924 eum
2240 887 2257 932 -,
2292 882 2416 922 cum
2448 865 2569 936 ipso
2593 881 2714 921 sum
2739 866 2795 920 in
2827 865 3202 920 tribulatione.

2160 960 2394 1028 Eripiam
2434 973 2583 1023 etim,
2644 966 2700 1012 et
2755 955 3073 1025 glorilicabo
3105 969 3234 1012 eum
3267 971 3283 1010 :
3315 956 3649 1027 longitudine

2085 1052 2301 1107 dierum
2331 1049 2810 1119 adimpleboeum,
2861 1057 2916 1103 et
2962 1049 3249 1105 OStendam
3275 1049 3354 1104 illi
3416 1049 3648 1109 salutare

2084 1157 2290 1198 meum.

1780 1301 2128 1369 PSALMUS
2162 1301 2314 1363 XCI.

720 1407 948 1449 usitatus
969 1409 1196 1462 can-rm,
1231 1410 1282 1450 IN
1314 1394 1653 1464 DlBlSABBATi.

473 1502 678 1555 Bonum
721 1512 795 1554 est
826 1503 1063 1571 conﬁteri
1113 1503 1339 1557 Domino
1371 1513 1463 1560 :et
1509 1500 1739 1574 psallere
1775 1499 1973 1554 nomini

405 1606 516 1658 tuo,
550 1593 836 1647 Altissime.

467 1685 550 1739 Ad
588 1678 1019 1739 annuntiandum
1069 1703 1224 1740 mane
1250 1686 1664 1739 misericordiam
1697 1694 1847 1738 tuam
1880 1689 1974 1736 :et

400 1779 675 1832 ueritatem
711 1787 857 1831 tuam
881 1794 973 1844 per
1003 1789 1229 1833 noctem.

475 1868 536 1922 In
567 1869 888 1922 decachordo
917 1868 1196 1936 psalterio,
1226 1885 1350 1923 cum
1392 1869 1607 1924 cantico
1632 1875 1682 1921 et
1709 1865 1942 1920 cithara.

477 2048 615 2113 Quia
637 2049 912 2103 delecta‘sti
944 2065 1045 2114 me,
1080 2048 1316 2116 Domine,
1351 2049 1406 2102 in
1422 2047 1634 2116 [actura
1665 2054 1760 2100 tua
1788 2059 1808 2100 :
1839 2053 1889 2098 et
1914 2054 1979 2100 σι-

408 2143 429 2208 ζ
464 2144 515 2194 in
547 2141 784 2211 operibus
812 2157 1068 2193 manuum
1095 2151 1310 2194 tuarum
1340 2138 1638 2193 exsultabo.

475 2232 650 2298 Quam
676 2232 1019 2304 magniﬁcam
1044 2241 1167 2285 sunt
1201 2247 1365 2301 opera
1389 2238 1505 2295 tua,
1544 2228 1770 2284 Domine
1788 2229 1808 2284 l
1829 2227 1984 2281 nimis

405 2325 682 2395 profunda:
712 2329 869 2393 lactte
897 2336 1017 2378 sunt
1053 2325 1395 2394 cogitationes
1437 2331 1561 2376 tute.

492 2419 580 2471 Vir
603 2418 860 2488 insipiens
890 2433 993 2473 non
1015 2428 1309 2488 cognoscet,
1343 2429 1393 2472 et
1424 2415 1619 2471 stultus
1650 2429 1752 2468 non
1783 2411 1982 2466 intelli-

408 2520 489 2581 get
515 2514 624 2566 lure
651 2513 674 2543 '
687 2548 704 2564 .

477 2605 610 2661 Cum
641 2605 1014 2675 exortifuerint
1044 2608 1342 2674 peceatores
1373 2604 1506 2657 sicut
1532 2603 1706 2672 fenum
1733 2614 1753 2652 :
1785 2609 1836 2653 et
1887 2613 1980 2666 ap-

407 2702 681 2770 paruerint
714 2715 913 2765 omnes,
950 2700 1040 2768 qui
1055 2703 1346 2768 operantur
1375 2695 1732 2765 iniquitatem.

495 2789 561 2844 Ut
589 2791 850 2843 intereant
871 2789 924 2842 in
945 2788 1195 2842 swculum
1217 2801 1280 2842 -ι-
1302 2787 1321 2818 ³
1345 2785 1527 2840 stecnli
1557 2785 1580 2854 ζ
1608 2793 1664 2837 tu
1684 2791 1863 2836 autem
1889 2779 1980 2834 Al-

409 2883 638 2936 tissimus
655 2881 721 2951 in
751 2889 1029 2947 ceternum,
1059 2878 1302 2933 Domine.

485 3056 752 3122 Quoniam
781 3058 904 3110 ecce
941 3055 1146 3109 inimici
1195 3055 1272 3108 tui
1301 3053 1345 3121 δ,
1401 3053 1643 3116 Domine,
1671 3054 1695 3120 ζ
1725 3049 1979 3119 quoniam

2397 1405 2630 1446 νεΔικυε
2650 1405 2864 1446 ειΜιοι
2895 1406 2949 1446 ID
2981 1406 3070 1446 DIE
3096 1404 3333 1446 SAIDATI.

2147 1509 2358 1563 Bonum
2389 1516 2476 1563 est
2507 1505 2758 1562 conﬁteri
2796 1505 3030 1560 Domino
3057 1523 3073 1560 :
3101 1515 3157 1561 et
3189 1506 3422 1577 psallere
3445 1505 3647 1560 nomini

2081 1613 2198 1665 tuo,
2227 1600 2526 1656 Altissime.

2153 1693 2235 1746 Ad
2268 1688 2698 1745 annuntiandam
2728 1687 2856 1761 [ms.
2877 1689 3340 1762 annuntiandum]
3377 1705 3534 1746 mane
3561 1692 3652 1745 mi-

2010 1789 2056 1850 Β
2081 1778 2434 1835 sericordiam
2470 1786 2619 1832 tuam
2655 1791 2672 1833 :
2707 1786 2762 1832 et
2789 1779 3078 1835 veritatem
3109 1788 3256 1834 tuam
3288 1795 3384 1849 per
3412 1789 3648 1838 noctem.

2140 1867 2202 1923 lu
2273 1867 2620 1922 decacliordo
2693 1866 2982 1936 pSalterio,
3031 1882 3160 1924 cum
3193 1869 3410 1924 cantico
3459 1875 3518 1924 et
3581 1871 3652 1924 ci-

2082 1961 2240 2016 thara
2265 1961 2312 2012 ⁸.

2146 2053 2285 2119 Quia
2309 2053 2595 2111 delectasti
2625 2070 2733 2121 me,
2767 2054 3020 2118 Domine,
3055 2057 3109 2111 in
3143 2056 3354 2111 iactura
3380 2064 3494 2118 tua,
3521 2063 3578 2108 et
3600 2055 3653 2108 in

2081 2141 2344 2210 Operibus
2375 2157 2635 2197 manuum
2665 2153 2882 2199 tuarum
2914 2146 3228 2201 exsultabo.

2147 2229 2326 2296 Quam
2352 2233 2700 2303 magniﬁcam
2727 2243 2860 2289 sunt
2897 2249 3068 2304 opera
3097 2246 3209 2300 tua,
3241 2233 3510 2289 Domine!
3578 2234 3655 2290 nio

2083 2319 2190 2374 mis
2219 2320 2500 2390 profunda:
2531 2323 2684 2379 facta:
2701 2331 2832 2379 sunt
2851 2325 3213 2389 cogitationes
3239 2334 3367 2379 tuae.

2157 2409 2257 2466 Vir
2282 2413 2548 2484 insipiens
2583 2430 2695 2471 non
2724 2417 3008 2488 cognoscit
3040 2434 3055 2474 :
3089 2427 3146 2474 et
3171 2416 3388 2486 stultus,
3424 2431 3540 2471 non
3574 2415 3658 2471 in-

2083 2503 2280 2572 telligit
2308 2520 2394 2561 ea'
2421 2505 2547 2579 [ms.
2571 2505 2734 2579 haec].

2155 2596 2294 2653 Cum
2325 2598 2650 2653 exorientur
2675 2609 2989 2668 peccatores
3007 2599 3153 2655 sicut
3192 2600 3376 2655 fenum
3417 2616 3432 2656 :
3464 2608 3525 2655 et
3567 2613 3658 2670 ap-

2084 2689 2370 2758 paruerint
2417 2705 2611 2746 omnes
2672 2693 2768 2761 qui
2814 2701 3116 2762 operantur
3167 2692 3518 2763 iniquitatem
3557 2699 3658 2747 :ut

2085 2782 2362 2838 Interea-nt
2385 2783 2441 2837 in
2469 2784 2731 2838 saeculum
2759 2784 2967 2840 sieculi.

2154 2876 2238 2931 Tu
2266 2883 2446 2932 autem
2481 2877 2802 2933 Altissimus
2825 2878 2881 2932 in
2909 2888 3177 2934 zeternum
3227 2877 3353 2947 [ms.
3375 2879 3504 2935 add.
3555 2875 3656 2948 es},

2085 2967 2338 3021 Domine.

2153 3059 2426 3124 Quoniam
2457 3074 2586 3115 ecce
2616 3059 2826 3115 inimici
2876 3061 2975 3125 tui,
3015 3060 3264 3128 Domine,
3306 3062 3573 3131 peribunt
3595 3061 3655 3115 ἰ

409 3154 523 3202 ecce
557 3149 756 3202 inimici
781 3148 857 3201 tui
892 3147 1240 3218 peribunt:et
1269 3144 1638 3218 dispergentur
1677 3153 1852 3196 omnes
1885 3140 1976 3210 qui
2005 3141 2046 3200 ο
2087 3160 2143 3205 et
2178 3150 2562 3221 dispergentur
2599 3167 2791 3208 omnes
2823 3153 2917 3222 qui
2945 3165 3240 3225 operantur
3287 3154 3654 3223 iniquitatem.

415 3249 703 3308 operantur
736 3239 1096 3307 iniquitatem.

479 3331 548 3387 Et
567 3331 890 3386 excitabitur
915 3331 1047 3383 sicut
1077 3330 1344 3386 unicornis
1363 3343 1526 3383 cornu
1567 3343 1741 3381 meum
1778 3342 1795 3382 :
1823 3338 1873 3380 et
1898 3342 1980 3380 se-

412 3433 594 3478 nectus
619 3438 734 3475 mea
765 3421 1206 3476 inmisericordia
1232 3421 1400 3475 uberi.

480 3515 550 3570 Et
577 3513 806 3578 despexit
830 3511 1011 3566 oculus
1041 3529 1182 3566 meus
1204 3513 1446 3566 inimicos
1472 3528 1612 3567 meos
1634 3526 1654 3567 :
1687 3524 1751 3568 -ι-
1794 3519 1843 3566 et
1871 3511 1894 3582 ζ
1925 3511 1980 3565 in

409 3604 799 3674 insurgentibus
851 3605 906 3658 in
978 3620 1061 3658 me
1118 3603 1536 3673 malignantibus
1603 3604 1785 3659 audiet
1831 3604 1981 3659 auris

410 3714 526 3753 mea
557 3699 600 3754 ⁸.

474 3791 662 3846 Justus
695 3799 751 3844 ut
798 3797 980 3860 palma
1023 3790 1233 3862 ﬂorebit
1275 3804 1294 3845 :
1330 3791 1467 3844 sicut
1516 3787 1645 3862 [ms.
1672 3789 1754 3861 ut]
1796 3789 1981 3844 cedrus

411 3885 602 3939 Libani
635 3881 1096 3952 multiplicabitur.

478 3976 723 4030 Plantati
783 3976 841 4028 in
881 3979 1038 4029 domo
1083 3972 1327 4042 Domini,
1366 3975 1422 4028 in
1466 3975 1619 4029 atriis
1671 3975 1856 4030 domus
1886 3974 1983 4031 Dei

411 4070 581 4124 nostri
607 4069 886 4138 ﬂorebunt.

479 4161 662 4215 Adhuc
696 4158 1190 4229 multiplicabuntur
1210 4159 1266 4211 in
1293 4169 1500 4214 senecta
1533 4157 1678 4213 uberi
1711 4171 1802 4215 :et
1857 4161 1984 4215 bene

412 4256 667 4324 patientes
696 4261 872 4316 erunt,
901 4263 958 4304 ut
995 4251 1337 4304 annuntient.

413 4424 574 4466 nens.
604 4425 706 4463 ms.
739 4407 809 4462 ab
834 4405 1139 4476 Augustino
1169 4421 1184 4459 :
1219 4416 1417 4460 caetera
1455 4407 1571 4475 pari
1614 4415 1849 4475 uterque
1882 4406 1980 4462 ba-

2158 3333 2226 3388 Et
2253 3333 2588 3390 exaltabitur
2611 3335 2754 3392 sicut
2777 3338 3060 3392 unicornis
3109 3351 3281 3391 cornu
3316 3351 3499 3391 meum
3521 3377 3539 3403 ,
3605 3345 3659 3392 et

2084 3435 2344 3482 senectus
2374 3442 2496 3482 mea
2529 3429 2585 3482 in
2615 3429 2994 3485 misericordia
3033 3428 3210 3483 uberi.

2157 3520 2226 3575 Et
2249 3521 2492 3590 respexit
2507 3521 2702 3577 oculus
2730 3535 2889 3577 meus
2940 3521 3193 3576 inimicos
3224 3535 3376 3576 meos
3427 3537 3443 3576 :
3494 3531 3556 3577 et
3578 3520 3661 3576 in-

2085 3621 2375 3681 surgentes
2400 3611 2456 3664 in
2493 3626 2581 3666 me
2601 3611 2964 3682 malignantes
2983 3611 3194 3666 audivit
3224 3611 3372 3667 auris
3404 3627 3553 3668 mea.

2142 3792 2335 3847 Justus
2363 3799 2422 3846 ut
2455 3793 2634 3863 palma
2655 3791 2910 3848 ﬂorebit:
2950 3800 3008 3848 et
3029 3792 3173 3847 sicut
3220 3790 3422 3846 cedrus
3453 3791 3657 3848 Libani

2083 3885 2210 3960 [ms.
2243 3883 2478 3957 Libano]
2508 3885 2978 3955 multiplicabitur.

2149 3980 2386 4035 Plantati
2421 3979 2476 4033 in
2496 3979 2664 4035 domo
2706 3979 2945 4044 Domini,
3007 3979 3063 4033 in
3111 3977 3268 4034 atriis
3327 3976 3534 4033 domus
3567 3975 3659 4032 Dei

2062 4068 2260 4143 ‘nostri
2291 4069 2587 4123 ﬂorebunt.

2153 4159 2348 4215 Adhuc
2411 4159 2926 4229 multiplicabuntur
2979 4161 3036 4214 in
3089 4169 3309 4216 senecta
3356 4160 3520 4218 uberi
3557 4175 3575 4217 :
3607 4169 3662 4215 et

2084 4251 2226 4308 bene
2255 4252 2528 4322 patientes
2553 4261 2739 4317 erunt,
2779 4261 2839 4306 ut
2865 4253 3214 4308 annuntieut.

2157 4413 2179 4444 ⁵
2210 4411 2314 4466 Ms.
2340 4410 2696 4484 Veronensis,
2747 4409 2816 4465 In
2853 4412 3028 4465 decem
3070 4413 3374 4484 gcordarum
3400 4415 3662 4484 psalterio

415 4482 514 4536 bet
539 4493 838 4541 consensu,
880 4477 1159 4545 nequando
1185 4477 1464 4552 oﬁ'endas,‘
1510 4488 1674 4546 atque
1708 4481 1980 4552 altero_ab
2015 4479 2064 4541 1)
2086 4499 2205 4538 eum
2237 4482 2444 4552 cantico
2478 4483 2534 4533 in
2568 4481 2809 4547 cithara;
2845 4491 2960 4535 tum
2985 4483 3149 4536 unice
3180 4497 3305 4536 cum
3327 4477 3664 4552 Augustino,

417 4552 529 4604 hoc
550 4564 737 4612 versu,
763 4562 949 4600 eruam
975 4561 1117 4611 eum,
1141 4561 1240 4614 pro
1271 4546 1519 4612 bberabo,
1545 4561 1676 4605 διο..
1697 4559 1754 4600 et
1789 4549 1842 4601 in
1878 4548 1984 4602 line

418 4620 664 4673 Eximam
697 4620 1054 4687 (Augustinus
1079 4617 1230 4687 addit
1257 4618 1396 4679 eum)
1423 4629 1471 4668 et
1497 4617 1806 4687 gloriﬁcabo
1837 4633 1978 4682 eum,

424 4685 750 4757 longitudine
775 4687 975 4757 dierum
1001 4685 1206 4757 replebo
1236 4700 1374 4738 eum.

500 4753 725 4811 "Minus
783 4753 924 4808 bene
989 4754 1206 4808 obelum
1297 4757 1444 4809 hunc
1505 4755 1785 4810 Palatinus
1867 4769 1982 4812 ms.

421 4829 626 4882 omittit
659 4844 672 4880 :
707 4834 855 4880 recte
879 4831 1061 4878 autem
1091 4824 1238 4894 quod
1273 4827 1521 4894 sequitur
1563 4841 1654 4887 ego
1687 4841 1986 4896 pronomen

419 4907 584 4953 tacet.

494 4970 515 4998 ¹
544 4967 778 5022 Additur
808 4967 862 5021 in
909 4963 1155 5021 Palatino
1185 4979 1287 5019 ms.
1317 4962 1651 5033 Diapsalma.

497 5038 699 5092 'lluue
742 5053 962 5107 quoque
990 5035 1206 5088 obelum
1263 5037 1407 5107 idem
1467 5049 1568 5107 ms.
1634 5035 1860 5107 omittit,
1926 5047 1986 5090 ut

423 5119 478 5234 ﬁt
532 5107 676 5177 quod
731 5105 982 5177 sequitur
1031 5113 1206 5159 autem
1285 5105 1627 5160 adverbium.
1715 5105 1985 5161 Neutrum

463 5193 585 5232 ene.

463 5193 585 5232 ene.

485 5250 508 5280 ⁸
542 5247 739 5304 Deerat
768 5263 936 5318 penes
964 5245 1336 5318 Martianaaum
1371 5246 1448 5318 tui
1474 5259 1801 5318 pronomen,
1830 5247 1983 5318 quod

425 5335 493 5374 ex
524 5319 632 5374 ﬁde
665 5316 1035 5388 originalium
1074 5317 1363 5383 librorum,
1417 5317 1698 5388 ipsiusque
1749 5316 1983 5388 Palatini

427 5406 533 5445 ms.
586 5384 956 5446 sull'ecimus:
1007 5386 1193 5442 deerat
1244 5395 1424 5439 autem
1486 5386 1540 5438 in
1570 5388 1689 5455 ipso
1743 5384 1984 5442 Palatino

427 5461 745 5514 adverbium
773 5475 909 5514 ecce.

497 5531 519 5560 '
551 5530 838 5585 Subnectit
862 5527 1095 5584 Palatia.
1126 5540 1230 5580 ms.
1262 5522 1574 5591 Diapsalma
1613 5538 1632 5578 :
1665 5532 1780 5578 tum
1812 5524 1982 5581 altero

427 5599 498 5652 ab
536 5602 642 5655 hoc
671 5617 831 5654 versu
866 5597 1086 5668 praefert
1116 5596 1364 5656 sequiore
1392 5607 1577 5659 manu,
1609 5595 1683 5668 _in
1709 5596 1854 5668 atriis
1889 5597 1982 5652 Dei

429 5672 618 5728 nostri.
644 5684 779 5725 voce
827 5665 1008 5724 domus
1053 5673 1322 5734 expuucta
1354 5680 1365 5712 :
1393 5677 1550 5730 atque
1609 5665 1711 5718 hoc
1761 5666 1977 5733 quidem

429 5740 650 5793 numin
677 5742 858 5794 verius
884 5741 1032 5810 juxta
1062 5736 1228 5792 Hebr.
1262 5743 1464 5789 textum
1497 5744 1545 5788 et
1570 5736 1833 5791 Graecum.

927 5873 952 5882 ι.

2130 4554 2216 4606 uia
2232 4551 2544 4622 jocundasti
2576 4565 2678 4612 me,
2702 4560 2836 4613 etc.,
2864 4563 3026 4620 atque
3047 4553 3218 4622 altero
3237 4555 3304 4606 ab
3334 4551 3438 4607 hoc
3473 4571 3662 4619 versu,

2144 4629 2192 4676 ir
2211 4621 2517 4693 imprudens
2539 4635 2654 4693 non
2685 4631 2980 4691 cognoscet,
3010 4632 3119 4693 etc.
3176 4621 3244 4675 Et
3319 4625 3661 4693 insequenti,

2090 4701 2468 4764 prospexerant
2501 4691 2663 4761 (Aug.
2695 4691 3078 4760 prospexerint)
3113 4695 3399 4762 omnesqui
3429 4691 3667 4761 operan-

2089 4777 2195 4824 tur,
2229 4773 2336 4818 etc.

2162 4834 2181 4864 ⁷
2213 4831 2441 4902 Repetit
2461 4830 2550 4884 hic
2577 4827 2912 4902 Veronensis
2956 4845 3059 4885 ms.
3105 4832 3580 4902 quemadmodum
3612 4840 3670 4887 et

2087 4903 2142 4956 in
2172 4901 2535 4972 originalibus
2561 4909 2647 4954 est
2677 4901 2853 4963 libris,
2895 4904 3083 4964 verba,
3121 4901 3375 4972 quoniam
3412 4919 3530 4956 ecce
3558 4905 3669 4956 ini-

2086 4973 2210 5026 mici
2237 4971 2346 5034 tui;
2375 4985 2474 5024 nec
2498 4979 2680 5024 tamen
2711 4972 2921 5022 videtur
2956 4971 3294 5040 Augustinus
3329 4973 3474 5027 hanc
3510 4987 3672 5040 repe-

2087 5043 2340 5096 titionem
2379 5043 2668 5111 verbor_um
2703 5042 2941 5111 novisse.
2967 5041 3098 5104 Quae
3121 5052 3428 5109 sequuntur
3452 5047 3673 5111 pariter

2087 5112 2260 5165 lerme
2303 5111 2526 5174 habent,
2560 5108 2624 5164 In
2662 5110 3025 5180 misericordia
3052 5108 3254 5180 pingui.
3289 5111 3358 5163 Et
3417 5108 3670 5180 respiciet

2087 5184 2250 5250 (Aug.
2279 5180 2547 5250 respexit),
2588 5179 2769 5232 oculus
2800 5191 2943 5250 meus
2991 5181 3045 5231 in
3072 5179 3302 5234 inimicis
3333 5184 3482 5243 meis,
3510 5179 3581 5236 et
3614 5184 3672 5236 in

2088 5255 2162 5304 eis
2199 5249 2287 5320 qui
2318 5252 2598 5318 insurgunt
2635 5250 2689 5300 in
2719 5264 2795 5301 me
2830 5249 3241 5320 malignantibus
3283 5252 3460 5305 audiet
3510 5254 3671 5306 auris

2087 5319 2226 5375 mea.
2254 5320 2436 5391 Justus
2465 5329 2519 5370 ut
2550 5321 2732 5388 palma
2765 5319 2994 5389 ﬂorebit,
3023 5319 3174 5391 (sicut
3217 5323 3400 5375 cedrus
3434 5338 3563 5391 quae
3589 5332 3670 5377 est

2084 5393 2139 5445 in
2177 5391 2377 5463 Libane
2413 5389 2666 5463 (August.
2698 5398 2841 5463 tacet
2876 5389 3101 5443 voculas
3124 5406 3240 5459 qua-
3263 5395 3360 5458 est)
3401 5389 3675 5463 multipli-

2085 5459 2464 5514 cabitur.Tuin
2489 5462 2660 5512 altero
2687 5459 2754 5513 ab
2792 5460 2895 5512 hoc
2918 5470 3100 5531 yersu,
3144 5463 3198 5514 in
3227 5469 3438 5515 senecta
3474 5459 3672 5531 pingui

2084 5532 2381 5598 (retinetur
2415 5543 2582 5599 penes
2605 5531 2839 5598 August.
2869 5527 3044 5602 uberi)
3087 5540 3134 5582 et
3165 5531 3448 5602 tranquilli
3475 5527 3668 5595 erant,

2083 5609 2140 5652 ut
2174 5602 2506 5665 annuntient,
2531 5603 2784 5670 quoniam
2811 5607 2981 5652 rectus
3009 5601 3265 5655 Dominus
3291 5601 3431 5657 Deus
3471 5621 3625 5661 meus
3650 5622 3674 5662 .‘

2085 5672 2232 5743 quod
2258 5685 2558 5740 pronomen
2588 5670 2878 5740 Augustin.
2905 5677 3117 5724 tantum
3167 5687 3275 5727 non
3307 5675 3473 5729 addiL
