3898 6172
275 285 372 347 399
640 340 645 343 Α
1492 280 1499 329 ῗ
1514 286 1752 349 LIBER
1785 286 1917 346 PSA
1932 284 2279 348 LMORUM.

3412 292 3519 357 3l0

335 402 594 466 Quoniam
618 410 787 456 rectus
825 401 1081 456 Dominus
1109 401 1246 456 Deus
1282 411 1458 456 noster
1496 419 1512 457 :
1546 412 1594 457 et
1638 421 1742 460 non
1768 413 1842 460 est
1874 410 1918 467 Α
2019 403 2288 468 Quoniam
2320 403 2505 473 justus
2565 402 2829 458 Dominus
2872 403 3015 459 Deus
3069 414 3297 459 noster:
3325 413 3381 461 ct
3406 422 3515 460 non

269 495 514 564 iniquitas
540 496 595 549 in
612 513 693 550 eo.

1938 506 2025 551 est
2051 496 2312 565 iniquitas
2340 496 2394 550 in
2426 511 2512 549 eo.

1597 653 1950 715 PSALMUS
1989 655 2171 718 XCII.

266 782 385 823 uos
405 780 618 823 currat
652 779 748 818 trs:
777 781 954 828 omn,
991 781 1044 818 1N
1073 781 1160 818 me
1189 782 1321 822 tum
1349 784 1637 837 ssuusruu,
1673 785 1840 833 Qum-

688 852 755 890 oo
784 852 1096 890 lNﬂADlTATA
1124 852 1226 890 esr
1257 842 1479 896 rsnns‘.

340 951 600 1006 Dominus
619 951 875 1021 regnavit,
918 951 1157 1005 decorem
1205 952 1425 1007 indutus
1455 962 1575 1010 est:
1615 956 1836 1011 indutus

269 1060 334 1105 cst
365 1046 628 1101 Dominus
668 1042 1038 1112 fortitudinem
1053 1053 1101 1097 et
1124 1044 1400 1112 praecinxit
1430 1062 1507 1101 se.

331 1139 545 1193 Etenim
574 1137 809 1206 ﬁrmauit
829 1136 1007 1190 orbem
1033 1150 1087 1191 σε-
1122 1146 1276 1191 terra:
1304 1138 1325 1207 ζ
1356 1139 1445 1208 qui
1475 1155 1577 1193 non
1602 1155 1839 1193 commoa

271 1234 484 1286 rebitur.

328 1321 543 1375 Parata
556 1319 704 1374 sedes
726 1327 818 1373 tua
842 1335 906 1373 ea:
923 1328 1046 1373 tunc
1075 1336 1094 1375 :
1122 1320 1360 1374 asazculo
1392 1330 1445 1374 tu
1459 1338 1531 1377 es.
1553 1336 1614 1377 +
1651 1322 1695 1375 E
1716 1325 1739 1393 ζ
1762 1324 1835 1375 le-

271 1420 512 1468 rarerunt
555 1411 805 1480 ﬂumina,
834 1410 1055 1465 Domine
1088 1425 1149 1465 -t-
1179 1428 1205 1465 e
1235 1412 1256 1482 ζ
1294 1411 1594 1467 levaverunt
1619 1414 1837 1472 ﬂumina

270 1520 431 1558 rocem
462 1518 642 1557 suam.
668 1506 737 1569 Χ
767 1499 1116 1555 Elevaverunt
1142 1505 1161 1535 ²
1178 1503 1402 1573 ﬂumina
1437 1507 1626 1573 ﬂuctus
1653 1520 1771 1559 suos
1811 1505 1840 1574 ζ

274 1614 303 1649 a
321 1595 529 1649 vocibus
556 1608 820 1663 aquarum
847 1593 1165 1647 multarum.

333 1686 603 1740 Hirabiles
630 1685 882 1740 elationes
906 1686 1071 1740 maris
1107 1701 1126 1740 :
1156 1687 1417 1742 mirabilis
1458 1688 1513 1741 in
1547 1687 1672 1744 altis
1724 1687 1834 1741 Do-

275 1775 459 1829 minus.

339 1866 668 1922 Testimonia
704 1875 796 1920 tua
830 1865 1106 1921 credibilia
1152 1868 1299 1938 facta
1329 1878 1455 1924 sunt
1493 1872 1696 1928 nimis:
1748 1876 1842 1932 do-

276 1976 402 2013 mum
439 1969 593 2013 tuam
624 1959 773 2013 decet
806 1960 1123 2026 sanctitudo,
1160 1960 1402 2029 Domine,
1452 1964 1506 2018 in
1554 1965 1841 2037 longitudi-

278 2067 383 2106 nem
410 2054 640 2106 dierum.

1952 787 2082 828 LAUS
2136 788 2343 828 CANTICI
2407 790 2505 828 lPSl
2568 790 2745 839 DAVID,
2810 776 3000 843 INlDIE
3059 790 3191 829 ANTE
3236 789 3518 839 SABBA'IUM,

2307 858 2515 906 QUANDO
2543 858 2848 898 musnmn
2868 859 2962 900 ns'r
2984 860 3152 899 renus
3168 846 3210 899 °.

2024 956 2294 1011 Dominus
2322 956 2590 1027 regnavit,
2625 956 2880 1011 decorem
2928 956 3110 1011 Induit
3136 974 3150 1012 :
3180 956 3361 1010 induit
3415 958 3521 1012 Do-

1947 1045 2133 1102 minus
2164 1047 2563 1111 fortitudinem,
2590 1058 2645 1102 et
2674 1046 2963 1119 praecinxit
2986 1061 3047 1103 se
3072 1046 3349 1103 virtutem.

2019 1136 2232 1191 Etenim
2266 1138 2500 1191 firmavit
2529 1136 2717 1192 orbem
2755 1148 2957 1193 terra:
3000 1136 3096 1207 qui
3128 1152 3234 1192 non
3271 1151 3518 1194 commo-

1949 1228 2191 1283 vebitur.
2319 1239 2322 1241 λ

2016 1320 2212 1375 Parata
2249 1318 2409 1375 sedes
2460 1329 2572 1384 tua,
2644 1319 2809 1387 Deus,
2866 1334 2932 1375 ex
2990 1328 3120 1376 tunc
3172 1335 3202 1373 ε-
3238 1334 3268 1374 u
3318 1321 3517 1375 saeculo

1944 1420 2002 1465 tu
2034 1425 2113 1465 es.

2012 1506 2376 1561 Elevaverunt
2409 1506 2657 1574 ﬂumina,
2686 1507 2935 1572 Domine,
2992 1504 3349 1559 elevaverunt
3414 1506 3518 1562 tiu.-

1944 1596 2095 1651 mina
2130 1612 2293 1653 voces
2335 1613 2485 1664 suas,
2518 1613 2551 1654 a
2591 1599 2817 1654 vocibus
2840 1610 3103 1666 aquarum
3132 1596 3444 1651 multarum.

2026 1688 2302 1745 llirabiles
2333 1691 2595 1746 elationes
2625 1690 2823 1755 maris,
2853 1686 3123 1743 mirabilis
3184 1688 3240 1742 in
3271 1688 3515 1745 excelsis

1871 1753 1914 1807 Β
1946 1780 2229 1837 Dominus.

2024 1871 2361 1929 Testimonia
2416 1884 2526 1941 tua,
2564 1873 2817 1939 Domine,
2862 1872 3149 1929 credibilia
3194 1871 3333 1927 facta
3384 1881 3517 1927 sunt

1948 1965 2133 2021 nimis.

2022 2057 2254 2112 Domum
2280 2068 2453 2120 tuam,
2487 2058 2733 2124 Domine,
2756 2060 2918 2115 decet
2950 2056 3285 2121 sanctitudo,
3313 2058 3365 2113 in
3401 2058 3519 2113 lon-

1868 2162 1873 2169 ’
1950 2148 2255 2220 gitudinem
2290 2149 2525 2204 dierum.

1594 2308 1946 2373 PSALMUS
1972 2313 2195 2375 XCI".

474 2423 712 2465 rsuuus
744 2424 841 2465 usu
877 2410 897 2443 ³
929 2428 1112 2481 DAVID,
1145 2428 1359 2477 ousnn
1393 2432 1633 2471 suam.

342 2517 477 2572 Deus
527 2520 790 2573 ultionum
847 2520 1122 2591 Dominus,
1173 2524 1311 2579 Deus
1368 2527 1627 2582 ultionum
1684 2529 1842 2584 libere

280 2612 392 2681 egit.

341 2700 608 2758 Exaltare
642 2706 734 2776 qui
757 2707 972 2774 jadicas
1003 2714 1243 2761 terram:
1273 2708 1427 2762 redde
1456 2709 1847 2764 retributionem

280 2795 530 2861 superbis.
1700 2790 1707 2797 ’

344 2886 624 2960 Usquequo
657 2899 982 2961 peccatores,
1016 2891 1260 2957 Domine,
1294 2909 1560 2963 usquequo
1605 2902 1847 2964 peccato-

280 2994 352 3032 res
376 2982 755 3049 gloriabuntur
778 2983 803 3035 2

2159 2441 2394 2481 ΡεΑωιυε
2424 2442 2520 2483 IPSI
2552 2442 2740 2496 nmo,
2773 2441 2985 2490 ausura
3022 2441 3234 2480 suam
3266 2427 3308 2481 ⁷.

2022 2516 2165 2572 Deus
2197 2518 2466 2573 ultionum
2521 2518 2821 2583 Dominus,
2866 2517 3008 2574 Deus
3042 2517 3311 2573 ultionum
3345 2517 3517 2575 libere

1949 2608 2080 2678 egit.

2022 2701 2277 2757 Exaltare
2333 2702 2426 2773 qui
2468 2703 2686 2773 judicas
2720 2713 2919 2757 terram
2951 2720 2965 2757 :
3000 2700 3167 2759 redde
3198 2701 3518 2759 retributio—

1951 2807 2076 2847 nem
2108 2794 2385 2864 superbis.

2026 2884 2326 2957 Usquequo
2358 2893 2698 2956 peceatores,
2727 2884 2979 2951 Domine,
3006 2899 3295 2956 usquequo
3322 2884 3517 2956 pecca-

1950 2989 2100 3034 tores
2127 2977 2515 3048 gloriabuntur
2530 2977 2556 3031 ἳ

340 3068 416 3139 Et
433 3072 459 3141 ζ
490 3072 753 3141 fabuntur
779 3087 839 3127 -ι-
874 3083 925 3127 et
960 3076 982 3143 ζ
1034 3073 1311 3145 loquentur
1332 3074 1354 3105 ⁸
1398 3076 1749 3144 iniquitatem,
1778 3076 1844 3142 x
1874 3099 1919 3158 ο
2020 3070 2467 3127 Pronuntiabunt
2491 3110 2507 3137 ,
2545 3078 2599 3125 et
2634 3069 2928 3137 loquentur
2953 3067 2975 3097 ³
3007 3067 3352 3134 iniquitatem
3386 3085 3404 3125 ;
3438 3068 3519 3123 Io—

279 3167 550 3231 loquentur
574 3166 598 3233 ζ
627 3181 808 3219 omnes
836 3167 927 3235 qui
955 3176 1241 3236 operantur
1270 3167 1590 3236 injustitiam
1613 3167 1638 3219 Ρ

338 3258 607 3328 Populum
642 3266 816 3326 tuum,
859 3259 1097 3328 Domine,
1123 3259 1574 3315 humiliaverunt:
1614 3270 1662 3313 et
1683 3260 1845 3314 luere-

276 3350 486 3403 ditatem
522 3360 673 3403 tuam
702 3361 1043 3408 vexaverant.

350 3440 579 3495 Viduam
636 3456 686 3495 et
737 3445 989 3498 advenam
1046 3445 1459 3514 interfecerunt:
1500 3451 1551 3497 et
1603 3444 1840 3514 pupillos

278 3534 591 3587 occiderunt.

342 3626 407 3679 Et
438 3628 727 3693 dixerunt,
761 3624 882 3680 Non
916 3628 1102 3681 uidebit
1136 3627 1417 3689 Dominus,
1454 3643 1547 3682 nec
1586 3627 1843 3698 intelliget

278 3716 407 3771 Deus
441 3718 607 3775 Jacob
641 3720 686 3774 '.

335 3810 645 3883 Intelligite,
696 3814 1007 3885 insipientes
1037 3812 1121 3869 in'
1151 3815 1343 3885 populo
1372 3831 1392 3867 :
1455 3826 1504 3869 et
1542 3816 1694 3870 stulti
1738 3817 1843 3869 ali-

275 3908 480 3971 quando
498 3907 695 3975 sapite.
1310 3912 1319 3915 ⁴

342 3996 443 4062 Qui
470 3999 738 4064 plantavit
783 4014 988 4065 aurem,
1031 4015 1131 4052 non
1176 4000 1398 4054 audiet?
1440 4009 1530 4054 aut
1568 4001 1658 4070 qui
1688 4000 1845 4069 ﬁnxit

274 4090 499 4156 oculum,
536 4106 643 4143 non
674 4089 1014 4144 considerat?

338 4176 438 4240 Qui
464 4178 685 4245 corripit
714 4184 916 4245 gentes,
948 4194 1051 4232 non
1072 4188 1277 4249 arguet,
1300 4180 1393 4248 qui
1409 4179 1553 4234 docet
1581 4179 1841 4236 hominem

272 4268 537 4320 scientiam
557 4267 586 4319 .9

342 4358 597 4412 Dominus
611 4358 711 4412 scit
728 4358 1073 4429 cogitationes
1102 4360 1373 4413 hominum
1395 4376 1412 4414 :
1431 4364 1679 4431 quoniam
1696 4377 1845 4416 vana:

275 4461 415 4503 sunt.

337 4656 354 4686 ι
383 4654 662 4709 Palatinus
691 4667 793 4708 ms.
825 4662 883 4707 et
927 4652 1122 4721 Carus,
1203 4651 1439 4719 Quando
1485 4653 1713 4723 fundata
1765 4662 1841 4708 est

274 4734 531 4850 “argutis
559 4790 935 4864 diligenterin
966 4793 1162 4864 eodem
1222 4808 1326 4849 ms.
1360 4793 1745 4864 praepositione
1799 4795 1845 4849 E

273 4880 399 4919 veru
435 4862 719 4928 transﬁxa,
760 4863 935 4919 verbo
962 4862 1261 4918 levaverunt
1310 4862 1577 4919 astericus
1626 4879 1843 4934 praepo-

272 4936 445 4999 nitur,
475 4938 546 4991 ad
578 4937 730 4991 hunc
780 4934 1007 4989 modum
1033 4935 1165 5003 XE
1224 4935 1255 5003 ζ
1288 4934 1592 4989 levaverunt
1657 4933 1844 5002 ﬂumi-

273 5021 362 5105 Μί
391 5016 705 5131 ‘le’lrsonomen
734 5074 838 5145 ipsi
873 5073 1047 5128 Palat.
1081 5088 1182 5129 ms.
1220 5081 1379 5145 tacet.

340 5144 367 5180 ‘»
396 5144 524 5200 Sine
546 5146 724 5201 obelis
746 5142 1028 5199 Palatinus
1057 5158 1161 5198 ms.
1195 5152 1249 5198 et
1270 5143 1463 5205 Carus,
1498 5142 1839 5214 Eﬁ‘abuntur,

272 5226 318 5267 et
342 5214 625 5297 loquentur
654 5226 678 5268 :
716 5226 829 5267 tum
859 5230 957 5283 pro
983 5223 1270 5295 operantur
1300 5213 1843 5297 injustitiam,.repo-

272 5289 379 5339 suit
406 5287 464 5340 in
484 5287 681 5357 eodem
716 5287 1071 5357 ms.sequior
1094 5296 1290 5337 manus
1314 5296 1605 5351 operantur
1650 5287 1846 5357 iniqui-

273 5363 459 5409 tatem.
482 5355 748 5411 Hebraiee
772 5356 936 5408 etiam
971 5363 1053 5408 est
1082 5364 1188 5442 rut.

335 5444 357 5514 ἦ
390 5443 556 5514 Addit
589 5445 679 5499 hic
717 5441 862 5496 idem
889 5455 990 5495 nis.
1024 5441 1363 5514 Diapsalma.

340 5513 362 5543 '
390 5513 593 5584 Eadem
629 5528 798 5584 penes
830 5511 1140 5584 Augustin.‘
1161 5529 1224 5567 ac
1271 5511 1571 5568 Veronens.
1600 5528 1698 5567 ms.
1724 5516 1840 5583 epi-

270 5583 480 5649 graphe
510 5600 523 5637 ;
551 5582 787 5637 ΙηῩάὶεηι
817 5591 943 5636 ante
981 5582 1293 5647 Sabbntum,
1354 5586 1563 5653 quando
1618 5584 1839 5653 fundata

269 5660 343 5703 est
371 5659 540 5707 terra.
594 5654 700 5709 Sed
730 5663 786 5709 et
837 5654 955 5721 ipsc
1000 5662 1307 5718 contextus,
1369 5655 1541 5707 induit
1583 5653 1839 5707 Dominus

274 5722 657 5793 fortitudinem,
706 5737 748 5778 et
792 5726 1102 5793 pra’cinctus
1136 5734 1229 5777 est.
1273 5723 1479 5780 Etenim
1512 5726 1840 5792 conﬁrmavit

1948 3170 2191 3232 quentur
2224 3176 2418 3217 omnes
2450 3161 2543 3232 qui
2578 3167 2880 3230 operantur
2911 3157 3230 3228 injustitiam
3256 3159 3279 3212 ?

2021 3256 2291 3325 Populum
2326 3265 2504 3319 tuum,
2539 3253 2788 3317 Domine,
2820 3249 3254 3305 humiliaverunt
3283 3268 3295 3307 :
3324 3261 3376 3307 et
3407 3253 3518 3309 ha:-

1948 3348 2236 3404 reditatem
2278 3357 2426 3403 tuam
2459 3354 2821 3403 vexaverunt.

2016 3439 2245 3495 Viduam
2280 3450 2335 3496 et
2374 3439 2640 3494 advenam
2693 3436 3134 3505 interfecerunt;
3167 3449 3222 3495 et
3278 3439 3518 3509 pupillos

1946 3532 2288 3589 occiderunt.

2018 3624 2087 3678 Et
2134 3623 2397 3679 dixerunt
2425 3638 2440 3680 :
2472 3623 2592 3679 Non
2622 3623 2828 3679 videbit
2874 3624 3142 3680 Dominus
3173 3641 3187 3677 :
3220 3637 3401 3693 neque
3430 3622 3514 3676 in-

1951 3715 2161 3787 telliget
2187 3713 2332 3771 Deus
2360 3715 2550 3770 lacob.

2018 3808 2314 3880 lntelligite
2343 3824 2517 3872 nunc,
2541 3810 2636 3878 qui
2672 3809 2998 3879 insipientes
3021 3808 3154 3863 estis
3186 3809 3240 3862 in
3269 3805 3509 3877 populo:

1947 3912 2001 3956 et
2029 3900 2180 3956 stulti
2207 3899 2501 3969 aliquando
2527 3900 2723 3970 sapite.

2019 3991 2125 4059 Qui
2151 3991 2421 4062 plantavit
2443 4006 2656 4058 aurem,
2685 4006 2795 4045 non
2827 3992 3054 4047 audiet?
3081 3992 3174 4062 qui
3203 3990 3359 4047 tinxit
3379 4005 3513 4047 ocu-

1948 4084 2085 4152 lum,
2123 4098 2234 4138 non
2264 4082 2627 4138 considerat?
2661 4084 2757 4154 qui
2792 4084 3021 4154 corripit
3050 4092 3260 4154 gentes,
3291 4098 3401 4138 non
3430 4099 3517 4137 ar-

1951 4174 2124 4246 guet]?
2164 4176 2255 4245 qui
2284 4175 2443 4231 docet
2473 4174 2754 4231 hominem
2788 4176 3123 4232 scientiam?

2025 4360 2290 4416 Dominus
2320 4358 2475 4414 novit
2499 4359 2859 4428 cogitationes
2894 4358 3179 4413 hominum
3207 4379 3220 4415 :
3254 4362 3513 4429 quoniam

1877 4437 1920 4491 ί)
1949 4469 2101 4509 vanae
2130 4462 2283 4511 sunt.

1952 4660 2125 4714 orbem
2160 4666 2341 4721 terra,
2361 4666 2469 4709 etc.
2501 4654 2610 4709 Et:
2646 4652 2849 4726 Parata
2891 4668 2966 4710 est
2994 4658 3141 4710 sedes
3201 4666 3314 4723 tua,
3356 4658 3512 4726 Deus,

1950 4746 2015 4783 ea:
2048 4728 2164 4787 illo,
2188 4736 2237 4781 et
2258 4746 2289 4782 α
2312 4727 2505 4780 steculo
2526 4734 2582 4778 tu
2610 4740 2683 4778 es.
2714 4724 2852 4779 Tum
2880 4741 2988 4781 uno
3013 4728 3303 4796 interjecto
3332 4724 3513 4794 versu,

1948 4796 2222 4852 Mirabiles
2245 4808 2570 4867 suspensum
2605 4796 2772 4867 maris
2792 4805 2930 4859 etc.,
2958 4805 3036 4861 et,
3071 4795 3389 4852 Testimonia
3423 4808 3515 4853 tua

1947 4870 2145 4922 credita
2172 4864 2468 4937 facta'sunt
2498 4865 2679 4937 nimis.
2714 4864 2940 4937 Domum
2971 4875 3121 4918 tuam
3150 4872 3293 4921 decet
3320 4872 3519 4922 sancti-

1945 4939 2146 5004 ﬁcatio,
2173 4934 2425 5001 Domine,
2452 4937 2507 4988 in
2540 4934 2915 5003 longitudinem
2931 4938 3155 4992 dierum.

2019 5007 2039 5039 ⁷
2062 5007 2309 5078 Plurium
2359 5018 2591 5078 numero
2648 5004 2792 5078 idem
2826 5021 2967 5078 “rns.
3004 5014 3085 5078 ut,
3112 5016 3169 5060 et
3192 5010 3508 5078 Angustin.,

1949 5075 2325 5131 Sabbatorum.
2358 5075 2416 5128 ιη
2452 5082 2600 5145 textu
2622 5076 2791 5127 verba
2817 5074 2989 5145 libere
3007 5076 3135 5145 egit,
3164 5074 3304 5139 sive,
3328 5090 3385 5133 ut
3410 5082 3515 5133 Au-

1946 5155 2091 5215 gust.
2116 5146 2339 5211 ﬁdenter
2366 5147 2492 5213 egit,
2525 5143 2594 5195 ab
2617 5145 2809 5198 eodem
2847 5159 2949 5199 ms.
2982 5143 3193 5200 librarii
3224 5150 3511 5202 oscitantia

1944 5216 2285 5270 exciderunt.

2019 5306 2040 5336 ⁸
2074 5304 2375 5392 Yeronens.
2409 5319 2535 5371 ms.,
2570 5302 2924 5392 Respondent,
2955 5304 3377 5388 et.eloquentur:
3414 5319 3511 5370 pe-

1946 5389 2045 5429 nes
2078 5376 2309 5444 August.
2342 5374 2640 5444 loquentur.
2674 5374 2815 5428 ‘l‘um
2851 5391 2959 5429 uno
3008 5375 3293 5444 interiecto
3322 5387 3507 5439 versu,

1959 5444 2195 5515 Viduam,
2212 5454 2264 5515 et
2292 5445 2517 5515 pupillos
2541 5446 2931 5515 interfecerunt,
2957 5454 3005 5498 et
3026 5445 3341 5515 proselytum
3367 5444 3507 5515 occi-

1960 5462 2182 5499 Viauam
2215 5462 2264 5497 et
2292 5462 2517 5515 pupulas
2541 5462 2931 5515 interlecerunt,
2957 5462 3005 5498 et
3064 5462 3341 5515 rosetytum
3367 5462 3506 5495 accr-

1947 5518 2155 5568 derunt.
2182 5514 2246 5568 Et
2276 5526 2398 5582 post
2426 5516 2562 5571 duos
2583 5516 2863 5579 alios,Aut
2888 5516 2976 5582 qui
3003 5462 3157 5580 [fugit
3194 5513 3506 5581 (Augustin.

1945 5585 2123 5655 ﬁnxit)
2154 5586 2527 5655 oculum,qnon
2569 5585 2912 5639 considerat?
2956 5583 3042 5655 qui
3092 5583 3273 5655 erudit
3308 5592 3505 5655 gentes.

1948 5672 2051 5708 non
2083 5652 2289 5725 arguet,
2325 5653 2412 5719 qui
2443 5655 2589 5725 docet
2623 5656 2884 5707 hominem
2906 5652 3221 5725 sapientiam
3253 5652 3275 5704 ?
3306 5654 3506 5725 (Augu-

1948 5729 2074 5782 stin.
2118 5722 2412 5794 scientiam)
2442 5724 2692 5779 Dominus
2718 5728 2812 5777 seit
2843 5722 3204 5793 cogitationes,
3236 5733 3343 5779 ctc.
