3898 6172
390 270 486 336 311

464 397 656 451 Beatus
689 407 861 463 homo,
895 418 1045 471 quem
1078 418 1138 458 ~2—
1174 413 1227 457 tu
1263 408 1282 475 ζ

393 503 441 545 et
475 494 536 547 de
567 494 673 564 lege
706 504 798 549 tua
828 499 1063 552 docueris
1087 516 1227 554 eum.

461 583 527 640 Ut
563 588 770 657 mitiges
792 588 841 640 ei
874 604 907 640 a
940 589 1122 643 diebus
1158 592 1316 646 malis
1352 610 1370 647 :
1406 596 1568 650 donec
1596 598 1836 669 fodiatur
1857 617 1973 670 pec-

391 677 560 729 catori
585 676 755 734 fovea.

462 765 601 830 Quia
630 783 733 819 non
761 768 977 838 repellet
1010 769 1263 827 Dominus
1295 774 1493 843 plebem
1521 795 1675 832 suam
1696 796 1714 833 :
1743 790 1787 834 et
1811 782 1976 836 luere-

392 858 608 911 ditatem
639 875 794 912 suam
834 876 937 914 non
967 862 1312 933 derelinquet.

464 1042 813 1114 Quoadusque
847 1048 1062 1117 justitia
1106 1062 1448 1107 convertatur
1491 1057 1544 1109 in
1588 1058 1896 1127 judicium:
1927 1071 1975 1113 ct

386 1136 475 1202 qui
523 1134 685 1202 juxta
742 1136 939 1191 illam?
1019 1150 1198 1193 omnes
1249 1143 1340 1211 qui
1381 1152 1518 1196 recto
1576 1146 1891 1214 suntcorde
1931 1148 1973 1199 ².

390 1238 450 1277 -ε-
491 1224 818 1282 Drusum.
854 1230 876 1297 ζ

461 1317 591 1383 Quis
620 1332 897 1391 Consurget
924 1324 1049 1377 mihi
1074 1328 1321 1380 adversus
1354 1330 1705 1400 malignantes
1723 1332 1823 1386 ."+
1848 1332 1971 1401 aut:

384 1413 500 1479 quis
529 1413 690 1465 stabit
714 1430 914 1467 mecum
947 1420 1197 1473 adversus
1231 1433 1507 1491 operantes
1539 1425 1905 1493 iniquitatem.

465 1591 586 1645 Nisi
608 1596 733 1662 quia
760 1596 1014 1652 Dominus
1041 1600 1249 1668 adiuvit
1271 1617 1348 1655 me
1378 1618 1397 1656 :
1435 1604 1593 1675 paulo
1632 1607 1805 1657 minus
1828 1603 1977 1658 habi-

388 1692 549 1739 tasset
587 1688 639 1739 in
666 1688 868 1755 inferno
907 1690 1087 1742 anima
1127 1708 1265 1745 mea.

463 1778 523 1833 Si
567 1782 806 1834 dicebam
840 1798 857 1835 :
890 1782 1064 1835 Motus
1112 1794 1190 1837 est
1243 1801 1331 1853 pes
1388 1803 1567 1851 meus,
1611 1788 1971 1843 misericordia
2004 1765 2050 1823 Β

389 1883 504 1936 tua,
530 1874 772 1943 Domine,
809 1878 1100 1945 adjuuabat
1124 1895 1223 1933 nte.

459 1968 753 2023 Secundum
778 1972 1165 2026 multitudinem
1192 1974 1429 2029 dolorum
1462 1994 1698 2034 meorum
1724 1982 1779 2035 in
1814 1985 1974 2045 corde

388 2078 551 2127 meo,
623 2061 1013 2117 consolationes
1077 2076 1181 2121 tua!
1250 2066 1654 2135 lwtiﬁcaverunt
1732 2075 1971 2136 animum

386 2170 581 2208 meum.

458 2243 731 2315 Numquid
760 2249 993 2301 adliceret
1026 2249 1120 2303 tibi
1155 2250 1303 2306 sedes
1334 2252 1659 2323 iniquitatis,
1691 2256 1783 2326 qui
1812 2257 1971 2328 ﬁngis

386 2336 619 2401 laborem
652 2341 705 2391 in
735 2350 994 2410 praerepto
1024 2343 1049 2395 1’

457 2429 759 2500 Caplabunl
780 2435 833 2486 in
859 2436 1089 2487 animam
1104 2436 1278 2504 justi:
1306 2445 1355 2491 et
1380 2440 1689 2508 sanguinem
1726 2442 1974 2497 innocen-

389 2534 494 2577 tem
534 2527 978 2581 condemnabunt.

462 2617 533 2669 Et
562 2619 734 2687 [actus
767 2630 843 2675 est
874 2622 1001 2675 mihi
1048 2623 1301 2679 Dominus
1333 2626 1387 2679 in
1425 2627 1688 2701 refugium
1710 2645 1731 2683 :
1756 2637 1805 2683 et
1832 2628 1971 2685 Deus

388 2729 534 2766 meus
569 2714 624 2767 in
658 2716 985 2785 adjutorium
1010 2721 1119 2788 spei
1151 2737 1301 2775 metu.

466 2805 535 2861 Et
568 2808 748 2861 reddet
779 2809 884 2861 illis
920 2811 1257 2875 iniquitatem
1306 2815 1562 2883 ipsorum,
1595 2824 1644 2869 ct
1673 2816 1727 2871 in
1758 2816 1970 2870 malitia

385 2913 568 2951 eorum
604 2900 871 2969 disperdet
911 2903 933 2935 ³
961 2920 1069 2971 eos,
1103 2907 1170 2973 >θο<
1206 2906 1469 2975 disperdet
1498 2908 1615 2962 illos
1655 2910 1677 2979 ζ
1716 2908 1971 2964 Dominus

388 2988 529 3051 Deus
559 3002 752 3055 noster.

1672 2982 1678 2990 α

1313 286 1375 346 S.
1420 287 1867 350 lllERONYMl
1910 292 2176 353 DIVINA
2212 293 2743 355 BIBLIOTHECA.

1331 408 1610 472 erudieris,
1660 412 1878 466 Domine
1907 416 1920 445 ¹
1958 431 1977 467 :
2008 424 2049 475 A
2152 416 2354 471 Beatus
2408 416 2572 471 homo
2600 461 2614 483 ,
2647 430 2809 486 quem
2848 422 2904 469 tu
2933 412 3206 469 erudieris
3233 455 3248 480 ,
3306 411 3566 472 Domine:
3600 424 3655 468 et

3545 291 3648 353 332

2083 508 2152 562 de
2185 509 2302 580 lege
2334 518 2423 563 tua
2452 508 2712 563 docueris
2735 522 2885 570 eum,
2915 516 2978 561 ut
3010 506 3226 573 mitiges
3252 518 3380 558 eum
3415 518 3444 557 a
3473 503 3661 559 diebus

2082 600 2244 655 malis
2278 598 2532 665 ‘,'donec
2564 599 2806 654 fodiatur
2836 597 3111 667 peccatori
3150 595 3329 649 fovea.

2156 777 2294 844 Quia
2330 777 2452 850 [ms.
2484 776 2780 849 Quoniam]
2823 792 2930 831 non
2964 776 3194 848 repellet
3242 777 3513 831 Dominus
3536 777 3653 846 ple-

2084 868 2207 924 bem
2284 885 2439 924 suam
2494 888 2509 926 :
2584 878 2638 926 et
2690 869 3067 925 haereditatem
3120 884 3275 925 suam
3333 884 3445 923 non
3496 868 3653 925 dere-

2088 962 2321 1029 linquet.

2166 1054 2539 1124 Quoadusque
2569 1054 2777 1125 justitia
2811 1064 3169 1111 convertatur
3244 1055 3298 1109 in
3333 1052 3605 1125 judicium
3640 1069 3655 1111 :

2080 1154 2136 1199 ct
2170 1149 2264 1215 qui
2303 1155 2493 1201 tenent
2524 1147 2690 1201 eam?
2737 1161 2931 1201 omnes
2961 1147 3056 1217 qui
3090 1157 3243 1202 recto
3297 1157 3427 1202 sunt
3456 1144 3645 1201 corde.

2085 1234 2411 1290 Drusum.

2156 1330 2293 1396 Quis
2326 1338 2587 1399 exsurget
2636 1329 2771 1384 mihi
2805 1331 3071 1385 adversus
3119 1329 3521 1400 malignantes?
3568 1338 3661 1381 aut

2084 1424 2213 1493 quis
2260 1423 2427 1478 stabit
2472 1438 2687 1478 mecum
2743 1423 3013 1479 adversus
3058 1432 3354 1493 operantes
3399 1422 3661 1492 iniquita-

2081 1526 2188 1569 tem
2224 1515 2247 1568 ?

2151 1607 2268 1662 Nisi
2300 1608 2431 1678 quia
2466 1607 2735 1663 Dominus
2768 1607 3087 1677 adjuvasset
3116 1621 3203 1661 me
3232 1624 3245 1662 :
3280 1605 3443 1677 paulo
3476 1606 3664 1660 minus

2080 1702 2425 1757 habitaverat
2449 1704 2503 1758 in
2542 1702 2758 1758 inferno
2782 1703 2963 1757 anima
2994 1716 3136 1762 mea.

2162 1794 2218 1850 Si
2268 1795 2543 1861 dicebam,
2578 1805 2759 1849 motus
2788 1802 2871 1849 est
2902 1809 3001 1865 pes
3032 1809 3189 1849 meus
3229 1811 3244 1848 :
3279 1791 3663 1849 misericordia

2085 1898 2205 1958 tua,
2238 1888 2490 1953 Domine,
2530 1889 2827 1959 adjuvabat
2856 1904 2963 1944 me.
3649 1948 3657 1973 ι

2175 1982 2194 2012 ⁷
2229 1982 2542 2037 Secundum
2593 1982 3000 2037 multitudinem
3033 1980 3283 2036 dolorum
3320 1994 3574 2036 meorum
3609 1977 3663 2031 in

2090 2073 2260 2129 corde
2310 2090 2457 2138 meo,
2496 2076 2905 2130 consolationes
2948 2074 3363 2139 tuseybomine,
3414 2071 3668 2127 laetiﬁca-

2083 2175 2290 2221 verunt
2322 2168 2562 2221 animam
2594 2181 2795 2222 meam.

2159 2258 2439 2327 Numquid
2476 2260 2721 2314 adhaeret
2752 2258 2878 2331 [ms.
2910 2260 3112 2334 aderit]
3142 2260 3235 2315 tibi
3263 2260 3419 2316 sedes
3448 2258 3662 2330 iniqui«

2088 2351 2219 2404 tatis
2245 2350 2337 2417 qui
2372 2351 2532 2418 lingis
2562 2350 2811 2407 dolorem
2843 2368 2897 2406 In
2933 2352 3255 2428 praecepto?

2161 2442 2480 2512 Captahunt
2513 2444 2566 2497 in
2599 2444 3031 2515 animamjusti:
3065 2452 3121 2498 et
3143 2442 3466 2517 sanguinem
3501 2441 3671 2497 iuno.

2082 2544 2298 2588 eentem
2335 2532 2805 2587 condemnabam.

2152 2628 2221 2682 Et
2276 2627 2455 2681 lactus
2506 2638 2592 2681 est
2650 2626 2783 2679 mihi
2837 2626 3098 2682 Dominus
3146 2628 3201 2682 in
3257 2626 3665 2701 refugiumset

2082 2722 2227 2777 Deus
2253 2736 2408 2775 meus
2439 2722 2495 2775 in
2528 2721 2794 2775 auxilium
2829 2721 2946 2790 spei
2984 2736 3139 2775 meae.

2152 2817 2219 2869 Et
2254 2817 2447 2870 reddet
2477 2816 2583 2871 illis
2618 2817 2880 2870 Dominus
2911 2814 3235 2883 iniquitates
3265 2813 3515 2883 ipsorum
3550 2828 3569 2868 :
3608 2819 3664 2867 et

2074 2910 2131 2966 in
2184 2910 2397 2964 malitia
2428 2923 2623 2965 eorum
2659 2911 2679 2943 ⁸
2713 2909 2997 2980 disperdet
3036 2907 3160 2975 illos
3191 2907 3459 2962 Dominus
3508 2906 3667 2963 Deus

2078 3010 2293 3062 noster.

1749 3163 2112 3226 PSALMUS
2148 3165 2350 3228 XCIV.

708 3280 771 3320 -ἓ-
811 3282 944 3322 mus
975 3282 1186 3323 CANTICI
1224 3286 1325 3326 msr
1363 3271 1384 3301 “
1420 3288 1576 3327 eum
1612 3275 1634 3342 ζ

472 3379 679 3443 Venite,
716 3383 1038 3438 exsultemus
1078 3383 1306 3443 Domino
1333 3402 1352 3441 :
1374 3387 1663 3455 jubilemus
1698 3389 1804 3445 Deo
1825 3392 1975 3446 salu-

390 3473 499 3526 tari
527 3483 726 3526 nostra.

466 3566 905 3636 Prwoccupemus
929 3570 1119 3640 faciem
1142 3573 1259 3643 ejus
1286 3573 1341 3628 in
1368 3575 1692 3645 confessione
1712 3594 1731 3633 :
1772 3592 1834 3635 -ε-
1862 3589 1912 3634 et
1945 3581 1969 3647 ζ

391 3660 446 3713 in
472 3662 693 3729 psalmis
709 3664 997 3732 jubilemus
1024 3668 1092 3720 ei.

469 3753 740 3817 Quoniam
772 3756 905 3813 Deus
933 3774 1175 3827 magnus,
1214 3758 1491 3827 Dominus,
1521 3770 1572 3817 et
1604 3780 1698 3818 rex
1747 3781 1972 3836 magnus

392 3862 549 3914 super
579 3863 755 3899 omnes
785 3851 927 3901 deos.

466 3938 605 4003 Quia
647 3940 703 3991 in
734 3956 894 3992 manu
926 3942 1037 4011 ejus
1071 3953 1193 3997 sunt
1231 3945 1252 3975 ⁸
1300 3958 1476 4001 omnes
1514 3948 1647 4016 lines
1690 3959 1845 4007 terra:
1870 3968 1892 4007 :
1923 3962 1973 4006 et

397 4028 710 4091 altitudines
740 4033 995 4088 montium
1026 4036 1189 4103 ipsius
1220 4048 1367 4099 sunt.

459 4194 475 4223 ¹
507 4192 562 4246 S.
599 4192 715 4267 ipse
744 4192 905 4269 Pater
925 4194 996 4269 ad
1023 4195 1178 4269 hunc
1202 4198 1379 4269 locum
1408 4199 1461 4254 in
1480 4201 1708 4269 cpistola
1733 4203 1799 4257 ad
1831 4202 1973 4259 Sun-

399 4263 567 4324 uiam,
611 4263 718 4316 etc.
756 4281 769 4317 :
828 4281 858 4337 s
879 4266 1065 4320 Dicitis
1116 4269 1169 4320 in
1226 4266 1417 4323 Graeco
1459 4263 1566 4324 non
1597 4287 1739 4337 essu,
1774 4283 1830 4327 tu
1860 4294 1879 4329 :
1916 4284 1973 4331 et

330 4380 335 4387 .
398 4350 588 4416 verum
611 4345 734 4416 est;
767 4335 861 4416 sed
895 4337 1037 4416 apud
1066 4337 1291 4416 Latinos
1318 4352 1537 4416 propter
1567 4335 1841 4410 εὐφωὺίαν
1876 4362 1974 4416 p0-

401 4357 588 4414 xerum
611 4357 734 4399 uss;
767 4357 861 4389 seu
895 4357 1037 4405 aput]
1066 4357 1291 4393 Latinos
1318 4357 1537 4463 ρπὲδιθι·
1567 4357 1841 4410 ευφωνιαν
1876 4362 1971 4416 p0-

395 4415 569 4485 srtum
616 4414 725 4484 est.
751 4404 840 4485 “Si
882 4410 1037 4485 enim
1084 4408 1353 4485 dicamus,
1406 4420 1586 4485 eatur
1618 4416 1795 4477 homo,
1821 4433 1971 4485 quem

396 4475 717 4552 erudi_eris,_
738 4475 978 4552 Domine,
1027 4481 1446 4552 compositionis
1497 4475 1971 4552 elegantiam'non

398 4544 644 4624 liabehit.
676 4544 1247 4624 thuandoudieit‘ur,
1278 4550 1518 4617 Domine,
1547 4544 1603 4606 ei
1639 4558 1971 4624 apostropha

396 4614 458 4663 tit
490 4616 557 4666 ad
609 4614 926 4680 Dominum,
957 4617 1095 4671 nihil
1124 4628 1285 4672 nocet
1318 4614 1527 4687 sensui,
1568 4624 1613 4677 si
1648 4614 1887 4691 ponatur
1921 4638 1972 4681 et

391 4694 472 4736 tu.
501 4701 523 4736 ι

469 4757 489 4784 ¹
525 4757 797 4822 lteposuit
846 4757 1069 4826 sequior
1098 4773 1293 4814 manus
1325 4760 1376 4814 in
1429 4763 1679 4819 Palatino
1712 4780 1814 4821 ms.
1851 4784 1976 4820 con-

394 4836 648 4880 vertatur.
688 4828 791 4891 Qui
825 4830 1181 4905 subsequitur
1213 4832 1426 4905 obelus,
1456 4844 1571 4905 tum
1596 4846 1649 4889 et
1676 4837 1770 4905 qui
1799 4838 1975 4892 altero

402 4911 559 4950 versu
592 4908 683 4950 aut
718 4900 1000 4967 particulae
1036 4900 1350 4967 praeﬁgitur,
1387 4905 1439 4955 in
1475 4904 1668 4958 eodem
1693 4900 1807 4959 'Ins.
1831 4910 1976 4962 desi-

397 4966 695 5047 derantur.
726 4970 969 5047 Denique
1002 4966 1308 5038 insequi-uti
1354 4974 1484 5032 alio.
1532 4976 1787 5031 habitavit
1840 4980 1975 5047 legi-

398 5049 509 5101 tur,
550 5054 647 5106 pro
677 5040 987 5093 habitasset.

467 5107 489 5147 ³
519 5109 965 5186 Pru'positiouem
994 5113 1191 5181 prioris
1222 5114 1377 5168 verbi
1404 5115 1667 5186 disperdet
1695 5119 1978 5175 Palatinus

391 5192 494 5232 ms.
527 5183 692 5235 obelo
724 5192 1014 5248 pl‘tBllOlut.

464 5260 484 5324 ὲ
522 5251 689 5324 Iacet
714 5254 856 5306 idem
892 5268 993 5306 ms.
1028 5270 1326 5323 pronomen
1352 5258 1470 5324 ipsi.

460 5323 488 5401 "
516 5323 614 5375 llic
640 5332 1008 5401 quoquensunt
1041 5333 1266 5401 verbum
1295 5323 1437 5401 idem
1467 5344 1568 5383 ms.
1605 5337 1767 5395 tacet,
1799 5346 1977 5401 neque

390 5393 443 5445 in
478 5393 596 5462 ipso
631 5406 814 5447 tamen
841 5392 1031 5449 Graeco
1067 5406 1214 5451 textu
1240 5397 1491 5453 habetur.

465 5464 691 5535 ‘Penes
723 5466 1089 5533 Augustinum
1123 5476 1177 5520 et
1207 5465 1508 5523 Veronens.
1543 5484 1672 5535 ms.,
1725 5488 1756 5524 a
1795 5472 1975 5526 diebus

394 5534 642 5603 malignis
666 5550 684 5587 :
712 5546 823 5587 tum
858 5552 967 5589 uno
999 5538 1284 5608 inter-jecto
1313 5553 1495 5600 versu,
1525 5542 1616 5608 qui
1638 5541 1825 5593 habent
1854 5559 1973 5597 eam

388 5620 566 5678 omnes
599 5614 740 5678 recto
771 5614 894 5658 sunt
926 5606 1103 5665 corde.
1137 5617 1302 5674 atque
1338 5609 1445 5661 alio
1495 5606 1827 5678 insequenti,
1878 5624 1973 5666 aut

390 5675 506 5752 quis
540 5677 801 5752 consiste_t_
818 5678 947 5729 mihi
971 5678 1243 5746 adversus,
1278 5688 1383 5734 etc.
1422 5675 1657 5750 denique
1692 5675 1837 5752 mox,
1877 5686 1971 5738 ad-

390 5744 543 5812 juvit,
578 5760 676 5813 pro
710 5746 1031 5815 adjuvasset.

2003 3283 2051 3345 C

2437 3294 2572 3335 usus
2629 3292 2843 3333 curret
2894 3292 2997 3333 res:
3050 3290 3212 3331 nmo
3248 3276 3296 3330 θ.

2148 3392 2368 3458 Venite,
2400 3393 2744 3449 exsultemus
2778 3393 3011 3446 Domino
3040 3406 3054 3443 :
3080 3390 3385 3461 jubilemus
3419 3388 3536 3445 Deo
3566 3404 3667 3445 sa-

2075 3482 2243 3538 lutari
2282 3484 2409 3555 [ms.
2448 3482 2732 3555 salvatori]
2766 3492 2979 3537 nostro.

2145 3576 2608 3645 Prmoccupemus
2637 3574 2833 3629 faciem
2863 3572 2985 3644 ejus
3010 3572 3065 3627 in
3090 3573 3440 3629 confessione
3467 3587 3486 3627 :
3518 3581 3578 3628 et
3610 3572 3666 3627 in

2075 3668 2300 3737 psalmis
2330 3666 2629 3737 jubilemus
2655 3666 2729 3720 ei.

2145 3760 2419 3827 Quoniam
2452 3759 2597 3815 Deus
2639 3774 2874 3829 magnus
2902 3757 3031 3833 [ms.
3064 3757 3192 3813 add.
3222 3756 3330 3829 est]
3362 3757 3665 3822 Dominus,

2074 3862 2130 3909 et
2157 3868 2251 3907 rex
2286 3868 2513 3915 insanus
2542 3867 2708 3924 super
2738 3866 2930 3905 omnes
2956 3850 3111 3905 deos.

2152 3948 2430 4014 Quoniam
2485 3949 2592 4003 n‘on
2644 3947 2876 4015 repellet
2926 3945 3191 4001 Dominus
3226 3946 3441 4016 plebem
3476 3960 3665 4008 suam,

2075 4040 2201 4110 quia
2231 4038 2355 4110 [ms.
2383 4033 2665 4108 quoniam]
2695 4038 2749 4090 in
2782 4051 2946 4091 manu
2977 4036 3098 4106 ejus
3124 4045 3254 4090 sunt
3279 4050 3473 4091 omnes
3503 4036 3551 4067 ¹⁹
3594 4036 3666 4089 ti-

2140 4202 2161 4227 "
2192 4199 2525 4270 Pratponunt
2550 4198 2640 4253 hic
2672 4196 2985 4270 iidemqlihri
3014 4195 3256 4270 Domine,
3287 4194 3429 4265 quod
3456 4210 3665 4251 nomen

2078 4271 2168 4327 ubi
2194 4268 2553 4339 subsequenti
2586 4268 3174 4339 hemistichiolegitnr,
3202 4274 3404 4339 tacent.

2139 4343 2161 4373 ⁸
2196 4337 2497 4397 Veronens.
2526 4340 2688 4403 liber,
2722 4337 2789 4391 Et
2817 4338 2997 4391 reddet
3026 4338 3151 4404 ipsis
3190 4337 3436 4389 Dominus
3466 4350 3661 4388 secun-

2076 4414 2203 4465 dum
2225 4412 2558 4481 iniquitatem
2583 4411 2834 4480 (August.
2859 4409 3041 4478 opera)
3058 4424 3258 4471 eorum,
3287 4414 3334 4458 et
3360 4408 3661 4457 secundum

2078 4483 2341 4536 malitiam
2375 4497 2577 4543 eorum,
2603 4489 2710 4533 etc.

2144 4556 2163 4585 ⁹
2202 4554 2441 4606 Romana
2472 4552 2638 4618 hujus
2681 4548 2879 4603 Psalmi
2922 4547 3095 4602 editio
3124 4544 3284 4604 estin
3326 4552 3668 4619 quotidiana

2002 4656 2055 4717 υ
2080 4624 2432 4717 ecstantes
2450 4636 2590 4717 1's!-

2159 4694 2204 4724 ὀ
2244 4691 2416 4745 Verba
2447 4708 2566 4744 sunt
2596 4707 2795 4754 omnes,
2844 4687 3149 4745 Veronens.
3178 4707 3279 4745 ms.
3307 4707 3461 4760 a'que
3496 4700 3671 4761 atque

2086 4765 2427 4833 Augustinus
2449 4770 2662 4833 tacent:
2684 4762 2871 4830 legunt
2892 4777 3056 4829 porro
3080 4764 3243 4831 ipsius
3264 4772 3407 4823 sunt,
3432 4778 3530 4830 pro
3552 4764 3671 4827 ipse

2088 4832 2362 4903 conspicit.
2395 4834 2505 4887 Nec
2532 4832 2637 4885 nisi
2670 4847 2781 4885 uno
2808 4840 2989 4903 atque
3027 4833 3202 4886 altero
3235 4836 3405 4885 verbo
3436 4838 3488 4884 in
3525 4833 3672 4903 reli-

2084 4901 2589 4976 quis‘dissentiunt.
2623 4911 2669 4953 et
2696 4901 2907 4976 aridam
2938 4904 3131 4970 (penes
3151 4904 3451 4976 Augustin.
3496 4902 3671 4955 addi-

2085 4972 2176 5030 t'ur
2202 4974 2420 5041 terram)
2454 4986 2644 5025 manus
2672 4974 2783 5039 ejus
2810 4973 3099 5039 ﬁnxerunt.
3149 4972 3323 5025 Venite
3352 4972 3667 5034 adoremus,

2084 5057 2131 5100 et
2188 5054 2588 5116 prosternamur
2633 5044 3395 5116 _(Augus_tin.dprocidamus;
3452 5043 3674 5097 fallitur

2085 5111 2233 5172 enim
2273 5114 2605 5167 Veronensis
2630 5111 2877 5166 Psalterii
2908 5112 3111 5177 editor,
3145 5116 3238 5181 qui
3265 5129 3387 5167 cum
3420 5127 3488 5167 eo
3512 5128 3676 5167 asse-

2086 5200 2156 5241 l‘ll
2183 5185 2553 5252 Augustinum
2590 5182 2907 5236 consentire
2945 5182 2998 5235 in
3027 5184 3129 5237 hoc
3164 5184 3355 5251 verbo)
3388 5188 3432 5235 ci
3466 5193 3513 5233 et
3539 5186 3671 5250 plo—

2087 5275 2261 5311 remus
2296 5266 2417 5310 ante
2466 5253 2772 5314 Dominum,
2803 5254 2895 5320 qui
2941 5253 3062 5320 fecit
3102 5270 3194 5306 nos
3223 5270 3237 5318 ;
3270 5255 3517 5321 quoniam
3552 5254 3676 5320 ipse

2084 5338 2158 5382 est
2192 5327 2446 5381 Dominus
2481 5324 2619 5376 Deus
2654 5332 2830 5376 noster
2851 5338 2871 5375 :
2918 5332 2969 5375 et
2995 5340 3087 5377 nos
3130 5328 3290 5392 (Aug.
3332 5339 3425 5375 nos
3460 5327 3671 5393 autem)

2082 5399 2308 5469 populus
2342 5411 2551 5469 pascua:
2581 5396 2715 5469 eius,
2754 5403 2811 5469 et
2836 5408 2949 5447 oves
2986 5396 3043 5447 in
3102 5409 3289 5469 manus
3340 5394 3671 5465 (Augustin.

2082 5463 2229 5523 recte
2266 5463 2541 5535 manuum)
2581 5466 2716 5533 ejus.
2769 5463 2907 5517 Tum
2965 5479 3076 5518 uno
3130 5463 3419 5532 interjeeto
3475 5477 3669 5527 versu,

2080 5539 2228 5593 Sient
2262 5540 2315 5590 in
2352 5538 2740 5589 amancatione
2768 5548 2789 5588 :
2837 5550 2949 5603 quo
2979 5535 3047 5590 de
3098 5535 3367 5589 vocabulo
3402 5535 3673 5603 superius

2078 5611 2321 5663 diximus
2349 5608 2414 5660 ad
2453 5607 2596 5660 Psal.
2632 5622 2733 5660 va
2766 5615 2929 5675 atque
2958 5606 3113 5660 alibi.
3149 5604 3398 5673 Denique
3433 5608 3490 5657 in
3528 5604 3673 5671 line,

2075 5695 2280 5749 semper
2312 5680 2400 5731 isti
2431 5686 2609 5731 errant
2654 5677 2830 5731 corde.
2886 5677 2952 5731 Et
3001 5677 3099 5747 ipsi
3146 5692 3248 5730 non
3278 5685 3671 5749 cognorerunt1

2072 5764 2175 5808 εις.
