3898 6172
253 262 357 326 313

1508 274 1741 332 LIBER
1788 275 2286 365 PSAMIORUM.

3420 288 3527 354 314

316 380 585 446 Quoniam
624 385 636 412 ¹
679 384 843 449 ἑι-δῑιις
884 394 959 436 est
996 402 1165 450 mare,
1200 394 1246 438 et
1280 386 1392 456 ipse
1423 386 1545 453 fecit
1575 388 1751 442 illud:
1784 397 1831 441 et
1866 398 1903 450 Α
1939 409 2033 448 nes
2063 403 2221 448 terra:
2247 414 2260 450 :
2291 404 2345 450 et
2375 396 2700 451 altitudines
2753 399 3019 453 montium
3066 400 3183 467 ipse
3215 401 3509 467 conSpicit.

245 474 431 525 siccam
461 492 653 527 manus
685 477 798 544 ejus
828 476 1207 545 formaverunt.

312 561 509 624 Venite,
546 565 850 625 adoremus,
882 574 927 618 et
954 567 1309 633 procidamus,
1332 577 1378 620 et
1418 581 1479 621 σεο
1519 570 1538 599 ²
1566 568 1829 635 ploremus

247 663 364 707 ante
395 654 703 719 Dominum,
734 658 824 725 qui
856 658 977 726 fecit
1002 673 1137 710 nos:
1169 660 1291 728 quia
1324 660 1433 729 ipse
1461 671 1533 713 est
1570 678 1619 714 ut
1650 661 1831 715 Domi-

248 761 346 796 nus
377 745 398 813 ζ
450 743 588 796 Deus
617 755 815 800 noster.

316 834 380 889 Et
411 852 505 887 nos
546 837 776 905 populus
808 853 1019 903 pascua'
1051 839 1185 909 ejus,
1217 848 1266 892 et
1299 856 1415 894 oves
1448 856 1636 894 manus
1666 840 1782 910 ejus
1808 857 1826 894 :

246 927 388 979 hodie
419 930 466 980 si
494 944 677 980 vocent
700 928 811 996 ejus
840 930 1140 992 audieritis,
1178 930 1345 985 nolite
1377 931 1638 985 obdurare
1666 932 1825 984 corda

245 1027 429 1072 vestra.

310 1109 455 1163 Sicut
490 1112 547 1163 in
591 1110 899 1164 irritatione
942 1110 1228 1165 secundum
1259 1113 1398 1166 diem
1433 1113 1738 1166 tentationis
1770 1116 1825 1167 in

245 1206 437 1257 deserta
448 1246 459 1256 .
1584 1276 1595 1284 ’

309 1296 406 1351 Ubi
434 1306 768 1351 tentarerunt
809 1314 892 1351 me
915 1308 1095 1369 patres
1164 1300 1349 1361 vestri,
1403 1298 1760 1367 probaverunt
1805 1299 1825 1329 ³

246 1404 294 1443 σς-
323 1406 401 1442 me
436 1391 458 1459 ζ
497 1403 546 1443 et
582 1392 826 1444 ridcrunt
857 1408 1017 1461 opera
1048 1408 1182 1447 mea.

305 1483 690 1551 Quadraginta
727 1486 883 1537 annis
911 1486 1137 1555 offensus
1176 1486 1259 1553 [ui
1293 1484 1617 1555 generationi
1642 1484 1745 1548 illi,
1775 1494 1822 1537 et

242 1575 339 1627 dixi
388 1590 401 1601 '
442 1574 670 1644 Semper
694 1578 747 1629 lii
776 1576 797 1607 ³
842 1589 1023 1631 errant
1056 1579 1233 1631 corde.

303 1665 365 1718 Et
394 1667 483 1718 isti
510 1682 617 1719 non
641 1676 995 1737 cognoverunt
1024 1668 1138 1721 vias
1165 1684 1327 1731 meas,
1352 1675 1411 1721 ut
1434 1669 1621 1739 juravi
1654 1670 1710 1723 in
1738 1670 1821 1722 ira

241 1775 381 1814 mea:
410 1763 459 1813 si
487 1762 785 1817 introibant
813 1764 866 1817 in
896 1762 1130 1833 requiem
1163 1779 1357 1817 meam.

2013 483 2279 546 Quoniam
2310 486 2480 552 ipsius
2510 496 2593 541 est
2629 502 2779 540 mare
2806 529 2820 551 ,
2851 498 2903 540 et
2937 489 3050 557 ipse
3090 486 3219 542 l'eeit
3246 486 3379 540 illud
3407 500 3421 537 :
3466 497 3524 539 et

1939 575 2149 627 aridam
2186 574 2562 631 fundaverant
2594 594 2790 633 manus
2821 580 2962 647 ejus.

2017 662 2231 725 Venite,
2269 666 2563 719 adoremus
2590 708 2603 729 ,
2649 676 2705 722 et
2741 670 3095 737 procidamus
3148 675 3277 719 ante
3326 666 3522 727 Deum,

1941 755 2217 823 ploremus
2245 772 2428 809 coram
2470 758 2700 812 Domino
2724 801 2737 821 ,
2771 762 2865 829 qui
2905 759 3033 813 fecit
3066 773 3162 811 nos
3192 774 3207 811 :
3246 759 3375 827 quia
3406 758 3525 825 ipse

1936 859 2012 898 est
2048 846 2311 899 Dominus
2334 848 2476 899 Deus
2506 857 2715 913 noster,
2751 864 2851 903 nos
2913 858 3098 903 autem
3124 849 3361 917 populus
3379 848 3523 918 ejus,
3567 860 3573 863 '

1935 947 1990 991 et
2020 952 2152 989 Oves
2182 952 2399 1005 pascuus
2430 939 2573 1007 ejus.

2011 1028 2183 1082 llodie
2215 1031 2257 1082 si
2297 1044 2484 1083 vocem
2524 1030 2643 1083 eius
2669 1027 3000 1087 audieritis;
3037 1029 3211 1083 nolite
3239 1028 3514 1085 obdurare

1935 1121 2099 1175 corda
2129 1130 2327 1175 vestra.

2008 1213 2165 1268 Sicut
2214 1215 2265 1267 in
2311 1215 2740 1271 exacerbatione
2789 1216 3094 1270 secundum
3143 1214 3288 1269 diem
3337 1221 3516 1268 tenta-

1936 1307 2102 1361 tionis
2134 1308 2186 1359 in
2219 1308 2461 1370 deserto,
2488 1309 2579 1363 ubi
2616 1317 2969 1364 tentaverunt
2991 1322 3076 1361 me
3105 1316 3289 1377 patres
3315 1305 3508 1367 vestri:

1932 1400 2323 1469 probaverunt,
2354 1411 2409 1455 et
2444 1402 2703 1455 viderunt
2736 1416 2903 1470 opera
2938 1415 3080 1454 mea.

2005 1488 2373 1558 Quadraginta
2392 1490 2552 1543 annis
2574 1492 2857 1560 proximus
2882 1489 2954 1543 lui
2985 1487 3324 1557 generationi
3349 1488 3505 1545 huic:

1930 1591 1985 1634 et
2015 1581 2119 1633 dixi
2150 1598 2163 1633 :
2202 1582 2431 1649 Semper
2460 1582 2518 1634 hi
2552 1592 2743 1635 errant
2774 1582 2964 1635 corde.

2001 1672 2108 1741 Ipsi
2141 1688 2273 1725 vero
2326 1688 2433 1725 non
2467 1683 2838 1741 cognoverunt
2888 1673 3005 1726 vias
3052 1688 3242 1736 meas,
3292 1674 3497 1741 quibus

1846 1763 1888 1817 Β
1915 1762 2094 1831 juravi
2128 1763 2181 1815 in
2210 1763 2286 1815 ira
2320 1778 2439 1816 mea
2465 1778 2478 1815 :
2505 1765 2550 1817 si
2586 1763 2895 1820 introibunt
2924 1765 2976 1816 in
3012 1765 3263 1831 requiem
3298 1780 3499 1819 meam.

1594 1923 1951 1985 PSALMUS
1990 1925 2161 1985 XCV.

245 2059 515 2108 +oosaoo
550 2060 728 2103 nouus
762 2060 1170 2101 .saotricsanun
1196 2060 1330 2099 POS’I‘
1359 2056 1766 2098 carrivi'rneu
1799 2040 1819 2063 °

708 2133 979 2172 CANTKCUM
1013 2132 1110 2171 IPSI
1148 2132 1330 2169 DAVID.

289 2228 508 2283 Caritate
565 2230 789 2283 Domino
849 2228 1117 2283 canticum
1176 2243 1367 2281 novum
1406 2239 1424 2278 :
1458 2230 1671 2277 cantate
1703 2221 1812 2276 Do-

243 2324 385 2389 mino,
410 2327 581 2376 omnis
618 2336 788 2377 terra.

295 2414 512 2468 Cantate
537 2414 789 2481 Domino,
820 2428 883 2470 ψ
923 2416 942 2445 ⁸
974 2423 1023 2467 et
1067 2414 1088 2480 ζ
1126 2412 1411 2467 benedicite
1444 2409 1648 2464 nomini
1672 2408 1809 2479 ejus,

241 2510 537 2560 cuutmtiale
568 2509 636 2560 de
670 2509 753 2560 die
783 2509 836 2560 in
872 2508 1011 2559 diem
1035 2504 1277 2559 salutare
1300 2505 1435 2575 ejus.

292 2600 616 2651 Annuntiate
645 2600 783 2651 inter
814 2609 989 2668 gentes
1023 2600 1250 2669 gloriam
1299 2598 1411 2667 ejus
1443 2612 1462 2651 :
1490 2597 1546 2649 in
1570 2593 1810 2649 omnibus

236 2692 429 2765 populi:
462 2692 733 2745 mirabilia
771 2692 907 2761 ejus.

294 2784 554 2848 Quoniam
602 2799 828 2850 magnus
871 2782 1142 2845 Dominus,
1199 2790 1249 2835 et
1280 2778 1567 2833 laudabilis
1600 2779 1754 2833 nimis
1786 2792 1805 2831 :

238 2876 467 2928 terribilis
491 2885 569 2928 est
604 2876 625 2905 ⁶
657 2891 815 2944 super
840 2892 1019 2928 omnes
1050 2875 1194 2927 deos.

289 2966 552 3030 Quoniam
585 2983 767 3020 omnes
810 2968 884 3021 dii
925 2969 1159 3036 gentium
1203 2965 1467 3019 dwmonia
1493 2977 1513 3017 :
1550 2964 1803 3017 Dominus

236 3070 391 3111 autem
426 3058 590 3113 caelos
626 3059 772 3128 fecit.

295 3149 563 3217 Confessio
584 3160 635 3203 et
658 3150 993 3219 pulchritudo
1018 3151 1075 3204 in
1102 3159 1383 3219 conspectu
1419 3151 1534 3220 ejus
1554 3165 1573 3203 :
1608 3150 1807 3204 sancti-
1833 3136 1876 3196 C
1984 3142 2267 3199 Confessio
2296 3154 2353 3200 et
2375 3145 2729 3214 pulchritudo
2751 3147 2804 3201 in
2830 3150 3126 3217 conspectu
3151 3150 3273 3219 ejus

237 3248 391 3296 monia
425 3253 475 3296 et
512 3243 910 3312 magniﬁcentia
934 3245 985 3296 in
1010 3243 1426 3313 sanctiﬁcatione
1447 3246 1561 3315 ejus
1591 3243 1635 3298 ⁷.

301 3336 497 3403 Aﬂerte
538 3336 786 3399 Domino,
837 3336 1027 3399 patrirc
1066 3338 1321 3404 gentium,
1364 3337 1546 3407 aﬂ'erte
1578 3335 1805 3390 Domino

235 3428 439 3495 gloriam
469 3440 520 3482 et
553 3428 804 3483 honorem
834 3443 854 3485 :
884 3429 1073 3498 afferte
1104 3428 1332 3483 Domino
1354 3429 1579 3500 gloriam
1605 3432 1803 3483 nomint

238 3517 351 3583 ejus.

298 3609 474 3663 Tollite
523 3611 745 3676 hostias,
780 3622 831 3666 et
866 3613 1084 3667 introite
1114 3613 1167 3665 in
1201 3615 1345 3667 atria
1392 3612 1506 3683 ejus
1533 3629 1552 3666 :
1584 3610 1804 3666 adorate

242 3698 508 3757 Dominum
537 3704 595 3756 in
619 3705 759 3757 atrio
786 3714 971 3758 sancto
1000 3707 1137 3775 ejus.

292 3791 686 3849 Cammaveatur
713 3814 745 3849 a
777 3798 911 3865 facie
939 3799 1050 3867 ejus
1079 3799 1330 3853 universa
1363 3808 1505 3853 terra
1524 3815 1543 3854 :
1564 3800 1725 3855 dicite
1746 3801 1802 3853 in

235 3888 471 3952 gentibus,
503 3901 569 3944 -ε-
591 3888 721 3958 quia
747 3889 773 3958 ζ
812 3888 1062 3944 Dominus
1096 3892 1357 3961 regnavit.

303 4153 317 4183 ³
352 4153 630 4209 Immerito
647 4154 992 4211 Martianasus
1015 4155 1332 4210 adverbium
1356 4154 1622 4220 Quoniam
1644 4155 1801 4209 obelo

236 4223 559 4295 confoderat,
591 4228 738 4293 quod
762 4228 866 4295 hic
911 4228 1138 4294 pariter,
1173 4236 1339 4295 atque
1366 4225 1642 4293 superiori
1671 4240 1801 4293 pro-

236 4293 360 4347 xime
387 4310 574 4353 versu,
624 4297 678 4347 in
731 4293 977 4360 Hebraeo,
1016 4304 1170 4357 'nm,
1240 4293 1506 4349 vocabulo
1556 4305 1797 4349 resonat.

236 4360 331 4416 Nos
382 4366 449 4416 de
500 4367 807 4417 amovenda
860 4367 949 4418 illa
1010 4376 1136 4417 nota
1193 4364 1472 4417 Palatinus
1533 4365 1648 4433 ipse
1695 4380 1795 4416 ms.

234 4435 546 4489 admonuit:
582 4437 636 4488 in
689 4450 799 4502 quo
831 4444 1097 4503 pmtcrea
1123 4435 1282 4497 sicca,
1315 4448 1414 4503 pro
1442 4435 1634 4487 siccam
1664 4434 1798 4503 legi-

239 4513 332 4554 ΗΓ.

296 4576 315 4605 ¹
347 4572 520 4648 Hunc,
563 4584 620 4629 et
674 4575 768 4648 qui
798 4574 1048 4639 proxime
1074 4574 1347 4648 sequitur,
1376 4574 1596 4628 obelum
1642 4573 1788 4626 idem

232 4657 323 4695 ms.
349 4647 485 4697 haud
520 4645 710 4698 tamen
745 4659 893 4700 nunc
923 4654 1093 4704 recte,
1131 4645 1359 4698 omittit.

298 4714 318 4744 ³
342 4714 524 4783 Neque
549 4718 637 4768 hic
670 4721 809 4769 bene
844 4717 1169 4768 asteriscum
1202 4716 1258 4767 in
1288 4714 1535 4769 Palatino
1566 4729 1667 4769 ms.
1703 4729 1794 4769 se-

231 4784 377 4851 quior
405 4802 597 4839 manus
628 4786 869 4839 induxit.

295 4854 315 4884 δ
366 4854 623 4909 Voculam
657 4858 733 4918 hi,
777 4869 902 4925 quae
930 4870 1106 4924 neque
1138 4856 1190 4908 in
1222 4854 1411 4911 Graeco
1442 4866 1548 4919 est,
1580 4864 1637 4907 et
1666 4855 1793 4910 sub-

234 4929 463 4995 sequenti
492 4943 657 4981 versu
688 4940 992 4995 pronomen
1034 4941 1202 4992 meas,
1234 4929 1376 4979 idem
1414 4943 1514 4979 nis.
1552 4931 1788 4990 ignorat.

298 4998 319 5027 ⁸
354 4994 574 5050 Rectius
608 4994 735 5051 cuiu
768 4996 929 5051 obolo
960 4997 1128 5065 ipsam
1168 5006 1225 5050 et
1255 4998 1505 5066 c0pulaut
1533 4995 1786 5065 ⁸Ρξιιείιὶη.

236 5080 323 5117 ius.
367 5071 754 5129 praetenuittit.

294 5135 314 5165 ‘
348 5135 580 5191 Verbum
620 5136 1025 5191 substantivum
1058 5137 1218 5192 obelo
1248 5148 1520 5205 prsenotat
1550 5140 1787 5194 Palatin.

234 5222 350 5273 ms.;
384 5210 437 5261 in
465 5209 694 5262 Hebraeo
716 5222 813 5274 pro
838 5223 905 5261 eo
930 5217 1013 5261 est
1051 5218 1151 5268 mn
1180 5210 1294 5265 ille.

299 5279 315 5307 "
342 5279 626 5348 Subjungit
668 5280 813 5332 idem
846 5293 949 5332 ms.
984 5280 1315 5345 Diapsalma.

298 5349 319 5380 '
368 5350 425 5403 ln
465 5350 766 5404 Veronensi
820 5364 922 5403 ms.
976 5351 1259 5406 Canticum
1289 5354 1388 5420 ipsi
1439 5350 1629 5414 David,
1670 5366 1791 5419 qum

236 5428 404 5475 tamen
452 5420 613 5475 verba
661 5422 889 5488 reliquae
918 5422 1290 5487 inscriptioni,
1341 5433 1398 5475 ut
1426 5430 1511 5475 est
1544 5426 1598 5473 in
1628 5422 1795 5473 Galli-

234 5504 382 5555 cana,
416 5503 846 5559 postponuntur.
878 5491 939 5545 ln
971 5504 1122 5546 textu
1146 5494 1320 5545 altero
1351 5507 1535 5552 versu,
1567 5490 1795 5543 Caritate

236 5561 473 5624 Domino,
510 5563 792 5616 benedicite
824 5579 1015 5616 nomen
1048 5578 1185 5631 ejus,
1227 5562 1354 5615 bene
1390 5563 1630 5614 nuntiate
1658 5564 1795 5614 diem

234 5647 289 5681 ετ
312 5636 391 5683 die
412 5633 649 5687 salutare
671 5634 818 5701 ejus:
844 5633 1311 5706 quemadmodum
1340 5643 1395 5688 ct
1418 5647 1586 5703 penes
1614 5632 1793 5700 Augu-

238 5716 445 5759 mnum.

1932 2054 2196 2095 CANTICUM
2228 2054 2389 2096 DAVID
2423 2040 2465 2107 8,
2503 2056 2713 2104 QUANDO
2744 2057 2916 2097 DOMUS
2940 2057 3347 2097 AEDIFlCADATUR
3373 2058 3506 2098 POST

2500 2128 2928 2167 CAPTIVITATEII.

1988 2224 2221 2280 Cantate
2258 2225 2491 2280 Domino
2519 2226 2796 2281 canticum
2849 2240 3051 2280 novum
3079 2270 3094 2293 ,
3132 2235 3356 2283 cantate
3386 2228 3499 2283 Do-

1913 2317 2088 2381 mino,
2122 2319 2304 2370 omnis
2342 2327 2513 2371 terra.

1979 2408 2208 2462 Cantate
2245 2410 2500 2473 Domino,
2526 2419 2580 2464 et
2614 2410 2930 2466 benedicite
2958 2427 3159 2468 nomen
3186 2414 3327 2482 ejus,
3359 2415 3503 2472 bene

1911 2501 2163 2554 nuntiate
2192 2500 2259 2554 de
2289 2500 2376 2554 die
2402 2501 2453 2553 in
2484 2501 2630 2555 diem
2664 2504 2909 2558 salutare
2939 2504 3082 2572 ejus.

1981 2592 2318 2645 Annuntiate
2350 2591 2494 2645 inter
2529 2602 2719 2662 gentes
2743 2595 2970 2663 gloriam
3010 2597 3130 2666 ejus
3171 2599 3232 2651 ’τ
3278 2598 3332 2652 in
3383 2613 3507 2652 om-

1914 2678 2081 2733 nibus
2119 2680 2335 2749 populis
2367 2682 2639 2736 mirabilia
2666 2683 2805 2752 ejus.
3308 2734 3315 2743 .

1982 2774 2249 2838 Quoniam
2280 2789 2509 2843 magnus
2548 2774 2819 2829 Dominus
2847 2816 2864 2843 ,
2903 2788 2959 2831 et
2991 2778 3286 2834 laudabilis
3336 2780 3506 2836 nimis

1912 2864 2051 2937 [ms.
2084 2866 2238 2919 valde
2275 2863 2320 2936 1;
2368 2867 2631 2922 terribilis
2669 2877 2753 2924 est
2783 2884 2948 2939 super
2970 2886 3162 2926 omnes
3201 2873 3358 2927 deos.

1976 2958 2242 3023 Quoniam
2278 2957 2401 3030 [ms.
2438 2959 2616 3032 quia]
2646 2975 2836 3016 omnes
2865 2961 2944 3017 dii
3007 2965 3252 3035 gentium
3301 2965 3503 3020 daemo-

1911 3051 2001 3105 nia
2037 3067 2052 3105 :
2087 3051 2349 3105 Dominus
2381 3062 2580 3115 autem:
2606 3053 2774 3108 cmlos
2815 3052 2963 3109 fecit.

3320 3166 3501 3206 25311·

1907 3240 2067 3293 ctitas
2104 3248 2156 3292 et
2184 3239 2587 3309 magniﬁcentia
2634 3240 2691 3293 in
2726 3240 3166 3295 sanctiﬁcatione
3200 3243 3345 3311 ejus.

1966 3329 2171 3384 All‘erte
2207 3331 2480 3385 Domino:
2512 3332 2703 3399 patria:
2733 3335 3000 3401 gentium,
3037 3333 3225 3388 all‘erte
3258 3334 3491 3389 Domino

1904 3422 2129 3492 gloriam
2164 3431 2217 3477 et
2237 3422 2502 3478 honorem
2533 3439 2547 3479 :
2574 3423 2766 3478 all‘erte
2790 3422 3263 3495 Dominogloriam
3287 3429 3497 3483 nomini

1905 3513 2051 3582 ejus.

1975 3605 2171 3662 Tollite
2211 3606 2438 3670 hostias,
2473 3616 2529 3663 et
2589 3609 2876 3665 introiteiu
2904 3610 3041 3665 atria
3063 3610 3223 3681 ejus:
3261 3610 3491 3667 adorato

1904 3697 2194 3753 Dominum
2221 3700 2276 3753 in
2309 3699 2431 3753 aula
2455 3708 2642 3755 saneta
2667 3702 2806 3770 ejus.

1974 3789 2396 3846 Commoveatur
2423 3808 2453 3846 a
2478 3792 2613 3847 facie
2639 3795 2758 3862 ejus
2788 3797 3041 3855 universa
3079 3813 3220 3858 terra
3259 3819 3274 3858 :
3316 3806 3484 3860 dit-ite

1902 3884 1959 3941 in
1997 3882 2338 3938 nationibus:
2367 3882 2626 3939 Dominus
2656 3890 2902 3957 regnavit
2929 3906 2958 3945 a
2987 3892 3136 3962 ligno
3164 3896 3205 3927 ¹ο
3240 3914 3253 3950 :
3287 3900 3485 3952 etenim

1903 3977 2141 4031 correxit
2173 3974 2363 4031 orbem
2400 3985 2579 4043 terras,
2621 3994 2714 4049 qut
2746 3996 2854 4035 non
2915 3988 3371 4043 commovebitur.

1963 4156 1984 4188 ’
2018 4154 2176 4240 Prius
2202 4157 2348 4239 istud
2378 4158 2808 4240 hemistichium,
2836 4165 3167 4221 Annuntiate
3188 4170 3327 4223 inter
3352 4188 3478 4240 gen-

1904 4235 1980 4301 tes
2011 4227 2240 4301 gloriam
2269 4228 2404 4296 ejus,
2428 4237 2496 4301 ut
2528 4242 2584 4283 et
2631 4231 2764 4286 illud
2796 4227 3043 4301 quatuor
3076 4240 3279 4294 abhinc
3314 4227 3485 4295 γὸτδί-

1904 4296 2259 4378 ὺυελΤοΙῑίιε
2301 4300 2537 4379 hostias;
2557 4310 2623 4379 et_
2654 4296 2871 4379 int_r_oiie
2904 4307 2958 4357 in
2988 4310 3127 4379 atria
3170 4311 3306 4372 eius,
3338 4313 3481 4379 quod

1903 4368 2130 4447 sequior
2186 4383 2402 4447 manus
2435 4369 2670 4436 suilecit,
2731 4372 3061 4447 Veronensis
3113 4368 3482 4447 antiquarios,

1903 4438 2151 4506 ejusdem
2179 4438 2331 4490 vocis
2353 4439 2466 4506 ejus
2494 4454 2721 4494 recursu
2751 4443 3037 4509 deceptus,
3064 4438 3289 4501 solemni
3319 4438 3485 4503 libra;

1829 4500 1875 4556 D
1904 4500 2133 4586 riorum.
2164 4508 2313 4586 lapsu
2374 4500 2744 4575 przetermisit.
2814 4500 2968 4586 μελέη
3003 4500 3164 4582 porro
3222 4500 3479 4586 hoeipsfo

1896 4592 2083 4656 versu,
2117 4578 2169 4629 in
2198 4578 2336 4629 atrio
2358 4586 2565 4643 sancto,
2602 4595 2702 4649 pro
2732 4582 2863 4635 aula
2888 4578 3096 4652 Sancta,
3117 4589 3268 4656 juxta
3299 4578 3485 4660 Augu-

1897 4657 2128 4699 stutum.

1962 4718 2005 4747 ‘°
2045 4718 2268 4798 Addunt
2304 4718 2402 4798 has
2433 4731 2596 4798 voces
2631 4736 2684 4798 a_
2713 4720 3152 4798 lignopleraque
3203 4726 3308 4779 alia
3364 4740 3486 4798 post

1897 4785 2205 4860 Romanum
2239 4788 2427 4840 Lotina
2460 4785 3079 4858 Psalteria,—Gotliieum,
3103 4785 3476 4860 Carnutcuse.

1900 4858 2598 4931 San-Germanense,etc.,
2625 4862 2846 4931 etquod
2881 4877 3039 4915 nemo
3066 4869 3259 4931 nescit,
3296 4883 3361 4920 ac
3390 4858 3470 4923 rei

1899 4939 2063 4994 eaput
2093 4936 2197 4988 est,
2225 4944 2285 4980 ea
2310 4929 2519 4989 omnia,
2555 4930 2758 4996 quibus
2784 4931 2865 4983 usi
2895 4942 3019 4984 sunt
3045 4929 3265 4990 veteres
3291 4936 3471 4992 Latini

1900 4997 2108 5076 Patres,
2143 4996 2541 5076 'l‘ertulliattus,
2585 4998 2926 5076 l_.aetantius,
2968 5005 3269 5071 Arnobius,
3295 5010 3478 5076 Augu-

1900 5069 2100 5129 Stinus,
2163 5068 2543 5147 Cassiodorus,
2594 5070 2917 5147 beopapa,
2955 5084 3119 5142 atque
3168 5068 3283 5142 alii,
3335 5068 3477 5147 quos

1901 5141 2254 5212 recensetqui
2285 5136 2428 5212 hanc
2448 5136 2920 5193 translatitiam'ae
2940 5136 3101 5212 vul'go
3133 5136 3472 5200 notissimam

1900 5207 2327 5275 disputationem
2357 5207 2620 5269 inierunt.
2655 5212 2796 5264 Sunt
2830 5226 2993 5275 porro
3023 5207 3105 5268 liae
3134 5232 3294 5271 voces
3326 5227 3381 5269 et
3416 5219 3470 5269 in

1902 5274 2203 5348 Veroneusi
2237 5291 2339 5328 ms.
2367 5279 2511 5345 quod
2542 5281 2681 5335 nihil
2714 5284 2969 5348 equidem
2994 5286 3195 5339 mirum
3220 5294 3338 5339 est:
3370 5286 3472 5337 mi-

1902 5362 2024 5399 rum
2085 5347 2195 5398 imo
2241 5358 2406 5411 esset,
2462 5350 2505 5401 si
2537 5347 3010 5407 desiderarentur.
3048 5354 3124 5408 Ex
3151 5358 3252 5409 hoc
3282 5368 3465 5408 autem

1901 5418 2001 5484 ipsi
2034 5431 2278 5489 nuperos
2304 5420 2422 5484 ejus
2456 5420 2638 5474 editor
2670 5422 2799 5475 libri
2835 5427 3137 5486 contendit,
3176 5426 3378 5489 Italam,
3407 5436 3469 5479 ut

1903 5498 2083 5552 vocat,
2116 5487 2425 5559 versionem
2455 5490 2742 5544 manifesto
2771 5506 2912 5557 esse,
2942 5509 3061 5559 quia:
3106 5498 3158 5546 in
3187 5508 3250 5546 eo
3291 5487 3468 5549 conti-

1902 5568 2085 5609 netur.
2115 5557 2277 5626 Ergo,
2311 5560 2532 5625 inquam
2562 5576 2683 5629 ego,
2711 5572 2764 5614 et
2786 5577 2906 5625 qua:
2931 5557 3093 5614 modo
3119 5564 3468 5620 laudavimus

1903 5630 2030 5692 alia,
2068 5644 2238 5695 eaque
2270 5629 2503 5682 invicem
2542 5633 2758 5684 diversa
2800 5630 3083 5696 Psalteria,
3119 5633 3307 5688 Italam
3348 5651 3465 5689 vere

1905 5716 2112 5755 sionem
2146 5699 2429 5767 exhibent,
2466 5701 2732 5769 siquidem
2762 5712 2813 5755 et
2844 5699 3141 5761 lectionem
3178 5708 3318 5764 hanc
3349 5724 3467 5764 scr-
