3958 6176
296 270 407 335 317

1532 272 1765 332 LIBER
1829 273 1966 332 PSA
1982 273 2332 333 LMORUM.

3448 270 3553 338 313

370 381 611 437 Salvavit
662 380 762 433 sibi
811 385 1027 435 dextera
1079 382 1211 451 ejus,
1258 390 1305 435 et
1339 381 1606 435 brachium
1636 392 1877 436 sanctum
1909 391 1951 445 Α
2055 385 2293 440 Salvavit
2344 397 2470 438 eum
2503 381 2730 438 dextera
2769 383 2889 452 ejus
2941 381 2985 449 ⁸,
3020 388 3075 437 et
3103 379 3386 437 brachium
3424 397 3550 437 san-

295 494 436 549 ejus.

375 567 579 621 Notum
613 565 736 634 fecit
774 564 1025 619 Dominus
1058 567 1297 620 salutare
1323 582 1477 619 suum
1506 581 1524 619 :
1571 568 1627 618 in
1660 580 1876 632 conspe-

301 670 388 712 ctu
419 659 654 729 gentium
683 657 934 712 reuelauit
961 658 1233 725 justitiam
1258 674 1434 711 suam.

371 738 697 802 Recordatus
739 758 815 801 est
842 750 1217 803 misericordia:
1247 765 1380 814 suae,
1415 760 1466 803 et
1502 749 1741 803 veritatis
1766 763 1877 802 sua:

298 842 477 896 domui
512 840 705 894 Israel.

380 932 631 986 Viderunt
656 947 834 985 omnes
858 932 1072 985 termini
1100 940 1252 986 terra:
1280 933 1518 985 salutare
1562 930 1657 984 Dei
1686 930 1875 983 nostri.

368 1024 604 1079 .lubilate
640 1023 749 1077 Deo
789 1025 959 1078 omnis
989 1032 1133 1078 terra
1170 1040 1188 1079 :
1230 1034 1466 1088 cantate,
1512 1034 1562 1076 et
1592 1027 1874 1085 exsultate,

298 1130 347 1170 et
383 1116 617 1184 psallite.

374 1207 605 1263 l’sallite
653 1208 875 1262 Domino
919 1210 973 1261 in
1024 1209 1256 1272 cithara,
1287 1212 1352 1276 Χ
1412 1210 1466 1262 in
1515 1208 1779 1274 cithara:
1830 1217 1880 1261 et

298 1321 423 1357 voce
466 1303 657 1372 psalmi
692 1303 745 1354 in
772 1304 907 1355 tubis
937 1304 952 1334 ¹
984 1315 1045 1356 οι-
1088 1301 1365 1355 ductilibus

299 1409 523 1448 εοηιεω.

370 1486 612 1540 Jubilate
629 1486 685 1540 in
711 1494 987 1556 conspectu
1013 1487 1150 1555 regis
1170 1485 1419 1540 Domini:
1440 1496 1710 1542 moueatur
1736 1501 1885 1541 mare

1979 486 2128 531 etum
2152 478 2291 546 ejus.

2049 571 2246 624 Notum
2285 570 2411 626 fecit
2446 570 2709 626 Dominus
2745 569 2985 625 salutare
3010 581 3213 623 suum:
3242 574 3368 622 ante
3420 579 3553 620 con-

1977 672 2222 733 speetum
2251 665 2491 734 gentium
2520 663 2782 718 revelavit
2810 661 3078 730 justitiam
3136 676 3315 716 suam.

2053 755 2259 810 Memor
2287 756 2390 810 fuit
2412 756 2801 811 misericordia:
2840 770 2950 809 suae
2978 754 3195 822 Jacob‘,
3223 764 3279 810 et
3308 756 3559 811 veritatis

1981 863 2095 902 suae
2119 847 2307 902 domui
2335 848 2522 903 Israel.

2056 938 2317 993 Viderunt
2341 951 2534 993 omnes
2561 937 2698 993 lines
2723 945 2881 993 terra!
2922 937 3157 992 salutare
3196 936 3299 1003 ,Dei
3329 938 3503 994 nostri
3535 954 3549 991 :

1978 1031 2209 1101 jubilate
2246 1030 2356 1085 Deo
2381 1030 2562 1086 omnis
2598 1040 2767 1095 terra,
2799 1037 3041 1095 cantate,
3082 1039 3139 1084 et
3166 1030 3465 1098 exsultate,
3498 1040 3560 1085 et

1984 1124 2222 1193 psallite.

2057 1215 2277 1269 Psallite
2304 1214 2415 1270 Deo
2436 1223 2623 1271 nostro
2652 1216 2707 1270 in
2739 1214 2969 1279 cithara,
3000 1221 3055 1269 et
3082 1196 3313 1279 cithara,
3336 1222 3394 1268 et
3421 1226 3555 1267 voce

1412 1302 1436 1372 1
1490 1309 1541 1355 et
1590 1315 1713 1354 eoeo
1747 1300 1883 1356 tubae
1985 1305 2177 1376 psalmi
2206 1306 2261 1360 in
2294 1305 2442 1361 tubis
2463 1306 2779 1374 duetilibus,
2811 1316 2866 1362 et
2907 1321 3039 1361 voce
3105 1305 3252 1360 tubas
3280 1318 3498 1361 corneae
3539 1322 3557 1361 :

1983 1399 2214 1470 jubilate
2249 1401 2302 1454 in
2361 1407 2660 1469 conspectu
2726 1400 2873 1469 regis
2908 1399 3163 1454 Domino.

2058 1489 2336 1546 Moveatur
2367 1505 2520 1546 mare
2557 1498 2612 1546 et
2638 1490 2936 1560 Iplenitudo
2993 1489 3138 1560 ejus,
3193 1488 3346 1545 orbis
3396 1496 3566 1544 terra-

303 1592 353 1634 et
376 1580 648 1649 plenitudo
673 1578 809 1648 ejus,
838 1580 981 1634 orbis
1003 1593 1067 1636 -ι-
1096 1590 1365 1633 'errarunt
1395 1580 1417 1650 1
1445 1590 1496 1633 et
1523 1582 1619 1650 qui
1644 1580 1886 1633 habitant
1987 1597 2132 1650 rum,
2164 1591 2219 1638 et
2256 1582 2499 1639 universi
2532 1583 2627 1653 qui
2659 1582 2910 1638 habitant
2952 1582 3008 1636 in
3040 1594 3128 1637 ea.

306 1676 358 1725 in
387 1688 469 1724 eo.

379 1762 637 1816 Flumina
686 1761 937 1832 plaudent
979 1777 1139 1814 manu
1185 1760 1365 1822 simul,
1421 1770 1619 1813 montes
1647 1759 1882 1813 exsulta-
1914 1731 1961 1791 Β
2060 1759 2308 1815 Flumina
2366 1757 2629 1830 plaudent
2699 1756 2818 1831 [ms.
2847 1755 3164 1830 plaudeant]
3198 1756 3450 1812 manibus
3512 1749 3569 1809 in

309 1858 436 1910 bunt
465 1873 499 1909 a
533 1861 817 1923 conspectu
865 1849 1076 1905 Domini
1124 1865 1144 1903 :
1194 1849 1443 1921 quoniam
1474 1850 1611 1903 venit
1642 1849 1881 1911 iudicare

309 1956 530 2001 terrain.

375 2035 651 2091 Iudicabit
677 2036 852 2089 orbem
875 2048 939 2091 σι-
974 2042 1240 2090 terrarum
1275 2032 1298 2099 1
1327 2033 1381 2086 in
1411 2032 1627 2102 justitia
1651 2050 1670 2087 :
1701 2043 1754 2087 et
1790 2050 1885 2103 po-

305 2128 457 2199 pulos
483 2128 540 2183 in
570 2129 842 2198 aequitate.

1989 1852 2468 1922 idipsum,montes
2493 1850 2908 1907 exsultaverunt
2936 1859 3065 1906 ante
3094 1850 3288 1905 faciem
3310 1847 3524 1904 Domini
3552 1862 3573 1902 :

1991 1945 2250 2015 quoniam
2286 1944 2458 2012 venit,
2489 1943 2748 2016 quoniam
2776 1945 2928 1999 venit
2973 1943 3217 2016 judicare
3267 1950 3496 1997 terram.

2060 2034 2544 2092 ludicabitorbem
2568 2044 2729 2091 terras
2758 2035 2812 2090 in
2848 2034 3092 2104 iustitia,
3125 2041 3180 2089 et
3220 2032 3454 2103 populos
3513 2032 3569 2095 in

1996 2129 2280 2199 aequitate.
2350 2188 2353 2191 _

1642 2281 1888 2344 PSALM
1901 2284 2000 2346 US
2041 2287 2305 2349 XCVIII.

710 2386 775 2428 σι-
807 2384 1041 2427 manus
1071 2385 1171 2424 ">51
1208 2371 1229 2401 '
1259 2385 1419 2424 sum
1450 2372 1472 2440 1

388 2466 650 2521 Dominus
702 2465 960 2536 regnavit,
1015 2463 1319 2515 irascantur
1348 2461 1578 2532 populi:
1616 2463 1705 2531 qui
1756 2460 1899 2515 sedet

316 2576 475 2630 super
504 2556 799 2623 cherubim,
837 2562 1106 2609 moueatur
1138 2561 1302 2607 terra.

391 2736 655 2792 Dominus
676 2736 731 2789 in
763 2734 888 2790 Sion
909 2748 1133 2805 magnus
1163 2745 1248 2786 :et
1276 2731 1511 2788 excelsus
1543 2749 1699 2804 super
1720 2748 1898 2787 omnes

321 2830 573 2900 populos.

392 2922 767 2991 Conﬁteantur
779 2921 981 2976 nomini
1012 2929 1103 2974 tuo
1132 2934 1346 2988 magno,
1374 2933 1436 2974 -ι-
1459 2919 1713 2989 quoniam
1742 2918 1765 2988 1
1790 2924 1898 2971 ter-

2299 2387 2530 2429 PSALIUS
2558 2385 2717 2427 Dura
2773 2369 2898 2443 [ms.
2924 2384 3026 2425 IPSI
3054 2369 3263 2439 eum].

2070 2465 2336 2520 Dominus
2362 2464 2630 2534 regnavit,
2669 2462 2978 2517 irascantur
3005 2459 3189 2530 populi
3218 2476 3232 2513 :
3264 2458 3356 2528 qui
3414 2458 3573 2513 sedes

1999 2557 2489 2627 supercberubim,
2528 2563 2810 2611 moveatur
2833 2565 2977 2608 terra
3015 2552 3576 2624 [ms.commoveatur

2000 2648 2192 2721 mare].

2073 2743 2338 2798 Dominus
2388 2741 2444 2795 in
2497 2738 2630 2795 Sion
2693 2746 3053 2807 magnus:et
3109 2735 3360 2791 excelsus
3413 2751 3577 2805 super

2003 2850 2194 2890 onmes
2216 2832 2446 2903 populos
2472 2831 2514 2886 ⁸.

2073 2926 2453 2982 Conﬁteantur
2481 2923 2690 2980 nomini
2714 2932 2809 2978 tuo
2829 2935 3028 2992 magno
3055 2930 3112 2977 et
3146 2920 3405 2989 terribili,
3441 2935 3579 2990 quo.

322 3016 479 3068 ribile
507 3023 557 3069 el
597 3021 840 3069 sanctum
880 3021 955 3066 εει
985 3025 1006 3065 ε
1050 3021 1100 3065 ει
1141 3011 1308 3064 honor
1337 3012 1471 3082 regis
1508 3010 1775 3081 judicium
1822 3010 1903 3064 αἱ·
1930 3010 1975 3069 C
2008 3019 2155 3073 niam
2178 3026 2426 3073 sanctum
2449 3026 2575 3082 est;
2607 3022 2660 3071 et
2693 3014 2873 3070 honor
2911 3013 3054 3083 regis
3080 3012 3346 3084 judicium
3376 3012 3574 3082 diligit.

326 3107 464 3175 ligit.

395 3194 478 3249 Tu
508 3193 716 3263 parasti
751 3193 1058 3248 directiones
1104 3209 1123 3249 :
1169 3192 1431 3261 judicium
1462 3201 1512 3245 et
1547 3191 1818 3262 justitiam
1845 3192 1899 3261 in

324 3284 492 3340 Jacob
525 3293 584 3337 tu
613 3284 783 3352 fecisti
812 3283 855 3338 ⁸.

400 3377 657 3432 Exallate
680 3376 962 3431 Dominum
991 3374 1156 3431 Deum
1179 3383 1438 3443 nostrum,
1462 3384 1512 3430 et
1539 3376 1764 3430 adorate
1782 3391 1902 3431 sca-

327 3473 521 3528 bellum
545 3471 735 3541 pedum
763 3475 876 3543 ejus
906 3484 926 3522 :
963 3483 1025 3524 σι-
1053 3472 1303 3539 quoniam
1335 3468 1359 3538 1
1388 3477 1632 3523 sanctum
1662 3477 1762 3523 est.

400 3563 610 3634 Moyses
642 3572 690 3617 et
712 3562 896 3616 Aaron
931 3561 989 3615 in
1020 3561 1372 3615 sacerdotibus
1410 3562 1525 3630 eius
1551 3577 1571 3617 .'
1604 3571 1655 3625 et
1684 3560 1902 3617 Samuel

328 3657 472 3707 inter
501 3670 610 3719 eos,
646 3654 737 3722 qui
772 3652 1020 3705 invocant
1050 3666 1238 3705 nomen
1274 3651 1409 3718 ejus.

400 3743 724 3799 Invocabant
764 3742 1069 3805 Dominum,
1104 3750 1153 3797 et
1195 3742 1307 3812 ipse
1337 3742 1651 3798 exaudiebat
1687 3758 1772 3798 eos
1796 3760 1816 3799 :
1847 3746 1903 3798 in

329 3838 578 3891 columna
602 3838 752 3889 nubis
781 3834 1091 3906 loquebatur
1114 3833 1185 3889 ad
1206 3849 1313 3887 eos.

402 3929 778 3983 Custodiebant
804 3928 1102 3982 testimonia
1132 3927 1246 3995 eius
1271 3942 1290 3981 :
1323 3937 1374 3979 et
1404 3916 1744 3997 praceplum,
1768 3934 1905 3998 quod

327 4023 476 4075 dedit
503 4022 631 4075 illis.

410 4116 634 4168 Domine
660 4113 794 4167 Deus
823 4123 1020 4180 noster,
1077 4119 1136 4166 tu
1180 4112 1501 4167 exaudiebas
1549 4129 1636 4168 eos
1688 4128 1708 4168 :
1766 4112 1907 4168 Deus

334 4220 395 4261 -ιν
430 4216 485 4258 tu
529 4205 551 4274 1
586 4204 845 4274 propitius
865 4204 1010 4273 fuisti
1038 4203 1208 4270 eis,'et
1235 4200 1489 4257 ulciscens
1508 4204 1562 4257 in
1584 4216 1646 4259 -ι-
1678 4201 1903 4271 omnes1

330 4298 729 4352 adinventiones
757 4310 963 4349 eorum.

2080 3194 2161 3249 Tu
2193 3193 2397 3265 parasti
2427 3191 2742 3263 aequitatem
2777 3206 2793 3246 :
2815 3188 3085 3263 judicium
3118 3198 3175 3247 et
3221 3191 3488 3262 justitiam
3520 3188 3577 3244 in

2006 3284 2174 3343 Jacob
2228 3296 2285 3340 tu
2328 3285 2530 3341 iecisti.

2076 3377 2324 3432 Exaltate
2361 3375 2653 3432 Dominum
2698 3375 2873 3432 Deum
2931 3383 3181 3432 nostrum
3217 3381 3323 3432 :et
3353 3373 3578 3429 adorato

2006 3470 2304 3527 scabellum
2332 3468 2531 3537 pedum
2562 3469 2680 3539 ejus
2712 3468 3012 3537 :quoniam
3047 3476 3292 3522 sanctum
3322 3475 3430 3521 est.

2074 3562 2284 3633 Moyses
2309 3569 2365 3616 et
2391 3562 2574 3615 Aaron
2591 3560 2648 3615 in
2671 3557 3047 3614 sacerdotibus
3072 3558 3193 3628 ejus
3222 3570 3239 3609 :
3265 3566 3321 3611 et
3352 3553 3573 3611 Samuel

2006 3655 2151 3710 inter
2208 3667 2332 3720 eos,
2383 3652 2479 3722 qui
2530 3652 2785 3706 invocant
2817 3665 3021 3705 nomen
3043 3650 3189 3720 ejus.

2079 3746 2413 3801 Invocabant
2451 3742 2765 3810 Dominum,
2795 3751 2852 3797 et
2872 3743 2989 3811 ipse
3012 3741 3335 3796 exaudiebat
3364 3754 3459 3794 eos
3481 3756 3497 3794 :
3522 3748 3579 3792 et

2006 3840 2066 3892 in
2097 3838 2350 3891 columna
2389 3835 2551 3889 nubis
2574 3834 2901 3903 loquebatur
2925 3833 2991 3887 ad
3025 3847 3144 3888 eos.

2080 3927 2484 3984 Custodiebant
2515 3927 2826 3982 testimonia
2861 3926 2979 3997 ejus
3007 3941 3022 3984 ;
3048 3933 3103 3980 et
3132 3932 3400 3994 praecepta
3436 3922 3577 3993 ejus.

2009 4035 2131 4089 qua
2173 4018 2401 4074 dederat
2437 4017 2626 4072 illis'.

2080 4111 2310 4168 Domine
2334 4110 2476 4166 Deus
2504 4118 2713 4176 noster,
2744 4118 2802 4163 tu
2857 4104 3192 4163 exaudiebas
3231 4119 3328 4165 eos
3357 4122 3373 4160 :
3410 4104 3575 4168 Deus,

2014 4217 2073 4260 tu
2104 4204 2374 4275 propitius
2402 4201 2554 4258 luisti
2572 4200 2700 4268 illis,
2723 4211 2781 4257 et
2801 4198 3086 4255 vindicans
3108 4198 3164 4253 in
3196 4196 3377 4252 omnia
3402 4195 3577 4250 studia

2013 4311 2229 4352 eorum.

398 4389 655 4443 Exaltate
691 4388 974 4442 Dominum
1008 4385 1181 4440 Deum
1213 4393 1473 4451 nostrum,
1520 4396 1567 4440 et
1604 4386 1825 4440 adorate
1854 4386 1911 4440 in
1941 4358 1987 4414 θ
2087 4388 2335 4443 Exaltate
2371 4384 2657 4440 Dominum
2687 4383 2859 4438 Deum
2896 4393 3169 4445 nostrum.
3199 4394 3255 4437 et
3280 4381 3501 4436 adorato
3527 4378 3582 4433 in

333 4494 511 4539 monte
538 4491 720 4538 sancto
748 4480 865 4550 ejus
888 4494 908 4535 :
949 4479 1198 4548 quoniam
1240 4484 1451 4532 sanctus
1479 4475 1737 4531 Dominus
1771 4476 1909 4531 Deus

334 4586 538 4632 noster.

406 4730 423 4758 ¹
454 4725 638 4782 Minus
678 4739 820 4781 nene
854 4723 1111 4793 Palatia.
1149 4736 1252 4777 ms.
1303 4722 1395 4778 hic
1439 4722 1658 4779 obelum
1687 4733 1911 4793 praeter-

336 4798 533 4860 mittit,
561 4805 624 4849 et
656 4794 968 4862 Diapsalma
1002 4794 1059 4847 in
1086 4792 1197 4862 line
1229 4807 1422 4848 versus
1455 4792 1733 4850 subnectit
1767 4811 1782 4851 :
1819 4797 1913 4849 de-

333 4881 489 4922 mum
519 4861 882 4933 subsequ’enti
915 4878 1100 4931 versu,
1132 4861 1359 4916 Domino
1394 4864 1616 4933 praefert
1654 4865 1911 4921 secundis

334 4940 508 4995 curis,
539 4950 640 5004 pro
671 4934 903 4988 Domini.

406 5007 428 5035 ²
460 5002 633 5058 Tacet
662 5005 806 5058 idem
833 5019 941 5057 ms.
964 5016 1264 5071 pronomen
1290 5002 1428 5070 ipsi:
1448 5005 1503 5059 in
1532 5013 1681 5059 textu
1704 5015 1911 5073 autem,

333 5077 426 5145 qui
444 5078 593 5145 sedes
623 5074 773 5143 legit,
801 5088 901 5145 pro
923 5074 1084 5145 sedet.

398 5146 421 5179 ³
454 5144 557 5199 Hie
584 5142 784 5198 iterum
828 5142 1139 5211 Diapsalma
1168 5145 1313 5201 idem
1348 5158 1451 5199 ms.
1482 5142 1633 5198 addit
1662 5161 1678 5201 ς
1706 5148 1904 5199 ειιὺεθο

334 5217 536 5295 quenti
562 5226 744 5268 autem
767 5227 927 5269 versu
948 5214 1194 5282 obelum,
1213 5230 1374 5285 quem
1401 5216 1615 5283 respuit
1636 5225 1693 5269 et
1713 5214 1913 5280 Carus,

332 5293 568 5342 omittit.

402 5354 424 5384 ⁸
462 5353 633 5408 Unice
660 5368 786 5424 eum
814 5351 1123 5424 Augustino
1155 5353 1492 5410 Veronensis
1523 5370 1651 5417 ms...
1688 5353 1913 5411 Sanavit

333 5427 382 5481 ei
412 5428 630 5478 dextero
657 5423 791 5492 ejus.

409 5497 431 5526 ⁸
463 5491 692 5549 Nomen
732 5493 895 5547 Jacob
945 5492 1037 5548 hic
1087 5491 1364 5547 abundare
1404 5492 1461 5547 S.
1507 5493 1623 5562 ipse
1670 5494 1830 5549 Pater
1855 5497 1912 5548 in

333 5567 498 5636 epist.
525 5566 606 5636 ad
626 5562 891 5617 Sunniam
922 5575 980 5636 et
1008 5562 1280 5636 Fretelam
1313 5564 1514 5636 docet;
1544 5564 1791 5636 Moxipro
1819 5566 1912 5617 do-

339 5632 472 5700 mui,
521 5634 689 5687 habet
737 5650 837 5688 ms.
899 5635 1198 5689 Veronens.
1231 5633 1437 5686 domus.
1472 5632 1610 5685 Tum
1638 5635 1814 5688 altero
1844 5638 1912 5688 ab

344 5714 445 5764 hoc
482 5720 663 5770 versu,
699 5702 924 5758 I’sallite
956 5702 1179 5756 Domino
1226 5706 1278 5755 in
1304 5705 1527 5772 cithara,
1579 5706 1631 5757 in
1665 5707 1866 5759 rit/mra
1900 5723 1912 5757 :

2014 4489 2199 4535 monte
2221 4489 2412 4535 sancto
2440 4477 2561 4549 ejus
2594 4490 2609 4530 :
2636 4476 2892 4547 quoniam
2937 4485 3161 4531 sanctus
3209 4485 3293 4530 est
3322 4474 3586 4529 Deininus

2023 4572 2167 4628 Deus
2189 4579 2397 4626 noster.

2013 4741 2071 4787 et
2105 4725 2712 4800 pressius‘Augustino,
2749 4728 2901 4800 regis,
2928 4726 3157 4782 Domini.
3187 4724 3591 4800 Commoveatur

2015 4796 2186 4882 mare,
2216 4813 2263 4882 et
2297 4796 2577 4882 plenitudo
2630 4797 2765 4882 ejus,
2812 4796 2958 4882 orbis
2992 4808 3167 4879 terror,
3192 4806 3252 4882 ει
3283 4812 3473 4882 omnes
3492 4796 3584 4882 qui

2014 4871 2257 4925 habitant
2290 4864 2345 4923 in
2376 4886 2434 4923 eo
2466 4864 2745 4939 (August.,
2764 4868 2871 4936 ea).
2892 4867 3158 4936 Denique,
3184 4869 3384 4920 Montes
3413 4864 3591 4918 exsul-

2017 4942 2221 5005 tabunt,
2247 4955 2346 5010 pro
2377 4938 2794 5010 exsultaverunt,
2826 4945 2935 4991 etc.

2086 5011 2107 5042 ⁸
2147 5007 2278 5064 Plus
2311 5010 2475 5061 habet
2510 5007 2813 5060 Veronens.
2868 5021 2969 5060 ms.
3010 5022 3025 5059 :

2014 5078 2258 5150 populos.
2283 5078 2652 5143 Conﬁteantur
2676 5091 2854 5150 omnes
2881 5076 3193 5150 nomini‘tuo
3227 5092 3417 5145 magno
3434 5088 3452 5125 .'
3478 5085 3588 5126 tum

2012 5145 2168 5219 juxta
2200 5150 2590 5219 Augustinum,
2614 5147 2865 5219 quoniam
2893 5145 3128 5219 terribile
3147 5155 3196 5219 et
3218 5156 3457 5219 sanctum
3486 5151 3585 5219 est,

2014 5213 2119 5273 etc.
2166 5219 2233 5273 Et
2279 5213 2331 5270 in
2385 5217 2492 5271 ﬁne
2543 5214 2770 5269 alterius
2795 5215 2864 5268 ab
2893 5216 2999 5270 hoc
3024 5216 3303 5279 versiculi,
3339 5213 3589 5283 quoniam

2013 5298 2230 5343 sanctus
2261 5298 2359 5352 est,
2399 5303 2465 5342 ac
2494 5285 2714 5351 deinde,
2751 5293 2800 5337 et
2843 5285 3062 5340 Samuel
3107 5287 3162 5339 in
3193 5286 3271 5339 Itis
3302 5285 3389 5353 qui
3438 5284 3587 5335 invo-

2015 5369 2159 5421 cant,
2198 5369 2303 5411 etc.

2091 5429 2111 5459 ⁷
2145 5430 2347 5482 lterum
2387 5442 2511 5481 eum
2545 5426 2853 5495 Augustino
2893 5425 3035 5481 idem
3062 5441 3163 5478 ms.
3198 5442 3213 5478 :
3274 5421 3405 5486 Qua:
3446 5422 3589 5495 dedit

2014 5505 2114 5554 eis.
2146 5498 2370 5551 Domine
2396 5496 2537 5550 Deus
2562 5494 2758 5560 noster,
2789 5506 2845 5548 tu
2872 5498 3131 5549 exaudiui
3167 5509 3271 5557 eos,
3304 5502 3434 5556 etc.,
3470 5494 3585 5545 uin-

2016 5569 2200 5621 dicans
2253 5570 2306 5620 in
2342 5583 2519 5621 omnes
2565 5567 2868 5635 aﬂ'ectiones
2918 5581 3116 5619 eorum.
3185 5561 3389 5635 Deinde
3438 5563 3589 5635 solus

2019 5637 2320 5691 Veronens.
2359 5634 2853 5692 Adoratentontem
2881 5644 3124 5689 sanctum
3155 5634 3288 5701 ejus,
3333 5634 3588 5701 quoniam

2027 5720 2236 5761 sanctus
2273 5709 2543 5762 Dominus.

3086 5004 3177 5059 Est
3213 5022 3368 5073 super
3415 5020 3591 5059 omnes
