3898 6172
1280 266 1342 326 S.
1384 265 1430 323 Il
1449 260 1821 322 IERONYMI
1874 260 2156 353 DIVINA'
2182 253 2708 315 BIBLTO'I‘HECA.

3524 245 3645 307 329‘

1747 419 1880 480 PSA
1892 416 1993 476 LM
2006 416 2099 475 US
2124 407 2307 473 XCIX.

812 556 1036 595 Ρκλωιυδ
1070 555 1119 589 lii
1154 549 1525 589 C(iNl-‘ESS'ONE.

462 659 695 711 Jubilate
731 655 857 716 Deo,
905 652 1074 702 omnis
1110 661 1249 701 terra
1279 663 1295 699 :
1323 648 1509 699 servile
1551 643 1773 696 Domino
1796 644 1849 695 in
1875 642 1965 696 ιω.

396 754 536 805 tilia.

464 841 684 893 Introite
714 838 767 889 in
809 846 1083 903 conspectu
1121 833 1256 903 ejus,
1287 835 1341 887 in
1380 832 1752 887 exsultatione.

464 934 654 985 Scitote
705 931 954 997 quoniam
1009 928 1261 979 Dominus
1316 927 1424 993 ipse
1454 934 1527 978 est
1566 926 1581 954 ί
1638 925 1826 977 Deus:
1862 924 1973 985 ipse

398 1026 517 1089 fecit
544 1037 656 1085 nos,
691 1031 738 1072 et
770 1036 873 1071 non
903 1020 1003 1086 ipsi
1028 1034 1141 1070 nos.

464 1112 695 1180 Populus
738 1111 871 1179 ejus,
907 1120 951 1160 et
990 1125 1103 1161 oves
1143 1123 1351 1177 pascute
1378 1108 1511 1172 ejus,
1549 1106 1761 1157 introite
1786 1115 1965 1171 portas

399 1208 512 1275 ejus
541 1206 593 1256 in
631 1203 968 1271 confessione,
1000 1202 1137 1252 atria
1159 1201 1271 1267 ejus
1297 1200 1351 1251 in
1376 1198 1605 1266 hymnis,
1641 1194 1969 1261 conﬁtemini

398 1298 504 1348 illi.

468 1388 703 1439 Lnulate
728 1401 910 1437 nomen
936 1382 1067 1452 ejus,
1090 1381 1336 1449 quoniam
1358 1381 1532 1432 suavis
1565 1394 1624 1433 ot-
1658 1388 1733 1431 est
1763 1379 1783 1409 ‘
1812 1380 1833 1445 1
1864 1375 1965 1428 Do-

401 1480 595 1543 minus,
650 1479 701 1528 in
742 1486 998 1530 rcternum
1039 1474 1394 1525 misericordia
1435 1472 1550 1538 ejus
1578 1488 1596 1524 :
1638 1480 1687 1523 et
1717 1484 1880 1537 usque
1913 1469 1967 1519 in

403 1570 789 1638 generationem
815 1575 862 1619 et
885 1564 1277 1635 generationem
1301 1563 1495 1615 veritas
1523 1562 1659 1623 eius.

2381 539 2618 580 essuus
2648 538 2807 577 DAVID
2845 523 2864 552 ⁶
2906 536 2955 575 in
2992 534 3358 574 concessumst.

2134 641 2374 695 .Iub'date
2422 640 2550 705 Deo,
2603 637 2783 690 omnis
2841 643 3028 688 terra:
3077 634 3278 685 servile
3327 632 3553 685 Domino
3584 633 3638 685 in

2068 732 2281 787 laetitia.
3141 738 3163 759 ·

2143 825 2342 878 Intrate
2374 824 2427 876 in
2460 830 2758 891 conspectu
2795 820 2940 889 ejus,
2977 817 3032 871 in
3057 814 3444 873 exsultatione:
3478 815 3644 868 scito«

2069 925 2179 971 tote
2207 915 2355 982 quod
2380 914 2506 985 [ηις.
2534 911 2816 983 quoniam]
2851 910 3111 965 Dominus
3164 907 3281 977 ipse
3325 913 3410 961 est
3450 907 3594 961 Deus
3624 922 3638 960 :

2070 1009 2188 1078 ipse
2209 1006 2336 1061 fecit
2361 1021 2483 1068 nos,
2508 1015 2563 1059 et
2585 1020 2694 1057 non
2729 1002 2828 1073 ipsi
2854 1016 2974 1056 nos.

2151 1100 2261 1154 Nos
2289 1108 2470 1152 autem
2528 1096 2759 1166 populus
2782 1095 2918 1164 ejus,
2969 1101 3023 1145 ct
3052 1106 3182 1146 oves
3237 1106 3451 1157 pascuae
3479 1091 3599 1159 ejus
3632 1107 3646 1146 :

2073 1192 2274 1246 intrate
2304 1198 2485 1258 portas
2500 1190 2619 1258 ejus
2640 1189 2693 1241 in
2722 1184 3085 1249 confessione,
3110 1183 3247 1236 atria
3267 1184 3382 1253 ejus
3410 1184 3460 1236 in
3494 1185 3649 1253 hym-

2073 1282 2158 1336 nis
2192 1280 2622 1334 confessionum.

2143 1372 2384 1427 Laudato
2420 1387 2615 1426 nomen
2638 1372 2777 1440 ejus,
2804 1370 3058 1440 quoniam
3094 1369 3109 1438 [
3138 1384 3237 1421 ms.
3266 1368 3393 1434 quia
3418 1367 3437 1437 j
3466 1367 3649 1421 suavis

2070 1475 2154 1520 est
2175 1464 2457 1530 Dominus,
2481 1464 2534 1516 in
2556 1474 2816 1517 aeternum
2842 1460 3213 1515 misericordia
3230 1460 3346 1530 ejus
3369 1467 3455 1513 :ct
3473 1473 3650 1527 usque

2076 1559 2130 1611 in
2173 1557 2433 1612 sacculum
2489 1555 2672 1611 szcculi
2712 1556 2909 1609 veritas
2944 1554 3083 1622 ejus.

1796 1720 1923 1777 PSA
1935 1718 2138 1778 LMUS
2206 1713 2269 1778 C.

826 1855 1053 1893 essurus
1081 1853 1139 1893 οε-
1179 1835 1275 1893 ιρδί
1319 1840 1339 1906 1
1375 1854 1556 1893 cum.

479 1934 895 1987 iliisericortliam
931 1942 977 1985 et
992 1933 1254 2001 judicium
1284 1929 1509 1983 cantabo
1532 1929 1645 1991 tibi,
1679 1927 1920 1980 Domine.

480 2026 715 2078 Psallam
747 2026 767 2057 ⁸
801 2039 857 2078 οξ
897 2035 942 2075 et
981 2023 1002 2090 1
1034 2022 1331 2092 intelligant
1376 2022 1432 2074 in
1470 2024 1549 2075 via
1583 2019 1929 2073 immaculata
1957 2031 1976 2071 :

406 2116 614 2185 quando
651 2117 816 2169 venies
850 2117 918 2167 ad
950 2114 1071 2167 me?

482 2222 541 2259 -ε-
571 2207 671 2258 Per
703 2207 724 2273 1
755 2206 1091 2257 ambulabant
1124 2204 1176 2256 in
1214 2203 1515 2255 innocentia
1549 2203 1720 2254 cordis
1753 2200 1872 2262 mei,
1920 2199 1974 2251 in

409 2300 575 2349 medio
605 2298 723 2349 dom
734 2313 791 2349 us
825 2312 970 2348 metu.

480 2386 598 2449 Νρη
631 2402 688 2440 +
726 2403 818 2455 pro
848 2388 871 2454 1
899 2386 1153 2455 ponebam
1183 2395 1306 2439 ante
1336 2384 1513 2438 oculos
1538 2400 1675 2436 meos
1693 2398 1799 2435 rem
1834 2382 1980 2450 inju-

408 2490 541 2531 stam
575 2495 592 2532 :
624 2480 879 2547 facientes
906 2479 1367 2545 prtevaricationes
1399 2478 1552 2529 adiri.

476 2571 591 2623 Non
617 2570 835 2622 aalha'sit
865 2571 988 2621 mihi
1015 2585 1105 2621 cor
1139 2585 1357 2635 pravum
1387 2584 1405 2620 :
1442 2569 1794 2620 declinantem
1831 2585 1862 2619 a
1899 2581 1978 2617 me

410 2662 701 2731 malignum
735 2677 838 2713 non
872 2660 1262 2731 cognoscebam.

486 2755 855 2808 Detrahentem
883 2762 1081 2808 secreto
1109 2754 1348 2823 proximo
1381 2767 1496 2812 suo,
1540 2752 1679 2805 hunc
1709 2766 1980 2820 perseque-

411 2848 528 2899 bar.

483 2938 717 3005 Superbo
752 2937 924 2997 oculo.
972 2951 1020 2989 et
1061 2936 1356 2988 insatiabili
1385 2936 1557 2996 corde,
1596 2951 1712 2987 cum
1751 2934 1847 2987 hoc
1876 2950 1977 2987 non

410 3030 647 3083 edebam.

493 3120 645 3176 Oculi
699 3124 799 3174 mei
843 3123 911 3174 ad
936 3121 1119 3189 fideles
1157 3129 1335 3180 terrm,
1384 3129 1439 3172 ut
1488 3121 1703 3173 sedeant
1738 3136 1978 3174 mecum:

414 3210 692 3262 ambulans
731 3210 784 3262 in
804 3211 885 3263 via
909 3210 1273 3273 immaculata,
1300 3209 1380 3261 hic
1409 3209 1763 3261 ministrabat.

483 3386 599 3440 Non
631 3388 884 3440 habitabit
918 3387 970 3441 in
996 3387 1164 3440 media
1193 3388 1374 3438 domus
1400 3385 1564 3439 merc‘
1594 3400 1653 3440 αι’
1678 3388 1767 3455 qui
1804 3389 1826 3456 1
1855 3390 1982 3456 facit

415 3480 714 3548 superbiam
752 3494 769 3531 :
806 3482 897 3548 qui
935 3479 1165 3550 loquitur
1190 3480 1394 3548 iniqua,
1431 3495 1533 3532 non
1564 3478 1755 3532 direxit
1785 3482 1838 3533 in
1865 3498 1988 3535 con-

416 3580 596 3637 spectu
632 3570 900 3623 oculorum
931 3588 1185 3623 meorum.

492 3660 555 3714 In
584 3663 844 3715 matutino
871 3664 1251 3729 inter/iciebmn
1278 3680 1454 3718 omnes
1479 3675 1771 3735 peccatores
1796 3676 1985 3720 terrm:

417 3764 473 3806 ut
507 3756 860 3821 disperderem
907 3757 970 3809 de
1004 3756 1213 3809 civitate
1257 3756 1468 3810 Domini
1503 3774 1677 3812 omnes
1708 3769 1984 3828 operantes

417 3848 769 3916 iniquitatem.

2386 1848 2626 1887 essurus
2658 1848 2814 1886 DM’tD
2843 1832 2962 1902 [ms.
3002 1847 3097 1886 IPSI
3129 1828 3324 1899 num],

2156 1925 2584 1980 Miscricordiani
2618 1926 2956 1995 ctjudicium
2981 1925 3212 1979 cantabo
3244 1922 3359 1983 tibi,
3383 1922 3648 1975 Domine:

2081 2020 2334 2089 psallam,
2363 2028 2417 2074 et
2452 2019 2745 2088 intelligam
2799 2019 2851 2071 in
2904 2018 2989 2069 via
3023 2015 3390 2079 immaculata,
3425 2015 3651 2083 quando

2082 2115 2269 2168 venies
2293 2112 2357 2166 ad
2391 2129 2475 2167 me
2505 2113 2527 2164 ?

2157 2202 2612 2258 Perambulabam
2650 2202 2747 2254 7in
2798 2200 3109 2255 innocentia
3176 2198 3354 2254 cordis
3408 2197 3537 2262 mei,
3600 2196 3669 2248 in:

2086 2296 2264 2350 medio
2291 2296 2486 2350 domus
2521 2306 2650 2351 tum.

2156 2389 2272 2443 Non
2302 2390 2669 2459 preponebam
2699 2397 2826 2441 ante
2852 2386 3040 2440 oculos
3084 2398 3236 2439 meos
3264 2398 3378 2437 rem
3429 2383 3675 2444 malam,.

2085 2481 2347 2535 facientes
2402 2477 2875 2549 praevaricationes
2933 2477 3211 2531 odit-iuet
3261 2490 3365 2529 non
3418 2476 3656 2530 adhmsit

2085 2574 2217 2627 mihi
2249 2589 2343 2627 cor
2393 2587 2642 2640 pravum.

2158 2664 2503 2718 Declinautes
2523 2678 2551 2716 a
2572 2676 2657 2716 me
2691 2660 2952 2730 malignos
2982 2674 3089 2712 non
3121 2659 3480 2728 agnoscebant
3513 2673 3533 2714 :
3563 2658 3659 2711 de-

2087 2757 2390 2811 trahentem
2419 2753 2681 2808 adversus
2715 2751 3020 2821 proximum
3046 2765 3204 2804 suum
3235 2750 3471 2815 occulte,
3502 2750 3675 2804 hunc

2086 2846 2478 2917 persequebar.

2157 2938 2405 3007 Superbo
2423 2940 2601 3003 oculo,
2636 2945 2689 2992 et
2739 2934 3032 2990 insatiabili
3071 2934 3233 2989 corde
3264 2950 3279 2995 ;
3309 2948 3431 2987 cum
3461 2933 3567 2989 hoc
3590 2934 3674 2987 si--

2087 3031 2205 3084 tnui
2228 3047 2334 3084 non
2366 3030 2616 3085 edebam.

2158 3122 2311 3179 Oculi
2342 3124 2447 3175 mei
2473 3136 2638 3191 super
2668 3119 2855 3175 ﬁdeles
2887 3127 3066 3183 terrae,
3101 3127 3162 3172 ut
3188 3112 3433 3170 sedeant‘
3465 3113 3518 3166 hi
3550 3127 3659 3167 me-

2008 3194 2048 3248 C
2085 3230 2208 3269 cum
2242 3230 2256 3267 :
2285 3212 2569 3267 ambulans
2592 3211 2644 3264 in
2689 3212 2774 3265 via
2804 3207 3170 3273 immaculata,
3210 3206 3298 3259 hic
3330 3204 3465 3259 milii
3496 3204 3663 3258 mini-

2088 3306 2315 3361 strabal.

2162 3394 2279 3448 Non
2305 3391 2574 3448 habitabit
2594 3391 2647 3446 in
2692 3390 2873 3445 medio
2896 3388 3092 3443 domus
3124 3402 3257 3441 mea:
3283 3384 3374 3454 qui
3406 3383 3540 3438 facit
3566 3398 3661 3437 su-

2090 3482 2331 3553 perbiant
2357 3499 2369 3535 :
2398 3484 2489 3550 qui
2524 3482 2771 3551 loquitur
2824 3480 3036 3549 iniqua,
3065 3494 3177 3533 non
3210 3476 3411 3531 direxit
3438 3476 3493 3528 in
3524 3490 3661 3529 con-

2092 3583 2276 3641 spa-ctu
2311 3574 2594 3626 oculorum
2650 3586 2915 3625 meorum.

2159 3665 2216 3717 In
2244 3664 2524 3718 matutinis
2550 3662 2942 3718 interliciebam
2973 3675 3163 3716 omnes
3199 3667 3514 3730 peccatores
3550 3669 3659 3713 ter-

2088 3772 2161 3809 ra:
2198 3771 2213 3809 :
2246 3765 2304 3809 ut
2334 3756 2643 3827 disperdam
2665 3756 2785 3826 [ms.
2818 3755 2939 3808 add.
2970 3753 3092 3825 eos]
3124 3753 3191 3806 de
3225 3752 3447 3807 civitate
3477 3750 3666 3805 Domi-

2086 3851 2140 3905 ni
2175 3863 2367 3905 omnes
2403 3847 2497 3919 qui
2535 3857 2833 3915 operantur
2863 3844 3226 3916 iniquitatem.

1777 4012 2124 4074 PSALMUS
2190 4011 2283 4070 Cl.

490 4138 687 4176 OlllTZO
718 4139 989 4189 PAUPERIS,
1026 4140 1128 4178 CUM
1157 4142 1348 4180 ANXIUS
1396 4141 1605 4182 FUERIT.
1645 4142 1711 4181 ΕΤ
1736 4142 1914 4181 οοιιΑΜ

699 4210 896 4247 nosnuo
933 4210 1221 4248 EFFUDERIT
1258 4212 1461 4250 unseen
1493 4199 1512 4228 ⁵
1544 4212 1701 4250 sunt.

496 4288 736 4345 nomine,
763 4286 956 4339 exaudi
984 4289 1273 4341 orationem
1313 4306 1481 4341 meant
1503 4304 1520 4341 ;
1546 4299 1593 4340 et
1617 4288 1821 4341 clamor
1847 4305 1988 4342 mens

420 4385 488 4436 ad
523 4395 570 4435 te
601 4381 792 4433 ueniat.

492 4562 504 4588 '
543 4560 781 4613 Verbum
814 4558 1239 4621 substantivum,
1268 4559 1412 4627 quod
1445 4559 1496 4611 in
1532 4558 1721 4613 Grazco
1749 4561 1991 4628 quidem,
2029 4564 2075 4623 υ

429 4644 534 4681 non
570 4638 747 4681 autem
779 4627 911 4681 etin
940 4628 1166 4679 llebrzno
1195 4628 1283 4680 ltic
1310 4639 1548 4692 resonat,
1583 4627 1861 4683 Palatinus
1890 4647 1993 4688 m5.

423 4699 677 4758 ὀϐελίζει.

489 4771 508 4798 ²
544 4766 640 4838 lic
669 4780 795 4838 sero
823 4766 963 4819 idem
997 4780 1100 4838 ms.
1136 4764 1311 4838 ipsum
1342 4766 1564 4838 \jerbum
1596 4780 1695 4831 est,
1727 4784 1879 4838 atque
1910 4780 1993 4825 at-

427 4835 776 4914 queobclum
811 4834 1322 4914 cumprigiualibus
1357 4835 1511 4890 libris
1544 4837 1778 4904 ignorat.

422 4978 438 5030 l
496 4906 677 4987 {Sine
721 4905 901 4971 obclo,
955 4904 1099 4957 haud
1133 4914 1310 4958 tamen
1358 4914 1524 4972 recte,
1562 4906 1703 4960 idem
1741 4924 1845 4963 ms.
1902 4910 1990 4963 hic

450 4984 579 5030 catt.

450 4984 579 5028 09H.

482 4993 687 5117 ἦΗέἰιιο
732 5042 890 5097 obclo
922 5042 1200 5099 Palatinus
1243 5060 1347 5099 ms.
1375 5054 1431 5100 et
1482 5045 1657 5101 Carus
1684 5062 1989 5117 pronomen

430 5118 531 5171 hoc
564 5115 769 5181 legunt.

487 5188 507 5216 ³
539 5183 595 5237 In
628 5185 872 5237 Palatino
906 5200 1005 5237 ms.
1038 5183 1170 5237 Cum
1205 5187 1448 5238 anxiatus
1474 5186 1653 5255 fuerit,
1696 5196 1745 5239 et
1784 5189 1853 5242 ad
1887 5187 1990 5241 Do-

430 5258 627 5309 minam
656 5270 855 5320 precem
879 5266 941 5307 -ε-
970 5255 1027 5321 ef
1053 5254 1076 5322 1
1109 5254 1321 5322 fuderit.

494 5327 514 5354 ⁸
549 5325 713 5379 Tacet
744 5338 867 5375 cum
898 5328 1197 5392 Augustino
1225 5324 1523 5379 \‘eroncns.
1553 5341 1655 5379 ms.
1681 5327 1768 5380 hic
1793 5343 1989 5381 nomen

429 5395 640 5459 David;
674 5395 801 5459 legit
833 5408 961 5446 vero
991 5397 1044 5447 in
1080 5403 1247 5458 textu,
1273 5396 1695 5461 injocunditate,
1732 5412 1830 5463 pro
1855 5397 1992 5450 licti—

428 5479 545 5518 tia:
591 5474 753 5532 atque
786 5464 956 5515 altero
988 5469 1052 5515 ali
1104 5466 1203 5516 hoc
1235 5479 1419 5523 versu,
1470 5467 1667 5517 intrate
1714 5468 1767 5517 in
1810 5476 1989 5532 portas

428 5536 538 5600 ejus
582 5537 635 5585 in
672 5533 1011 5601 confessione,
1042 5535 1181 5585 atria
1210 5533 1320 5602 ejus
1351 5536 1403 5583 in
1438 5536 1642 5603 hymnis
1674 5534 1993 5601 conﬁtemini

431 5604 477 5654 ri
509 5620 527 5655 :
574 5603 810 5672 denique
845 5605 899 5655 iu
935 5605 1060 5673 line,
1113 5611 1160 5654 et
1204 5618 1361 5671 usque
1405 5605 1458 5656 in
1503 5608 1891 5673 generationem
1941 5616 1988 5659 et

432 5675 818 5738 generationem
847 5672 1040 5727 veritas
1071 5673 1204 5743 cjus.

2160 4141 2359 4182 ORATIO
2376 4141 2644 4185 PAUPEMS,
2666 4139 2769 4178 (‘UM
2792 4136 3055 4177 ANXIATUS
3077 4135 3291 4179 FUERIT.
3318 4134 3384 4172 ΕΤ
3415 4132 3613 4173 εοεαε

2448 4211 2551 4250 nso
2586 4210 2881 4248 EFFUDERIT
2901 4207 3104 4246 enecuit
3128 4193 3308 4246 sum”.

2167 4290 2414 4351 Domine,
2478 4286 2671 4343 exaudi
2726 4287 3030 4340 orationem
3095 4298 3311 4338 meam:
3359 4291 3412 4337 et
3456 4282 3665 4336 clamor

2098 4394 2250 4434 meus
2275 4380 2339 4432 ad
2375 4388 2423 4432 te
2469 4377 2770 4447 perveniat.

2164 4562 2184 4591 ⁶¹
2224 4561 2393 4616 [idem
2430 4562 2544 4630 pari
2601 4575 2874 4616 consensu
2906 4558 3029 4613 libri
3062 4558 3177 4630 hic,
3232 4556 3669 4630 Deambutabam,

2102 4639 2157 4684 et
2188 4628 2541 4700 subsequenti
2584 4645 2767 4692 versu,
2804 4629 3293 4698 pramaricationem
3319 4628 3437 4700 adio
3485 4628 3667 4691 habui,

2099 4710 2209 4755 etc.
2252 4695 2475 4763 Deinde,
2524 4700 2648 4755 Cum
2693 4695 2987 4753 declinaret
3034 4714 3067 4750 a
3117 4713 3199 4750 me
3243 4695 3532 4765 malignus,
3566 4713 3669 4749 non

2099 4772 2492 4839 cognoscebam,
2525 4772 2879 4823 detrahentem
2899 4769 3138 4835 proximo
3164 4782 3259 4839 suo
3290 4767 3508 4839 occulte,
3535 4769 3670 4839 hunc

2097 4836 2462 4908 persequebar.
2513 4840 2745 4909 Superbo
2778 4839 2926 4893 oculo
2961 4847 3009 4890 et
3037 4836 3331 4890 insatiabili
3357 4836 3532 4901 corde,
3553 4837 3671 4888 huic

2100 4926 2202 4962 non
2233 4910 2586 4963 convescebar.

2168 4980 2187 5009 ⁸
2222 4980 2318 5035 Ms.
2357 4979 2707 5041 Veronensis,
2734 4976 2968 5032 utsimul
2992 4977 3229 5030 sederent
3260 4985 3459 5045 :atque
3491 4976 3671 5029 altero

2097 5064 2259 5103 versu
2291 5063 2306 5102 :
2337 5048 2452 5101 Non
2483 5049 2749 5101 habitabat
2794 5051 2848 5102 in
2878 5049 3045 5101 medio
3090 5051 3274 5098 domus
3318 5063 3446 5100 mea:
3466 5046 3671 5114 faciens

2099 5119 2420 5187 superbiam,
2460 5118 2674 5187 loquens
2702 5118 2885 5188 iniqua
2920 5131 2939 5169 :
2976 5116 3147 5188 ferme
3184 5131 3306 5188 cum
3335 5116 3668 5186 Augustino,

2101 5186 2243 5241 utet
2276 5190 2329 5241 in
2364 5188 2492 5249 (ine,
2524 5186 2699 5240 omnes
2730 5186 3003 5257 op'erantes
3032 5186 3388 5257 iniquitatem.

2155 5260 2175 5290 ⁹
2213 5258 2406 5312 Fertne
2437 5273 2560 5311 cum
2594 5252 2897 5324 Augustino
2931 5252 3263 5310 Veronensis
3294 5272 3420 5317 ms.,
3470 5252 3666 5306 Oratio

2089 5329 2262 5397 inopis
2292 5344 2408 5380 cum
2438 5328 2648 5380 tardium
2678 5335 2947 5396 pateretur
2980 5326 3254 5393 (August.,
3281 5326 3585 5397 angeretur)
3614 5331 3666 5397 et

2089 5399 2145 5450 in
2182 5394 2477 5465 conspectu
2518 5394 2727 5448 Domini
2777 5397 2951 5466 effudit
2980 5411 3184 5464 precem
3216 5410 3391 5447 suam.
3428 5394 3663 5455 Exaudi,

2092 5468 2329 5531 Domine,
2361 5468 2656 5519 orationem
2684 5482 2854 5520 meam
2877 5478 2895 5515 :
2942 5481 3067 5519 mox
3096 5467 3215 5522 cito.
3252 5480 3351 5531 pro
3391 5466 3663 5516 uelociter.

2088 5537 2155 5590 Et
2187 5547 2308 5603 post.
2337 5536 2498 5589 alium
2530 5551 2771 5598 versum,
2808 5534 3127 5587 Percussum
3169 5545 3243 5586 est
3289 5534 3422 5585 sicut
3460 5534 3661 5602 fenum,

2087 5619 2139 5657 et
2168 5606 2521 5674 subsequcnti
2545 5606 2673 5669 alio,
2702 5604 2901 5659 Similis
2936 5607 3105 5674 factus
3133 5620 3249 5657 sum
3281 5604 3543 5670 pelicano,
3570 5605 3664 5674 qui

2087 5677 2289 5731 habitat
2328 5673 2379 5728 in
2422 5675 2725 5746 solitudine,
2756 5673 3071 5746 factussum
3111 5676 3244 5728 sicut
3274 5675 3579 5742 nycticorax
3607 5673 3661 5725 in
