3958 6176
1546 268 1599 284 Α.

316 372 419 435 ΒΕΑ

1554 370 1787 429 ΗΒΕεὶ
1855 368 2341 429 l'SALMORUM.

3455 374 3560 437 3:22

2492 445 2519 461 κ

374 486 719 542 Nonavertas
744 486 938 555 faciem
962 492 1109 537 tuam
1134 500 1163 535 a
1198 483 1349 535 me:‘
1373 483 1425 535 in
1448 495 1505 535 -ιι
1535 482 1890 549 quacunque:
1930 493 1967 544 Α
2072 481 2149 535 Ne
2188 490 2402 534 avertas
2417 480 2611 536 faciem
2638 489 2833 537 tuama
2870 498 2955 538 me
2988 500 3004 540 :
3037 484 3092 537 in
3127 458 3564 553 quaeiinquedie
3640 491 3647 503 ‘

296 584 395 636 die
425 579 669 641 tribulor,
700 579 899 630 inclina
929 579 996 630 ad
1019 593 1099 630 me
1120 591 1300 627 aurem
1329 584 1495 627 tuam.

376 671 441 725 1n
463 684 773 741 quacunque
798 668 882 721 die
900 669 1204 721 invocavero
1225 678 1286 719 -t—
1312 674 1360 718 te
1380 666 1403 733 ζ
1429 663 1667 717 velociter
1691 663 1884 717 exaudi

302 780 405 817 me.

382 855 522 919 Quia
550 853 852 921 defecerunt
884 853 1017 905 sicut
1052 852 1224 919 fumus
1250 851 1359 903 dies
1388 848 1509 911 mei,
1542 855 1589 899 et
1614 864 1742 900 ossa
1770 862 1880 899 mea

302 950 438 1001 sicut
462 947 713 999 cremiurn
745 953 1017 998 aruerunt.

374 1036 670 1087 Percussus
714 1050 830 1086 sum
858 1035 879 1063 ³
910 1044 965 1083 ut
993 1032 1191 1099 fenum,
1242 1042 1289 1084 et
1330 1029 1473 1084 aruit
1527 1044 1615 1082 cor
1660 1042 1879 1081 meum:

306 1129 431 1195 quia
462 1124 656 1178 oblitus
683 1141 799 1177 sum
829 1125 1097 1175 comedere
1126 1138 1315 1189 panem
1349 1136 1544 1173 meum.

383 1221 423 1271 Α
477 1232 601 1271 voce
646 1217 871 1286 gemitus
902 1216 1055 1279 mei,
1114 1213 1335 1266 adkwsit
1392 1228 1451 1265 os
1510 1226 1682 1264 meum
1728 1211 1881 1263 carni

304 1328 457 1364 περιρ.

375 1401 579 1456 Similis
604 1401 773 1470 factus
803 1416 916 1452 sum
937 1397 1176 1468 pelicano
1197 1395 1497 1450 solitudinis
1521 1410 1539 1448 .'
1566 1396 1734 1460 factus
1760 1412 1878 1449 sum

304 1496 439 1548 sicut
469 1494 771 1563 nycticorax
799 1490 926 1562 [ms.
954 1485 1276 1558 necticorax]
1311 1491 1367 1540 in
1397 1486 1682 1540 domicilio.

388 1584 639 1654 Vigilusi,
675 1591 723 1636 et
764 1583 937 1651 factus
990 1598 1105 1635 sum
1145 1582 1277 1634 sicut
1310 1593 1497 1646 passer
1523 1579 1795 1632 solitarius
1824 1578 1879 1630 in

307 1685 463 1730 tecto.

380 1768 422 1820 Τ
421 1775 510 1819 ota
536 1767 621 1819 die
640 1764 1037 1835 exprobrabant
1064 1763 1191 1816 nti/ti
1220 1762 1420 1815 inimici
1452 1761 1554 1814 mei
1591 1773 1647 1814 σε-
1672 1769 1720 1813 et
1746 1759 1878 1830 ζητιὶ

300 1858 601 1911 laudabant
633 1873 733 1919 me,
772 1856 1046 1909 adversum
1075 1870 1154 1906 me
1172 1854 1452 1924 jurabant.

376 1949 516 2013 Quia
545 1951 775 2001 cinerem
831 1955 1086 2014 tanquam
1136 1961 1325 2014 panem
1357 1944 1741 1998 manducabam
1773 1960 1792 1998 :
1827 1954 1874 1998 et

300 2049 486 2108 potum
510 2054 685 2092 meum
742 2039 764 2069 ³
800 2054 914 2091 cum
936 2041 1059 2109 [tetu
1087 2038 1389 2090 miscebant.

372 2133 410 2183 Ἀ
440 2132 581 2199 {acie
608 2132 704 2184 ira:
734 2141 780 2183 et
800 2130 1178 2201 indignationis
1211 2140 1313 2184 tua:
1332 2143 1349 2181 :
1369 2130 1494 2200 quia
1519 2129 1725 2183 elevans
1754 2130 1879 2183 alli-

288 2224 417 2276 »εἱειὶ
441 2237 548 2274 me.

375 2315 497 2367 Dies
532 2313 635 2366 mei
657 2314 786 2366 sicut
819 2315 1003 2368 umbra
1035 2314 1482 2367 declinaverunt:
1521 2321 1568 2364 et
1607 2327 1698 2380 ego
1745 2311 1878 2363 sicut

302 2409 484 2475 fenum
515 2409 659 2461 arui.
1531 2460 1541 2479 ο

380 2500 457 2553 Tu
492 2511 687 2565 autem,
727 2500 971 2565 Domine,
999 2500 1050 2554 in
1069 2510 1321 2553 aeternum
1354 2513 1632 2568 permanes
1656 2510 1675 2549 :
1706 2505 1755 2549 et
1777 2512 1881 2549 tne-

298 2588 533 2642 moriale
564 2601 711 2641 tuum
742 2590 795 2643 in
816 2589 1226 2658 generationem,
1251 2596 1298 2641 et
1330 2587 1738 2658 generationem.

378 2678 461 2732 Tu
486 2696 774 2749 exsurgens
810 2679 1144 2733 misereberis
1186 2677 1316 2733 Sion
1344 2678 1503 2747 :quia
1532 2688 1731 2746 tempus
1780 2681 1881 2732 nti-

306 2772 517 2824 serendi
546 2771 658 2838 ejus
680 2771 726 2833 ⁸,
813 2773 935 2839 quia
964 2772 1097 2824 venit
1125 2779 1344 2840 tempus.

369 2861 1024 2931 Quoniamﬁplacuerunt
1067 2863 1227 2916 servis
1256 2862 1361 2915 luis
1407 2861 1608 2930 lapides
1644 2861 1777 2931 ejus,
1834 2872 1883 2916 et

302 2965 469 3009 terrm
505 2957 617 3025 ejus
643 2957 1047 3009 miserebantur.

382 3131 451 3185 Et
479 3133 734 3186 timebunt
762 3144 936 3203 gentes
960 3148 1143 3186 nomen
1164 3133 1359 3199 tuum',
1408 3132 1655 3187 Domine:
1694 3142 1742 3186 et
1766 3150 1879 3187 ont-

310 3243 399 3279 nvs
436 3242 577 3295 reges
597 3238 750 3279 terrte
782 3227 1003 3294 gloriam
1028 3239 1196 3281 tuam.

382 3317 521 3382 Quia
564 3319 846 3385 (ediﬁcavit
902 3318 1160 3373 Dominus
1223 3319 1351 3374 Sion
1395 3336 1414 3373 :
1449 3330 1499 3374 et
1553 3320 1810 3375 videbitur
1829 3320 1880 3373 in

308 3409 481 3478 gloria
499 3427 623 3465 sua.

378 3501 623 3570 Respexit
644 3504 699 3556 in
718 3503 1006 3556 orationem
1068 3502 1350 3556 humilium

308 3612 516 3664 precem
536 3612 740 3649 eorum.

383 3689 707 3743 Scribantur
725 3688 836 3739 lucc
859 3689 912 3740 in
951 3688 1287 3757 generatione
1318 3687 1487 3741 altera
1517 3691 1537 3719 °
1574 3703 1591 3741 :

309 3781 395 3833 lus
426 3781 514 3848 qui
537 3780 800 3830 creabitur
826 3779 1065 3830 laudabit
1104 3778 1408 3833 Dominum.

379 3869 518 3935 Quia
544 3871 807 3937 prospexit
828 3871 891 3922 de
930 3868 1131 3922 excelso
1152 3880 1335 3924 sancto
1370 3886 1463 3923 suo
1498 3884 1517 3923 :
1540 3870 1791 3923 Dominus
1815 3869 1880 3921 de

309 3964 444 4017 caelo
487 3965 539 4017 in
576 3975 772 4016 terram
804 3964 1029 4029 aspexit.

389 4056 454 4110 Ut
486 4058 695 4110 audiret
754 4057 975 4127 gemitus
1018 4056 1429 4124 compeditorum
1480 4073 1499 4109 :

306 4149 453 4215 ﬁlios
483 4152 941 4217 interemptorum.

391 4239 459 4293 Ut
505 4243 819 4294 annuntient
847 4244 903 4294 in
929 4243 1060 4297 Sion
1090 4259 1272 4297 nomen
1300 4243 1507 4297 Domini
1536 4260 1556 4297 :
1589 4253 1636 4297 et
1669 4243 1876 4296 laudem

304 4332 423 4400 ejus
469 4333 521 4385 in
558 4331 876 4386 Jerusalem.

1418 3517 1433 3557 :
1481 3514 1527 3557 et
1565 3520 1667 3557 non
1692 3505 1879 3573 sprevit

1628 3699 1675 3742 et
1715 3703 1879 3756 popu-

1558 4068 1615 4109 ut
1662 4056 1879 4110 solveret

306 4467 583 4541 parietinis
613 4468 882 4541 :vigilavi,
908 4479 957 4521 et
982 4469 1153 4537 factus
1180 4485 1293 4521 sum
1321 4470 1455 4541 sicut
1486 4487 1669 4536 passer
1695 4471 1870 4541 singu-

308 4537 443 4610 laris
472 4538 525 4587 in
556 4545 710 4610 tecto.
764 4539 878 4590 lluc
914 4544 1058 4591 reler
1089 4541 1314 4591 solidam
1349 4540 1661 4607 Hieronymi
1686 4537 1873 4610 dispu-

306 4608 571 4658 tationem
602 4606 655 4658 in
681 4608 825 4659 hunc
849 4624 1086 4671 versum,
1106 4624 1225 4675 qua:
1245 4618 1415 4662 totum
1442 4606 1565 4662 lore,
1584 4606 1870 4664 numer—um

304 4677 377 4729 6.3
406 4676 663 4741 Epistulae
688 4678 750 4728 ad
781 4677 1044 4730 Sunutant
1073 4689 1128 4729 et
1156 4677 1419 4731 Fretelatn
1451 4690 1620 4733 tenet.

384 4747 399 4773 ³
443 4746 619 4797 Minus
673 4755 819 4798 recte
858 4749 998 4799 idem
1029 4764 1129 4799 lllS.
1164 4757 1218 4800 et
1262 4750 1433 4800 Carus
1475 4750 1691 4801 obelum
1727 4749 1874 4806 hunc

304 4815 591 4867 omittunt.
627 4816 992 4883 Subsequeuti
1023 4830 1153 4869 vero
1175 4818 1403 4869 l’nlatin.
1430 4832 1532 4871 ms.
1564 4819 1715 4873 addit
1741 4821 1873 4874 Dia-

306 4884 541 4950 psalmo.

383 4955 403 4983 ³
429 4953 695 5022 lleposuit
717 4955 938 5022 sequior
962 4971 1154 5009 manus
1177 4957 1229 5009 in
1245 4957 1433 5010 eodem
1455 4971 1554 5013 ms.
1588 4957 1872 5014 Percussus

305 5032 408 5077 est.

373 5094 394 5123 ⁸
426 5093 574 5164 idem
596 5091 885 5164 Palatinus
913 5111 1037 5161 ms.,
1069 5105 1117 5149 et
1143 5096 1388 5164 poculum
1417 5112 1603 5160 meum,
1635 5109 1741 5151 etc.

371 5163 392 5189 ⁸
433 5162 574 5216 Male
591 5162 763 5218 Palat.
799 5180 898 5218 ms.
933 5162 1238 5234 pronomini
1273 5167 1387 5235 ejus
1438 5167 1655 5220 obclunt
1691 5168 1870 5236 pra'li-

303 5232 655 5306 git_,_eaatera
674 5236 793 5289 sine
819 5232 1083 5306 asterisco
1108 5238 1255 5306 legit.

375 5303 396 5332 ⁸
423 5303 690 5357 Secundis
718 5305 868 5358 euris
896 5303 1191 5373 repositum
1222 5310 1277 5359 in
1305 5306 1471 5363 Palat.
1521 5316 1605 5362 est
1630 5323 1729 5362 ius.
1801 5310 1870 5361 ti-

301 5373 513 5423 mebunt
544 5387 718 5441 gentes
754 5389 939 5427 nomen
966 5376 1176 5428 Domini
1215 5394 1233 5431 :
1266 5380 1330 5429 ad
1370 5376 1619 5431 Graecum
1662 5379 1868 5432 codicis

300 5443 676 5517 Alexandrini,
714 5448 783 5496 τὰ
816 5446 943 5517 Ebur]
974 5448 1034 5497 τὸ
1059 5446 1231 5515 lix/apo.
1262 5449 1491 5517 Kupiuu.
1553 5447 1867 5517 Insequenti

299 5514 468 5587 etiam
508 5528 685 5576 versu,
747 5515 1054 5587 wdiﬁcabit,
1115 5514 1214 5583 pro
1254 5516 1558 5584 wdi/icovit,
1641 5514 1868 5587 prlel'ert

298 5581 464 5655 tdeur
481 5596 583 5635 ms.
618 5600 742 5636 cum
768 5584 838 5638 ϐ.
864 5581 1230 5655 οἰκοδομήσει.

370 5651 583 5705 ‘ldetu.
617 5669 741 5715 ms.,
773 5671 826 5706 tn
855 5651 1247 5722 generationem
1281 5657 1526 5711 alterum.

365 5722 383 5751 ⁷
418 5722 493 5800 De
526 5723 627 5775 liae
660 5740 788 5778 voce
820 5730 1125 5800 nycticoraa:
1159 5729 1311 5795 plura
1337 5730 1559 5800 disserit
1596 5728 1865 5800 HierOny-

299 5806 420 5847 mus
452 5798 506 5845 in
544 5808 641 5846 sun
672 5806 827 5862 ep-st.
873 5798 1075 5851 \‘iJesis
1110 5799 1522 5863 observationes
1571 5798 1867 5867 l’rodromi

2001 573 2253 636 tribulor,
2294 573 2494 627 inclina
2521 574 2589 628 ad
2613 589 2699 629 me
2721 590 2906 629 aurem
2938 584 3081 628 tuam
3109 592 3125 631 :
3148 576 3201 629 in
3237 591 3565 646 quacunque

1999 666 2088 720 die
2122 665 2448 720 invocavero
2477 678 2550 732 te,
2581 667 2840 722 velociter
2867 670 3068 722 exaudi
3098 683 3206 724 me.

2067 840 2201 905 Quia
2234 840 2554 895 deiecerunt
2611 841 2954 896 sicutiumus
2996 842 3113 897 dies
3163 847 3266 897 mel
3303 852 3394 897 :et
3437 857 3560 897 ossa

1994 946 2113 984 mea
2148 932 2288 985 sicut
2318 932 2369 985 in
2402 933 2623 987 frixorio
2657 933 2898 993 eonfrixa
2939 945 3084 989 sunt.

2066 1021 2367 1075 Percussus
2404 1036 2527 1099 sum
2557 1032 2698 1075 sicut
2753 1024 2961 1087 fenum,
2992 1032 3047 1078 ct
3074 1024 3215 1076 aruit
3237 1039 3333 1077 eor
3358 1041 3558 1093 meum,

1992 1112 2120 1181 quia
2156 1112 2277 1183 [ms.
2305 1110 2589 1182 quoniam]
2625 1113 2829 1167 oblitus
2852 1129 2974 1168 sum
3008 1115 3338 1194 manducare
3364 1131 3561 1184 panem

1992 1217 2173 1257 meum
2210 1221 2224 1257 :
2255 1219 2283 1256 a
2325 1218 2456 1257 voce
2478 1207 2711 1271 gemitus
2749 1205 2879 1269 mei,
2908 1205 3254 1259 adhaeserunt
3290 1222 3412 1260 ossa
3430 1220 3552 1261 mea

1990 1295 2139 1349 carni
2176 1312 2331 1350 mete.

1972 1402 1975 1405 '
2064 1390 2269 1445 Similis
2300 1390 2473 1443 lactus
2529 1405 2648 1445 sum
2682 1388 2932 1457 pelicano
2955 1389 3009 1442 in
3039 1389 3357 1451 solitudine,
3393 1401 3447 1443 et
3482 1389 3562 1441 lu-

1989 1491 2108 1536 ctus
2146 1496 2269 1535 sum
2303 1483 2448 1535 sicut
2484 1482 2796 1551 nycticorax
2818 1481 2835 1512 '
2886 1482 2939 1533 in
2972 1480 3294 1536 domicilio:
3326 1480 3561 1548 vigiluvi,

1986 1584 2042 1628 et
2063 1575 2238 1629 iactus
2265 1588 2387 1629 sum
2413 1573 2557 1628 sicut
2587 1572 2803 1643 passer“
2855 1572 3046 1626 unicus
3079 1573 3133 1624 in
3165 1570 3435 1624 aedilicio.

2058 1754 2288 1809 Totadie
2327 1754 2733 1824 exprobrabant
2765 1769 2851 1809 me
2885 1753 3093 1808 inimici
3127 1751 3234 1807 mei
3283 1754 3304 1786 ’
3331 1765 3348 1803 :
3378 1762 3431 1805 et
3464 1752 3559 1822 qui

1909 1854 1952 1907 Β
1984 1864 2068 1901 me
2098 1847 2410 1914 laudabant,
2461 1847 2724 1902 adversus
2756 1846 3137 1915 mejurabant.

2050 1938 2190 2004 Quia
2222 1946 2461 1993 cinerem
2491 1939 2632 1993 sicut
2654 1954 2851 2008 panem
2908 1934 3305 1991 mandueaham
3334 1951 3350 1990 :
3385 1943 3437 1989 et
3461 1948 3558 2002 po-

1984 2041 2095 2085 tum
2134 2048 2311 2086 meum
2371 2046 2492 2085 eum
2532 2032 2662 2087 ﬂetu
2693 2031 3080 2099 temperabant.

2055 2124 2099 2175 Α
2128 2122 2265 2177 facie
2298 2124 2392 2177 irae
2420 2134 2476 2179 et
2535 2123 2926 2193 indignationis
2987 2130 3090 2174 tua:
3120 2136 3134 2173 :
3165 2119 3296 2189 quia
3333 2118 3558 2173 elevans

1982 2217 2176 2271 elisisti
2209 2231 2316 2271 me.

2056 2309 2179 2364 Dies
2212 2308 2318 2363 mei
2350 2311 2501 2365 sicut
2535 2308 2730 2363 umbra
2756 2307 3169 2364 declinaverunt
3204 2318 3293 2364 :et
3318 2323 3419 2379 ego
3451 2308 3558 2362 sic-

1984 2408 2043 2452 ut
2072 2395 2195 2469 [ms.
2228 2397 2396 2468 velut]
2431 2398 2616 2452 fenum
2649 2398 2790 2452 arui.

2054 2490 2133 2543 Tu
2185 2498 2391 2553 autem,
2435 2488 2683 2551 Domine,
2743 2490 2796 2541 in
2845 2495 3109 2541 aeternum
3152 2502 3468 2557 permanes.
3501 2495 3558 2540 et

1983 2583 2301 2636 memoriale
2346 2594 2498 2635 tuum
2536 2580 2590 2635 in
2620 2581 2879 2635 saeculum
2928 2582 3132 2635 seculi.

2053 2672 2135 2725 Tu
2189 2686 2488 2742 exsurgens
2547 2671 2897 2726 misereberis
2956 2670 3086 2725 Sion

1986 2774 2199 2832 tempus
2237 2764 2537 2819 miserandi
2569 2764 2709 2834 ejus.

2056 2856 2193 2923 Quia
2221 2854 2346 2927 [ms.
2412 2853 2698 2927 quoniam]
2773 2854 3177 2925 bencplacitum
3241 2851 3551 2905 habuerunt

1984 2948 2126 3003 servi
2189 2949 2266 3002 tui
2298 2948 2508 3018 lapides
2560 2947 2685 3019 ejus
2722 2963 2740 3015 ς
2771 2955 2827 3003 et
2881 2956 3037 3002 terra:
3072 2945 3117 2976 ¹⁰
3151 2945 3268 3015 ejus
3329 2942 3554 2995 misere-

1985 3044 2208 3096 buntur.
3425 3022 3435 3031 ’

2055 3132 2115 3185 Et
2152 3132 2424 3187 timebunt
2473 3143 2664 3203 gentes
2714 3146 2910 3187 nomen
2955 3139 3130 3193 tuum,
3193 3127 3465 3181 Domine:
3496 3138 3552 3181 et

1986 3241 2177 3281 omnes
2211 3241 2364 3293 reges
2392 3233 2551 3279 terra:
2583 3224 2809 3296 gloriam
2850 3233 3017 3277 tuam.

2057 3317 2327 3384 Quoniam
2374 3318 2661 3373 aadilleabit
2728 3315 2860 3386 lius.
2928 3309 3242 3380 mdiﬁcavit]
3285 3309 3548 3363 Dominus

1988 3409 2122 3465 Sion
2164 3427 2183 3465 ;
2212 3422 2267 3465 et
2301 3410 2580 3465 videbitur
2613 3412 2665 3463 in
2700 3412 2980 3481 majestate
3010 3424 3128 3463 sua.

2054 3502 2123 3556 Et
2152 3506 2392 3571 respexit
2428 3501 2480 3554 in
2503 3499 2781 3555 orationes
2804 3515 3101 3570 pauperum
3139 3515 3156 3556 ξ
3183 3509 3237 3555 et
3270 3515 3376 3553 non
3396 3514 3552 3568 Spre-

1985 3595 2061 3649 vit
2078 3611 2266 3663 preces
2284 3611 2497 3649 eorum.

2056 3688 2380 3741 Scribantur
2413 3688 2527 3742 bace
2556 3688 2610 3741 in
2644 3689 3001 3754 generatione
3027 3688 3197 3742 altera
3235 3704 3251 3742 :
3281 3696 3334 3740 et
3381 3700 3553 3754 popu-

1984 3780 2069 3834 lus
2100 3780 2193 3849 qui
2224 3780 2504 3834 crcabitur
2535 3780 2776 3834 laudabit
2802 3779 3114 3833 Dominum.

2053 3870 2628 3939 Quoniamprospexit
2656 3872 2723 3925 de
2751 3871 2964 3924 excelso
2993 3878 3185 3923 sancto
3244 3882 3347 3922 suo
3388 3880 3402 3919 :

1983 3966 2164 4019 minus
2184 3966 2252 4019 de
2279 3965 2415 4018 cu-lo
2454 3966 2506 4018 in
2551 3973 2748 4017 terram
2775 3962 3076 4031 prospexit.

2042 4057 2115 4113 Ut
2140 4058 2351 4112 audiret
2384 4057 2640 4126 gemitum
2667 4056 3061 4109 \inculatorum
3093 4067 3110 4108 :
3138 4062 3192 4106 et
3214 4050 3386 4105 solvat
3410 4049 3552 4103 ﬁlios

1983 4151 2462 4219 interemptorum.

2054 4242 2122 4296 Ut
2151 4245 2515 4295 annuntietur
2540 4242 2592 4295 in
2620 4240 2754 4296 Sion
2787 4254 2989 4295 nomen
3010 4237 3226 4293 Domini
3252 4253 3267 4291 :
3316 4247 3370 4290 et
3430 4235 3548 4289 laus

1980 4336 2101 4403 eius
2129 4336 2185 4389 in
2225 4334 2555 4388 Jerusalem.

3151 2685 3165 2723 :
3223 2668 3347 2737 quia
3412 2669 3559 2722 venit

3440 3867 3548 3919 Do-

1985 4470 2251 4544 nostriad
2286 4471 2429 4544 ltunc
2455 4472 2656 4544 locum.
2695 4470 2875 4526 Mter.
2917 4541 2951 4544 __
3077 4539 3091 4544 _
3136 4538 3146 4544 _
3272 4534 3283 4544 .

2052 4543 2072 4572 ⁸
2106 4542 2176 4593 Ita
2205 4541 2459 4608 antiquos
2485 4542 2799 4595 Latinorum
2830 4541 3049 4595 codices
3073 4538 3241 4593 fuisse
3272 4538 3544 4602 interpre-

1981 4612 2397 4684 tatos_agiioscit
2432 4613 2570 4665 idem
2604 4612 2981 4680 Hieronymus.
3008 4610 3189 4684 MART.
3328 4675 3339 4684 _
3388 4673 3397 4683 .
3461 4674 3472 4684 θ

2044 4684 2064 4712 ¹⁹
2104 4675 2299 4733 Veron.
2328 4696 2454 4750 cum
2475 4684 2707 4750 August.
2737 4675 3125 4750 exprobrabant
3156 4677 3283 4730 milii
3322 4675 3545 4750 inimici,

1980 4760 2117 4811 tum,
2138 4752 2239 4802 mei
2260 4766 2277 4802 :
2301 4746 2812 4812 Quoniamvcinerein
2834 4753 2963 4804 sicut
2994 4765 3181 4818 panem
3211 4746 3542 4806 manducavi,

1976 4832 2023 4872 et
2049 4830 2229 4889 potant
2257 4836 2421 4871 meum
2451 4837 2567 4873 cum
2598 4825 2723 4888 ﬂetu
2756 4823 3055 4873 miscebant.
3088 4820 3127 4871 Α
3159 4818 3290 4887 facie
3327 4818 3418 4868 ἐγω
3444 4822 3545 4864 tua:

1978 4901 2024 4960 et
2058 4891 2441 4958 indignationis
2464 4903 2586 4955 tute,
2613 4908 2862 4960 quoniam
2881 4889 3108 4953 elevans,
3131 4889 3537 4960 peucséugust.

1978 4956 2189 5012 levastif
2238 4960 2373 5013 llinc
2401 4956 2946 5027 duobus'intcrjectis
2984 4956 3254 5030 versibus,
3309 4956 3381 5008 Tu
3405 4969 3541 5030 vero.

1977 5031 2218 5093 Domine,
2262 5032 2315 5081 in
2364 5040 2621 5082 a'ternnin
2654 5025 2858 5095 manes,
2892 5040 2939 5081 et
2977 5025 3282 5081 memorialia
3312 5035 3455 5077 tuum
3486 5025 3541 5072 in

1973 5099 2366 5167 generationem
2398 5109 2445 5151 et
2480 5101 2890 5168 generationem.
2921 5100 2997 5152 Tu
3020 5112 3301 5168 exsurgens
3334 5095 3541 5168 misere—

1975 5162 2106 5220 beris
2166 5167 2312 5230 Sion,
2350 5162 2597 5238 quoniam
2649 5173 2785 5222 venit
2836 5171 3146 5238 (Augustin.
3180 5162 3400 5239 verbum
3435 5162 3535 5239 liae

1976 5243 2135 5305 tacet)
2176 5237 2397 5307 tempus,
2449 5251 2503 5292 ut
2550 5242 2848 5293 miserearis
2893 5237 3008 5310 ejus
3037 5238 3143 5309 (vel
3176 5237 3244 5305 ei)
3299 5237 3539 5304 quoniam

1974 5310 2113 5360 venit
2149 5318 2374 5377 tempus.

2050 5380 2093 5409 ¹⁰
2119 5378 2351 5447 August.
2399 5391 2453 5434 ct
2488 5379 2785 5436 \‘eronens.
2820 5396 2920 5436 ms.
2967 5380 3213 5450 pulveris,
3240 5387 3336 5443 pro
3367 5381 3538 5450 terim.

1971 5460 2026 5502 et
2054 5459 2176 5521 post
2208 5437 2382 5503 linum
2415 5467 2657 5515 versum,
2678 5451 2933 5505 videbitur
2961 5437 3016 5505 in
3040 5437 3213 5521 gloria
3240 5437 3254 5443 “
3273 5458 3386 5519 sua.
3429 5437 3532 5489 Ile-

1971 5521 2138 5589 spexit
2159 5519 2210 5571 in
2238 5523 2526 5574 orationem
2548 5524 2849 5588 humilium,
2882 5532 2929 5575 et
2963 5519 3063 5573 non
3094 5521 3539 5589 αεδρεπιρριτεεηι

1973 5585 2175 5643 eorum.
2212 5590 2525 5645 Scribuntur
2579 5595 2689 5647 Itan:
2718 5597 2769 5647 in
2834 5585 3220 5663 generationem
3263 5585 3480 5663 alterum
3519 5598 3530 5629 :

1970 5672 2027 5715 ct
2071 5675 2219 5722 mox,
2258 5663 2523 5732 Quoniam
2554 5666 2818 5732 prospexit
2837 5661 2911 5715 et
2943 5662 3053 5713 alto
3083 5669 3262 5732 sancto
3286 5668 3398 5715 suo,
3426 5661 3536 5732 etc.

1973 5720 2340 5797 Deniquepljt
2373 5720 2579 5787 audiret
2608 5720 2858 5802 gemitum
2885 5731 3319 5798 compeditorum,
3349 5732 3401 5774 ut
3425 5720 3539 5778 sol-

1974 5813 2054 5854 vat
2085 5802 2223 5868 ﬁlios
2258 5807 2711 5870 morti/iratorum.
