3898 6172
220 348 322 412 an

1410 349 1647 408 LIBER
1696 352 2179 417 PSALMORUM.

3341 366 3446 429 326

291 464 544 529 Quomodo
586 462 859 514 miseretur
902 468 1053 528 pater
1085 461 1339 529 ﬁliorum,
1394 469 1637 519 misertus
1694 478 1767 520 est
1803 483 1841 532 Α
1946 469 2097 523 Sicut
2142 471 2431 525 miseretur
2455 481 2613 540 pater
2642 471 2784 539 liliis,
2824 472 2897 525 ita
2926 472 3047 543 ints.
3073 473 3175 545 sic]
3198 478 3451 535 misertus
3529 470 3535 481 ’

228 561 457 611 Dominus
511 553 811 606 timentibus
874 569 971 618 se,
1039 556 1289 622 quoniam
1354 558 1463 626 ipse
1536 561 1771 627 cognovit

224 654 499 720 figmentum
545 656 808 699 nostrum.

298 739 613 793 Recordatus
634 748 733 798 est,
757 737 1010 804 quoniam
1034 736 1204 804 pulvis
1220 753 1399 790 sumus
1421 752 1438 789 :
1468 742 1622 793 homo
1639 740 1773 793 sicut

226 834 377 901 fenum
402 833 510 884 dies
542 830 656 898 ejus
688 846 708 883 ε
739 840 994 900 tanquam
1025 832 1123 899 [los
1147 830 1264 898 agri
1294 831 1371 883 sic
1399 829 1666 899 efﬂorebit.

282 1009 532 1073 Quoniam
566 1008 793 1075 spiritus
820 1005 1161 1079 pertransibit
1204 1007 1260 1059 in
1282 1005 1402 1070 illo,
1430 1014 1481 1059 et
1511 1024 1613 1061 non
1647 1010 1771 1062 sub-

224 1104 350 1156 sistet
376 1110 458 1153 :et
486 1117 592 1153 non
615 1110 887 1169 cognoscet
920 1098 1147 1166 amplius
1174 1098 1350 1151 locum
1383 1115 1561 1155 suum.

280 1192 630 1245 Misericordia
648 1200 826 1244 autem
852 1190 1061 1243 Domini
1097 1189 1162 1242 ab
1198 1198 1417 1254 esterno,
1452 1200 1502 1244 et
1524 1207 1690 1261 usque
1722 1196 1774 1247 in

226 1299 452 1341 internum
476 1302 638 1355 super
661 1288 900 1339 timentes
922 1302 1061 1341 eum.

284 1378 344 1431 Et
361 1380 572 1447 justitia
603 1379 751 1431 illius
774 1380 829 1432 in
862 1378 1003 1446 ﬁlios
1025 1378 1290 1447 ﬁliorum,
1328 1382 1409 1437 his
1439 1384 1528 1453 qui
1558 1392 1773 1437 servant

227 1481 573 1523 testamentum
610 1472 749 1541 ejus.

284 1561 342 1615 Et
370 1578 626 1616 memores
648 1572 772 1617 sunt
804 1568 1183 1619 mandatorum
1232 1567 1417 1635 ipsius,
1466 1566 1539 1621 ad
1568 1568 1773 1637 facien—

215 1656 331 1705 idum
358 1672 436 1709 ea.

286 1747 525 1800 Dominus
548 1749 607 1801 in
626 1748 755 1801 caelo
787 1751 994 1817 paravit
1023 1750 1194 1804 sedem
1254 1764 1408 1803 suam
1438 1763 1457 1802 :
1483 1759 1533 1805 et
1556 1766 1776 1822 regnum

226 1840 362 1903 ipsius
396 1841 640 1893 omnibus
672 1842 1029 1894 dominabitur
1064 1842 1103 1895 ί.

294 1930 584 1983 Benedicite
614 1932 858 1993 Domino,
884 1948 1069 1985 ontnes
1110 1931 1283 2000 angeli
1316 1932 1430 2001 ejus
1470 1947 1490 1986 :
1544 1944 1775 2002 potentes

229 2024 404 2085 virtute,
434 2024 691 2089 facientes
727 2025 938 2079 verbum
966 2024 1132 2091 illius,
1166 2024 1237 2076 ad
1251 2024 1571 2078 audiendum
1600 2044 1771 2082 vocem

224 2130 486 2166 sermonum
520 2118 667 2184 ejus.

284 2202 573 2258 Benedicite
612 2204 861 2270 Domino,
897 2221 1075 2260 omnes
1114 2208 1337 2262 virtutes
1396 2207 1508 2272 eius
1537 2222 1556 2260 :
1616 2209 1775 2263 mini-

226 2297 307 2349 stri
326 2298 452 2366 ejus,
482 2298 580 2367 qui
612 2297 790 2365 facitis
817 2297 1133 2351 voluntatem
1157 2300 1297 2367 ejus.

282 2387 573 2442 Benedicite
606 2388 831 2443 Domino
861 2391 1036 2443 omnia
1070 2406 1228 2459 opera
1252 2391 1389 2459 ejus,
1406 2391 1460 2443 in
1489 2391 1632 2444 omni
1664 2392 1774 2444 loco

218 2478 575 2534 mutationis
605 2481 743 2551 ejus,
779 2481 1009 2546 benedic,
1041 2483 1225 2536 anima
1255 2496 1397 2555 mea,
1422 2480 1666 2536 Domino.

1879 573 1965 615 est
2008 561 2272 616 Dominus
2322 563 2643 617 timentibus
2675 579 2732 618 se
2771 566 2939 633 :quia
3006 564 3125 631 fors.
3169 570 3452 643 quoniam]

1881 656 2000 719 ipse
2032 650 2159 704 fecit
2189 650 2503 719 ﬁgmentum
2538 663 2808 707 nostrum.

1947 742 2241 800 Memento,
2270 740 2519 804 Domine,
2568 743 2714 810 quod
2776 742 2957 811 pulvis
3010 757 3226 805 sumus,
3290 747 3453 799 homo

1877 833 2017 886 sicut
2045 831 2169 902 lius.
2204 833 2486 900 tanquam]
2510 831 2693 885 fenum
2723 831 2840 885 dies
2856 834 2974 903 ejus
3000 832 3125 905 [ms.
3153 834 3320 907 illius]
3348 850 3365 891 :
3391 846 3448 891 et

1877 922 2015 973 sicut
2040 921 2141 975 ﬂos
2180 921 2293 985 agri
2335 920 2407 974 ita
2433 919 2721 975 elllorebit.
2758 920 2881 991 [ms.
2914 923 3176 997 tlorebit].

1952 1012 2088 1078 Quia
2122 1013 2354 1082 spiritus
2381 1013 2703 1081 pertransiit
2730 1017 2798 1067 ab
2827 1030 2915 1079 eo,
2968 1025 3025 1070 et
3083 1032 3191 1072 non
3226 1017 3331 1072 erit
3360 1029 3451 1074 :et

1880 1120 1985 1179 non
2019 1114 2312 1170 cognoscet
2335 1104 2568 1173 amplius
2591 1104 2775 1158 locum
2807 1119 2991 1159 suum.

1951 1195 2328 1249 Misericordia
2356 1205 2538 1250 autem
2570 1197 2782 1252 Domini
2806 1214 2836 1252 a
2871 1200 3069 1253 smcnlo
3096 1211 3202 1263 est,
3262 1210 3316 1255 et
3350 1217 3442 1256 us-

1876 1303 1985 1358 que
2020 1290 2075 1343 in
2099 1290 2359 1342 saeculum
2396 1290 2578 1343 sasculi
2608 1305 2774 1359 super
2806 1292 3059 1345 timentes
3093 1308 3239 1343 eum.

1950 1380 2009 1434 Ει
2028 1381 2239 1449 justitia
2256 1381 2375 1449 ejus
2394 1395 2560 1450 super
2579 1380 2719 1434 ﬁlios
2738 1382 3437 1443 ﬁliorum,custodientibus

1881 1479 2269 1526 testamentum
2298 1472 2419 1541 ejus
2460 1486 2474 1525 :
2509 1480 2563 1526 et
2594 1474 2857 1527 memoria
2915 1474 3276 1529 retinentibus
3298 1492 3449 1530 man-

1878 1565 2001 1618 data
2037 1565 2180 1635 ejus,
2211 1565 2489 1619 uti-sciant
2517 1581 2602 1620 ea.

1950 1744 2217 1799 Dominus
2253 1745 2307 1798 in
2343 1744 2485 1799 casio
2550 1744 2758 1814 paravit
2803 1745 2988 1799 sedem
3051 1759 3320 1806 suamzct
3366 1765 3450 1805 rc-

1805 1814 1854 1873 B
1885 1849 2050 1904 gnum
2080 1834 2199 1901 ejus
2229 1837 2473 1889 omnium
2504 1835 2903 1891 dominabitur.

1951 1924 2265 1979 Benedicite
2293 1925 2606 1988 Dominum,
2640 1940 2832 1980 omnes
2862 1927 3040 1995 angeli
3070 1928 3209 1997 ejus,
3255 1940 3447 1997 poten-

1883 2027 1964 2071 tes
2008 2016 2212 2071 virtute
2242 2016 2336 2085 qui
2357 2015 2540 2071 facitis
2569 2017 2794 2073 verbum
2838 2019 2983 2089 ejus,
3012 2021 3077 2074 ad
3110 2021 3444 2076 audiendam

1882 2123 2072 2163 vocem
2102 2122 2414 2163 sermonum
2438 2109 2579 2179 ejus.

1950 2200 2261 2254 Benedicite
2296 2199 2607 2267 Dominum,
2650 2217 2842 2256 omnes
2879 2204 3107 2257 virtutes
3140 2203 3260 2273 ejus
3295 2220 3309 2257 :
3338 2206 3444 2257 mi-

1877 2291 2034 2346 nistri
2059 2291 2200 2361 ejus,
2236 2291 2327 2359 qui
2354 2291 2533 2345 facitis
2562 2294 2893 2348 voluntatem
2918 2295 3058 2363 ejus.

1948 2384 2270 2440 Benedicitc
2301 2384 2594 2439 Dominum
2620 2388 2804 2441 omnia
2833 2402 2999 2457 opera
3026 2388 3147 2455 ejus
3201 2389 3257 2442 in
3291 2390 3443 2443 omni

1878 2476 2413 2531 locodominationis
2458 2476 2579 2545 ejus
2621 2492 2636 2535 :
2670 2478 2920 2542 benedic.
2957 2479 3137 2532 animo
3170 2463 3313 2547 mea,
3336 2480 3444 2533 Do-

1882 2583 2114 2623 mtuum.

1526 2730 1878 2793 PSALMUS
1951 2730 2117 2792 CIII.

770 2860 830 2903 -ι-
858 2862 948 2901 trs:
978 2863 1134 2902 amp
1172 2850 1191 2880 ⁸
1225 2847 1247 2915 ζ

286 2964 518 3029 Benedic,
568 2962 753 3014 anima
808 2976 945 3021 mea,
984 2960 1209 3014 Domino
1261 2973 1280 3012 :
1348 2957 1567 3012 Domine
1634 2959 1770 3013 Deus

225 3074 369 3120 ηεειιι,
398 3054 775 3125 magnificatus
808 3070 859 3106 es
898 3055 1241 3106 vehementer.

2337 2860 2567 2901 pssum
2597 2847 2619 2879 ⁸
2648 2857 2747 2901 ινει
2786 2863 2960 2902 ωνω.

1953 2956 2205 3021 Benedic,
2244 2958 2423 3012 anima
2458 2974 2602 3023 mea,
2645 2959 2933 3013 Dominum
2976 2959 3249 3017 :Domine
3303 2960 3446 3017 Deus
3512 3001 3521 3009 .

1886 3062 2066 3115 meus,
2102 3048 2478 3120 magniﬁcatus
2501 3064 2561 3104 es
2581 3049 2954 3106 vehementer.

283 3147 665 3214 Confessionem
700 3154 749 3196 et
780 3144 1012 3196 decorem
1040 3142 1304 3198 induisti:
1331 3144 1557 3197 amictus
1582 3140 1777 3195 lumine
1802 3138 1846 3195 C
1949 3138 2358 3195 Confessionem
2381 3150 2434 3196 et
2455 3141 2712 3195 decorem
2733 3142 2979 3210 induisti,
3005 3144 3239 3199 amictus
3258 3145 3444 3198 lumen

224 3242 339 3291 sicut
366 3242 693 3292 vestimento.

285 3329 578 3381 Extendens
629 3326 816 3379 (telum
872 3325 1007 3378 sicut
1052 3324 1235 3390 pellem
1275 3323 1408 3393 :qui
1455 3323 1580 3393 tegis
1626 3323 1775 3392 aquis

226 3423 473 3488 superiora
513 3422 657 3491 ejus.

280 3510 369 3575 Qui
397 3515 544 3579 ponis
576 3512 764 3565 nubem
821 3526 1093 3564 ascensum
1159 3518 1307 3562 tuum
1340 3526 1357 3563 :
1390 3524 1479 3575 qui
1536 3505 1774 3558 ambulas

225 3619 355 3667 super
378 3620 581 3673 pennas
607 3612 899 3655 ventorum.

279 3696 369 3756 Qui
398 3696 526 3763 facis
564 3692 782 3763 angelos
807 3701 921 3745 tuos
947 3691 1202 3762 spiritus:
1235 3700 1300 3748 σιν
1331 3699 1377 3741 et
1403 3689 1422 3719 ³
1456 3688 1476 3754 ζ
1512 3688 1772 3741 ministros

223 3794 322 3837 tuos
348 3787 519 3854 ignem
544 3793 811 3836 urentem.

280 3878 373 3940 Qui
406 3878 649 3943 fundasti
686 3886 883 3927 terram
910 3888 1065 3939 super
1082 3871 1422 3926 stabilitatem
1450 3887 1603 3923 suam
1626 3886 1643 3924 :
1667 3887 1770 3924 non

222 3968 543 4019 inclinabitur
575 3968 631 4019 in
660 3958 913 4020 swculum
939 3964 1143 4018 sazculi.

280 4061 493 4130 Abyssus
526 4061 687 4129 lsicut
742 4058 1107 4111 vestimentum
1167 4055 1388 4109 amictus
1422 4055 1534 4124 ejus
1560 4069 1580 4109 :
1615 4069 1772 4124 super

224 4163 394 4205 montes
420 4154 634 4205 stabunt
668 4165 842 4220 aqua.

277 4245 343 4295 Ab
386 4244 744 4311 increpatione
774 4247 865 4293 tua
911 4238 1114 4309 fugient
1149 4255 1168 4295 :
1200 4258 1231 4294 a
1264 4256 1382 4294 voce
1431 4239 1653 4292 tonitrui
1694 4239 1769 4291 tui

222 4332 581 4397 formidabant.

276 4426 571 4479 Ascendunt
624 4433 844 4490 motitcs,
882 4439 945 4479 σξη
1008 4433 1055 4477 et
1086 4424 1108 4494 ζ
1142 4423 1457 4477 descendunt
1486 4424 1679 4491 campi,
1714 4420 1770 4474 in

222 4514 395 4578 locum,
424 4533 581 4583 quem
615 4516 848 4583 fundasti
883 4516 979 4569 eis.

280 4604 575 4659 Terminum
625 4608 894 4674 posuisti,‘
918 4621 1071 4674 quem
1126 4622 1229 4659 non
1281 4605 1780 4675 transgredientur:

223 4711 363 4759 neque
397 4707 771 4751 convertentur
800 4698 1006 4767 operire
1033 4707 1251 4749 terram.

285 4921 299 4947 ‘
323 4920 517 4972 Iterum
555 4919 643 4973 hic
670 4918 983 4989 Diapsolma
1023 4918 1302 4974 Palatinth
1327 4933 1427 4989 :ns.
1459 4917 1768 4989 subjungit:

222 4991 597 5058 subsequentis
626 4987 811 5043 autem
868 4989 1121 5043 versiculi
1177 4990 1353 5042 altero
1416 4987 1770 5041 hemistichio

224 5075 500 5121 pronOttten
528 5058 676 5112 illius
706 5060 928 5127 sequior
974 5075 1040 5112 ex
1068 5058 1264 5114 eodem
1290 5073 1392 5110 ms.
1430 5073 1623 5111 manus
1692 5068 1775 5111 te-

224 5145 354 5182 mere
374 5130 606 5181 abrasit.

281 5205 298 5230 ³
330 5200 638 5251 Pronomen
676 5198 943 5252 duntaxat
982 5198 1085 5265 ipsi
1129 5195 1365 5249 Palatin.
1408 5211 1510 5249 ms.
1541 5196 1769 5265 jugulat.

286 5271 303 5299 ³
331 5267 424 5322 llic
445 5272 569 5321 sine
594 5270 753 5322 obolo
781 5278 830 5320 et
864 5272 1134 5337 copulam,
1170 5268 1351 5320 minus
1385 5269 1576 5321 iterum
1609 5274 1767 5331 bene,

222 5336 569 5408 Palatin.i_ms.
600 5338 746 5408 legit.

284 5412 301 5437 ‘
335 5409 392 5460 ln
429 5405 737 5463 γενοηεὶιεί
792 5421 895 5461 ms.
962 5421 1160 5461 nomen
1204 5405 1454 5461 Psalmus
1497 5421 1604 5459 non
1646 5415 1766 5468 est;

219 5488 288 5529 est
321 5493 445 5530 vero
490 5478 547 5529 in
589 5486 731 5531 testu
766 5476 921 5531 nimis
963 5492 1059 5547 pro
1084 5477 1410 5531 vehementer
1462 5476 1615 5545 juxta
1654 5475 1769 5530 Au-

218 5548 502 5615 gustinum,
536 5555 599 5599 ut
625 5555 675 5600 et
727 5548 871 5616 quod
904 5548 1177 5617 sequitur,
1226 5548 1649 5600 circumamictus
1685 5547 1771 5598 lu-

220 5634 315 5668 cem
342 5620 475 5671 sicut
508 5618 890 5671 vestimentum.

288 5689 305 5717 ’
332 5688 561 5741 Rectius
595 5685 756 5740 lenne
784 5688 928 5741 idem
986 5701 1089 5741 ms.
1118 5685 1172 5739 in
1237 5684 1475 5740 secunda
1531 5699 1764 5755 persona

221 5756 323 5813 hac
352 5760 463 5811 duo
496 5756 677 5821 aﬂ'ert,
706 5760 791 5825 qui
816 5759 1067 5827 protegis,
1093 5766 1145 5811 et
1179 5771 1322 5822 mox,
1351 5758 1437 5824 qui
1476 5758 1623 5824 ponis
1660 5773 1763 5810 nu-

1802 4465 1851 4522 ι)

1880 3232 2023 3287 sicut
2052 3233 2465 3288 vestimentum.

1948 3320 2262 3375 Extendens
2316 3322 2511 3376 coelum
2553 3322 2697 3377 sicut
2731 3324 2925 3393 pellem
2971 3340 2989 3378 :

1877 3415 2037 3482 aquis
2065 3417 2351 3483 superiora
2391 3418 2534 3485 ejus.

1946 3508 2048 3573 Qui
2081 3509 2231 3575 ponit
2264 3510 2460 3562 nubem
2486 3526 2774 3565 ascensum
2808 3527 2969 3565 suum
3014 3529 3029 3567 :
3060 3513 3150 3582 qui
3202 3514 3445 3571 ambulat

1876 3611 2043 3665 super
2074 3612 2282 3665 pennas
2316 3609 2631 3654 ventorum.

1946 3689 2049 3754 Qui
2073 3689 2465 3759 lacit‘angelos
2490 3705 2617 3744 suos
2642 3692 2865 3762 spiritus
2896 3712 2910 3750 :
2941 3704 2995 3749 et
3016 3695 3292 3750 ministros
3314 3714 3443 3753 suos

1875 3782 2053 3850 ignem
2087 3791 2333 3835 urentem
2380 3779 2402 3852 [
2434 3798 2510 3834 ms
2535 3782 2882 3854 ardentem].

1943 3868 2310 3933 Quilundavit
2342 3879 2541 3923 terram
2568 3886 2735 3941 super
2758 3873 3107 3929 stabilitatem
3135 3877 3255 3947 ejus
3288 3896 3303 3933 ε
3333 3894 3442 3933 ηοη

1873 3957 2223 4013 inclinabitur
2248 3959 2302 4014 in
2356 3961 2617 4015 saeculum
2639 3962 2843 4017 saeculi.

1942 4050 2187 4120 Abyssus
2208 4052 2349 4107 sicut
2373 4052 2591 4122 pallium
2616 4054 2845 4109 amictus
2867 4055 3006 4128 ejus,
3033 4071 3197 4127 super
3228 4066 3443 4114 montes

1872 4142 2095 4196 Stabunt
2108 4159 2281 4213 aquat.

1942 4234 2023 4287 Ab
2054 4233 2420 4304 increpatione
2442 4246 2531 4292 tua
2559 4238 2764 4308 fugient
2790 4252 2806 4292 :
2837 4254 2867 4294 a
2896 4253 3030 4295 voce
3063 4240 3282 4296 tonitrui
3313 4240 3442 4314 [ms.

1876 4324 2137 4397 tonitrus]
2180 4329 2258 4381 tui
2296 4327 2688 4384 formidabunt.

1946 4419 2266 4474 Ascendunt
2290 4433 2527 4488 montes,
2575 4433 2630 4476 et
2661 4422 3003 4477 descendunt
3058 4425 3257 4494 campi,
3292 4427 3343 4480 in
3374 4428 3446 4481 loc

1880 4526 2025 4572 cum,
2072 4527 2234 4581 quem
2261 4512 2496 4567 fundasti
2533 4515 2637 4569 eis.
2685 4514 2976 4568 terminum
3031 4517 3261 4585 posuisti
3310 4518 3441 4573 eis:

1880 4619 2046 4673 quem
2073 4620 2181 4658 non
2216 4606 2702 4674 transgrediantur,
2726 4617 3299 4675 uequeconvertentur
3316 4626 3444 4679 ope-

1880 4699 1987 4753 rire
2009 4708 2231 4752 terram.

3046 3325 3136 3395 qui
3172 3326 3305 3395 tegit
3334 3327 3355 3359 ⁵
3391 3328 3443 3381 in

1878 4924 1999 4996 bem_
2025 4924 2455 4996 ascensumejus.
2491 4924 2794 4996 Placuissct
2826 4925 3153 4996 Hieronymo
3212 4928 3277 4982 ad
3315 4943 3445 4983 eum

1878 4992 2312 5067 modumell'erri
2343 5002 2397 5046 et
2429 4994 2665 5067 reliqua.
2700 4998 2791 5064 qui
2852 4992 3114 5067 ambulas,
3168 5000 3257 5066 qui
3286 4998 3446 5067 facis,

1876 5066 1965 5130 qui
1998 5062 2259 5129 fundasti,
2298 5073 2406 5116 etc.
2433 5062 2649 5117 Videsis
2674 5062 2793 5133 ejus
2814 5066 2879 5120 ad
2913 5062 3190 5120 Sunniam'
3228 5062 3446 5123 et'Freé

1876 5133 2039 5185 telam
2080 5133 2389 5200 epistolam.
2418 5133 2761 5202 Augustinus
2791 5152 2820 5189 e
2878 5140 3156 5190 contrario
3223 5141 3442 5191 tertiam

1911 5217 2164 5255 ersonam
2195 5203 2545 5276 continenter
2574 5204 2812 5276 praefert.
2838 5204 3110 5259 Caeterum
3159 5218 3443 5276 postremo

1898 5286 1997 5347 nco
2020 5286 2145 5347 cum
2178 5273 2500 5347 Augustino,
2521 5275 2634 5347 Aqui
2682 5276 3007 5343 pronomine
3041 5273 3347 5347 expuncto,
3368 5278 3445 5327 le-

1873 5341 2123 5413 git'idem
2160 5357 2259 5395 nis.
2290 5340 2474 5402 ἁπλῶς
2508 5340 2743 5412 fundavit
2786 5355 2981 5400 tetrant
3013 5340 3167 5413 πρὶν
3209 5346 3443 5412 ﬁrmita-

1877 5422 1997 5464 tem.
2032 5411 2192 5472 Tum,
2226 5414 2445 5483 abyssus
2473 5411 2608 5467 sicut
2635 5419 2993 5471 vestimentum
3019 5411 3241 5469 amictus
3256 5414 3439 5476 ipsius.

1874 5492 1928 5535 et
1966 5482 2018 5533 in
2048 5483 2153 5533 line
2176 5482 2408 5537 alterius
2444 5486 2512 5538 ab
2538 5487 2641 5541 hoc
2672 5502 2884 5551 versus,
2920 5502 3081 5553 neque
3114 5493 3440 5537 revertentur

1874 5560 2041 5621 tegere
2068 5562 2285 5606 terram.

1945 5623 1963 5650 ⁵
1988 5621 2481 5697 uisscarnutensis
2507 5627 2635 5697 legit
2668 5627 2720 5680 in
2745 5624 2980 5697 secunda
3002 5640 3257 5697 persona,
3286 5628 3443 5697 facis,

1871 5692 2127 5759 fundasti.
2181 5691 2515 5751 Sorbonicus
2544 5691 2724 5750 autem
2764 5707 2819 5751 et
2847 5691 3029 5750 editus
3047 5694 3175 5751 Cari
3205 5702 3259 5755 in
3282 5691 3443 5755 icrtia

1871 5776 2125 5828 persona.
2154 5761 2328 5819 Mam.
