3898 6172
414 329 518 393 3ἓῖ

1361 335 1422 394 S.
1460 331 1893 394 ΙΠΕΒΟΝΥΜΙ
1943 332 2208 392 Dl\'ll\'A
2265 327 2787 390 lilBLiUTllECA.

3549 333 3638 395 323

491 447 594 512 Qui
647 446 840 500 emittis
897 445 1064 508 fontes
1095 446 1147 499 in
1182 446 1505 502 convallibus
1539 463 1558 502 :
1605 447 1744 502 inter
1775 447 2001 501 medium
2034 457 2079 513 Α
2178 424 2282 511 Qui
2322 445 2523 500 emittit
2554 446 2738 500 fontes
2768 443 2824 496 in
2859 441 3242 498 convallibus:
3277 443 3406 499 inter
3431 447 3638 503 medium

420 540 680 595 montium
712 537 1104 608 pertransibunt
1145 551 1201 591 -:—
1238 553 1392 606 aqua!
1429 540 1452 607 ζ

496 633 753 686 Potabant
783 648 960 685 omnes
995 630 1174 683 bestia:
1215 633 1332 700 agri
1361 645 1380 684 :
1411 633 1790 702 exspectabant
1815 632 2003 700 onagri

422 729 476 779 in
503 726 590 778 siti
618 742 739 777 sua.

495 819 664 885 Super
701 833 760 871 ea
789 814 1024 869 volucres
1059 815 1174 869 creti
1237 813 1546 869 habitabant
1576 829 1594 869 :
1621 815 1684 868 de
1723 813 1892 867 medio
1919 828 2007 881 pe-

426 919 628 960 trarum
660 905 859 958 dabunt
889 920 1056 959 voces.

497 998 696 1067 Rigans
725 1005 924 1049 montes
948 997 1012 1048 de
1039 995 1394 1062 superioribus
1424 996 1536 1048 suis
1558 1007 1580 1050 :
1602 995 1665 1048 de
1691 994 1867 1064 [ructu
1889 1008 2008 1062 ope-

424 1107 538 1144 rum
572 1099 781 1142 tuorum
810 1089 1095 1140 satiabitur
1119 1095 1290 1140 terra.

492 1181 793 1235 Producens
827 1180 1006 1248 fenum
1045 1179 1307 1250 jamentis
1343 1196 1361 1232 :
1398 1188 1448 1232 et
1501 1177 1719 1231 herbam
1766 1177 2006 1231 servituti

423 1271 714 1325 honanunu

494 1365 560 1419 Ut
581 1365 774 1417 educas
799 1379 986 1432 panem
1013 1363 1076 1416 de
1102 1372 1245 1415 terra
1275 1377 1293 1416 :
1323 1371 1370 1415 et
1404 1363 1577 1414 vinum
1612 1360 1841 1427 la'tiﬁcet
1864 1361 1880 1390 ¹
1917 1376 2008 1414 cor

425 1457 670 1511 hominis.

502 1545 569 1599 Ut
592 1545 848 1599 exhilaret
875 1545 1065 1614 [aciem
1099 1557 1162 1600 οι-
1202 1546 1258 1598 in
1285 1544 1309 1614 ζ
1341 1543 1456 1598 oleo
1489 1557 1510 1598 :
1537 1551 1586 1595 et
1615 1542 1772 1612 panis
1797 1557 1888 1595 cor
1918 1543 2010 1596 Ito-

428 1640 584 1692 minis
609 1640 901 1706 conﬁrmet.

504 1726 832 1782 Saturabunt
858 1726 1002 1795 ligna
1030 1727 1206 1796 campi
1233 1740 1250 1779 :
1274 1738 1337 1780 σξ-
1371 1735 1419 1778 et
1446 1725 1470 1793 ζ
1503 1723 1643 1776 cedri
1673 1722 2010 1791 Libaniquae

431 1818 687 1887 plantavit
725 1834 740 1870 :
773 1816 883 1869 illic
920 1832 1156 1884 passeres
1189 1815 1556 1882 nidiﬁcabunt.

501 1907 719 1960 lierodii
761 1906 946 1958 domus
985 1904 1096 1957 dua:
1147 1913 1225 1956 est
1282 1919 1463 1955 eorum
1498 1915 1516 1953 :

432 2001 620 2062 cerris,
656 2007 804 2063 petra
847 1997 1110 2065 refugium
1142 1996 1446 2049 herinaciis.

503 2091 654 2145 Fecit
707 2089 888 2143 lunam
941 2090 994 2141 in
1029 2097 1268 2154 tempora
1298 2102 1318 2142 :
1373 2086 1454 2141 sot'
1501 2087 1738 2156 cognovit
1770 2100 2012 2140 occasum

509 2277 743 2330 Posuisti
784 2274 1045 2338 tenebras,
1081 2283 1132 2326 et
1163 2272 1306 2341 facta
1343 2280 1416 2324 est
1449 2286 1597 2325 nox:
1647 2271 1701 2323 in
1745 2270 1861 2339 ipsa
1893 2284 2013 2336 per-

437 2369 737 2424 transibunt
768 2383 946 2420 onmes
975 2365 1150 2418 bestia:
1175 2364 1344 2417 silvae.

509 2473 575 2515 αι-
613 2458 792 2511 Catuli
817 2459 840 2527 ζ
870 2457 1080 2509 leonum
1107 2457 1126 2486 '
1152 2456 1412 2524 rugientes
1444 2466 1500 2509 at
1526 2454 1778 2523 rapiant:
1805 2463 1852 2507 et
1878 2467 2022 2521 quie-

439 2562 562 2606 rant
595 2568 627 2604 a
664 2551 767 2604 Deo
797 2546 971 2604 e'scam
1004 2548 1125 2601 sibi.

510 2644 670 2699 Ortus
711 2651 788 2697 est
819 2641 920 2705 sol,
952 2651 1002 2695 et
1033 2642 1338 2711 congregati
1369 2648 1491 2694 sunt
1523 2655 1542 2693 :
1572 2649 1622 2693 et
1667 2639 1722 2690 in
1764 2637 2022 2691 cubilibus

437 2737 550 2789 suis
579 2733 1003 2788 collocabantur.

510 2827 691 2880 Exibit
734 2825 888 2878 homo
920 2825 990 2878 ad
1039 2840 1167 2894 opus
1221 2839 1403 2888 suum,
1457 2829 1508 2876 et
1541 2823 1615 2875 ad
1666 2821 2022 2891 Operationem

444 2933 596 2972 suam
628 2931 793 2986 usque
823 2916 892 2969 ad
918 2930 1188 2984 vesperam
1226 2914 1270 2968 ⁸.
1803 2976 1826 2995 .

518 3012 688 3076 Quam
717 3009 1060 3078 magniﬁcam
1081 3017 1197 3062 sunt
1225 3021 1382 3075 opera
1416 3016 1532 3070 tua,
1562 3006 1824 3061 Domine!
1850 3009 2024 3061 antnia

443 3105 500 3158 in
552 3103 811 3171 sapientia
867 3100 1055 3169 fecisti,
1108 3101 1330 3169 impleta
1381 3109 1456 3154 est
1509 3111 1654 3154 terra
1703 3101 2027 3168 possessione

449 3206 563 3247 tua.

520 3286 628 3339 floe
653 3299 794 3336 mare
821 3297 1069 3352 magnam
1096 3292 1143 3334 et
1167 3281 1451 3350 spatiosum
1475 3294 1532 3337 σε·
1561 3282 1796 3335 manibus
1815 3287 1836 3315 ⁵
1863 3283 1882 3350 ζ
1911 3282 2023 3336 illic

447 3376 677 3446 reptilia,
707 3389 927 3443 quarunt
956 3390 1058 3425 non
1086 3381 1162 3425 est
1196 3387 1468 3425 numerus.

513 3464 786 3521 Animalia
816 3463 1013 3534 pusilla
1042 3481 1158 3516 cum
1179 3467 1404 3530 magnis,
1425 3462 1537 3515 illic
1568 3479 1722 3517 naves
1749 3474 2024 3530 pertrans-

447 3564 612 3615 ibant.

522 3654 693 3707 Draco
719 3653 815 3706 iste
833 3666 984 3722 quem
1014 3639 1256 3718 [οι-ηιαὮὶ
1284 3649 1353 3702 ad
1384 3649 1709 3702 illudena’aut
1733 3651 1817 3703 ei:
1838 3651 2020 3704 omnia

449 3766 482 3802 a
517 3756 563 3801 te
589 3753 911 3814 exspectant,
941 3752 996 3795 at
1029 3743 1119 3795 des
1147 3741 1254 3795 illis
1281 3756 1452 3794 escam
1485 3741 1536 3794 in
1567 3751 1816 3808 tempore.

1560 1911 1763 1955 montes
1821 1897 2010 1954 excelsi

511 3923 682 3976 Dante
711 3930 759 3974 te
789 3920 895 3974 illis
924 3920 1164 3989 colligent
1186 3921 1449 3987 aperiente
1481 3931 1529 3974 te
1582 3937 1795 3974 manant
1839 3931 2012 3988 tuam,

592 4007 763 4065 omnia
799 4012 820 4081 ζ
881 4011 1235 4080 implebantur
1257 4011 1507 4065 bonitate.

518 4103 796 4156 Avertente
837 4110 1010 4153 autem
1049 4110 1098 4151 te
1129 4099 1339 4166 faciem,
1382 4101 1733 4155 turbabuntur
1767 4120 1784 4156 :
1818 4105 2023 4174 auferes

526 4287 539 4315 '
581 4284 638 4337 ln
672 4281 895 4336 instanti
944 4282 1198 4346 la'tiﬁcat,
1237 4282 1521 4350 rescripsit
1571 4283 1622 4336 in
1660 4285 1903 4338 Palatino
1928 4303 2023 4340 eo-

452 4355 575 4410 dice
619 4354 841 4426 sequior
876 4369 1092 4426 manus,
1124 4364 1178 4405 et
1211 4353 1568 4420 subsequenti
1606 4370 1793 4416 versu,
1825 4359 2020 4426 conﬁr-

455 4435 587 4478 mat.
639 4423 776 4475 '|‘um
830 4425 1220 4475 saturabantur
1279 4437 1372 4490 pro
1427 4427 1768 4485 saturabunt,
1831 4423 2023 4491 primis

2107 535 2375 590 montium
2413 535 2825 604 pertransibunt
2868 548 3046 602 aquai.
3649 602 3674 616 ‘

2179 627 2453 682 Putabant
2491 643 2584 681 eas
2606 642 2798 681 omnes
2834 626 3025 681 bestie
3076 627 3358 692 silvarum,
3396 643 3642 701 exspecta.

2107 721 2246 774 bunt
2269 720 2459 789 onagri
2501 719 2556 772 in
2586 719 2679 772 siti
2703 734 2800 775 sua
2830 736 2844 777 :
2869 736 3033 788 super
3062 735 3126 774 ea
3164 722 3408 776 volucres
3430 727 3538 780 εωιὶ
3562 726 3645 783 ha.

2107 813 2380 876 bitabunt,
2408 814 2476 867 de
2508 812 2689 866 medio
2719 822 2994 882 petrarum
3031 814 3243 868 dabunt
3269 829 3424 870 voces
3443 821 3600 877 suas'.

2181 993 2638 1061 Rigansfmontes
2667 991 2734 1045 de
2757 991 3136 1060 superioribus
3193 991 3312 1046 suis
3337 1007 3352 1046 :
3403 993 3466 1048 dc
3495 995 3650 1051 fructu

2109 1096 2336 1152 operum
2368 1089 2586 1134 tuorum
2615 1080 2910 1133 satiabitur
2944 1090 3120 1134 terra.

2179 1171 2499 1226 Producens
2524 1171 2710 1225 fenum
2734 1171 3002 1240 jumentis
3046 1187 3061 1223 :
3090 1181 3146 1226 et
3171 1170 3396 1226 herbam
3433 1175 3654 1230 servituti

2110 1260 2419 1315 hominum.

2185 1352 2253 1406 Ut
2277 1353 2472 1408 educat
2506 1367 2699 1423 panem
2729 1353 2798 1408 de
2824 1361 2970 1407 terra
3001 1371 3016 1408 :
3051 1362 3106 1409 et
3128 1354 3316 1409 vinum
3339 1356 3558 1414 laetiﬁcet
3579 1375 3660 1412 cor

2113 1445 2380 1500 hominis.

2184 1538 2256 1593 Ut
2276 1538 2548 1592 exhilaret
2577 1537 2772 1595 faciem
2810 1540 2865 1594 in
2893 1539 3054 1595 oleo:
3091 1548 3149 1594 et
3199 1540 3359 1610 panis
3386 1555 3478 1597 cor
3501 1541 3660 1596 homi-

2113 1631 2200 1683 nis
2230 1630 2538 1684 conﬁrmet.
2882 1645 2886 1647 ‘

2187 1719 2548 1774 Satiabuntur
2577 1722 2761 1776 omnia
2791 1722 2932 1792 ligna
2986 1722 3266 1789 silvarum,
3309 1736 3365 1778 et
3425 1723 3661 1779 ce.lriLi-

2044 1811 2085 1864 Β
2116 1811 2244 1867 bani
2276 1828 2413 1880 quas
2439 1814 2694 1881 plantasti
2729 1832 2744 1870 :
2773 1814 2884 1869 illic
2910 1830 3156 1881 passeres
3177 1816 3478 1871 nidiﬁcant.

2187 1902 2386 1958 Futica:
2416 1905 2435 1934 ⁶
2475 1904 2674 1960 domus
2711 1905 3136 1961 duxesteornm

2116 1995 2316 2053 cervis.
2351 2007 2505 2064 petra
2539 1997 2807 2065 refugium
2844 1997 3174 2053 lierinaciis.

2191 2087 2343 2142 Fecit
2380 2089 2559 2142 lunam
2591 2089 2645 2142 in
2666 2098 2932 2158 tempora,
2961 2091 3040 2146 sol
3077 2091 3339 2161 cognovit
3373 2091 3494 2165 [ms.
3525 2108 3672 2164 agno-

2118 2179 2218 2253 vit]
2251 2195 2505 2235 occasum
2533 2195 2714 2235 suum.

2191 2269 2424 2325 Posuisti
2460 2271 2736 2335 tenebras,
2760 2283 2817 2326 et
2847 2272 2985 2328 facta
3062 2284 3148 2328 est
3170 2288 3273 2328 nos
3306 2291 3322 2328 :
3355 2275 3407 2328 in
3428 2275 3534 2345 ipsa
3564 2273 3671 2346 [nm

2121 2360 2209 2433 ea]
2231 2362 2647 2430 pertransibunt
2662 2378 2857 2419 omnes
2876 2363 3070 2419 bestia:
3097 2365 3364 2420 silvarum
3388 2365 3504 2438 [πω.
3523 2364 3675 2439 silvae]

2195 2455 2370 2510 Catuli
2388 2455 2606 2510 leonum
2621 2459 2901 2525 rugientes
2927 2468 2987 2511 ut
3019 2459 3268 2528 rapiant:
3298 2466 3354 2512 et
3380 2461 3499 2530 [ms.
3526 2468 3578 2513 et
3605 2457 3676 2530 ut}

2123 2555 2369 2615 quat-rant
2397 2562 2427 2599 a
2460 2545 2570 2600 Deo
2609 2560 2791 2601 escam
2845 2546 2970 2601 sibi.

2193 2635 2358 2692 Ortus
2387 2647 2469 2690 est
2507 2636 2610 2701 sol,
2636 2648 2691 2690 et
2720 2640 3035 2708 congregati
3067 2647 3202 2694 sunt
3238 2641 3405 2696 :etin
3435 2637 3681 2695 cubilibus

2126 2730 2240 2785 suis
2271 2745 2330 2784 se
2358 2730 2705 2786 collocabant
2734 2729 2858 2801 [ms.
2883 2731 3210 2804 cubabant].

2199 2824 2358 2879 Exiet
2388 2825 2548 2878 homo
2596 2822 2664 2878 ad
2704 2838 2847 2892 opus
2872 2839 3056 2888 suum,
3098 2834 3152 2879 et
3201 2823 3268 2878 ad
3331 2824 3681 2895 operationem

2129 2929 2308 2981 suam,
2345 2919 2517 2983 uque
2542 2913 2609 2967 ad
2656 2929 2970 2981 vesperum.

2200 3005 2726 3075 Quammagnibeata
2756 3017 2880 3060 sunt
2905 3022 3068 3076 epera
3104 3017 3216 3073 tua,
3245 3007 3492 3065 Domine!
3521 3007 3682 3062 omnia

2133 3099 2186 3154 in
2218 3098 2482 3168 sapientia
2517 3097 2695 3152 fecisti
2730 3113 2744 3150 :
2781 3097 2985 3168 repleta
3016 3109 3102 3154 est
3127 3110 3272 3154 terra
3307 3111 3555 3156 creatura
3581 3107 3678 3150 tua.

3180 1923 3197 1960 :
3240 1918 3452 1964 montes
3491 1911 3664 1965 excelsi

2203 3274 2316 3330 lloe
2348 3290 2497 3330 mare
2520 3290 2774 3338 magnum
2813 3284 2870 3330 et
2925 3278 3228 3346 spatiosum
3258 3293 3276 3333 :
3304 3279 3413 3334 illic
3442 3279 3572 3350 [τηε.
3599 3274 3686 3348 ibi]

2135 3368 2368 3436 reptilia,
2394 3383 2624 3436 quorum
2659 3383 2764 3422 non
2795 3379 2880 3423 est
2905 3384 3188 3436 numerus,
3216 3371 3475 3427 animalia
3511 3368 3686 3442 pusilla

2133 3470 2186 3512 et
2211 3462 2449 3530 magna’,
2481 3460 2590 3513 illic
2619 3475 2787 3516 naves
2843 3462 3281 3530 pertransibunt.

2203 3651 2376 3705 Draco
2399 3650 2501 3704 iste
2526 3665 2688 3720 quem
2727 3650 2970 3706 formasti
2999 3651 3065 3704 ad
3091 3651 3435 3708 illudendom
3465 3653 3515 3709 ei
3539 3667 3554 3706 :
3583 3667 3688 3707 om-

2134 3743 2221 3795 nia
2255 3758 2282 3793 a
2313 3752 2364 3794 te
2422 3751 2761 3810 exspemant,
2801 3742 3046 3807 Domine,
3084 3754 3140 3798 ut
3165 3753 3224 3799 tu
3253 3745 3366 3805 des,
3390 3761 3564 3802 escam
3588 3745 3681 3800 illis

2134 3833 2190 3886 in
2239 3844 2505 3901 tempore.

2206 3923 2372 3979 Dante
2402 3941 2472 3990 te,
2500 3926 2575 3980 illi
2595 3925 2848 3997 colligant
2877 3927 3192 3996 :aperiente
3218 3939 3269 3983 te
3293 3945 3511 3985 manum
3533 3938 3681 3988 tuam,

2133 4020 2316 4074 omnia
2365 4020 2722 4088 replebuntur
2742 4020 3009 4074 ubertate.

2204 4109 2496 4162 Avertente
2528 4118 2708 4162 autem
2743 4119 2795 4163 te
2849 4109 3042 4164 faciem
3099 4121 3268 4176 tuam,
3300 4111 3688 4168 turbabuntur:

2140 4288 2414 4359 (Augusl.,
2459 4290 2719 4342 cxhilaret
2777 4291 3015 4358 faciem),
3059 4301 3107 4345 et
3141 4295 3290 4359 panis
3338 4310 3431 4347 car
3483 4292 3687 4345 hominis

2139 4357 2436 4430 conﬁrmat.
2469 4360 2817 4412 Satiabuntur
2841 4357 2983 4430 ligna
3019 4357 3212 4428 campi,
3242 4373 3290 4414 et
3325 4363 3469 4416 cedri
3499 4363 3686 4418 Libani.

2135 4447 2263 4497 quas
2295 4429 2546 4497 plantavit
2584 4446 2600 4482 :
2636 4430 2746 4483 illic
2774 4429 3009 4496 passeres
3043 4431 3430 4500 nidificabunt;
3459 4445 3530 4492 et.
3556 4447 3685 4484 mou-

359 4541 364 4548 .
453 4496 617 4579 etiam
669 4495 816 4545 curis
845 4494 1128 4579 scriptun:
1183 4501 1288 4579 est,
1342 4507 1464 4559 qna-
1521 4495 1623 4546 tria
1671 4494 1737 4547 ad
1771 4493 2018 4550 Graecum
2061 4499 2100 4550 D
2134 4493 2205 4579 tes
2231 4493 2474 4550 aliissinii
2508 4500 2688 4561 cert-is,
2723 4493 2870 4579 petra
2902 4493 3166 4579 refugium
3191 4493 3683 4579 hericiisietleportf

457 4574 662 4616 textum
701 4564 928 4631 pr0pius
961 4560 1251 4614 accedunt.

527 4637 547 4664 ⁸
579 4636 708 4686 Sine
750 4633 906 4703 obelo
952 4631 1116 4683 catuli
1149 4631 1356 4703 leonum
1393 4633 1534 4684 idem
1587 4648 1690 4686 ms.
1752 4634 1920 4703 legit;
1972 4638 2025 4689 in

457 4702 644 4754 Graeco
698 4702 919 4752 unicum
967 4709 1050 4752 est
1091 4699 1419 4752 vocabulum
1471 4703 1722 4769 σκύμνοι,
1765 4699 1831 4758 ui
1863 4717 1918 4758 et
1972 4708 2025 4758 in

462 4772 700 4843 Hebraeo
719 4777 994 4843 Dt'itsjn.
1019 4770 1125 4843 Pro
1155 4779 1303 4843 ortus
1339 4781 1415 4823 est
1446 4773 1630 4834 verbo,
1673 4777 1818 4840 quod
1846 4779 2027 4843 sequi-

462 4853 571 4904 tur,
618 4840 833 4893 \idetur
863 4841 980 4907 ejus
1010 4839 1218 4894 codicis
1254 4843 1436 4893 scriba
1475 4839 1791 4910 apertus’est
1825 4839 2053 4912 pt'autu-‘

461 4915 871 5050 “sieéubjungit
891 4980 1128 5034 Palatia.
1158 4994 1260 5033 ms.
1293 4979 1628 5049 Diapsalma.

519 5051 540 5080 ⁸
570 5049 758 5119 Neque
783 5049 870 5104 hic
902 5061 1050 5104 recte
1075 5053 1318 5104 astet-iaci
1353 5063 1534 5105 notam
1563 5053 1704 5107 idem
1736 5068 1836 5110 ms.
1869 5059 2029 5111 omit-

458 5122 542 5178 tit.
583 5122 815 5176 Sanctus
845 5123 961 5188 ipse
995 5121 1158 5174 Pater
1185 5123 1345 5184 epist.
1384 5123 1448 5174 ad
1499 5123 1769 5177 Sunniam
1801 5139 1856 5179 et
1890 5127 2022 5181 Fre-

459 5195 640 5257 telam,
704 5211 721 5242 ε
763 5191 971 5250 Dicitis.
1024 5191 1218 5256 inquit,
1283 5192 1336 5244 in
1373 5191 1562 5245 Gnaeo
1625 5197 1866 5249 manibus
1917 5213 2026 5251 non

459 5266 669 5326 haberi,
704 5274 758 5317 et
791 5278 892 5329 ego
916 5260 1063 5314 novi.
1115 5261 1220 5313 Sed
1259 5277 1325 5314 ex
1378 5262 1648 5318 llebraieo
1677 5276 1733 5317 et
1768 5266 2023 5320 Theodo-

459 5335 625 5388 tionis
652 5333 898 5386 editione
932 5333 986 5385 in
1037 5331 1392 5400 Septuaginta
1431 5334 1533 5386 sub
1579 5334 1843 5388 asterisco
1877 5338 2028 5390 aitdi-

455 5412 566 5458 tunt
596 5415 700 5458 est.
736 5423 754 5456 ι

518 5476 539 5505 ⁸
579 5473 779 5527 Veron.
799 5488 922 5526 cuni
950 5475 1174 5546 August.
1205 5471 1467 5524 Potabunt
1495 5475 1864 5546 omnesbestice
1886 5479 2024 5546 agri,

453 5546 730 5611 suscipient
762 5546 947 5614 onagri
981 5547 1028 5594 in
1050 5544 1205 5614 sitim
1227 5558 1406 5614 suam,
1438 5559 1594 5602 super
1630 5543 1748 5614 illos
1785 5543 2026 5601 volatilia

452 5614 570 5667 Heli
594 5612 987 5676 inhabitabant,
1023 5613 1087 5665 de
1117 5613 1287 5665 medio
1318 5619 1588 5679 petrarum
1618 5612 1818 5667 dabant
1853 5633 2026 5670 vocem

452 5697 625 5737 suam.
648 5683 785 5736 Tum
814 5683 1031 5736 duobus
1059 5684 1183 5737 aliis
1209 5682 1512 5748 interiectis
1541 5683 1814 5749 versibus,
1846 5689 2025 5740 vinum

452 5750 687 5817 taztifteat
739 5767 828 5804 cor
871 5753 1118 5808 hominis.
1183 5749 1249 5805 Ut
1305 5751 1630 5805 exhilaretur
1685 5757 2037 5830 [acies,‘ctc,_

2132 4570 2246 4632 bus,
2281 4579 2338 4622 ut
2385 4580 2440 4622 et
2485 4581 2680 4622 ca-tera
2729 4570 2961 4624 minoris
3007 4572 3290 4636 momenti,
3338 4587 3461 4642 qua:
3495 4573 3546 4626 in
3576 4570 3687 4625 libri

2131 4643 2256 4691 albo
2284 4647 2635 4691 annotantnr.

2203 4709 2221 4738 ⁸
2259 4707 2796 4781 Vttlgtis_L_IngOItum
2825 4720 2983 4763 vocat
3024 4727 3124 4781 une
3173 4709 3406 4781 foulque.
3475 4710 3687 4766 Parisiui

2132 4786 2314 4832 autem
2367 4777 2630 4830 diabolum
2677 4789 2898 4848 vocant,
2933 4783 3078 4848 quod
3108 4780 3268 4834 furva
3299 4777 3395 4835 sit.
3430 4781 3690 4835 Bellonius

2131 4848 2268 4920 dicit
2298 4864 2422 4920 esse
2450 4864 2547 4900 une
2579 4847 2730 4914 poule
2760 4847 2962 4920 d‘eau.’
2996 4849 3073 4902 Ita
3103 4851 3160 4920 in
3184 4850 3473 4905 Thesauro
3508 4851 3690 4920 linguze

2133 4917 2359 4970 Latinae.
2394 4917 2569 4988 Porro
2594 4933 2756 4984 quam
2790 4917 3092 4988 incongrue
3124 4919 3286 4974 llebr.
3309 4931 3484 4980 mion
3521 4917 3690 4975 Asida.

2133 4988 2253 5039 sive
2279 4987 2522 5044 hhasida.
2558 4987 3168 5058 interpretemr’fulica,
3210 5006 3274 5044 ex
3307 4989 3691 5057 consequentia

2133 5058 2568 5130 sensusnicere
2619 5067 2796 5130 potes.
2869 5059 3061 5114 Melius
3119 5061 3263 5130 apud
3313 5059 3692 5130 Hieronymum

2135 5131 2302 5178 Asida
2327 5127 2552 5191 dicitur,
2589 5125 2798 5191 miluus.
2831 5131 2923 5196 qui
2960 5131 3011 5180 in
3038 5125 3270 5184 excelsis
3298 5125 3588 5186 arboribus
3622 5125 3694 5180 ni-

2133 5197 2231 5249 dos
2265 5200 2444 5249 facere
2478 5207 2848 5251 consueverit.
2881 5196 3059 5253 Mmr.

2199 5267 2219 5297 '
2257 5267 2596 5341 Veronensis
2613 5282 2740 5341 _ms.,
2770 5270 2968 5333 pusilla
2999 5287 3117 5324 cum
3151 5273 3383 5341 magnis,
3422 5279 3534 5341 tum
3557 5271 3695 5337 juxta

2130 5338 2516 5404 Augustinum,
2540 5338 2650 5389 illic
2682 5353 2838 5390 naves
2863 5338 3254 5395 commeabant:
3270 5341 3444 5393 Draco
3463 5339 3544 5392 hic
3560 5351 3696 5406 quem

2131 5407 2335 5473 ﬁne-isti
2366 5411 2433 5458 ad
2463 5407 2796 5479 illudendunt
2830 5411 2903 5460 eis
2938 5412 3276 5479 (Augustin.,
3304 5409 3375 5476 ei)
3414 5427 3432 5462 :
3471 5413 3640 5462 omnia
3668 5421 3695 5456 α

2133 5491 2181 5528 te
2210 5486 2538 5542 exspectant,
2575 5477 2815 5542 Domine,
2846 5489 2900 5530 ut
2926 5485 3015 5533 des
3045 5477 3154 5534 illis
3186 5482 3360 5534 cibum
3391 5485 3450 5533 in
3485 5489 3697 5542 tempore

2133 5558 2449 5619 opportuno.
2488 5550 2658 5599 Dante
2692 5558 2740 5600 te
2771 5549 2864 5612 eis,
2894 5550 3147 5619 colligunt
3176 5554 3562 5619 (Augustinus,
3593 5559 3699 5598 tum

2132 5618 2336 5670 dederis
2386 5618 2483 5680 eis,
2535 5619 2830 5687 colliyeut),
2863 5618 3123 5687 aperiente
3175 5618 3350 5675 autem
3417 5632 3465 5675 te
3505 5630 3702 5672 manant

2134 5697 2302 5754 tuam,
2335 5689 2576 5742 universa
2600 5688 2956 5755 implebantur
2979 5690 3228 5745 bonitate.
