3898 6172
245 311 334 373 329
1454 312 1682 369 LIBER
1732 296 2224 369 PSAHIORUM.

3349 303 3456 365 33.0

242 403 458 492 spiritum
487 440 690 488 eorum,
719 433 766 478 et
791 423 1056 492 deﬁcient,
1081 424 1194 476 etin
1229 423 1492 492 pulverem
1522 414 1670 472 saltm
1703 437 1782 472 re-
1822 437 1859 488 Λ
1894 423 2106 473 auferes
2133 420 2614 487 Spiritnmeorum,
2638 425 2688 469 et
2724 415 2997 477 deﬁcient,
3027 422 3078 466 et
3105 412 3158 465 in
3187 411 3458 478 ptthetent

243 524 497 570 uertentur.

304 602 508 657 Emittes
535 602 794 672 Spiritum
821 613 994 666 tuum,
1023 614 1070 656 et
1103 605 1417 657 creabantur
1443 618 1459 656 :
1491 611 1539 654 et
1575 618 1791 654 renora-

242 698 306 748 bis
337 696 510 764 {aciem
546 705 728 758 terrar,

290 785 358 839 Sit
381 786 547 855 gloria
579 785 789 838 Domini
818 787 871 838 in
895 785 1148 839 sa'culuni
1187 801 1204 838 :
1241 784 1508 838 lwtabitur
1533 782 1786 835 Dominus

241 879 284 928 in
312 877 536 945 operibus
567 879 700 929 suis.

297 967 387 1031 Qui
415 969 622 1036 respicit
654 953 874 1029 terrcim,
911 979 960 1020 et
1002 980 1064 1021 σξ-
1113 966 1238 1034 facit
1271 983 1386 1018 eam
1418 967 1432 996 ¹
1471 965 1492 1030 ζ
1530 977 1786 1016 tremere:

239 1061 313 1127 qui
337 1061 494 1129 tangit
526 1070 749 1123 montes,
781 1071 826 1112 et
860 1061 1141 1128 fumigant.

295 1151 512 1202 Cantabo
563 1151 784 1204 Dontino
836 1153 888 1203 in
936 1153 1039 1202 vita
1083 1167 1196 1202 mea
1228 1166 1244 1202 :
1277 1149 1505 1218 psallam
1535 1148 1637 1200 Deo
1673 1164 1782 1200 meo

237 1244 452 1310 quamdiu
481 1259 622 1294 sum.

284 1334 564 1388 Iucundum
597 1337 662 1387 sit
688 1338 734 1388 ei
764 1336 1027 1406 eloquium
1055 1350 1222 1386 meum
1243 1320 1265 1386 ἐ
1299 1347 1389 1401 ego
1418 1348 1534 1384 vero
1560 1332 1788 1383 delecta-

238 1429 313 1476 bar
339 1428 386 1477 in
419 1426 668 1482 Domino.

214 1515 225 1527 ’
297 1516 533 1585 Deﬁciunt
567 1529 866 1586 peccatores
897 1535 927 1569 a
971 1527 1134 1581 terra,
1170 1527 1217 1569 et
1252 1517 1418 1585 iniqui
1464 1517 1536 1568 ita
1594 1525 1646 1566 ut
1684 1529 1781 1565 nOn

233 1618 318 1660 sint
341 1622 356 1658 :
378 1609 607 1673 benedic,
641 1613 819 1662 animo
851 1626 984 1675 mea,
1018 1608 1258 1662 Domino.

1894 528 2052 564 suum
2091 521 2433 565 revertemur
2468 509 2592 581 [ηις.
2629 505 3067 577 convertentur],

1964 604 2160 659 Emitte
2187 607 2443 673 Spiritum
2474 615 2645 666 tuum,
2677 614 2729 654 et
2761 600 3116 661 creabantur,
3143 607 3200 652 et
3234 611 3460 649 reum-ao

1893 694 1974 747 bis
2008 693 2130 763 [nts.
2159 689 2465 761 iunovabisj
2500 691 2689 744 iaeietn
2727 699 2906 743 terrui.

1966 785 2051 837 Sit
2081 785 2251 853 gloria
2285 785 2492 836 Domini
2523 784 2574 835 in
2610 783 2867 835 smculum
2913 778 3101 834 saeculi
3148 795 3161 831 :
3196 777 3465 830 laetabitur

1895 879 2154 931 Dominus
2187 881 2241 929 in
2269 875 2527 945 operibus
2557 876 2698 928 suis.

1960 969 2061 1034 Qui
2088 968 2318 1037 reapieit
2375 965 2625 1024 terrain".
2669 962 2876 1016 etfacit
2911 977 3028 1016 eam
3060 972 3330 1016 tremere:
3368 962 3458 1026 ιιιιί

1892 1063 2062 1129 tangit
2090 1068 2324 1118 montes,
2360 1071 2416 1112 et
2455 1057 2821 1127 fumigahunt.

1960 1152 2204 1206 Cantabo
2237 1150 2466 1204 Domino
2505 1149 2557 1202 in
2591 1152 2698 1202 vita
2739 1163 2857 1201 mea
2889 1169 2901 1201 :
2932 1146 3154 1216 psallam
3203 1146 3308 1196 Deo
3339 1160 3458 1196 meo

1890 1242 2150 1310 quamdiu
2192 1257 2337 1308 (ξι-υ.)

1961 1332 2153 1386 Suavis
2176 1331 2246 1384 sit
2270 1331 2317 1385 ei
2343 1330 2580 1384 laudatio
2605 1343 2720 1383 mea
2756 1345 2770 1382 :
2801 1343 2899 1399 ego
2925 1342 3053 1380 vero
3080 1326 3304 1379 delecta!
3328 1341 3390 1376 or
3410 1324 3460 1375 in

1890 1423 2142 1479 Domino.

1961 1513 2220 1568 Deliciant
2253 1524 2566 1582 peceatores
2587 1527 2615 1564 a
2638 1521 2806 1575 terra,
2837 1521 2889 1566 et
2915 1510 3087 1578 iniqui
3111 1508 3235 1580 itus.
3256 1509 3467 1578 injits'tij

1891 1606 1961 1659 ita
2000 1616 2058 1658 ut
2095 1618 2202 1658 non
2235 1606 2344 1659 sint
2376 1620 2391 1659 :
2418 1605 2668 1669 benedic,
2701 1605 2883 1657 anima
2908 1617 3048 1667 mea,
3078 1601 3385 1655 Dominum.

1574 1767 1920 1828 PSALMUS
1949 1721 2111 1827 CIV.

875 1894 1154 1934 ALLELUIA.

288 1998 613 2065 Con/itemini
649 1997 892 2059 Domino,
926 2008 987 2049 at—
1020 2005 1066 2047 et
1095 1995 1117 2063 ζ
1158 1996 1390 2047 invocate
1417 2006 1602 2044 nomen
1639 1989 1788 2058 ejus:

234 2096 511 2146 amnuntiate
535 2093 680 2146 inter
699 2103 876 2159 gentes
908 2104 1064 2154 Opera
1094 2088 1229 2155 ejus.

287 2265 494 2322 Caritate
523 2268 595 2332 ei,
626 2274 675 2320 et
697 2263 908 2332 psallite
937 2265 983 2317 ei
1014 2279 1030 2318 :
1059 2272 1271 2316 narrate
1305 2262 1484 2342 omnia
1508 2259 1776 2314 mirabilia

234 2363 344 2429 ejus.

291 2451 596 2504 Laudamini
652 2452 705 2502 in
753 2452 961 2502 nomine
1013 2457 1196 2502 sancto
1250 2449 1404 2517 ejus:
1459 2445 1664 2499 lectetur
1697 2461 1784 2496 cor

235 2546 546 2615 querentium
577 2542 886 2596 Dominum.

290 2637 503 2702 Quazrite
530 2636 891 2701 Dominum,et
913 2633 1305 2700 conﬁrmamini
1321 2649 1337 2686 :
1356 2634 1574 2701 quazrite
1595 2632 1782 2700 [acrem

229 2729 325 2791 ιςἰω
346 2743 543 2794 semper
576 2728 618 2778 ³.
1605 2713 1609 2718 ’
1721 2724 1724 2725 ⁷

289 2813 588 2868 Eementote
627 2813 954 2866 mirabilinm
1000 2812 1112 2880 ejus
1160 2824 1278 2877 qua:
1333 2809 1498 2878 fecit:
1540 2807 1781 2876 prodigia

229 2911 342 2977 ejus,
369 2917 412 2959 et
436 2907 646 2974 judicia
676 2907 783 2957 oris
814 2905 947 2970 ejus.
1085 2972 1088 2974 Π
1367 2951 1372 2956 .
1497 2901 1508 2912 ’

289 2999 461 3051 Semen
488 2999 764 3049 Abraham
798 2995 933 3047 servi
968 2993 1120 3064 ejus:
1154 2992 1252 3059 ﬁlii
1289 2989 1453 3045 Iacob
1474 2989 1621 3044 electi
1643 2990 1779 3057 ejus.

257 3071 395 3155 .l'pse
424 3089 679 3140 Dominus
717 3086 852 3137 Deus
883 3096 1076 3147 noster,
1108 3083 1160 3135 in
1192 3084 1434 3135 universa
1468 3093 1608 3133 terra
1625 3079 1776 3148 judi-

229 3185 296 3232 cia
323 3182 446 3252 ejus.

288 3271 476 3324 Memor
499 3271 603 3339 fuit
631 3271 686 3322 in
712 3267 966 3321 sarculum
988 3267 1292 3320 testamenti
1314 3267 1396 3318 sui
1421 3280 1438 3317 :
1463 3266 1623 3329 verbi,
1647 3266 1784 3332 quod

231 3365 478 3416 mandavit
514 3364 572 3416 in
608 3361 752 3414 mille
785 3360 1172 3428 generationes.

287 3456 427 3519 Quod
481 3453 747 3522 disposuit
811 3451 881 3504 ad
925 3449 1240 3502 Abraham:
1275 3455 1325 3500 et
1350 3441 1646 3516 jitrattieiiti
1685 3449 1770 3501 sui

235 3546 290 3596 ad
318 3545 486 3598 Isaac.

290 3636 343 3690 Et
371 3638 556 3689 statuit
585 3634 720 3687 illud
750 3631 918 3685 Jacob
952 3634 1004 3683 in
1033 3643 1352 3699 pra-ceptum
1383 3651 1400 3687 :
1435 3640 1482 3683 et
1522 3627 1693 3683 Israel
1728 3631 1781 3682 in

231 3737 577 3781 testamentum
601 3736 761 3779 a'tern
772 3742 880 3778 um.

291 3819 462 3874 [licens
492 3839 511 3875 :
544 3821 660 3874 Tibi
709 3818 848 3871 dabo
907 3829 1100 3871 terram
1158 3817 1438 3882 Chanaan,
1487 3817 1782 3885 funiculum

229 3913 529 3967 hereditatis
559 3923 746 3966 vestrae
772 3911 814 3965 ³.

269 4005 406 4058 -Cum
427 4012 598 4058 essent
627 4017 846 4055 numero
880 4003 1039 4067 brevi,

227 4095 366 4171 ejus:

283 4189 793 4256 Etpertransierunt
845 4188 908 4240 de
936 4202 1084 4257 genie
1137 4189 1187 4240 in
1239 4195 1462 4254 gentem,
1502 4199 1561 4242 +
1588 4197 1635 4239 et
1668 4187 1688 4255 ζ
1724 4186 1787 4239 de

228 4293 363 4346 regno
388 4279 456 4331 ad
478 4278 732 4348 populum
765 4277 1011 4331 alterum.

1109 4002 1439 4070 paucissimi,
1507 4012 1553 4054 et
1602 4001 1789 4055 incola:

285 4461 298 4484 '
328 4462 527 4515 lterum
569 4463 753 4516 minus
786 4471 933 4520 recte
962 4461 1236 4515 Palatinus
1271 4477 1371 4515 ms.
1420 4470 1476 4514 et
1507 4459 1630 4516 Cari
1663 4461 1783 4515 edi-

230 4529 316 4593 tio,
360 4533 424 4583 ad
458 4549 578 4585 eam
606 4547 910 4601 pronomen
951 4533 1110 4584 unice
1150 4531 1622 4601 conl'mliendum,_
1650 4533 1783 4584 obe-

226 4601 324 4670 l_uin
354 4601 500 4655 hunc
549 4599 908 4655 transierunt.
945 4601 1108 4655 Addit
1155 4611 1421 4670 praeterea
1457 4599 1690 4654 Palatia.
1726 4603 1781 4656 in

228 4667 318 4720 ﬁne
347 4686 542 4725 versus
577 4672 908 4740 Diapsalma.

225 4742 513 4860 hli’nAilqlge
546 4742 635 4794 hic
667 4743 722 4796 in
749 4741 880 4794 libri
910 4741 1035 4795 albo
1061 4739 1376 4807 Diapsalma
1416 4744 1644 4811 apponit
1676 4746 1776 4800 Pa-

271 4819 362 4862 ttn.
393 4826 499 4864 ms.

287 4878 572 4934 'Alterum
619 4879 934 4948 Diapsalma
983 4880 1125 4934 idem
1181 4896 1286 4934 ms.
1319 4878 1588 4949 jadaotat.
1634 4883 1772 4938 Tum

226 4947 432 5046 {alterius
460 4952 532 5004 ab
568 4954 667 5004 hoc
699 4947 960 5006 versiculi
993 4954 1231 5018 priorem
1269 4947 1334 5002 et“
1355 4954 1610 5021 copulam
1650 4955 1775 5007 ὁὸε-

227 5031 365 5081 eget.

287 5089 508 5158 fAtque
554 5089 644 5144 hic
686 5089 841 5158 juxta
895 5090 1258 5158 Augustinum
1310 5089 1612 5149 Vei-oneus.
1674 5111 1774 5149 ms.

223 5155 392 5231 ἁπλῶς
419 5155 591 5214 habet
621 5155 1172 5231 in'wternumeum,
1206 5163 1298 5231 qui
1327 5162 1516 5227 aspicit
1545 5174 1774 5218 terram:

222 5238 271 5278 et
318 5230 674 5302 subsequeuti
717 5245 882 5302 versu
911 5269 926 5294 ,
979 5230 1232 5299 quamdiu
1270 5231 1378 5282 vivo
1433 5231 1778 5302 (Augustiu.,

223 5302 369 5372 sum).
393 5298 688 5372 SuauisAsit
719 5299 766 5372 ei
799 5298 1086 5370 disputatio
1130 5319 1246 5355 utea
1277 5317 1294 5356 :
1355 5298 1449 5370 ego
1493 5298 1670 5356 autem
1697 5307 1783 5372 jo-

220 5369 476 5420 cudabor
511 5371 570 5420 tu
604 5369 853 5422 Domino.

280 5436 633 5513 '_Ver0tiens.
667 5456 797 5503 ms.,
828 5440 1248 5492 conroboramiui
1275 5459 1290 5495 :
1323 5444 1375 5496 in
1407 5460 1568 5513 quem
1597 5443 1778 5498 locum

223 5504 272 5559 S.
303 5509 662 5577 Augustinus,
698 5526 863 5578 quem
893 5525 1058 5579 penes
1088 5521 1172 5564 est
1213 5504 1610 5580 confortamini,
1667 5516 1782 5570 [loc

221 5580 363 5639 enim,
399 5585 604 5651 inquit.
631 5582 694 5633 de
719 5580 902 5633 (μνωεο
929 5581 1223 5647 expressius
1247 5585 1648 5650 interpretatum
1680 5598 1778 5651 est,

223 5649 443 5710 Quamvis
488 5655 699 5702 verbum
733 5651 902 5704 minus
932 5651 1184 5704 Latinum
1213 5649 1475 5709 videatur.
1531 5654 1683 5710 Unde
1726 5649 1780 5711 et

223 5721 300 5770 alii
334 5719 558 5772 codices
589 5721 800 5786 habent,
839 5721 1232 5788 conﬁrmamini
1267 5737 1282 5775 .'

491 5818 760 5876 Putta!"
805 5819 1016 5879 XXIX.

1319 5723 1432 5786 alii,
1464 5725 1778 5780 corrobora-

2556 1892 2834 1931 ALLELUIA.

1958 1992 2311 2046 Conlitemim
2367 1991 2621 2055 Domino,
2678 2001 2732 2045 et
2791 1993 3047 2044 invomte
3080 2003 3274 2042 nomen
3308 1989 3465 2056 ejus:

1890 2086 2213 2140 annuntiate
2281 2087 2420 2140 inter
2453 2095 2644 2156 gentes
2696 2082 2917 2156 [ms.in
2960 2081 3258 2151 gentibus]
3303 2098 3468 2149 opera

1888 2179 2029 2245 ejus.

1960 2270 2182 2324 (Zanlate
2206 2271 2278 2334 ei,
2313 2280 2366 2324 et
2395 2268 2607 2338 psallite
2636 2269 2684 2323 ei
2719 2284 2736 2323 :
2768 2278 2982 2323 narrate
3033 2267 3214 2322 omnia
3243 2264 3463 2319 mirati-

1890 2361 1958 2414 lia
1990 2363 2128 2431 ejus.

1951 2454 2273 2509 Laudamini
2307 2472 2361 2509 in
2423 2455 2645 2509 nomine
2697 2463 2886 2509 sancto
2939 2455 3058 2524 ejus
3089 2471 3101 2505 :
3135 2454 3342 2507 itL‘iClUl’
3371 2468 3468 2508 cor

1887 2547 2243 2615 qumrentium
2290 2546 2607 2601 Dominum.

1957 2638 2194 2702 Quaerite
2257 2637 2572 2702 Dominum,
2603 2649 2660 2692 et
2718 2637 3157 2691 conl‘irmaminiII
3191 2655 3204 2688 :
3241 2637 3466 2710 quaerite

1889 2725 2082 2781 faciem
2118 2729 2235 2796 ejus
2267 2743 2506 2797 semper.

1959 2819 2286 2874 Mementote
2315 2819 2647 2873 mirabilium
2676 2819 2818 2890 ejus,
2861 2835 2981 2889 qua:
3018 2819 3145 2875 fecit
3181 2837 3193 2874 :
3221 2819 3466 2890 prodigia

1891 2923 1945 2966 et
1976 2912 2180 2981 judicia
2211 2911 2325 2964 oris
2366 2913 2507 2982 ejus.
3008 2906 3019 2914 ’

1959 3005 2444 3059 SenienAbraham
2472 3005 2614 3058 servi
2644 3005 2764 3073 ejus
2795 3023 2807 3060 :
2841 3004 2930 3056 lilii
2959 3002 3300 3058 Jacohclecti
3323 3004 3467 3074 ejus.

1961 3099 2076 3166 Ipse
2107 3098 2127 3128 ³
2162 3097 2421 3175 Dominus
2497 3097 2636 3151 Deus
2690 3107 2874 3150 uoster
2922 3098 2972 3150 in
3031 3099 3280 3150 universa
3323 3107 3468 3152 terra

1815 3237 1858 3294 Ο
1889 3189 2091 3259 judicia
2124 3189 2266 3257 ejus.

1960 3280 2164 3336 Memor
2196 3280 2298 3334 luit
2327 3280 2380 3333 in
2448 3279 2709 3333 saeculum
2768 3281 3076 3333 testamenti
3111 3281 3193 3339 sui
3221 3296 3236 3334 :
3264 3280 3414 3335 verbi
3445 3317 3460 3342 ,

1892 3372 2035 3441 quod
2079 3370 2356 3424 mandavit
2396 3371 2448 3423 iu
2487 3370 2632 3423 mille
2679 3372 3081 3439 generationes.

1961 3463 2114 3530 Quod
2165 3463 2438 3533 disposuit
2487 3465 2553 3516 ad
2588 3463 2891 3525 Abraham,
2933 3463 3238 3532 juraiucnti
3283 3465 3368 3518 sui
3400 3464 3466 3516 ad

1892 3555 2041 3609 Isaac
2072 3574 2084 3609 :
2115 3557 2309 3608 statuit
2341 3553 2470 3608 illud
2501 3553 2671 3609 Jac-ob
2703 3554 2754 3606 in
2801 3564 3128 3622 praeoptarit
3183 3564 3276 3610 :et
3308 3556 3468 3610 Israel

1892 3653 1945 3701 in
1979 3655 2364 3702 testameutmn
2393 3656 2681 3700 a'ternum.

1968 3821 2350 3880 Dieens;Tibi
2404 3823 2546 3878 dabo
2595 3835 2793 3877 terram
2844 3815 3124 3890 Chanaan,
3157 3827 3462 3884 funiculum

1893 3917 2225 3972 haereditatis
2252 3927 2464 3969 vestrae.

1967 4012 2103 4064 Cum
2147 4019 2333 4065 essent
2358 4009 2410 4062 in
2443 4009 2462 4038 ⁷
2484 4021 2716 4062 numero
2748 4009 2919 4076 brevi,
2942 4012 3274 4078 paucissimi,
3302 4023 3360 4068 et
3383 4015 3468 4069 in-

1891 4104 2024 4158 colat
2058 4108 2112 4157 in
2141 4118 2241 4158 ea:
2272 4113 2328 4157 et
2361 4101 2803 4171 pertransierunt
2837 4105 2905 4158 de
2934 4115 3091 4174 gente
3123 4104 3178 4158 in
3221 4118 3462 4176 gentem,

1891 4208 1947 4251 et
1975 4195 2041 4251 de
2070 4211 2236 4267 regno
2271 4196 2337 4250 ad
2381 4196 2644 4265 p0pu|utn
2689 4197 2942 4252 alterum.

1895 4469 2066 4540 mini..
2105 4465 2479 4540 Subsequenti
2503 4482 2663 4521 versu
2701 4467 2904 4536 pariter
2927 4469 3050 4536 plus
3089 4472 3293 4525 habent
3339 4489 3464 4540 pro-

1893 4539 2039 4605 digia
2069 4537 2345 4605 ejus.etc.

1967 4607 1988 4636 ⁶
2021 4608 2188 4680 Addit
2220 4603 2522 4680 V_eronen_s.
2559 4623 2659 4661 ms.
2693 4621 2788 4664 est.
2826 4607 2979 4680 Legit
3014 4625 3146 4665 vero
3173 4610 3326 4678 juxta
3356 4611 3467 4665 Au-

1889 4678 2197 4744 gustinum,
2251 4677 2306 4728 in
2337 4678 2480 4749 omni
2512 4687 2661 4731 terra
2697 4696 2715 4736 :
2763 4691 2875 4732 tum
2911 4677 3095 4742 habet,
3129 4677 3334 4734 Memor
3366 4685 3468 4749 fuit

1889 4749 1942 4799 in
1991 4758 2271 4808 internum,
2307 4748 2396 4800 ubi
2431 4749 2722 4816 Augustin.
2759 4749 2848 4802 cui
2900 4749 3165 4818 impressa
3207 4748 3375 4804 lectio
3410 4755 3465 4805 in

1885 4821 2140 4869 swcutum
2186 4819 2467 4885 probatur.
2529 4837 2545 4868 ι
2586 4819 2714 4881 Alii,
2768 4819 2970 4884 inquit,
2999 4821 3220 4874 codices
3264 4820 3468 4876 habent

1885 4888 1938 4957 in
1971 4897 2255 4957 wteruum,
2287 4887 2433 4955 quod
2467 4901 2531 4940 ex
2564 4889 2816 4957 ambiguo
2839 4888 3030 4944 Graeco
3064 4892 3264 4944 factum
3299 4903 3404 4946 est.
3443 4913 3460 4941 ι

1886 4956 2252 5028 Subsequenti
2284 4972 2475 5028 uersu,
2518 4966 2565 5008 et
2606 4956 2901 5026 juramenti
2933 4962 3018 5012 sui
3068 4961 3168 5028 ipsi
3207 4960 3384 5022 Isaac,
3417 4973 3467 5013 et

1883 5027 2075 5081 statuit
2110 5024 2246 5078 illud
2276 5026 2377 5092 ipsi
2408 5024 2574 5078 Jacob
2607 5024 2661 5079 in
2689 5039 3028 5096 prwceptum,
3063 5024 3112 5084 et
3155 5033 3252 5094 ipsi
3291 5032 3466 5085 Israel

1886 5099 1950 5171 in_
1985 5103 2380 5171 testamentum,
2424 5106 2556 5160 etc.,
2585 5098 3051 5171 quemadmodum
3079 5111 3136 5154 et
3161 5102 3231 5154 ab
3276 5105 3468 5171 Aug..-

1888 5168 2032 5221 stino
2061 5166 2286 5240 Icelum,
2320 5167 2730 5240 nou‘equidem
2761 5168 2850 5220 ubi
2884 5170 3038 5224 locus
3079 5174 3179 5225 iste
3203 5166 3464 5240 proponi-

1890 5247 2000 5300 tur,
2029 5237 2124 5288 sed
2159 5235 2249 5288 ubi
2283 5235 2550 5302 repetitur
2587 5237 2640 5290 in
2685 5239 2799 5308 ipsa
2847 5235 3222 5305 enarratione,
3249 5235 3462 5310 perspi-

1890 5321 2052 5360 cuum
2090 5314 2192 5359 ρει.

1967 5376 1984 5406 ⁷
2017 5373 2234 5450 Veron.
2267 5391 2368 5429 ms.
2401 5376 2524 5446 ipsi,
2554 5393 2654 5450 pro
2687 5381 2762 5433 in.
2813 5379 3160 5436 Recolendus
3216 5397 3378 5450 porro
3411 5392 3468 5432 et

1891 5445 2187 5515 Augustini
2225 5446 2376 5500 locus
2424 5445 2439 5500 ξ
2507 5466 2523 5498 ι
2557 5445 2822 5504 Nonnulli
2873 5462 3054 5506 autem
3091 5445 3305 5505 codices
3364 5453 3465 5505 lia-

1891 5519 2044 5592 bent,
2081 5532 2186 5592 non
2215 5517 2524 5592 paucissimi
2553 5530 2600 5573 et
2637 5521 2847 5583 incolte,
2899 5521 2991 5592 sed
3021 5523 3367 5586 paucissimos
3408 5532 3458 5574 ιε

1892 5587 2114 5660 incolas.
2143 5585 2245 5640 Ubi
2274 5597 2502 5660 apparet
2528 5605 2644 5653 eos,
2697 5596 2789 5659 qni
2828 5593 2926 5645 ista
2973 5585 3042 5641 ita
3109 5592 3456 5660 interpretati

1888 5668 2035 5730 sunt,
2062 5656 2302 5709 Graecam
2331 5659 2500 5730 fuisse
2533 5656 2860 5715 locutionem
2881 5671 3118 5724 secutos,
3144 5656 3269 5730 quia
3292 5674 3470 5716 traim

1888 5728 2018 5784 l'erri
2041 5743 2148 5781 non
2171 5737 2346 5796 potest
2367 5727 2707 5796 iuLatinum,
2735 5733 2836 5786 nisi
2860 5745 2982 5784 cum
3009 5745 3071 5784 ea
3100 5727 3467 5798 absurditate,

3083 5836 3149 5894 11
