3898 6172
463 299 564 365 3¹ἒ1

1352 270 1412 348 S.
1451 280 1892 346 HIERONYMI
1935 273 2203 337 DlVlNA
2248 267 2783 331 BIBLIOTIIECA.

3580 263 3670 328 332

526 403 646 460 Non
671 404 880 472 reliquit
915 401 1175 454 hominem
1220 409 1400 450 nocere
1425 394 1499 446 eis
1540 402 1630 446 :et
1654 388 1906 457 corripuit
1933 399 2027 453 pro
2059 387 2105 442 Α
2201 381 2316 435 Non
2352 380 2601 450 permisit
2639 374 2916 431 hominem
2951 387 3150 428 nocere
3190 373 3270 428 eis
3302 389 3314 427 :
3348 379 3402 426 et
3440 368 3685 442 corripuil

449 517 523 553 eis
551 513 718 567 reges.

524 590 704 642 Nolite
735 600 942 654 tangere
973 583 1192 636 cltristos
1215 592 1350 632 meos
1377 576 1466 630 :‘et
1503 576 1519 609 ί
1554 587 1614 628 σι-
1639 576 1692 625 in
1718 571 1738 638 1
1760 569 2023 638 prophetis

452 697 576 732 mets
611 677 769 730 nolite
795 672 1100 741 malignari.

526 769 586 822 lit
621 768 817 821 vocavit
854 766 1048 836 famem
1089 775 1246 828 super
1289 769 1486 814 terram
1519 769 1580 811 σε-
1604 766 1652 808 et
1685 755 1708 823 1
1736 767 1887 808 omne
1934 752 2027 818 ﬁr-

451 870 766 916 mamentum
789 859 945 924 panis
979 855 1242 908 contrivit.

522 952 667 1005 Misit
691 962 814 1003 ante
840 965 925 1002 eos
948 948 1117 1001 virum
1149 961 1165 1000 :
1218 946 1274 998 in
1307 959 1518 999 servum
1580 941 1909 996 venundatus
1950 945 2026 990 est

448 1042 668 1110 Joseplt.
1346 1079 1350 1086 .

537 1132 967 1185 llumiliaverunt
1003 1130 1056 1182 in
1086 1126 1420 1196 compedibus
1452 1123 1608 1190 pedes
1639 1124 1776 1192 ejus,
1829 1122 2026 1192 ferrum

447 1225 748 1293 pertransiit
796 1221 1084 1275 animam’
1115 1220 1229 1288 ejus
1283 1231 1303 1272 :
1360 1220 1522 1271 donec
1560 1217 1755 1270 veniret
1817 1213 2028 1268 verbum

453 1319 588 1384 ejus.

521 1431 803 1500 Eloquium
826 1429 1036 1481 Domini
1072 1426 1424 1496 inﬂammavit
1453 1440 1570 1477 eum
1611 1438 1621 1451 ο
1656 1422 1798 1476 misit
1827 1436 1942 1486 rex,
1978 1429 2028 1473 et

448 1525 598 1578 solvit
632 1539 770 1586 eum,
795 1523 1040 1590 princeps
1064 1521 1401 1590 populorum,
1437 1526 1484 1570 et
1525 1516 1722 1569 dimisit
1744 1531 1886 1570 eum.

516 1616 800 1670 Constituit
835 1631 954 1667 eum
989 1615 1265 1668 dominum
1306 1612 1498 1665 domus
1543 1627 1674 1675 sure,
1719 1620 1767 1663 et
1827 1611 2029 1677 princi-

448 1725 564 1778 pem
601 1709 773 1760 omnis
805 1707 1150 1776 possessionis
1178 1721 1309 1760 suat.

513 1799 583 1852 Ut
613 1801 848 1853 erudiret
877 1800 1139 1867 principes
1165 1800 1278 1867 ejus
1304 1797 1440 1851 sicut
1461 1797 1793 1866 semetipsum
1830 1812 1846 1848 .'
1872 1805 1918 1848 et
1950 1809 2030 1848 se-

449 1911 536 1948 nes
561 1895 678 1962 ejus
715 1894 1055 1959 prudentiam
1085 1894 1315 1945 doceret.

523 1985 588 2038 Et
629 1985 847 2037 intravit
875 1981 1047 2036 Israel
1077 1995 1139 2036 σιν
1193 1981 1212 2012 ³
1240 1982 1293 2035 in
1348 1980 1370 2047 1
1411 1977 1700 2050 {Egyptum
1729 1986 1818 2032 :et
1863 1975 2029 2030 Iacob

451 2082 631 2132 accola
665 2077 764 2148 fuit
807 2077 861 2128 in
897 2085 1042 2128 terra
1076 2073 1265 2128 Citam.

527 2170 589 2223 Et
617 2171 768 2223 auxit
803 2173 1055 2238 populum
1103 2184 1258 2221 suum
1319 2169 1646 2222 vehementer
1673 2179 1688 2217 :
1719 2172 1768 2216 et
1796 2163 2028 2232 ﬁrmavit

449 2281 567 2319 eum
603 2279 760 2332 super
783 2262 1022 2316 inimicos
1049 2259 1182 2326 ejus.

521 2356 787 2413 Convertit
819 2369 910 2406 eor
941 2368 1147 2415 eorum,
1169 2361 1223 2404 ut
1262 2351 1468 2405 adirent
1501 2351 1755 2419 populum
1788 2350 1901 2416 ejus
1927 2363 1946 2402 :
1982 2360 2029 2402 et

452 2449 628 2502 dolum
653 2447 889 2515 {urerent
937 2445 992 2498 in
1019 2461 1194 2498 servos
1234 2444 1370 2512 ejus.

527 2540 676 2595 Misit
712 2539 931 2609 Moysen
963 2555 1178 2592 servum
1217 2553 1394 2601 suum,
1456 2538 1640 2591 Aaron
1701 2551 1851 2604 quem
1876 2534 2029 2601 elegit

453 2637 468 2686 i
475 2649 650 2704 psunt.

523 2747 711 2804 Posuit
742 2752 795 2802 in
822 2748 897 2799 eis
928 2746 1087 2800 verba
1115 2749 1387 2814 signorum
1423 2757 1642 2796 suorum
1672 2751 1722 2794 et
1761 2741 2027 2808 prodigio-

453 2833 568 2895 rum
596 2843 648 2896 in
686 2849 826 2894 terra
857 2837 1050 2895 Citam.

451 3082 573 3135 qua:
605 3063 732 3118 ferri
775 3059 1002 3135 omnino
1029 3071 1139 3110 non
1183 3055 1373 3125 possit.
1409 3053 1462 3109 Si
1487 3055 1630 3135 enim
1655 3063 1821 3134 totam
1855 3053 2026 3135 ipsam

456 3123 790 3190 locutionem
824 3127 1121 3182 transferre
1153 3123 1438 3182 enitemur.
1471 3125 1670 3176 dicturi
1715 3140 1929 3189 sumus,
1954 3123 2016 3176 In

452 3223 513 3259 eo
549 3218 657 3256 esse
690 3201 807 3253 illos
839 3213 1056 3251 numero
1086 3197 1221 3247 brevi
1266 3196 1607 3260 paucissimos
1641 3206 1687 3245 et
1724 3194 1923 3246 incolas
1965 3196 2018 3246 in

452 3294 532 3328 ea.
565 3273 718 3338 Quod
755 3279 935 3322 autem
966 3268 1043 3319 ait
1075 3266 1321 3327 Graecus,
1356 3263 1418 3338 In
1465 3281 1530 3338 eo
1560 3279 1670 3315 esse
1722 3263 1858 3323 illos,
1918 3264 2019 3316 hoc

451 3357 538 3400 est
564 3335 776 3401 Latine,
812 3338 946 3392 Cum
981 3345 1146 3390 essent
1181 3351 1198 3386 :
1240 3335 1385 3402 quod
1422 3335 1647 3385 verbum
1693 3350 1800 3384 non
1845 3343 2020 3402 potest

455 3430 614 3468 casus
652 3410 996 3464 accusativus
1065 3401 1389 3472 scqui,iscd
1445 3403 1831 3455 nnniinativus.
1887 3401 2020 3467 Quis

454 3488 602 3537 enim
643 3482 812 3539 dtrat,
849 3477 984 3531 Cum
1032 3486 1216 3527 essent
1267 3474 1665 3538 paiicissimns?
1703 3473 1818 3535 sed,
1884 3474 2019 3524 Cum

452 3563 639 3607 essunt
670 3547 1008 3616 paucissimi.
1038 3563 1054 3596 I
1101 3544 1364 3612 Sequitur
1421 3543 1473 3616 i_n
1533 3544 1724 3616 eodem
1775 3557 1876 3595 tus.
1912 3541 2018 3616 {Et

456 3611 776 3676 transierunt
813 3622 874 3670 tle
908 3625 1058 3686 gente
1092 3616 1143 3666 in
1169 3611 1390 3684 gentem,
1417 3613 1480 3664 de
1502 3629 1657 3686 regno
1680 3613 1735 3686 in
1771 3611 2023 3686 populum

456 3695 704 3746 alterum.
739 3690 876 3742 Tum
909 3682 1000 3738 sed
1022 3682 1218 3752 arguit,
1247 3698 1344 3749 pro
1372 3690 1420 3733 et
1455 3682 1735 3750 corripuit,
1788 3691 1842 3734 et
1868 3683 2023 3734 mali-

456 3783 551 3834 gne
574 3777 745 3834 agere,
784 3774 879 3826 pro
909 3754 1237 3834 inalignaris
1267 3754 1468 3821 quibus
1499 3753 1634 3806 lueis
1659 3755 1727 3805 ab
1760 3753 2024 3820 Augusti-

456 3823 877 3888 itiaua'lt-ctione
907 3828 1124 3891 longius
1153 3823 1287 3877 abit.

531 3906 544 3933 ε
583 3903 753 3957 Carus
788 3909 835 3951 et
865 3897 1140 3965 ουνιιιςιιιι,
1161 3893 1436 3948 Palatinus
1462 3908 1566 3946 ms.
1591 3892 2020 3960 subsequentem

457 3975 696 4034 ohelum,
731 3970 910 4022 minus
941 3977 1172 4032 uterque
1204 3975 1374 4034 recte,
1409 3967 1689 4034 niiiittunt.

529 4047 548 4076 ’
571 4043 627 4097 In
674 4031 821 4093 recto
847 4031 1233 4102 animméuxta
1263 4033 1513 4087 Grzecum
1570 4033 1603 4100 ἡ
1631 4032 1798 4100 ψυχὴ,
1858 4031 2025 4086 alios-
2062 4090 2068 4096 ,

457 4133 564 4184 que
597 4112 816 4184 Latinos
841 4104 1287 4184 liliros,.priefert
1320 4103 1598 4184 Palatinus
1625 4119 1729 4182 ms.

529 4185 549 4216 ³
584 4184 715 4237 Sine
742 4179 902 4232 obelo
947 4176 1138 4243 legitur
1171 4173 1224 4225 in
1297 4173 1488 4226 endctu
1532 4188 1634 4226 ms.
1701 4171 1756 4224 in
1815 4185 1925 4243 quo
1972 4181 2026 4226 et

458 4250 816 4320 subscqueuti
852 4239 1030 4300 versu'i
1078 4243 1388 4309 Diapsalma
1450 4242 1816 4296 subnectitur.
1881 4239 2026 4296 Neu-

659 4336 798 4373 n-nc.

659 4342 670 4372 ι
694 4336 798 4373 -nc.

459 4329 758 4447 lm‘ulliibet
789 4386 1119 4441 Veronensis
1155 4399 1256 4438 ms.
1311 4383 1362 4436 in
1399 4392 1550 4435 recto
1579 4381 1778 4443 anima,
1807 4395 1922 4451 qua
1957 4382 2026 4436 de

2127 489 2230 540 pro
2259 475 2339 527 eis
2372 486 2544 542 reges.

2194 562 2371 617 Nolite
2414 572 2636 626 tangere
2697 558 2936 614 christos
2983 570 3132 611 meos

2131 655 2266 710 meis
2293 653 2462 708 nolite
2489 651 2800 721 malignari.

2204 747 2261 802 Et
2324 746 2542 800 vocavit
2597 745 2793 798 famem
2843 757 3010 812 super
3043 751 3240 796 terram
3288 759 3301 795 :
3337 738 3462 814 [ηις.
3495 750 3593 798 tac.
3619 739 3686 814 et]

2131 857 2293 896 onme
2329 839 2735 892 ﬁrmamentum
2768 836 2927 906 panis
2951 833 3234 890 contrivit.

2202 931 2348 988 Misit
2371 939 2498 985 ante
2527 943 2621 984 eos
2659 927 2838 982 virum
2870 925 2997 1000 [ms.
3026 922 3360 994 hominem],
3392 923 3446 977 in
3481 937 3686 977 servum

2133 1023 2478 1080 venundatus
2517 1028 2602 1075 est
2629 1018 2867 1088 Joseph:
2917 1017 3348 1072 humiliavcrunt
3396 1014 3450 1067 in
3485 1027 3688 1081 compe-

2130 1120 2289 1172 dibus
2336 1117 2504 1186 pedes
2555 1113 2708 1184 eius:
2752 1111 2957 1166 ferrum
3013 1107 3373 1178 pertransivit
3421 1107 3648 1159 animam
3677 1114 3692 1136 ι

2129 1213 2270 1282 ejus,
2298 1209 2475 1262 donec
2503 1205 2716 1260 veniret
2740 1202 2966 1257 verbum
2997 1201 3115 1272 ejus
3139 1217 3154 1257 :
3187 1200 3465 1270 eloquium
3491 1199 3689 1253 Domini

2131 1300 2504 1358 inﬂammavit.
2525 1313 2671 1352 eum.

2199 1414 2345 1469 Misit
2365 1427 2478 1477 rex,
2504 1422 2560 1467 et
2588 1410 2750 1465 solvit
2775 1424 2902 1464 eum
2933 1425 2947 1463 :
2979 1407 3236 1478 princeps
3259 1404 3609 1477 populorum,
3641 1415 3691 1460 et

2130 1508 2340 1563 dimisit
2377 1521 2529 1560 eum.

2205 1599 2270 1654 Et
2317 1597 2440 1670 [ms.
2470 1611 2575 1650 tac.
2599 1595 2678 1668 et]
2727 1593 3014 1650 constituit
3037 1607 3164 1648 cum
3195 1591 3480 1646 dominum
3516 1589 3696 1644 domus

2131 1707 2265 1755 sum,
2297 1702 2351 1745 et
2379 1690 2678 1759 principem
2723 1688 2905 1742 omnis
2934 1685 3300 1756 possessionis
3330 1700 3465 1739 sure.

2210 1783 2278 1840 Ut
2302 1782 2553 1838 erudiret
2591 1779 2873 1851 principes
2898 1793 3030 1834 suos
3055 1779 3201 1834 sicut
3245 1776 3367 1848 [ms.
3407 1778 3481 1831 ita
3519 1772 3598 1847 ut]
3622 1790 3696 1830 se-

2135 1878 2311 1939 ipsuin
2340 1890 2355 1930 :
2384 1888 2438 1928 et
2484 1875 2735 1929 seniores
2766 1887 2895 1928 suos
2927 1871 3273 1942 prudentiam
3304 1870 3538 1925 doceret
3559 1871 3597 1924 '.

2192 1965 2258 2018 Et
2291 1963 2516 2018 intravit
2549 1961 2715 2017 Israel
2753 1961 2809 2015 in
2840 1959 3133 2031 Egyptum
3161 1978 3174 2014 :
3209 1969 3264 2015 et
3306 1958 3476 2014 Jacob
3501 1957 3696 2013 habita-

2134 2057 2206 2110 vit
2241 2058 2294 2110 in
2329 2067 2473 2111 terra
2506 2054 2698 2110 Cham.
3233 2109 3242 2115 ,

2199 2153 2266 2206 Et
2309 2151 2461 2206 auxit
2506 2151 2768 2221 populum
2808 2162 2972 2204 suum
3023 2147 3232 2202 nimis:
3268 2155 3323 2201 et
3359 2143 3700 2202 conﬁrmavit

2131 2261 2256 2298 cum
2293 2244 2314 2273 °
2341 2258 2510 2312 super
2537 2244 2788 2298 inimicos
2817 2242 2962 2311 ejus.

2200 2336 2485 2390 Convertit
2529 2350 2624 2390 cor
2657 2349 2871 2400 eorum,
2909 2343 2967 2386 ut
3006 2333 3222 2385 odircnt
3253 2331 3517 2400 pupulum
3549 2330 3696 2400 ejus:

2130 2440 2184 2482 ct
2218 2427 2402 2481 dolum
2431 2425 2673 2481 lacerent
2706 2425 2760 2479 in
2793 2439 2982 2481 servos
3005 2424 3145 2492 ejus.

2205 2519 2349 2576 Misit
2379 2520 2614 2591 Moysen)
2643 2535 2860 2574 servum
2878 2530 3132 2582 suum,et
3165 2517 3284 2589 ints.
3309 2516 3515 2588 tamet]
3531 2518 3700 2572 Aaron

2131 2631 2294 2686 quem
2329 2615 2492 2685 elegit
2523 2613 2724 2683 ipsum.

3178 571 3192 609 :
3237 554 3380 608 etin
3425 554 3686 624 prophetis

2205 2727 2393 2782 Posuit
2423 2731 2476 2780 in
2518 2726 2600 2781 eis
2639 2725 2805 2780 verba
2851 2725 3134 2794 signorum
3166 2739 3414 2789 suorum,
3439 2735 3497 2780 et
3528 2724 3700 2795 prodi-

2130 2823 2344 2892 giorum
2385 2834 2609 2876 suorum
2641 2821 2658 2851 "
2694 2819 2746 2872 in
2784 2828 2927 2874 terra
2956 2816 3147 2872 Cham.

2133 3055 2408 3109 Cltanaam
2431 3095 2446 3118 ,
2499 3067 2597 3122 pro
2627 3054 2811 3107 (illam.
2849 3053 2963 3120 Qua
2999 3053 3068 3108 de
3108 3053 3338 3108 lectione
3365 3053 3571 3107 iterum
3600 3057 3703 3107 Au-

2129 3125 2382 3196 gustinus
2411 3139 2426 3178 :
2469 3143 2491 3196 «ν
2521 3125 2636 3196 llic,
2666 3125 2875 3196 inquit,
2897 3124 3242 3196 apertissime
3271 3123 3703 3196 demonstratum

2123 3192 2231 3257 est.
2263 3197 2331 3248 de
2364 3195 2572 3249 semine
2603 3195 2771 3248 Citam
2809 3194 2900 3247 lilii
2924 3193 3058 3256 Noe,
3081 3194 3237 3263 cujus
3266 3192 3582 3263 primitivus
3609 3194 3704 3246 fuit

2120 3267 2400 3326 Chanaan,
2468 3274 2684 3317 exortas
2743 3265 2908 3317 fuisse
2958 3261 3361 3332 etiam—gentes
3424 3261 3706 3332 Aagvptio-

2124 3353 2267 3389 rum.
2312 3335 2545 3388 Proinde
2577 3335 2630 3386 in
2673 3335 2874 3401 quibus
2905 3334 3190 3387 codicibus
3223 3334 3326 3386 hoc
3354 3333 3479 3386 loco
3509 3333 3703 3402 legitur

2125 3407 2402 3466 Chanaan,
2441 3404 2839 3457 emendandum
2863 3415 2961 3458 est.
3000 3403 3194 3458 Melius
3223 3414 3404 3456 autem
3433 3403 3705 3471 interpre-

2127 3486 2298 3529 tatum
2333 3484 2438 3534 est,
2463 3473 2802 3544 arcola'fuit,
2845 3490 3008 3541 quam
3052 3474 3196 3527 sicut
3235 3472 3327 3524 alii
3363 3475 3587 3527 codiCeS
3616 3475 3704 3527 ha-

2126 3545 2630 3608 bent,inltabitavit,
2667 3545 2814 3609 quod
2851 3545 3189 3598 tantumdem
3226 3555 3397 3602 esset,
3434 3546 3480 3595 si
3517 3553 3575 3597 et
3621 3544 3705 3595 in-

2125 3617 2244 3668 cola
2277 3615 2575 3672 diceretur.
2612 3614 2749 3666 nihil
2800 3614 2946 3667 enim
3003 3614 3151 3667 aliud
3213 3613 3512 3680 signiﬁcat.
3575 3610 3705 3666 Nam

2127 3684 2364 3754 idipsum
2392 3692 2475 3736 est
2507 3686 2730 3736 verbum
2770 3685 2823 3736 in
2853 3683 3042 3754 Graeco
3077 3689 3180 3736 isto
3221 3685 3373 3754 loco,
3427 3687 3580 3751 quod
3627 3694 3706 3736 est

2125 3753 2466 3824 ctsnperius,
2499 3755 2589 3805 ubi
2625 3755 2830 3824 dictum
2854 3763 2958 3824 e_st,
2988 3753 3334 3824 Paucissimi,
3399 3763 3458 3824 et
3511 3754 3700 3808 incolae

2126 3821 2314 3890 ejus.)
2356 3824 2526 3877 l‘orro
2563 3823 2842 3891 intelligis,
2877 3821 3095 3886 Lector,
3133 3823 3380 3876 noluisse
3419 3821 3704 3877 Veronen-

2127 3909 2240 3947 setn
2273 3894 2645 3962 antiquarium
2685 3894 2771 3947 hic
2814 3893 2922 3947 loci
2965 3894 3381 3964 Augustiniaum
3415 3893 3707 3948 sententia:

2127 3981 2193 4016 ac
2232 3965 2455 4018 lectioni
2489 3965 2738 4032 obsequi.

2199 4035 2220 4065 °
2254 4035 2329 4087 De
2364 4049 2462 4087 suo
2499 4036 2696 4086 iterum
2736 4033 3038 4088 Vcronens.
3071 4033 3266 4096 Codex,
3298 4032 3358 4086 Et
3387 4034 3706 4103 confortavit

2129 4119 2269 4158 eum.
2325 4103 2458 4156 Tum
2491 4105 2843 4171 subsequenti
2892 4120 3073 4168 versu,
3109 4117 3160 4156 ut
3211 4112 3402 4156 odisset
3451 4106 3706 4172 populum

2128 4175 2710 4242 ejus.etinstdiaretur
2753 4175 2808 4226 in
2866 4177 3031 4228 servis
3060 4176 3198 4244 ejus,
3247 4190 3382 4242 quas
3441 4177 3708 4228 lectiones

2135 4254 2321 4313 utpote
2356 4246 2424 4296 ab
2469 4244 2549 4296 his
2575 4260 2711 4310 quas
2747 4245 3030 4310 proferunt
3060 4244 3238 4298 Latini
3300 4244 3425 4298 libri
3469 4247 3566 4298 alii
3600 4262 3711 4299 om-

2132 4331 2230 4368 ncs
2252 4314 2521 4384 diversas,
2565 4324 2622 4365 ttt
2649 4323 2705 4366 et
2743 4316 2879 4367 alias
2910 4316 2960 4368 id
2987 4332 3184 4383 genus.
3214 4331 3376 4384 saepe,
3417 4316 3568 4367 haud
3620 4316 3711 4367 dco

2135 4386 2345 4438 buisset
2379 4383 2500 4452 ejus
2527 4386 2708 4436 editur
2775 4386 3026 4438 l’salterti
3087 4386 3283 4439 tat-itus
3330 4386 3707 4448 dissimulare,

458 4467 692 4521 lectione
726 4461 790 4513 ad
823 4459 1126 4524 oppositam
1189 4456 1527 4524 columnaur
1554 4431 1842 4524 diximus:
1884 4450 2020 4524 Tum
2057 4431 2108 4492 D
2135 4471 2258 4508 cum
2291 4454 2359 4506 ad
2399 4431 2492 4506 cas
2522 4454 2892 4524 exponendas,
2917 4471 3040 4523 qua:
3080 4456 3216 4507 nihil
3249 4431 3360 4507 tire
3396 4431 3558 4516 sunt,
3612 4431 3712 4506 ll.-1

457 4539 722 4605 eloquium
756 4521 964 4605 Domini
992 4527 1174 4603 ignirit
1194 4541 1334 4605 cum,
1360 4538 1469 4605 quo
1499 4521 1566 4576 dc
1592 4522 1758 4605 verbo
1783 4523 2022 4605 diuinitus

457 4611 523 4658 ad
555 4591 707 4658 'Pszd.
744 4614 867 4652 va.
906 4591 1248 4663 Augustinus
1300 4591 1393 4646 in—
1424 4594 1570 4646 hunc
1626 4591 1832 4658 locum,
1897 4591 2025 4643 Elo-

457 4677 637 4742 quium
674 4669 883 4722 Domini
909 4665 1262 4741 iuﬂummarit
1291 4679 1406 4742 eum
1435 4679 1452 4715 :
1489 4663 1576 4742 vel
1627 4663 1808 4742 quod”
1842 4666 2019 4730 magis

456 4731 524 4797 ile
549 4745 740 4798 Graeco
769 4731 1089 4806 expressum
1120 4735 1210 4787 alii
1236 4735 1455 4788 codices
1487 4731 1712 4798 habent,
1742 4732 2024 4801 Eloquium

458 4813 674 4866 Domini
700 4809 884 4876 iguivit
917 4821 1058 4876 eum.

533 4887 554 4916 ⁸
586 4871 834 4936 Pressius
883 4877 949 4930 ad
1001 4874 1248 4929 Graecum
1304 4873 1450 4926 idem
1494 4887 1621 4936 ms.,
1685 4871 1750 4926 Et
1791 4877 2025 4931 seniores

454 4957 566 5019 ejus
604 4954 862 5019 sapientes
886 4945 1316 5019 [aceret._Quam
1343 4958 1444 5012 ego
1477 4944 1790 5019 lectionem
1821 4948 1889 5000 ab
1916 4951 2029 5002 Au-

454 5015 673 5096 g'ustini
697 5019 1055 5096 Enarratione
1093 5015 1470 5095 Veronensem
1490 5085 1500 5096 ⁸
1520 5016 1899 5096 antiquarium
1945 5035 2031 5072 ve-

453 5085 546 5150 rnn
574 5090 952 5160 descripsisse.
985 5087 1219 5156 Graecus,
1249 5086 1450 5160 inquit,
1481 5085 1657 5160 habet,
1684 5086 1750 5160 Et
1779 5088 2031 5160 seniores

449 5172 570 5237 ejus
599 5155 926 5237 sapientiam
958 5155 1402 5237 doceret.__Quod
1438 5157 1581 5237 omni
1622 5158 1776 5237 modo
1817 5158 1886 5210 ad
1912 5175 2032 5237 ver-

449 5226 569 5293 bum
607 5226 681 5291 ita
715 5231 822 5286 dici
847 5240 1042 5300 posset,
1083 5229 1342 5284 Erudiret
1401 5226 1679 5300 principes
1711 5229 1831 5297 ejus
1887 5231 2032 5283 sicut

448 5309 828 5375 semetipsum,
847 5299 900 5357 et
919 5303 1168 5375 seniores
1183 5303 1301 5368 ejus
1319 5301 1593 5375 sapientes
1612 5299 1836 5375 laceret.
1850 5301 2035 5375 [ipsa-

447 5369 710 5449 Gute’pob;
744 5376 891 5430 enim
925 5373 1112 5449 habet,
1142 5385 1281 5438 quos
1314 5370 1499 5422 dicere
1545 5369 1787 5449 solemus
1849 5369 2034 5424 senio-

446 5468 553 5516 res,
585 5440 998 5516 itonyépovtzq,
1039 5443 1190 5496 idest
1212 5456 1370 5493 senes
1395 5455 1408 5488 :
1434 5440 1864 5516 copiast-autem,
1891 5444 2037 5508 quod

447 5509 556 5575 uno
589 5509 753 5572 verbis
779 5509 967 5569 Latine
995 5516 1100 5568 dici
1125 5528 1230 5565 non
1270 5520 1512 5578 putest,a
1545 5509 2034 5577 sapientiadictuut

445 5602 550 5652 est,
586 5607 705 5658 qua:
729 5594 889 5655 cogis
922 5583 1346 5658 Gr.t~ce_tlicittii-
1374 5600 1384 5629 .
1412 5594 1562 5658 noua
1587 5580 1896 5648 prudentia,
1917 5597 2038 5648 qn.e

445 5650 708 5728 φρόντῇσς
729 5650 1054 5728 appellut_ur.
1090 5653 1127 5706 S
1150 5667 1419 5728 -quttttt_t.n
1459 5650 1652 5728 eodem
1680 5667 1823 5728 tum:
1861 5656 1927 5704 Et
1949 5655 2037 5703 iu-

443 5722 618 5781 humi
649 5722 821 5780 Israel
857 5731 910 5779 in
941 5726 1224 5796 Egyptttm,
1252 5738 1295 5775 et
1330 5723 1494 5775 Jawb
1518 5722 1775 5774 habitur-it
1809 5727 1862 5775 in
1891 5734 2032 5776 terra

2129 4527 2302 4579 braios
2328 4525 2546 4578 codices
2568 4536 2622 4576 et
2651 4523 2896 4586 Graecos.
2927 4530 3036 4579 imo
3061 4536 3116 4579 et
3141 4527 3449 4587 Chaldaeos,
3485 4535 3544 4577 et
3580 4527 3710 4578 Ara-

2130 4599 2300 4659 bicos,
2333 4595 2602 4656 Persicos.
2636 4591 3108 4664 Aithioptcosque,
3139 4611 3204 4647 ac
3237 4600 3281 4648 si
3307 4595 3399 4663 qui
3425 4598 3524 4648 alii
3559 4605 3708 4658 sunt,

2133 4671 2186 4720 in
2221 4676 2405 4734 partes
2429 4675 2671 4719 vocetac
2701 4667 2892 4732 jubeat
2940 4667 3134 4720 Latine
3171 4667 3319 4734 loqui

2202 4739 2220 4768 ⁷
2243 4738 2486 4790 Alterum
2526 4736 2630 4789 hoc
2657 4752 2874 4790 suorum
2904 4752 3206 4806 pronomen
3235 4752 3358 4790 cum
3377 4735 3711 4804 Augustino,

2131 4809 2361 4878 ipsoque
2400 4806 2633 4878 llcbrieo
2659 4815 2808 4860 textu
2847 4824 2949 4862 ins.
2986 4809 3285 4861 Veronens.
3329 4816 3495 4859 tacet.
3548 4809 3714 4860 Porro

2131 4874 2493 4945 s'equttur,Et
2529 4879 2668 4931 misit
2709 4879 2968 4939 tenebras,
3022 4889 3070 4930 et
3139 4881 3611 4936 ConlCllt'brtCttt'll,
3667 4891 3712 4928 t’t

2133 4947 2576 5002 exacerbaverunt
2619 4949 2771 5002 verba
2832 4949 2948 5016 ejus
2975 4965 2994 5002 :
3022 4949 3089 5001 ad
3139 4947 3412 5012 Graecum,
3475 4949 3715 4999 manare

2135 5023 2230 5088 qui
2287 5021 2340 5072 in
2372 5020 2562 5074 codice
2604 5019 2865 5074 Vaticano
2917 5022 3214 5074 exhibetur
3282 5036 3300 5073 :
3353 5020 3719 5084 ὲξαπὲστειὶε

2137 5091 2359 5154 σκότος,
2399 5090 2494 5142 καὶ
2519 5091 2804 5151 ὲσκότασε,
2839 5092 2936 5143 καὶ
2995 5091 3450 5159 παρεπίκραναν,
3491 5106 3550 5145 κ.
3580 5107 3630 5141 τ.
3668 5090 3716 5138 ὶ..

2136 5162 2242 5216 Sed
2264 5165 2387 5215 etin
2423 5159 2654 5214 Hebraeo
2689 5163 2832 5228 quod
2867 5173 3052 5214 noster
3099 5162 3173 5213 ait
3232 5159 3718 5224 corntenebricaw,

2139 5249 2247 5312 uno
2285 5232 2449 5286 verbo
2519 5241 2983 5312 resonat-pm}
3041 5229 3196 5312 Quod
3257 5240 3467 5312 autem,
3544 5231 3723 5308 inquit

2140 5308 2504 5374 Augustinus,
2536 5301 2865 5370 scquitur'm
2919 5303 3185 5374 diversis_
3221 5301 3508 5374 codicibus
3572 5303 3722 5351 varie

2137 5370 2368 5444 legitur.
2400 5375 2504 5426 Alii
2565 5388 2800 5440 namque
2861 5376 3084 5444 habent,
3139 5370 3206 5424 Et
3260 5372 3724 5444 euocet-caverunt

2138 5443 2404 5499 sermones
2441 5445 2574 5512 ejus.
2615 5446 2715 5498 Alii
2751 5459 2900 5508 vero,
2975 5443 3041 5496 Et
3102 5459 3204 5495 non
3261 5443 3725 5512 exacerbarentur

2139 5532 2402 5570 sermones
2430 5510 2568 5584 ejus.
2600 5515 2706 5568 Sed
2732 5527 2876 5583 quod
2907 5517 3062 5584 prius
3097 5516 3231 5577 dixi,
3257 5514 3310 5565 iu
3343 5510 3611 5580 pluribus
3645 5515 3729 5566 iu-

2142 5603 2417 5642 venunns.
2450 5587 2546 5641 Ubi
2583 5597 2765 5638 autent
2797 5589 2980 5639 addita
3007 5597 3092 5639 est
3119 5585 3371 5655 uegativa
3407 5588 3728 5649 particula,

2143 5664 2230 5714 vix
2265 5659 2404 5711 duos
2427 5659 2647 5712 codices
2673 5659 2946 5725 potuimus
2976 5657 3271 5726 rcpct'it‘e,t
3313 5663 3417 5709 ctc.
