  <div class='ocr_page' id='page_1' title='image "/cluster/home/n/w/nwhite01/storage/ocr_20150623/29/hvd.32044096580519/183.png"; bbox 0 0 3898 6172; ppageno 0'>
   <div class='ocr_carea' id='block_1_1' title="bbox 516 373 623 444">
    <p class='ocr_par' dir='ltr' id='par_1_1' title="bbox 516 373 623 444">
     <span class='ocr_line' id='line_1_1' title="bbox 516 373 623 444; baseline 0.037 -4"><span class='ocrx_word' id='word_1_1' title='bbox 516 373 623 444; x_wconf 80' lang='lat'><strong><em>335</em></strong></span> 
     </span>
    </p>
   </div>
   <div class='ocr_carea' id='block_1_2' title="bbox 1447 351 2870 429">
    <p class='ocr_par' dir='ltr' id='par_1_2' title="bbox 1447 351 2870 429">
     <span class='ocr_line' id='line_1_2' title="bbox 1447 351 2870 429; baseline -0.014 0"><span class='ocrx_word' id='word_1_2' title='bbox 1447 369 1507 429; x_wconf 90' lang='lat' dir='ltr'><strong><em>S.</em></strong></span> <span class='ocrx_word' id='word_1_3' title='bbox 1546 361 1973 426; x_wconf 71' lang='lat' dir='ltr'><strong><em>IllEllONYliil</em></strong></span> <span class='ocrx_word' id='word_1_4' title='bbox 2026 359 2290 421; x_wconf 74' lang='lat' dir='ltr'><strong><em>DIVINA</em></strong></span> <span class='ocrx_word' id='word_1_5' title='bbox 2353 351 2870 415; x_wconf 69' lang='lat' dir='ltr'><strong><em>llllllJOTllECA.</em></strong></span> 
     </span>
    </p>
   </div>
   <div class='ocr_carea' id='block_1_3' title="bbox 3621 353 3708 413">
    <p class='ocr_par' dir='ltr' id='par_1_3' title="bbox 3621 353 3708 413">
     <span class='ocr_line' id='line_1_3' title="bbox 3621 353 3708 413; baseline -0.011 0"><span class='ocrx_word' id='word_1_6' title='bbox 3621 353 3708 413; x_wconf 71' lang='lat' dir='ltr'><strong><em>33G</em></strong></span> 
     </span>
    </p>
   </div>
   <div class='ocr_carea' id='block_1_4' title="bbox 1871 514 2388 576">
    <p class='ocr_par' dir='ltr' id='par_1_4' title="bbox 1871 514 2388 576">
     <span class='ocr_line' id='line_1_4' title="bbox 1871 514 2388 576; baseline -0.012 0"><span class='ocrx_word' id='word_1_7' title='bbox 1871 514 2218 576; x_wconf 81' lang='lat' dir='ltr'><strong><em>PSALMUS</em></strong></span> <span class='ocrx_word' id='word_1_8' title='bbox 2276 514 2388 572; x_wconf 80' lang='lat' dir='ltr'><strong><em>CV.</em></strong></span> 
     </span>
    </p>
   </div>
   <div class='ocr_carea' id='block_1_5' title="bbox 1099 609 1425 665">
    <p class='ocr_par' dir='ltr' id='par_1_5' title="bbox 1099 609 1425 665">
     <span class='ocr_line' id='line_1_5' title="bbox 1099 609 1425 665; baseline -0.015 0"><span class='ocrx_word' id='word_1_9' title='bbox 1099 625 1360 665; x_wconf 80' lang='lat' dir='ltr'><strong><em>ALLEI.UlA</em></strong></span> <span class='ocrx_word' id='word_1_10' title='bbox 1391 609 1425 638; x_wconf 82' lang='grc'><strong><em>⁸·</em></strong></span> 
     </span>
    </p>
   </div>
   <div class='ocr_carea' id='block_1_6' title="bbox 585 695 2078 780">
    <p class='ocr_par' dir='ltr' id='par_1_6' title="bbox 585 695 2078 780">
     <span class='ocr_line' id='line_1_6' title="bbox 585 695 2078 780; baseline -0.015 -13"><span class='ocrx_word' id='word_1_11' title='bbox 585 695 912 780; x_wconf 78' lang='lat' dir='ltr'><strong><em>Conﬁtemini</em></strong></span> <span class='ocrx_word' id='word_1_12' title='bbox 943 706 1185 766; x_wconf 79' lang='lat' dir='ltr'><strong><em>Domino,</em></strong></span> <span class='ocrx_word' id='word_1_13' title='bbox 1214 702 1462 772; x_wconf 88' lang='lat' dir='ltr'><strong><em>quoniam</em></strong></span> <span class='ocrx_word' id='word_1_14' title='bbox 1493 701 1654 753; x_wconf 89' lang='lat' dir='ltr'><strong><em>bonus</em></strong></span> <span class='ocrx_word' id='word_1_15' title='bbox 1680 705 1718 750; x_wconf 89' lang='lat'><strong><em>&#39;:</em></strong></span> <span class='ocrx_word' id='word_1_16' title='bbox 1750 697 1996 766; x_wconf 85' lang='lat' dir='ltr'><strong><em>quoniam</em></strong></span> <span class='ocrx_word' id='word_1_17' title='bbox 2027 696 2078 746; x_wconf 91' lang='lat' dir='ltr'><strong><em>in</em></strong></span> 
     </span>
    </p>
   </div>
   <div class='ocr_carea' id='block_1_7' title="bbox 514 796 1337 865">
    <p class='ocr_par' dir='ltr' id='par_1_7' title="bbox 514 796 1337 865">
     <span class='ocr_line' id='line_1_7' title="bbox 514 796 1337 865; baseline -0.015 -6"><span class='ocrx_word' id='word_1_18' title='bbox 514 805 764 860; x_wconf 77' lang='lat' dir='ltr'><strong><em>siccatum</em></strong></span> <span class='ocrx_word' id='word_1_19' title='bbox 791 797 1162 854; x_wconf 78' lang='lat' dir='ltr'><strong><em>misericordia</em></strong></span> <span class='ocrx_word' id='word_1_20' title='bbox 1197 796 1337 865; x_wconf 87' lang='lat' dir='ltr'><strong><em>ejus.</em></strong></span> 
     </span>
    </p>
   </div>
   <div class='ocr_carea' id='block_1_8' title="bbox 585 879 2079 962">
    <p class='ocr_par' dir='ltr' id='par_1_8' title="bbox 585 879 2079 962">
     <span class='ocr_line' id='line_1_8' title="bbox 585 879 2079 962; baseline -0.012 -14"><span class='ocrx_word' id='word_1_21' title='bbox 585 897 716 962; x_wconf 80' lang='lat' dir='ltr'><strong><em>Quis</em></strong></span> <span class='ocrx_word' id='word_1_22' title='bbox 742 895 988 962; x_wconf 88' lang='lat' dir='ltr'><strong><em>loquetur</em></strong></span> <span class='ocrx_word' id='word_1_23' title='bbox 1055 890 1319 957; x_wconf 86' lang='lat' dir='ltr'><strong><em>potentias</em></strong></span> <span class='ocrx_word' id='word_1_24' title='bbox 1379 883 1621 937; x_wconf 85' lang='lat' dir='ltr'><strong><em>Domini?</em></strong></span> <span class='ocrx_word' id='word_1_25' title='bbox 1667 882 1880 934; x_wconf 89' lang='lat' dir='ltr'><strong><em>auditas</em></strong></span> <span class='ocrx_word' id='word_1_26' title='bbox 1921 879 2079 948; x_wconf 75' lang='lat' dir='ltr'><strong><em>faciet</em></strong></span> 
     </span>
    </p>
   </div>
   <div class='ocr_carea' id='block_1_9' title="bbox 512 973 1171 1050">
    <p class='ocr_par' dir='ltr' id='par_1_9' title="bbox 512 973 1171 1050">
     <span class='ocr_line' id='line_1_9' title="bbox 512 973 1171 1050; baseline -0.017 -8"><span class='ocrx_word' id='word_1_27' title='bbox 512 1002 688 1042; x_wconf 86' lang='lat' dir='ltr'><strong><em>omnes</em></strong></span> <span class='ocrx_word' id='word_1_28' title='bbox 714 983 898 1037; x_wconf 86' lang='lat' dir='ltr'><strong><em>laudes</em></strong></span> <span class='ocrx_word' id='word_1_29' title='bbox 929 983 1044 1050; x_wconf 83' lang='lat' dir='ltr'><strong><em>ejus</em></strong></span> <span class='ocrx_word' id='word_1_30' title='bbox 1069 980 1093 1032; x_wconf 70' lang='grc' dir='ltr'><strong><em>ἶ)</em></strong></span> <span class='ocrx_word' id='word_1_31' title='bbox 1162 973 1171 980; x_wconf 80' lang='grc'><strong>’</strong></span> 
     </span>
    </p>
   </div>
   <div class='ocr_carea' id='block_1_10' title="bbox 581 1063 2081 1147">
    <p class='ocr_par' dir='ltr' id='par_1_10' title="bbox 581 1063 2081 1147">
     <span class='ocr_line' id='line_1_10' title="bbox 581 1063 2081 1147; baseline -0.011 -14"><span class='ocrx_word' id='word_1_32' title='bbox 581 1079 730 1134; x_wconf 86' lang='lat' dir='ltr'><strong><em>Beati</em></strong></span> <span class='ocrx_word' id='word_1_33' title='bbox 779 1077 866 1147; x_wconf 88' lang='lat' dir='ltr'><strong><em>qui</em></strong></span> <span class='ocrx_word' id='word_1_34' title='bbox 893 1072 1196 1128; x_wconf 86' lang='lat' dir='ltr'><strong><em>custodiunt</em></strong></span> <span class='ocrx_word' id='word_1_35' title='bbox 1235 1069 1546 1140; x_wconf 84' lang='lat' dir='ltr'><strong><em>judicium:</em></strong></span> <span class='ocrx_word' id='word_1_36' title='bbox 1578 1076 1624 1118; x_wconf 91' lang='lat' dir='ltr'><strong><em>et</em></strong></span> <span class='ocrx_word' id='word_1_37' title='bbox 1675 1067 1875 1136; x_wconf 77' lang='lat' dir='ltr'><strong><em>faciunt</em></strong></span> <span class='ocrx_word' id='word_1_38' title='bbox 1915 1063 2081 1132; x_wconf 85' lang='lat' dir='ltr'><strong><em>justi-</em></strong></span> 
     </span>
    </p>
   </div>
   <div class='ocr_carea' id='block_1_11' title="bbox 510 1169 1177 1233">
    <p class='ocr_par' dir='ltr' id='par_1_11' title="bbox 510 1169 1177 1233">
     <span class='ocr_line' id='line_1_11' title="bbox 510 1169 1177 1233; baseline -0.015 -7"><span class='ocrx_word' id='word_1_39' title='bbox 510 1174 643 1226; x_wconf 88' lang='lat' dir='ltr'><strong><em>tiam</em></strong></span> <span class='ocrx_word' id='word_1_40' title='bbox 675 1172 725 1223; x_wconf 91' lang='lat' dir='ltr'><strong><em>in</em></strong></span> <span class='ocrx_word' id='word_1_41' title='bbox 750 1169 894 1233; x_wconf 86' lang='lat' dir='ltr'><strong><em>omni</em></strong></span> <span class='ocrx_word' id='word_1_42' title='bbox 926 1179 1177 1232; x_wconf 85' lang='lat' dir='ltr'><strong><em>tempore.</em></strong></span> 
     </span>
    </p>
   </div>
   <div class='ocr_carea' id='block_1_12' title="bbox 581 1247 2082 1320">
    <p class='ocr_par' dir='ltr' id='par_1_12' title="bbox 581 1247 2082 1320">
     <span class='ocr_line' id='line_1_12' title="bbox 581 1247 2082 1320; baseline -0.009 -6"><span class='ocrx_word' id='word_1_43' title='bbox 581 1259 844 1314; x_wconf 83' lang='lat' dir='ltr'><strong><em>Memento</em></strong></span> <span class='ocrx_word' id='word_1_44' title='bbox 880 1256 1076 1314; x_wconf 87' lang='lat' dir='ltr'><strong><em>nostri.</em></strong></span> <span class='ocrx_word' id='word_1_45' title='bbox 1117 1253 1360 1314; x_wconf 86' lang='lat' dir='ltr'><strong><em>Domine,</em></strong></span> <span class='ocrx_word' id='word_1_46' title='bbox 1417 1253 1469 1305; x_wconf 92' lang='lat' dir='ltr'><strong><em>in</em></strong></span> <span class='ocrx_word' id='word_1_47' title='bbox 1527 1248 1852 1320; x_wconf 86' lang='lat' dir='ltr'><strong><em>beneplucito</em></strong></span> <span class='ocrx_word' id='word_1_48' title='bbox 1903 1247 2082 1316; x_wconf 84' lang='lat' dir='ltr'><strong><em>populi</em></strong></span> 
     </span>
    </p>
   </div>
   <div class='ocr_carea' id='block_1_13' title="bbox 510 1344 1408 1408">
    <p class='ocr_par' dir='ltr' id='par_1_13' title="bbox 510 1344 1408 1408">
     <span class='ocr_line' id='line_1_13' title="bbox 510 1344 1408 1408; baseline -0.012 0"><span class='ocrx_word' id='word_1_49' title='bbox 510 1356 585 1408; x_wconf 89' lang='lat' dir='ltr'><strong><em>ttti</em></strong></span> <span class='ocrx_word' id='word_1_50' title='bbox 611 1370 627 1407; x_wconf 92' lang='lat'><strong><em>:</em></strong></span> <span class='ocrx_word' id='word_1_51' title='bbox 659 1354 807 1405; x_wconf 75' lang='lat' dir='ltr'><strong><em>t&#39;isita</em></strong></span> <span class='ocrx_word' id='word_1_52' title='bbox 841 1365 932 1402; x_wconf 88' lang='lat' dir='ltr'><strong><em>nos</em></strong></span> <span class='ocrx_word' id='word_1_53' title='bbox 959 1349 1010 1400; x_wconf 88' lang='lat' dir='ltr'><strong><em>in</em></strong></span> <span class='ocrx_word' id='word_1_54' title='bbox 1036 1344 1266 1398; x_wconf 76' lang='lat' dir='ltr'><strong><em>salutari</em></strong></span> <span class='ocrx_word' id='word_1_55' title='bbox 1297 1353 1408 1397; x_wconf 89' lang='lat' dir='ltr'><strong><em>tuo.</em></strong></span> 
     </span>
    </p>
   </div>
   <div class='ocr_carea' id='block_1_14' title="bbox 578 1429 2080 1500">
    <p class='ocr_par' dir='ltr' id='par_1_14' title="bbox 578 1429 2080 1500">
     <span class='ocr_line' id='line_1_14' title="bbox 578 1429 2080 1500; baseline -0.013 -1"><span class='ocrx_word' id='word_1_56' title='bbox 578 1446 658 1500; x_wconf 84' lang='lat' dir='ltr'><strong><em>Ad</em></strong></span> <span class='ocrx_word' id='word_1_57' title='bbox 686 1444 962 1497; x_wconf 84' lang='lat' dir='ltr'><strong><em>videndum</em></strong></span> <span class='ocrx_word' id='word_1_58' title='bbox 989 1441 1044 1492; x_wconf 89' lang='lat' dir='ltr'><strong><em>in</em></strong></span> <span class='ocrx_word' id='word_1_59' title='bbox 1092 1439 1323 1490; x_wconf 79' lang='lat' dir='ltr'><strong><em>bonitate</em></strong></span> <span class='ocrx_word' id='word_1_60' title='bbox 1388 1435 1670 1488; x_wconf 83' lang='lat' dir='ltr'><strong><em>electorum</em></strong></span> <span class='ocrx_word' id='word_1_61' title='bbox 1713 1443 1920 1485; x_wconf 91' lang='lat' dir='ltr'><strong><em>tuorum</em></strong></span> <span class='ocrx_word' id='word_1_62' title='bbox 1955 1446 1970 1482; x_wconf 93' lang='lat'><strong><em>:</em></strong></span> <span class='ocrx_word' id='word_1_63' title='bbox 2009 1429 2080 1482; x_wconf 89' lang='lat' dir='ltr'><strong><em>ad</em></strong></span> 
     </span>
    </p>
   </div>
   <div class='ocr_carea' id='block_1_15' title="bbox 508 1525 2079 1598">
    <p class='ocr_par' dir='ltr' id='par_1_15' title="bbox 508 1525 2079 1598">
     <span class='ocr_line' id='line_1_15' title="bbox 508 1525 2079 1598; baseline -0.01 -8"><span class='ocrx_word' id='word_1_64' title='bbox 508 1537 795 1590; x_wconf 65' lang='lat' dir='ltr'><strong><em>laetandum</em></strong></span> <span class='ocrx_word' id='word_1_65' title='bbox 836 1535 889 1586; x_wconf 90' lang='lat' dir='ltr'><strong><em>in</em></strong></span> <span class='ocrx_word' id='word_1_66' title='bbox 920 1532 1104 1587; x_wconf 75' lang='lat' dir='ltr'><strong><em>lwtitia</em></strong></span> <span class='ocrx_word' id='word_1_67' title='bbox 1161 1529 1330 1598; x_wconf 82' lang='lat' dir='ltr'><strong><em>gentis</em></strong></span> <span class='ocrx_word' id='word_1_68' title='bbox 1381 1537 1504 1589; x_wconf 80' lang='lat' dir='ltr'><strong><em>luce,</em></strong></span> <span class='ocrx_word' id='word_1_69' title='bbox 1543 1537 1600 1578; x_wconf 87' lang='lat' dir='ltr'><strong><em>ut</em></strong></span> <span class='ocrx_word' id='word_1_70' title='bbox 1659 1525 1895 1578; x_wconf 83' lang='lat' dir='ltr'><strong><em>lauderis</em></strong></span> <span class='ocrx_word' id='word_1_71' title='bbox 1959 1539 2079 1576; x_wconf 86' lang='lat' dir='ltr'><strong><em>cum</em></strong></span> 
     </span>
    </p>
   </div>
   <div class='ocr_carea' id='block_1_16' title="bbox 508 1626 1011 1682">
    <p class='ocr_par' dir='ltr' id='par_1_16' title="bbox 508 1626 1011 1682">
     <span class='ocr_line' id='line_1_16' title="bbox 508 1626 1011 1682; baseline -0.004 -2"><span class='ocrx_word' id='word_1_72' title='bbox 508 1628 812 1682; x_wconf 77' lang='lat' dir='ltr'><strong><em>litereditate</em></strong></span> <span class='ocrx_word' id='word_1_73' title='bbox 847 1637 940 1677; x_wconf 87' lang='lat' dir='ltr'><strong><em>tua</em></strong></span> <span class='ocrx_word' id='word_1_74' title='bbox 967 1626 1011 1678; x_wconf 79' lang='lat'><strong><em>‘.</em></strong></span> 
     </span>
    </p>
   </div>
   <div class='ocr_carea' id='block_1_17' title="bbox 587 1698 2082 1781">
    <p class='ocr_par' dir='ltr' id='par_1_17' title="bbox 587 1698 2082 1781">
     <span class='ocr_line' id='line_1_17' title="bbox 587 1698 2082 1781; baseline -0.005 -11"><span class='ocrx_word' id='word_1_75' title='bbox 587 1717 928 1772; x_wconf 71' lang='lat' dir='ltr'><strong><em>Peccavimus</em></strong></span> <span class='ocrx_word' id='word_1_76' title='bbox 963 1731 1081 1767; x_wconf 89' lang='lat' dir='ltr'><strong><em>cum</em></strong></span> <span class='ocrx_word' id='word_1_77' title='bbox 1127 1698 1379 1781; x_wconf 54' lang='lat' dir='ltr'><strong><em>&#39;patrilius</em></strong></span> <span class='ocrx_word' id='word_1_78' title='bbox 1445 1709 1638 1764; x_wconf 85' lang='lat' dir='ltr'><strong><em>nostris</em></strong></span> <span class='ocrx_word' id='word_1_79' title='bbox 1682 1724 1703 1762; x_wconf 84' lang='lat'><strong><em>.&#39;</em></strong></span> <span class='ocrx_word' id='word_1_80' title='bbox 1734 1708 1934 1776; x_wconf 83' lang='lat' dir='ltr'><strong><em>injuste</em></strong></span> <span class='ocrx_word' id='word_1_81' title='bbox 1974 1710 2082 1778; x_wconf 75' lang='lat' dir='ltr'><strong><em>egi-</em></strong></span> 
     </span>
    </p>
   </div>
   <div class='ocr_carea' id='block_1_18' title="bbox 512 1806 1284 1878">
    <p class='ocr_par' dir='ltr' id='par_1_18' title="bbox 512 1806 1284 1878">
     <span class='ocr_line' id='line_1_18' title="bbox 512 1806 1284 1878; baseline -0.012 -14"><span class='ocrx_word' id='word_1_82' title='bbox 512 1827 651 1876; x_wconf 91' lang='lat' dir='ltr'><strong><em>mus,</em></strong></span> <span class='ocrx_word' id='word_1_83' title='bbox 683 1809 1015 1878; x_wconf 71' lang='lat' dir='ltr'><strong><em>iniquitatem</em></strong></span> <span class='ocrx_word' id='word_1_84' title='bbox 1045 1806 1284 1876; x_wconf 76' lang='lat' dir='ltr'><strong><em>ferimus.</em></strong></span> 
     </span>
    </p>
   </div>
   <div class='ocr_carea' id='block_1_19' title="bbox 590 1892 2079 1964">
    <p class='ocr_par' dir='ltr' id='par_1_19' title="bbox 590 1892 2079 1964">
     <span class='ocr_line' id='line_1_19' title="bbox 590 1892 2079 1964; baseline -0.009 -8"><span class='ocrx_word' id='word_1_85' title='bbox 590 1904 774 1956; x_wconf 78' lang='lat' dir='ltr'><strong><em>Patres</em></strong></span> <span class='ocrx_word' id='word_1_86' title='bbox 802 1900 964 1954; x_wconf 92' lang='lat' dir='ltr'><strong><em>nostri</em></strong></span> <span class='ocrx_word' id='word_1_87' title='bbox 994 1900 1048 1950; x_wconf 88' lang='lat' dir='ltr'><strong><em>in</em></strong></span> <span class='ocrx_word' id='word_1_88' title='bbox 1088 1893 1322 1964; x_wconf 59' lang='lat' dir='ltr'><strong><em>ngypto</em></strong></span> <span class='ocrx_word' id='word_1_89' title='bbox 1367 1909 1469 1945; x_wconf 87' lang='lat' dir='ltr'><strong><em>non</em></strong></span> <span class='ocrx_word' id='word_1_90' title='bbox 1493 1892 1858 1944; x_wconf 72' lang='lat' dir='ltr'><strong><em>intettexerunt</em></strong></span> <span class='ocrx_word' id='word_1_91' title='bbox 1917 1892 2079 1943; x_wconf 86' lang='lat' dir='ltr'><strong><em>mira-</em></strong></span> 
     </span>
    </p>
   </div>
   <div class='ocr_carea' id='block_1_20' title="bbox 511 1979 2082 2053">
    <p class='ocr_par' dir='ltr' id='par_1_20' title="bbox 511 1979 2082 2053">
     <span class='ocr_line' id='line_1_20' title="bbox 511 1979 2082 2053; baseline -0.005 -11"><span class='ocrx_word' id='word_1_92' title='bbox 511 1990 640 2042; x_wconf 83' lang='lat' dir='ltr'><strong><em>bilia</em></strong></span> <span class='ocrx_word' id='word_1_93' title='bbox 675 1999 765 2042; x_wconf 90' lang='lat' dir='ltr'><strong><em>tua</em></strong></span> <span class='ocrx_word' id='word_1_94' title='bbox 799 2005 817 2041; x_wconf 89' lang='lat'><strong><em>:</em></strong></span> <span class='ocrx_word' id='word_1_95' title='bbox 857 2003 959 2040; x_wconf 90' lang='lat' dir='ltr'><strong><em>non</em></strong></span> <span class='ocrx_word' id='word_1_96' title='bbox 988 1985 1198 2053; x_wconf 80' lang='lat' dir='ltr'><strong><em>fuerunt</em></strong></span> <span class='ocrx_word' id='word_1_97' title='bbox 1239 1997 1490 2035; x_wconf 76' lang='lat' dir='ltr'><strong><em>memores</em></strong></span> <span class='ocrx_word' id='word_1_98' title='bbox 1539 1979 1894 2032; x_wconf 77' lang='lat' dir='ltr'><strong><em>multitudinis</em></strong></span> <span class='ocrx_word' id='word_1_99' title='bbox 1926 1981 2082 2034; x_wconf 87' lang='lat' dir='ltr'><strong><em>mise-</em></strong></span> 
     </span>
    </p>
   </div>
   <div class='ocr_carea' id='block_1_21' title="bbox 512 2071 916 2136">
    <p class='ocr_par' dir='ltr' id='par_1_21' title="bbox 512 2071 916 2136">
     <span class='ocr_line' id='line_1_21' title="bbox 512 2071 916 2136; baseline -0.01 1"><span class='ocrx_word' id='word_1_100' title='bbox 512 2071 754 2136; x_wconf 72' lang='lat' dir='ltr'><strong><em>ricordiae</em></strong></span> <span class='ocrx_word' id='word_1_101' title='bbox 790 2091 916 2134; x_wconf 78' lang='lat' dir='ltr'><strong><em>tute.</em></strong></span> 
     </span>
    </p>
   </div>
   <div class='ocr_carea' id='block_1_22' title="bbox 585 2169 2085 2236">
    <p class='ocr_par' dir='ltr' id='par_1_22' title="bbox 585 2169 2085 2236">
     <span class='ocr_line' id='line_1_22' title="bbox 585 2169 2085 2236; baseline -0.005 -9"><span class='ocrx_word' id='word_1_102' title='bbox 585 2174 653 2228; x_wconf 86' lang='lat' dir='ltr'><strong><em>Et</em></strong></span> <span class='ocrx_word' id='word_1_103' title='bbox 688 2176 1030 2228; x_wconf 80' lang='lat' dir='ltr'><strong><em>irritaverant</em></strong></span> <span class='ocrx_word' id='word_1_104' title='bbox 1060 2170 1395 2226; x_wconf 74' lang='lat' dir='ltr'><strong><em>ascendentes</em></strong></span> <span class='ocrx_word' id='word_1_105' title='bbox 1439 2171 1506 2236; x_wconf 54' lang='grc' dir='ltr'><strong><em>χ(</em></strong></span> <span class='ocrx_word' id='word_1_106' title='bbox 1549 2169 1603 2221; x_wconf 89' lang='lat' dir='ltr'><strong><em>in</em></strong></span> <span class='ocrx_word' id='word_1_107' title='bbox 1638 2169 1656 2198; x_wconf 84' lang='grc'>⁸</span> <span class='ocrx_word' id='word_1_108' title='bbox 1699 2183 1840 2220; x_wconf 89' lang='lat' dir='ltr'><strong><em>mare</em></strong></span> <span class='ocrx_word' id='word_1_109' title='bbox 1888 2169 1910 2236; x_wconf 70' lang='grc' dir='ltr'>ζ</span> <span class='ocrx_word' id='word_1_110' title='bbox 1943 2183 2085 2220; x_wconf 89' lang='lat' dir='ltr'><strong><em>mare</em></strong></span> 
     </span>
    </p>
   </div>
   <div class='ocr_carea' id='block_1_23' title="bbox 437 2265 771 2320">
    <p class='ocr_par' dir='ltr' id='par_1_23' title="bbox 437 2265 771 2320">
     <span class='ocr_line' id='line_1_23' title="bbox 437 2265 771 2320; baseline -0.009 1"><span class='ocrx_word' id='word_1_111' title='bbox 437 2299 443 2302; x_wconf 92' lang='lat'><strong><em>-</em></strong></span> <span class='ocrx_word' id='word_1_112' title='bbox 514 2265 771 2320; x_wconf 83' lang='lat' dir='ltr'><strong><em>Rubrum.</em></strong></span> 
     </span>
    </p>
   </div>
   <div class='ocr_carea' id='block_1_24' title="bbox 583 2353 2084 2419">
    <p class='ocr_par' dir='ltr' id='par_1_24' title="bbox 583 2353 2084 2419">
     <span class='ocr_line' id='line_1_24' title="bbox 583 2353 2084 2419; baseline -0.003 -12"><span class='ocrx_word' id='word_1_113' title='bbox 583 2358 649 2408; x_wconf 81' lang='lat' dir='ltr'><strong><em>Et</em></strong></span> <span class='ocrx_word' id='word_1_114' title='bbox 682 2353 907 2408; x_wconf 81' lang='lat' dir='ltr'><strong><em>salvavit</em></strong></span> <span class='ocrx_word' id='word_1_115' title='bbox 964 2368 1049 2406; x_wconf 89' lang='lat' dir='ltr'><strong><em>eos</em></strong></span> <span class='ocrx_word' id='word_1_116' title='bbox 1098 2362 1308 2419; x_wconf 81' lang='lat' dir='ltr'><strong><em>propter</em></strong></span> <span class='ocrx_word' id='word_1_117' title='bbox 1339 2365 1522 2403; x_wconf 89' lang='lat' dir='ltr'><strong><em>nomen</em></strong></span> <span class='ocrx_word' id='word_1_118' title='bbox 1567 2366 1720 2403; x_wconf 89' lang='lat' dir='ltr'><strong><em>suum</em></strong></span> <span class='ocrx_word' id='word_1_119' title='bbox 1753 2363 1850 2404; x_wconf 91' lang='lat' dir='ltr'><strong><em>:ut</em></strong></span> <span class='ocrx_word' id='word_1_120' title='bbox 1905 2359 2084 2403; x_wconf 89' lang='lat' dir='ltr'><strong><em>notam</em></strong></span> 
     </span>
    </p>
   </div>
   <div class='ocr_carea' id='block_1_25' title="bbox 513 2444 1244 2516">
    <p class='ocr_par' dir='ltr' id='par_1_25' title="bbox 513 2444 1244 2516">
     <span class='ocr_line' id='line_1_25' title="bbox 513 2444 1244 2516; baseline -0.012 -15"><span class='ocrx_word' id='word_1_121' title='bbox 513 2445 706 2516; x_wconf 79' lang='lat' dir='ltr'><strong><em>faceret</em></strong></span> <span class='ocrx_word' id='word_1_122' title='bbox 739 2444 1028 2515; x_wconf 85' lang='lat' dir='ltr'><strong><em>potentiam</em></strong></span> <span class='ocrx_word' id='word_1_123' title='bbox 1069 2458 1244 2494; x_wconf 90' lang='lat' dir='ltr'><strong><em>suam.</em></strong></span> 
     </span>
    </p>
   </div>
   <div class='ocr_carea' id='block_1_26' title="bbox 585 2531 2084 2603">
    <p class='ocr_par' dir='ltr' id='par_1_26' title="bbox 585 2531 2084 2603">
     <span class='ocr_line' id='line_1_26' title="bbox 585 2531 2084 2603; baseline -0.006 -11"><span class='ocrx_word' id='word_1_124' title='bbox 585 2536 655 2592; x_wconf 87' lang='lat' dir='ltr'><strong><em>Et</em></strong></span> <span class='ocrx_word' id='word_1_125' title='bbox 688 2534 943 2603; x_wconf 85' lang='lat' dir='ltr'><strong><em>increpuit</em></strong></span> <span class='ocrx_word' id='word_1_126' title='bbox 980 2549 1125 2586; x_wconf 88' lang='lat' dir='ltr'><strong><em>mare</em></strong></span> <span class='ocrx_word' id='word_1_127' title='bbox 1175 2531 1434 2596; x_wconf 83' lang='lat' dir='ltr'><strong><em>Rubrum,</em></strong></span> <span class='ocrx_word' id='word_1_128' title='bbox 1470 2540 1518 2585; x_wconf 91' lang='lat' dir='ltr'><strong><em>et</em></strong></span> <span class='ocrx_word' id='word_1_129' title='bbox 1544 2533 1861 2585; x_wconf 75' lang='lat' dir='ltr'><strong><em>exsiccatum</em></strong></span> <span class='ocrx_word' id='word_1_130' title='bbox 1905 2541 2084 2585; x_wconf 82' lang='lat' dir='ltr'><strong><em>est:et</em></strong></span> 
     </span>
    </p>
   </div>
   <div class='ocr_carea' id='block_1_27' title="bbox 513 2623 1663 2694">
    <p class='ocr_par' dir='ltr' id='par_1_27' title="bbox 513 2623 1663 2694">
     <span class='ocr_line' id='line_1_27' title="bbox 513 2623 1663 2694; baseline -0.006 -11"><span class='ocrx_word' id='word_1_131' title='bbox 513 2629 730 2683; x_wconf 78' lang='lat' dir='ltr'><strong><em>deduxit</em></strong></span> <span class='ocrx_word' id='word_1_132' title='bbox 759 2643 847 2681; x_wconf 90' lang='lat' dir='ltr'><strong><em>eos</em></strong></span> <span class='ocrx_word' id='word_1_133' title='bbox 876 2628 926 2678; x_wconf 87' lang='lat' dir='ltr'><strong><em>in</em></strong></span> <span class='ocrx_word' id='word_1_134' title='bbox 967 2625 1174 2694; x_wconf 83' lang='lat' dir='ltr'><strong><em>abyssis</em></strong></span> <span class='ocrx_word' id='word_1_135' title='bbox 1197 2624 1330 2676; x_wconf 86' lang='lat' dir='ltr'><strong><em>sicut</em></strong></span> <span class='ocrx_word' id='word_1_136' title='bbox 1352 2625 1407 2676; x_wconf 88' lang='lat' dir='ltr'><strong><em>in</em></strong></span> <span class='ocrx_word' id='word_1_137' title='bbox 1435 2623 1663 2676; x_wconf 88' lang='lat' dir='ltr'><strong><em>deserto.</em></strong></span> 
     </span>
    </p>
   </div>
   <div class='ocr_carea' id='block_1_28' title="bbox 589 2715 2083 2776">
    <p class='ocr_par' dir='ltr' id='par_1_28' title="bbox 589 2715 2083 2776">
     <span class='ocr_line' id='line_1_28' title="bbox 589 2715 2083 2776; baseline -0.006 0"><span class='ocrx_word' id='word_1_138' title='bbox 589 2722 657 2776; x_wconf 84' lang='lat' dir='ltr'><strong><em>Et</em></strong></span> <span class='ocrx_word' id='word_1_139' title='bbox 686 2719 909 2774; x_wconf 87' lang='lat' dir='ltr'><strong><em>salvavit</em></strong></span> <span class='ocrx_word' id='word_1_140' title='bbox 956 2734 1042 2772; x_wconf 82' lang='lat' dir='ltr'><strong><em>eos</em></strong></span> <span class='ocrx_word' id='word_1_141' title='bbox 1069 2717 1131 2770; x_wconf 88' lang='lat' dir='ltr'><strong><em>de</em></strong></span> <span class='ocrx_word' id='word_1_142' title='bbox 1183 2731 1344 2769; x_wconf 86' lang='lat' dir='ltr'><strong><em>manu</em></strong></span> <span class='ocrx_word' id='word_1_143' title='bbox 1391 2715 1728 2768; x_wconf 87' lang='lat' dir='ltr'><strong><em>odientium:</em></strong></span> <span class='ocrx_word' id='word_1_144' title='bbox 1766 2727 1812 2767; x_wconf 87' lang='lat' dir='ltr'><strong><em>ei</em></strong></span> <span class='ocrx_word' id='word_1_145' title='bbox 1865 2715 2083 2768; x_wconf 86' lang='lat' dir='ltr'><strong><em>redemit</em></strong></span> 
     </span>
    </p>
   </div>
   <div class='ocr_carea' id='block_1_29' title="bbox 513 2809 1133 2870">
    <p class='ocr_par' dir='ltr' id='par_1_29' title="bbox 513 2809 1133 2870">
     <span class='ocr_line' id='line_1_29' title="bbox 513 2809 1133 2870; baseline -0.015 1"><span class='ocrx_word' id='word_1_146' title='bbox 513 2833 599 2870; x_wconf 88' lang='lat' dir='ltr'><strong><em>eos</em></strong></span> <span class='ocrx_word' id='word_1_147' title='bbox 632 2816 694 2868; x_wconf 88' lang='lat' dir='ltr'><strong><em>de</em></strong></span> <span class='ocrx_word' id='word_1_148' title='bbox 721 2829 882 2866; x_wconf 88' lang='lat' dir='ltr'><strong><em>manu</em></strong></span> <span class='ocrx_word' id='word_1_149' title='bbox 910 2809 1133 2864; x_wconf 80' lang='lat' dir='ltr'><strong><em>inimici.</em></strong></span> 
     </span>
    </p>
   </div>
   <div class='ocr_carea' id='block_1_30' title="bbox 591 2899 2084 2986">
    <p class='ocr_par' dir='ltr' id='par_1_30' title="bbox 591 2899 2084 2986">
     <span class='ocr_line' id='line_1_30' title="bbox 591 2899 2084 2986; baseline -0.004 -27"><span class='ocrx_word' id='word_1_150' title='bbox 591 2907 656 2960; x_wconf 78' lang='lat' dir='ltr'><strong><em>Et</em></strong></span> <span class='ocrx_word' id='word_1_151' title='bbox 682 2907 886 2986; x_wconf 76' lang='lat' dir='ltr'><strong><em>operuit</em></strong></span> <span class='ocrx_word' id='word_1_152' title='bbox 909 2919 1046 2970; x_wconf 87' lang='lat' dir='ltr'><strong><em>aqua</em></strong></span> <span class='ocrx_word' id='word_1_153' title='bbox 1073 2899 1391 2954; x_wconf 86' lang='lat' dir='ltr'><strong><em>lribnlantes</em></strong></span> <span class='ocrx_word' id='word_1_154' title='bbox 1451 2915 1536 2953; x_wconf 86' lang='lat' dir='ltr'><strong><em>eos</em></strong></span> <span class='ocrx_word' id='word_1_155' title='bbox 1569 2915 1590 2952; x_wconf 69' lang='grc' dir='ltr'><em>ι</em></span> <span class='ocrx_word' id='word_1_156' title='bbox 1637 2914 1772 2953; x_wconf 83' lang='lat' dir='ltr'><strong><em>unus</em></strong></span> <span class='ocrx_word' id='word_1_157' title='bbox 1799 2913 1862 2951; x_wconf 82' lang='lat' dir='ltr'><strong><em>ea:</em></strong></span> <span class='ocrx_word' id='word_1_158' title='bbox 1882 2901 1953 2952; x_wconf 92' lang='lat' dir='ltr'><strong><em>eis</em></strong></span> <span class='ocrx_word' id='word_1_159' title='bbox 1980 2916 2084 2953; x_wconf 85' lang='lat' dir='ltr'><strong><em>non</em></strong></span> 
     </span>
    </p>
   </div>
   <div class='ocr_carea' id='block_1_31' title="bbox 516 2985 796 3031">
    <p class='ocr_par' dir='ltr' id='par_1_31' title="bbox 516 2985 796 3031">
     <span class='ocr_line' id='line_1_31' title="bbox 516 2985 796 3031; baseline -0.021 1"><span class='ocrx_word' id='word_1_160' title='bbox 516 2985 796 3031; x_wconf 84' lang='lat' dir='ltr'><strong><em>remansit.</em></strong></span> 
     </span>
    </p>
   </div>
   <div class='ocr_carea' id='block_1_32' title="bbox 587 3059 2079 3124">
    <p class='ocr_par' dir='ltr' id='par_1_32' title="bbox 587 3059 2079 3124">
     <span class='ocr_line' id='line_1_32' title="bbox 587 3059 2079 3124; baseline -0.004 -5"><span class='ocrx_word' id='word_1_161' title='bbox 587 3067 654 3119; x_wconf 87' lang='lat' dir='ltr'><strong><em>Et</em></strong></span> <span class='ocrx_word' id='word_1_162' title='bbox 686 3063 1020 3118; x_wconf 80' lang='lat' dir='ltr'><strong><em>crediderunt</em></strong></span> <span class='ocrx_word' id='word_1_163' title='bbox 1045 3062 1098 3114; x_wconf 88' lang='lat' dir='ltr'><strong><em>in</em></strong></span> <span class='ocrx_word' id='word_1_164' title='bbox 1130 3061 1149 3091; x_wconf 71' lang='grc'>⁸</span> <span class='ocrx_word' id='word_1_165' title='bbox 1200 3059 1366 3114; x_wconf 78' lang='lat' dir='ltr'><strong><em>verbis</em></strong></span> <span class='ocrx_word' id='word_1_166' title='bbox 1391 3061 1506 3124; x_wconf 75' lang='lat' dir='ltr'><strong><em>eius</em></strong></span> <span class='ocrx_word' id='word_1_167' title='bbox 1534 3075 1551 3112; x_wconf 93' lang='lat'><em>:</em></span> <span class='ocrx_word' id='word_1_168' title='bbox 1614 3069 1663 3114; x_wconf 93' lang='lat' dir='ltr'><strong><em>et</em></strong></span> <span class='ocrx_word' id='word_1_169' title='bbox 1731 3059 2079 3114; x_wconf 79' lang='lat' dir='ltr'><strong><em>laudauerunt</em></strong></span> 
     </span>
    </p>
   </div>
   <div class='ocr_carea' id='block_1_33' title="bbox 518 3157 902 3222">
    <p class='ocr_par' dir='ltr' id='par_1_33' title="bbox 518 3157 902 3222">
     <span class='ocr_line' id='line_1_33' title="bbox 518 3157 902 3222; baseline -0.013 -11"><span class='ocrx_word' id='word_1_170' title='bbox 518 3160 728 3212; x_wconf 86' lang='lat' dir='ltr'><strong><em>laudent</em></strong></span> <span class='ocrx_word' id='word_1_171' title='bbox 761 3157 902 3222; x_wconf 81' lang='lat' dir='ltr'><strong><em>ejus.</em></strong></span> 
     </span>
    </p>
   </div>
   <div class='ocr_carea' id='block_1_34' title="bbox 2815 605 3097 646">
    <p class='ocr_par' dir='ltr' id='par_1_34' title="bbox 2815 605 3097 646">
     <span class='ocr_line' id='line_1_34' title="bbox 2815 605 3097 646; baseline -0.011 0"><span class='ocrx_word' id='word_1_172' title='bbox 2815 605 3097 646; x_wconf 75' lang='lat' dir='ltr'><strong><em>ALLELUIA.</em></strong></span> 
     </span>
    </p>
   </div>
   <div class='ocr_carea' id='block_1_35' title="bbox 2249 681 3710 754">
    <p class='ocr_par' dir='ltr' id='par_1_35' title="bbox 2249 681 3710 754">
     <span class='ocr_line' id='line_1_35' title="bbox 2249 681 3710 754; baseline 0.001 -12"><span class='ocrx_word' id='word_1_173' title='bbox 2249 688 2598 742; x_wconf 81' lang='lat' dir='ltr'><strong><em>Cuniitemini</em></strong></span> <span class='ocrx_word' id='word_1_174' title='bbox 2632 684 2884 749; x_wconf 84' lang='lat' dir='ltr'><strong><em>Domino,</em></strong></span> <span class='ocrx_word' id='word_1_175' title='bbox 2916 683 3176 752; x_wconf 90' lang='lat' dir='ltr'><strong><em>quoniam</em></strong></span> <span class='ocrx_word' id='word_1_176' title='bbox 3212 681 3423 737; x_wconf 81' lang='lat' dir='ltr'><strong><em>bonus&#39;</em></strong></span> <span class='ocrx_word' id='word_1_177' title='bbox 3445 698 3458 737; x_wconf 87' lang='lat'><strong>:</strong></span> <span class='ocrx_word' id='word_1_178' title='bbox 3484 689 3710 754; x_wconf 79' lang='lat' dir='ltr'><strong><em>quoniam</em></strong></span> 
     </span>
    </p>
   </div>
   <div class='ocr_carea' id='block_1_36' title="bbox 2184 775 3097 843">
    <p class='ocr_par' dir='ltr' id='par_1_36' title="bbox 2184 775 3097 843">
     <span class='ocr_line' id='line_1_36' title="bbox 2184 775 3097 843; baseline -0.008 -10"><span class='ocrx_word' id='word_1_179' title='bbox 2184 781 2237 833; x_wconf 91' lang='lat' dir='ltr'><strong><em>in</em></strong></span> <span class='ocrx_word' id='word_1_180' title='bbox 2271 778 2532 833; x_wconf 68' lang='lat' dir='ltr'><strong><em>saeculum</em></strong></span> <span class='ocrx_word' id='word_1_181' title='bbox 2563 775 2941 830; x_wconf 93' lang='lat' dir='ltr'><strong><em>misericordia</em></strong></span> <span class='ocrx_word' id='word_1_182' title='bbox 2977 775 3097 843; x_wconf 80' lang='lat' dir='ltr'><strong><em>eius</em></strong></span> 
     </span>
    </p>
   </div>
   <div class='ocr_carea' id='block_1_37' title="bbox 2265 865 3711 938">
    <p class='ocr_par' dir='ltr' id='par_1_37' title="bbox 2265 865 3711 938">
     <span class='ocr_line' id='line_1_37' title="bbox 2265 865 3711 938; baseline 0 -16"><span class='ocrx_word' id='word_1_183' title='bbox 2265 869 2398 935; x_wconf 85' lang='lat' dir='ltr'><strong><em>Quis</em></strong></span> <span class='ocrx_word' id='word_1_184' title='bbox 2428 870 2689 938; x_wconf 86' lang='lat' dir='ltr'><strong><em>loquetur</em></strong></span> <span class='ocrx_word' id='word_1_185' title='bbox 2723 866 3000 937; x_wconf 83' lang='lat' dir='ltr'><strong><em>potentias</em></strong></span> <span class='ocrx_word' id='word_1_186' title='bbox 3028 865 3288 918; x_wconf 84' lang='lat' dir='ltr'><strong><em>Domini?</em></strong></span> <span class='ocrx_word' id='word_1_187' title='bbox 3334 867 3537 921; x_wconf 87' lang='lat' dir='ltr'><strong><em>auditas</em></strong></span> <span class='ocrx_word' id='word_1_188' title='bbox 3574 869 3711 923; x_wconf 77' lang='lat' dir='ltr'><strong><em>faciet</em></strong></span> 
     </span>
    </p>
   </div>
   <div class='ocr_carea' id='block_1_38' title="bbox 2183 958 2788 1028">
    <p class='ocr_par' dir='ltr' id='par_1_38' title="bbox 2183 958 2788 1028">
     <span class='ocr_line' id='line_1_38' title="bbox 2183 958 2788 1028; baseline -0.005 -14"><span class='ocrx_word' id='word_1_189' title='bbox 2183 977 2375 1015; x_wconf 86' lang='lat' dir='ltr'><strong><em>omnes</em></strong></span> <span class='ocrx_word' id='word_1_190' title='bbox 2415 961 2606 1014; x_wconf 90' lang='lat' dir='ltr'><strong><em>laudes</em></strong></span> <span class='ocrx_word' id='word_1_191' title='bbox 2629 958 2788 1028; x_wconf 73' lang='lat' dir='ltr'><strong><em>eius?</em></strong></span> 
     </span>
    </p>
   </div>
   <div class='ocr_carea' id='block_1_39' title="bbox 2263 1049 3710 1122">
    <p class='ocr_par' dir='ltr' id='par_1_39' title="bbox 2263 1049 3710 1122">
     <span class='ocr_line' id='line_1_39' title="bbox 2263 1049 3710 1122; baseline 0.001 -18"><span class='ocrx_word' id='word_1_192' title='bbox 2263 1051 2409 1106; x_wconf 80' lang='lat' dir='ltr'><strong><em>Beati</em></strong></span> <span class='ocrx_word' id='word_1_193' title='bbox 2435 1052 2526 1122; x_wconf 87' lang='lat' dir='ltr'><strong><em>qui</em></strong></span> <span class='ocrx_word' id='word_1_194' title='bbox 2555 1050 2877 1106; x_wconf 88' lang='lat' dir='ltr'><strong><em>custodiunt</em></strong></span> <span class='ocrx_word' id='word_1_195' title='bbox 2909 1049 3179 1118; x_wconf 87' lang='lat' dir='ltr'><strong><em>judicium</em></strong></span> <span class='ocrx_word' id='word_1_196' title='bbox 3217 1065 3230 1101; x_wconf 90' lang='lat'><strong>:</strong></span> <span class='ocrx_word' id='word_1_197' title='bbox 3261 1061 3315 1104; x_wconf 91' lang='lat' dir='ltr'><strong><em>et</em></strong></span> <span class='ocrx_word' id='word_1_198' title='bbox 3348 1049 3710 1122; x_wconf 77' lang='lat' dir='ltr'><strong><em>faciuntjusti-</em></strong></span> 
     </span>
    </p>
   </div>
   <div class='ocr_carea' id='block_1_40' title="bbox 2163 1137 3329 1213">
    <p class='ocr_par' dir='ltr' id='par_1_40' title="bbox 2163 1137 3329 1213">
     <span class='ocr_line' id='line_1_40' title="bbox 2163 1137 3329 1213; baseline -0.003 -18"><span class='ocrx_word' id='word_1_199' title='bbox 2163 1137 2286 1196; x_wconf 57' lang='lat' dir='ltr'><strong><em>&#39;tias</em></strong></span> <span class='ocrx_word' id='word_1_200' title='bbox 2319 1141 2439 1213; x_wconf 83' lang='lat' dir='ltr'><strong><em>[ms.</em></strong></span> <span class='ocrx_word' id='word_1_201' title='bbox 2467 1141 2762 1212; x_wconf 83' lang='lat' dir='ltr'><strong><em>justitiam]</em></strong></span> <span class='ocrx_word' id='word_1_202' title='bbox 2797 1142 2851 1195; x_wconf 91' lang='lat' dir='ltr'><strong><em>in</em></strong></span> <span class='ocrx_word' id='word_1_203' title='bbox 2879 1157 3025 1194; x_wconf 75' lang='lat' dir='ltr'><strong><em>omn.</em></strong></span> <span class='ocrx_word' id='word_1_204' title='bbox 3065 1151 3329 1209; x_wconf 88' lang='lat' dir='ltr'><strong><em>tempore.</em></strong></span> 
     </span>
    </p>
   </div>
   <div class='ocr_carea' id='block_1_41' title="bbox 2267 1233 3712 1302">
    <p class='ocr_par' dir='ltr' id='par_1_41' title="bbox 2267 1233 3712 1302">
     <span class='ocr_line' id='line_1_41' title="bbox 2267 1233 3712 1302; baseline 0 -15"><span class='ocrx_word' id='word_1_205' title='bbox 2267 1235 2540 1288; x_wconf 81' lang='lat' dir='ltr'><strong><em>Memento</em></strong></span> <span class='ocrx_word' id='word_1_206' title='bbox 2573 1234 2768 1296; x_wconf 89' lang='lat' dir='ltr'><strong><em>nostri,</em></strong></span> <span class='ocrx_word' id='word_1_207' title='bbox 2806 1233 3118 1296; x_wconf 86' lang='lat' dir='ltr'><strong><em>Domine,iu</em></strong></span> <span class='ocrx_word' id='word_1_208' title='bbox 3151 1233 3489 1300; x_wconf 87' lang='lat' dir='ltr'><strong><em>beiieplacito</em></strong></span> <span class='ocrx_word' id='word_1_209' title='bbox 3549 1235 3712 1302; x_wconf 79' lang='lat' dir='ltr'><strong><em>pepuli</em></strong></span> 
     </span>
    </p>
   </div>
   <div class='ocr_carea' id='block_1_42' title="bbox 2183 1325 3226 1381">
    <p class='ocr_par' dir='ltr' id='par_1_42' title="bbox 2183 1325 3226 1381">
     <span class='ocr_line' id='line_1_42' title="bbox 2183 1325 3226 1381; baseline -0.002 -1"><span class='ocrx_word' id='word_1_210' title='bbox 2183 1330 2262 1380; x_wconf 90' lang='lat' dir='ltr'><strong><em>tui</em></strong></span> <span class='ocrx_word' id='word_1_211' title='bbox 2303 1342 2318 1381; x_wconf 89' lang='lat'><strong>:</strong></span> <span class='ocrx_word' id='word_1_212' title='bbox 2353 1336 2409 1379; x_wconf 92' lang='lat' dir='ltr'><strong><em>et</em></strong></span> <span class='ocrx_word' id='word_1_213' title='bbox 2434 1327 2594 1380; x_wconf 82' lang='lat' dir='ltr'><strong><em>visita</em></strong></span> <span class='ocrx_word' id='word_1_214' title='bbox 2622 1341 2722 1380; x_wconf 90' lang='lat' dir='ltr'><strong><em>nos</em></strong></span> <span class='ocrx_word' id='word_1_215' title='bbox 2761 1325 2816 1378; x_wconf 89' lang='lat' dir='ltr'><strong><em>in</em></strong></span> <span class='ocrx_word' id='word_1_216' title='bbox 2853 1325 3078 1378; x_wconf 83' lang='lat' dir='ltr'><strong><em>salutari</em></strong></span> <span class='ocrx_word' id='word_1_217' title='bbox 3109 1334 3226 1378; x_wconf 90' lang='lat' dir='ltr'><strong><em>tuo.</em></strong></span> 
     </span>
    </p>
   </div>
   <div class='ocr_carea' id='block_1_43' title="bbox 2248 1389 3714 1471">
    <p class='ocr_par' dir='ltr' id='par_1_43' title="bbox 2248 1389 3714 1471">
     <span class='ocr_line' id='line_1_43' title="bbox 2248 1389 3714 1471; baseline 0.001 -2"><span class='ocrx_word' id='word_1_218' title='bbox 2248 1416 2329 1469; x_wconf 85' lang='lat' dir='ltr'><strong><em>Ad</em></strong></span> <span class='ocrx_word' id='word_1_219' title='bbox 2360 1414 2654 1471; x_wconf 83' lang='lat' dir='ltr'><strong><em>videndum</em></strong></span> <span class='ocrx_word' id='word_1_220' title='bbox 2688 1417 2740 1470; x_wconf 91' lang='lat' dir='ltr'><strong><em>in</em></strong></span> <span class='ocrx_word' id='word_1_221' title='bbox 2786 1416 3025 1470; x_wconf 89' lang='lat' dir='ltr'><strong><em>bonitate</em></strong></span> <span class='ocrx_word' id='word_1_222' title='bbox 3057 1415 3356 1469; x_wconf 83' lang='lat' dir='ltr'><strong><em>electorum</em></strong></span> <span class='ocrx_word' id='word_1_223' title='bbox 3388 1389 3588 1468; x_wconf 69' lang='lat' dir='ltr'><strong><em>tuoi&#39;um</em></strong></span> <span class='ocrx_word' id='word_1_224' title='bbox 3616 1429 3631 1470; x_wconf 87' lang='lat'><strong>:</strong></span> <span class='ocrx_word' id='word_1_225' title='bbox 3659 1417 3714 1470; x_wconf 82' lang='lat' dir='ltr'><strong><em>ad</em></strong></span> 
     </span>
    </p>
   </div>
   <div class='ocr_carea' id='block_1_44' title="bbox 2181 1507 3716 1578">
    <p class='ocr_par' dir='ltr' id='par_1_44' title="bbox 2181 1507 3716 1578">
     <span class='ocr_line' id='line_1_44' title="bbox 2181 1507 3716 1578; baseline -0.002 -15"><span class='ocrx_word' id='word_1_226' title='bbox 2181 1509 2476 1564; x_wconf 70' lang='lat' dir='ltr'><strong><em>laitandum</em></strong></span> <span class='ocrx_word' id='word_1_227' title='bbox 2519 1509 2571 1562; x_wconf 88' lang='lat' dir='ltr'><strong><em>in</em></strong></span> <span class='ocrx_word' id='word_1_228' title='bbox 2608 1509 2791 1563; x_wconf 65' lang='lat' dir='ltr'><strong><em>laetitia</em></strong></span> <span class='ocrx_word' id='word_1_229' title='bbox 2821 1510 3000 1578; x_wconf 79' lang='lat' dir='ltr'><strong><em>gentis</em></strong></span> <span class='ocrx_word' id='word_1_230' title='bbox 3066 1517 3196 1572; x_wconf 67' lang='lat' dir='ltr'><strong><em>tuae,</em></strong></span> <span class='ocrx_word' id='word_1_231' title='bbox 3258 1517 3312 1560; x_wconf 90' lang='lat' dir='ltr'><strong><em>ut</em></strong></span> <span class='ocrx_word' id='word_1_232' title='bbox 3350 1507 3574 1561; x_wconf 86' lang='lat' dir='ltr'><strong><em>lauderis</em></strong></span> <span class='ocrx_word' id='word_1_233' title='bbox 3613 1525 3716 1562; x_wconf 86' lang='lat' dir='ltr'><strong><em>cuni</em></strong></span> 
     </span>
    </p>
   </div>
   <div class='ocr_carea' id='block_1_45' title="bbox 2184 1595 2650 1656">
    <p class='ocr_par' dir='ltr' id='par_1_45' title="bbox 2184 1595 2650 1656">
     <span class='ocr_line' id='line_1_45' title="bbox 2184 1595 2650 1656; baseline 0.006 -3"><span class='ocrx_word' id='word_1_234' title='bbox 2184 1595 2506 1654; x_wconf 69' lang='lat' dir='ltr'><strong><em>haereditate</em></strong></span> <span class='ocrx_word' id='word_1_235' title='bbox 2536 1609 2650 1656; x_wconf 88' lang='lat' dir='ltr'><strong><em>tua.</em></strong></span> 
     </span>
    </p>
   </div>
   <div class='ocr_carea' id='block_1_46' title="bbox 2255 1689 3722 1762">
    <p class='ocr_par' dir='ltr' id='par_1_46' title="bbox 2255 1689 3722 1762">
     <span class='ocr_line' id='line_1_46' title="bbox 2255 1689 3722 1762; baseline -0.001 -16"><span class='ocrx_word' id='word_1_236' title='bbox 2255 1692 2609 1747; x_wconf 72' lang='lat' dir='ltr'><strong><em>Peccavimus</em></strong></span> <span class='ocrx_word' id='word_1_237' title='bbox 2636 1706 2760 1745; x_wconf 89' lang='lat' dir='ltr'><strong><em>cum</em></strong></span> <span class='ocrx_word' id='word_1_238' title='bbox 2801 1689 3055 1759; x_wconf 87' lang='lat' dir='ltr'><strong><em>patribus</em></strong></span> <span class='ocrx_word' id='word_1_239' title='bbox 3103 1689 3305 1743; x_wconf 84' lang='lat' dir='ltr'><strong><em>nostris</em></strong></span> <span class='ocrx_word' id='word_1_240' title='bbox 3347 1690 3578 1759; x_wconf 84' lang='lat' dir='ltr'><strong><em>:injuste</em></strong></span> <span class='ocrx_word' id='word_1_241' title='bbox 3626 1693 3722 1762; x_wconf 80' lang='lat' dir='ltr'><strong><em>egi-</em></strong></span> 
     </span>
    </p>
   </div>
   <div class='ocr_carea' id='block_1_47' title="bbox 2186 1780 3002 1850">
    <p class='ocr_par' dir='ltr' id='par_1_47' title="bbox 2186 1780 3002 1850">
     <span class='ocr_line' id='line_1_47' title="bbox 2186 1780 3002 1850; baseline -0.002 -14"><span class='ocrx_word' id='word_1_242' title='bbox 2186 1798 2328 1846; x_wconf 88' lang='lat' dir='ltr'><strong><em>mus,</em></strong></span> <span class='ocrx_word' id='word_1_243' title='bbox 2363 1782 2712 1850; x_wconf 82' lang='lat' dir='ltr'><strong><em>iniquitatem</em></strong></span> <span class='ocrx_word' id='word_1_244' title='bbox 2747 1780 3002 1834; x_wconf 82' lang='lat' dir='ltr'><strong><em>fecimus.</em></strong></span> 
     </span>
    </p>
   </div>
   <div class='ocr_carea' id='block_1_48' title="bbox 2265 1871 3717 1942">
    <p class='ocr_par' dir='ltr' id='par_1_48' title="bbox 2265 1871 3717 1942">
     <span class='ocr_line' id='line_1_48' title="bbox 2265 1871 3717 1942; baseline 0 -14"><span class='ocrx_word' id='word_1_245' title='bbox 2265 1875 2452 1928; x_wconf 80' lang='lat' dir='ltr'><strong><em>Patres</em></strong></span> <span class='ocrx_word' id='word_1_246' title='bbox 2479 1873 2649 1928; x_wconf 88' lang='lat' dir='ltr'><strong><em>nostri</em></strong></span> <span class='ocrx_word' id='word_1_247' title='bbox 2684 1873 2738 1926; x_wconf 90' lang='lat' dir='ltr'><strong><em>in</em></strong></span> <span class='ocrx_word' id='word_1_248' title='bbox 2763 1871 3001 1942; x_wconf 64' lang='lat' dir='ltr'><strong><em>ngypto</em></strong></span> <span class='ocrx_word' id='word_1_249' title='bbox 3031 1885 3137 1925; x_wconf 92' lang='lat' dir='ltr'><strong><em>non</em></strong></span> <span class='ocrx_word' id='word_1_250' title='bbox 3179 1871 3558 1930; x_wconf 79' lang='lat' dir='ltr'><strong><em>intellexerunt</em></strong></span> <span class='ocrx_word' id='word_1_251' title='bbox 3579 1877 3717 1928; x_wconf 84' lang='lat' dir='ltr'><strong><em>inira-</em></strong></span> 
     </span>
    </p>
   </div>
   <div class='ocr_carea' id='block_1_49' title="bbox 2187 1964 3721 2039">
    <p class='ocr_par' dir='ltr' id='par_1_49' title="bbox 2187 1964 3721 2039">
     <span class='ocr_line' id='line_1_49' title="bbox 2187 1964 3721 2039; baseline -0.001 -16"><span class='ocrx_word' id='word_1_252' title='bbox 2187 1968 2317 2023; x_wconf 86' lang='lat' dir='ltr'><strong><em>bilia</em></strong></span> <span class='ocrx_word' id='word_1_253' title='bbox 2342 1966 2462 2039; x_wconf 61' lang='lat' dir='ltr'><strong><em>ints.</em></strong></span> <span class='ocrx_word' id='word_1_254' title='bbox 2504 1964 2876 2036; x_wconf 72' lang='lat' dir='ltr'><strong><em>admirabilia}</em></strong></span> <span class='ocrx_word' id='word_1_255' title='bbox 2911 1977 3001 2018; x_wconf 88' lang='lat' dir='ltr'><strong><em>tua</em></strong></span> <span class='ocrx_word' id='word_1_256' title='bbox 3037 1976 3131 2018; x_wconf 89' lang='lat' dir='ltr'><strong><em>:et</em></strong></span> <span class='ocrx_word' id='word_1_257' title='bbox 3155 1982 3265 2019; x_wconf 90' lang='lat' dir='ltr'><strong><em>non</em></strong></span> <span class='ocrx_word' id='word_1_258' title='bbox 3303 1965 3517 2020; x_wconf 81' lang='lat' dir='ltr'><strong><em>luerunt</em></strong></span> <span class='ocrx_word' id='word_1_259' title='bbox 3545 1983 3721 2022; x_wconf 83' lang='lat' dir='ltr'><strong><em>memo-</em></strong></span> 
     </span>
    </p>
   </div>
   <div class='ocr_carea' id='block_1_50' title="bbox 2188 2057 3336 2132">
    <p class='ocr_par' dir='ltr' id='par_1_50' title="bbox 2188 2057 3336 2132">
     <span class='ocr_line' id='line_1_50' title="bbox 2188 2057 3336 2132; baseline -0.001 -20"><span class='ocrx_word' id='word_1_260' title='bbox 2188 2074 2275 2112; x_wconf 63' lang='grc' dir='ltr'><strong><em>τρε</em></strong></span> <span class='ocrx_word' id='word_1_261' title='bbox 2317 2058 2337 2132; x_wconf 52' lang='lat'>9</span> <span class='ocrx_word' id='word_1_262' title='bbox 2373 2057 2746 2112; x_wconf 83' lang='lat' dir='ltr'><strong><em>multitudinis</em></strong></span> <span class='ocrx_word' id='word_1_263' title='bbox 2781 2057 3170 2112; x_wconf 74' lang='lat' dir='ltr'><strong><em>misericordia:</em></strong></span> <span class='ocrx_word' id='word_1_264' title='bbox 3210 2073 3336 2112; x_wconf 66' lang='lat' dir='ltr'><strong><em>tum.</em></strong></span> 
     </span>
    </p>
   </div>
   <div class='ocr_carea' id='block_1_51' title="bbox 2259 2149 3718 2214">
    <p class='ocr_par' dir='ltr' id='par_1_51' title="bbox 2259 2149 3718 2214">
     <span class='ocr_line' id='line_1_51' title="bbox 2259 2149 3718 2214; baseline 0.002 -12"><span class='ocrx_word' id='word_1_265' title='bbox 2259 2149 2322 2203; x_wconf 87' lang='lat' dir='ltr'><strong><em>Et</em></strong></span> <span class='ocrx_word' id='word_1_266' title='bbox 2354 2149 3096 2205; x_wconf 84' lang='lat' dir='ltr'><strong><em>irritaveruntascendcntes</em></strong></span> <span class='ocrx_word' id='word_1_267' title='bbox 3142 2149 3161 2178; x_wconf 94' lang='grc'><strong>⁷</strong></span> <span class='ocrx_word' id='word_1_268' title='bbox 3211 2149 3267 2203; x_wconf 89' lang='lat' dir='ltr'><strong><em>in</em></strong></span> <span class='ocrx_word' id='word_1_269' title='bbox 3305 2149 3539 2205; x_wconf 82' lang='lat' dir='ltr'><strong><em>Rubrum</em></strong></span> <span class='ocrx_word' id='word_1_270' title='bbox 3573 2168 3718 2214; x_wconf 82' lang='lat' dir='ltr'><strong><em>mare.</em></strong></span> 
     </span>
    </p>
   </div>
   <div class='ocr_carea' id='block_1_52' title="bbox 2187 2241 3718 2308">
    <p class='ocr_par' dir='ltr' id='par_1_52' title="bbox 2187 2241 3718 2308">
     <span class='ocr_line' id='line_1_52' title="bbox 2187 2241 3718 2308; baseline 0.001 -13"><span class='ocrx_word' id='word_1_271' title='bbox 2187 2251 2240 2295; x_wconf 91' lang='lat' dir='ltr'><strong><em>et</em></strong></span> <span class='ocrx_word' id='word_1_272' title='bbox 2277 2241 2535 2294; x_wconf 82' lang='lat' dir='ltr'><strong><em>liberavit</em></strong></span> <span class='ocrx_word' id='word_1_273' title='bbox 2564 2256 2660 2294; x_wconf 91' lang='lat' dir='ltr'><strong><em>eos</em></strong></span> <span class='ocrx_word' id='word_1_274' title='bbox 2692 2248 2913 2308; x_wconf 86' lang='lat' dir='ltr'><strong><em>propter</em></strong></span> <span class='ocrx_word' id='word_1_275' title='bbox 2967 2256 3167 2296; x_wconf 90' lang='lat' dir='ltr'><strong><em>nomen</em></strong></span> <span class='ocrx_word' id='word_1_276' title='bbox 3223 2257 3382 2299; x_wconf 86' lang='lat' dir='ltr'><strong><em>suum</em></strong></span> <span class='ocrx_word' id='word_1_277' title='bbox 3417 2261 3430 2296; x_wconf 89' lang='lat'><strong>:</strong></span> <span class='ocrx_word' id='word_1_278' title='bbox 3464 2254 3518 2297; x_wconf 91' lang='lat' dir='ltr'><strong><em>ut</em></strong></span> <span class='ocrx_word' id='word_1_279' title='bbox 3561 2254 3718 2298; x_wconf 83' lang='lat' dir='ltr'><strong><em>notaui</em></strong></span> 
     </span>
    </p>
   </div>
   <div class='ocr_carea' id='block_1_53' title="bbox 2188 2330 3027 2402">
    <p class='ocr_par' dir='ltr' id='par_1_53' title="bbox 2188 2330 3027 2402">
     <span class='ocr_line' id='line_1_53' title="bbox 2188 2330 3027 2402; baseline 0.001 -16"><span class='ocrx_word' id='word_1_280' title='bbox 2188 2332 2388 2388; x_wconf 81' lang='lat' dir='ltr'><strong><em>faceret</em></strong></span> <span class='ocrx_word' id='word_1_281' title='bbox 2408 2332 2490 2385; x_wconf 90' lang='lat' dir='ltr'><strong><em>eis</em></strong></span> <span class='ocrx_word' id='word_1_282' title='bbox 2521 2330 2820 2402; x_wconf 85' lang='lat' dir='ltr'><strong><em>potentiam</em></strong></span> <span class='ocrx_word' id='word_1_283' title='bbox 2849 2345 3027 2387; x_wconf 83' lang='lat' dir='ltr'><strong><em>suain.</em></strong></span> 
     </span>
    </p>
   </div>
   <div class='ocr_carea' id='block_1_54' title="bbox 2274 2509 3720 2580">
    <p class='ocr_par' dir='ltr' id='par_1_54' title="bbox 2274 2509 3720 2580">
     <span class='ocr_line' id='line_1_54' title="bbox 2274 2509 3720 2580; baseline 0.004 -16"><span class='ocrx_word' id='word_1_284' title='bbox 2274 2511 2337 2564; x_wconf 75' lang='lat' dir='ltr'><strong><em>Et</em></strong></span> <span class='ocrx_word' id='word_1_285' title='bbox 2368 2509 2668 2580; x_wconf 82' lang='lat' dir='ltr'><strong><em>increpavit</em></strong></span> <span class='ocrx_word' id='word_1_286' title='bbox 2700 2525 2847 2564; x_wconf 91' lang='lat' dir='ltr'><strong><em>mare</em></strong></span> <span class='ocrx_word' id='word_1_287' title='bbox 2882 2511 3157 2576; x_wconf 76' lang='lat' dir='ltr'><strong><em>Rubrum,</em></strong></span> <span class='ocrx_word' id='word_1_288' title='bbox 3210 2523 3268 2569; x_wconf 87' lang='lat' dir='ltr'><strong><em>et</em></strong></span> <span class='ocrx_word' id='word_1_289' title='bbox 3314 2515 3563 2570; x_wconf 88' lang='lat' dir='ltr'><strong><em>siccatum</em></strong></span> <span class='ocrx_word' id='word_1_290' title='bbox 3608 2529 3678 2570; x_wconf 88' lang='lat' dir='ltr'><strong><em>est</em></strong></span> <span class='ocrx_word' id='word_1_291' title='bbox 3707 2531 3720 2570; x_wconf 86' lang='lat'><strong>:</strong></span> 
     </span>
    </p>
   </div>
   <div class='ocr_carea' id='block_1_55' title="bbox 2187 2604 3598 2672">
    <p class='ocr_par' dir='ltr' id='par_1_55' title="bbox 2187 2604 3598 2672">
     <span class='ocr_line' id='line_1_55' title="bbox 2187 2604 3598 2672; baseline 0.002 -13"><span class='ocrx_word' id='word_1_292' title='bbox 2187 2616 2240 2660; x_wconf 90' lang='lat' dir='ltr'><strong><em>et</em></strong></span> <span class='ocrx_word' id='word_1_293' title='bbox 2275 2605 2464 2659; x_wconf 84' lang='lat' dir='ltr'><strong><em>eduxit</em></strong></span> <span class='ocrx_word' id='word_1_294' title='bbox 2494 2619 2589 2658; x_wconf 87' lang='lat' dir='ltr'><strong><em>eos</em></strong></span> <span class='ocrx_word' id='word_1_295' title='bbox 2622 2604 2678 2658; x_wconf 92' lang='lat' dir='ltr'><strong><em>in</em></strong></span> <span class='ocrx_word' id='word_1_296' title='bbox 2704 2604 2863 2672; x_wconf 87' lang='lat' dir='ltr'><strong><em>aquis</em></strong></span> <span class='ocrx_word' id='word_1_297' title='bbox 2895 2606 3084 2659; x_wconf 89' lang='lat' dir='ltr'><strong><em>multis</em></strong></span> <span class='ocrx_word' id='word_1_298' title='bbox 3126 2607 3275 2662; x_wconf 83' lang='lat' dir='ltr'><strong><em>sicut</em></strong></span> <span class='ocrx_word' id='word_1_299' title='bbox 3305 2608 3359 2662; x_wconf 92' lang='lat' dir='ltr'><strong><em>in</em></strong></span> <span class='ocrx_word' id='word_1_300' title='bbox 3390 2609 3598 2665; x_wconf 90' lang='lat' dir='ltr'><strong><em>deserto</em></strong></span> 
     </span>
    </p>
   </div>
   <div class='ocr_carea' id='block_1_56' title="bbox 2265 2695 3722 2764">
    <p class='ocr_par' dir='ltr' id='par_1_56' title="bbox 2265 2695 3722 2764">
     <span class='ocr_line' id='line_1_56' title="bbox 2265 2695 3722 2764; baseline 0.003 -14"><span class='ocrx_word' id='word_1_301' title='bbox 2265 2697 2330 2750; x_wconf 87' lang='lat' dir='ltr'><strong><em>Et</em></strong></span> <span class='ocrx_word' id='word_1_302' title='bbox 2358 2696 2611 2750; x_wconf 87' lang='lat' dir='ltr'><strong><em>liberavit</em></strong></span> <span class='ocrx_word' id='word_1_303' title='bbox 2639 2709 2735 2750; x_wconf 84' lang='lat' dir='ltr'><strong><em>eos</em></strong></span> <span class='ocrx_word' id='word_1_304' title='bbox 2765 2695 2833 2749; x_wconf 92' lang='lat' dir='ltr'><strong><em>de</em></strong></span> <span class='ocrx_word' id='word_1_305' title='bbox 2863 2711 3028 2750; x_wconf 89' lang='lat' dir='ltr'><strong><em>manu</em></strong></span> <span class='ocrx_word' id='word_1_306' title='bbox 3061 2697 3392 2764; x_wconf 87' lang='lat' dir='ltr'><strong><em>odientium,</em></strong></span> <span class='ocrx_word' id='word_1_307' title='bbox 3438 2709 3490 2755; x_wconf 90' lang='lat' dir='ltr'><strong><em>et</em></strong></span> <span class='ocrx_word' id='word_1_308' title='bbox 3520 2703 3722 2755; x_wconf 83' lang='lat' dir='ltr'><strong><em>redemit</em></strong></span> 
     </span>
    </p>
   </div>
   <div class='ocr_carea' id='block_1_57' title="bbox 2188 2790 3722 2864">
    <p class='ocr_par' dir='ltr' id='par_1_57' title="bbox 2188 2790 3722 2864">
     <span class='ocr_line' id='line_1_57' title="bbox 2188 2790 3722 2864; baseline 0.001 -20"><span class='ocrx_word' id='word_1_309' title='bbox 2188 2805 2278 2844; x_wconf 91' lang='lat' dir='ltr'><strong><em>eos</em></strong></span> <span class='ocrx_word' id='word_1_310' title='bbox 2306 2793 2373 2842; x_wconf 87' lang='lat' dir='ltr'><strong><em>de</em></strong></span> <span class='ocrx_word' id='word_1_311' title='bbox 2405 2805 2566 2843; x_wconf 85' lang='lat' dir='ltr'><strong><em>manu</em></strong></span> <span class='ocrx_word' id='word_1_312' title='bbox 2597 2790 2942 2845; x_wconf 89' lang='lat' dir='ltr'><strong><em>inimicorum</em></strong></span> <span class='ocrx_word' id='word_1_313' title='bbox 2973 2807 2987 2843; x_wconf 72' lang='grc' dir='ltr'>ς</span> <span class='ocrx_word' id='word_1_314' title='bbox 3020 2801 3075 2845; x_wconf 89' lang='lat' dir='ltr'><strong><em>et</em></strong></span> <span class='ocrx_word' id='word_1_315' title='bbox 3109 2794 3331 2862; x_wconf 86' lang='lat' dir='ltr'><strong><em>Operuit</em></strong></span> <span class='ocrx_word' id='word_1_316' title='bbox 3381 2809 3510 2864; x_wconf 84' lang='lat' dir='ltr'><strong><em>aqua</em></strong></span> <span class='ocrx_word' id='word_1_317' title='bbox 3573 2797 3722 2849; x_wconf 77' lang='lat' dir='ltr'><strong><em>tribu-</em></strong></span> 
     </span>
    </p>
   </div>
   <div class='ocr_carea' id='block_1_58' title="bbox 2189 2879 3338 2945">
    <p class='ocr_par' dir='ltr' id='par_1_58' title="bbox 2189 2879 3338 2945">
     <span class='ocr_line' id='line_1_58' title="bbox 2189 2879 3338 2945; baseline 0.005 -14"><span class='ocrx_word' id='word_1_318' title='bbox 2189 2879 2362 2934; x_wconf 88' lang='lat' dir='ltr'><strong><em>lantes</em></strong></span> <span class='ocrx_word' id='word_1_319' title='bbox 2387 2894 2503 2945; x_wconf 89' lang='lat' dir='ltr'><strong><em>eos,</em></strong></span> <span class='ocrx_word' id='word_1_320' title='bbox 2545 2894 2688 2934; x_wconf 90' lang='lat' dir='ltr'><strong><em>unus</em></strong></span> <span class='ocrx_word' id='word_1_321' title='bbox 2714 2894 2779 2934; x_wconf 80' lang='lat' dir='ltr'><strong><em>ex</em></strong></span> <span class='ocrx_word' id='word_1_322' title='bbox 2800 2879 2881 2934; x_wconf 91' lang='lat' dir='ltr'><strong><em>eis</em></strong></span> <span class='ocrx_word' id='word_1_323' title='bbox 2914 2894 3024 2934; x_wconf 91' lang='lat' dir='ltr'><strong><em>non</em></strong></span> <span class='ocrx_word' id='word_1_324' title='bbox 3048 2883 3338 2938; x_wconf 85' lang='lat' dir='ltr'><strong><em>remansit.</em></strong></span> 
     </span>
    </p>
   </div>
   <div class='ocr_carea' id='block_1_59' title="bbox 2265 3059 3722 3131">
    <p class='ocr_par' dir='ltr' id='par_1_59' title="bbox 2265 3059 3722 3131">
     <span class='ocr_line' id='line_1_59' title="bbox 2265 3059 3722 3131; baseline -0.001 -16"><span class='ocrx_word' id='word_1_325' title='bbox 2265 3060 2332 3115; x_wconf 85' lang='lat' dir='ltr'><strong><em>Et</em></strong></span> <span class='ocrx_word' id='word_1_326' title='bbox 2364 3059 2723 3114; x_wconf 87' lang='lat' dir='ltr'><strong><em>crediderunt</em></strong></span> <span class='ocrx_word' id='word_1_327' title='bbox 2757 3060 2811 3113; x_wconf 92' lang='lat' dir='ltr'><strong><em>in</em></strong></span> <span class='ocrx_word' id='word_1_328' title='bbox 2851 3059 3036 3115; x_wconf 87' lang='lat' dir='ltr'><strong><em>verbis</em></strong></span> <span class='ocrx_word' id='word_1_329' title='bbox 3069 3061 3216 3131; x_wconf 87' lang='lat' dir='ltr'><strong><em>ejus,</em></strong></span> <span class='ocrx_word' id='word_1_330' title='bbox 3279 3071 3337 3116; x_wconf 89' lang='lat' dir='ltr'><strong><em>et</em></strong></span> <span class='ocrx_word' id='word_1_331' title='bbox 3389 3070 3722 3116; x_wconf 78' lang='lat' dir='ltr'><strong><em>cantaverunt</em></strong></span> 
     </span>
    </p>
   </div>
   <div class='ocr_carea' id='block_1_60' title="bbox 2192 3151 3721 3222">
    <p class='ocr_par' dir='ltr' id='par_1_60' title="bbox 2192 3151 3721 3222">
     <span class='ocr_line' id='line_1_60' title="bbox 2192 3151 3721 3222; baseline -0.001 -16"><span class='ocrx_word' id='word_1_332' title='bbox 2192 3155 2380 3208; x_wconf 78' lang='lat' dir='ltr'><strong><em>laudes</em></strong></span> <span class='ocrx_word' id='word_1_333' title='bbox 2413 3153 2536 3220; x_wconf 90' lang='lat' dir='ltr'><strong><em>ejus</em></strong></span> <span class='ocrx_word' id='word_1_334' title='bbox 2573 3165 2586 3206; x_wconf 92' lang='lat'>:</span> <span class='ocrx_word' id='word_1_335' title='bbox 2617 3151 2724 3206; x_wconf 90' lang='lat' dir='ltr'><strong><em>cito</em></strong></span> <span class='ocrx_word' id='word_1_336' title='bbox 2751 3151 3002 3207; x_wconf 81' lang='lat' dir='ltr'><strong><em>fecerunt</em></strong></span> <span class='ocrx_word' id='word_1_337' title='bbox 3036 3151 3082 3219; x_wconf 80' lang='grc'><em>⁸,</em></span> <span class='ocrx_word' id='word_1_338' title='bbox 3109 3163 3170 3208; x_wconf 85' lang='lat' dir='ltr'><strong><em>et</em></strong></span> <span class='ocrx_word' id='word_1_339' title='bbox 3199 3154 3351 3208; x_wconf 90' lang='lat' dir='ltr'><strong><em>obliti</em></strong></span> <span class='ocrx_word' id='word_1_340' title='bbox 3377 3163 3497 3208; x_wconf 90' lang='lat' dir='ltr'><strong><em>sunt</em></strong></span> <span class='ocrx_word' id='word_1_341' title='bbox 3525 3170 3721 3222; x_wconf 83' lang='lat' dir='ltr'><strong><em>operum</em></strong></span> 
     </span>
    </p>
   </div>
   <div class='ocr_carea' id='block_1_61' title="bbox 590 3241 3474 3336">
    <p class='ocr_par' dir='ltr' id='par_1_61' title="bbox 590 3241 3474 3336">
     <span class='ocr_line' id='line_1_61' title="bbox 590 3241 3474 3336; baseline -0.002 -33"><span class='ocrx_word' id='word_1_342' title='bbox 590 3251 708 3303; x_wconf 79' lang='lat' dir='ltr'><strong><em>Cito</em></strong></span> <span class='ocrx_word' id='word_1_343' title='bbox 739 3261 798 3303; x_wconf 84' lang='lat' dir='ltr'><strong><em>-t-</em></strong></span> <span class='ocrx_word' id='word_1_344' title='bbox 839 3249 1072 3314; x_wconf 78' lang='lat' dir='ltr'><strong><em>fecerunt</em></strong></span> <span class='ocrx_word' id='word_1_345' title='bbox 1101 3242 1290 3313; x_wconf 68' lang='lat' dir='ltr'><strong><em>:obliti</em></strong></span> <span class='ocrx_word' id='word_1_346' title='bbox 1318 3252 1440 3296; x_wconf 89' lang='lat' dir='ltr'><strong><em>sunt</em></strong></span> <span class='ocrx_word' id='word_1_347' title='bbox 1468 3258 1679 3311; x_wconf 88' lang='lat' dir='ltr'><strong><em>operum</em></strong></span> <span class='ocrx_word' id='word_1_348' title='bbox 1704 3241 1816 3310; x_wconf 87' lang='lat' dir='ltr'><strong><em>ejus</em></strong></span> <span class='ocrx_word' id='word_1_349' title='bbox 1843 3258 1861 3297; x_wconf 91' lang='lat'><strong><em>:</em></strong></span> <span class='ocrx_word' id='word_1_350' title='bbox 1889 3253 1936 3298; x_wconf 90' lang='lat' dir='ltr'><strong><em>et</em></strong></span> <span class='ocrx_word' id='word_1_351' title='bbox 1979 3258 2080 3296; x_wconf 88' lang='lat' dir='ltr'><strong><em>non</em></strong></span> <span class='ocrx_word' id='word_1_352' title='bbox 2111 3278 2153 3336; x_wconf 64' lang='grc' dir='ltr'>ο</span> <span class='ocrx_word' id='word_1_353' title='bbox 2187 3247 2326 3316; x_wconf 84' lang='lat' dir='ltr'><strong><em>ejus,</em></strong></span> <span class='ocrx_word' id='word_1_354' title='bbox 2356 3253 2413 3298; x_wconf 92' lang='lat' dir='ltr'><strong><em>et</em></strong></span> <span class='ocrx_word' id='word_1_355' title='bbox 2448 3258 2555 3297; x_wconf 93' lang='lat' dir='ltr'><strong><em>non</em></strong></span> <span class='ocrx_word' id='word_1_356' title='bbox 2588 3243 2969 3297; x_wconf 89' lang='lat' dir='ltr'><strong><em>sustinuerunt</em></strong></span> <span class='ocrx_word' id='word_1_357' title='bbox 3001 3243 3299 3298; x_wconf 88' lang='lat' dir='ltr'><strong><em>consilium</em></strong></span> <span class='ocrx_word' id='word_1_358' title='bbox 3336 3245 3474 3314; x_wconf 85' lang='lat' dir='ltr'><strong><em>ejus.</em></strong></span> 
     </span>
    </p>
   </div>
   <div class='ocr_carea' id='block_1_62' title="bbox 512 3337 1332 3406">
    <p class='ocr_par' dir='ltr' id='par_1_62' title="bbox 512 3337 1332 3406">
     <span class='ocr_line' id='line_1_62' title="bbox 512 3337 1332 3406; baseline -0.009 -9"><span class='ocrx_word' id='word_1_359' title='bbox 512 3344 870 3397; x_wconf 84' lang='lat' dir='ltr'><strong><em>sustinuerunt</em></strong></span> <span class='ocrx_word' id='word_1_360' title='bbox 897 3337 1169 3392; x_wconf 82' lang='lat' dir='ltr'><strong><em>consilium</em></strong></span> <span class='ocrx_word' id='word_1_361' title='bbox 1198 3339 1332 3406; x_wconf 89' lang='lat' dir='ltr'><strong><em>ejus.</em></strong></span> 
     </span>
    </p>
   </div>
   <div class='ocr_carea' id='block_1_63' title="bbox 591 3467 1823 3529">
    <p class='ocr_par' dir='ltr' id='par_1_63' title="bbox 591 3467 1823 3529">
     <span class='ocr_line' id='line_1_63' title="bbox 591 3467 1823 3529; baseline -0.004 -1"><span class='ocrx_word' id='word_1_362' title='bbox 591 3479 606 3508; x_wconf 93' lang='grc'>¹</span> <span class='ocrx_word' id='word_1_363' title='bbox 636 3473 924 3529; x_wconf 88' lang='lat' dir='ltr'><strong><em>Geminum</em></strong></span> <span class='ocrx_word' id='word_1_364' title='bbox 958 3479 1039 3524; x_wconf 87' lang='lat' dir='ltr'><strong><em>est</em></strong></span> <span class='ocrx_word' id='word_1_365' title='bbox 1066 3469 1121 3523; x_wconf 91' lang='lat' dir='ltr'><strong><em>in</em></strong></span> <span class='ocrx_word' id='word_1_366' title='bbox 1151 3467 1400 3522; x_wconf 86' lang='lat' dir='ltr'><strong><em>Palatino</em></strong></span> <span class='ocrx_word' id='word_1_367' title='bbox 1431 3485 1534 3523; x_wconf 77' lang='lat' dir='ltr'><strong><em>ms.</em></strong></span> <span class='ocrx_word' id='word_1_368' title='bbox 1570 3467 1823 3524; x_wconf 81' lang='lat' dir='ltr'><strong><em>Alleluia.</em></strong></span> 
     </span>
    </p>
   </div>
   <div class='ocr_carea' id='block_1_64' title="bbox 587 3539 1615 3606">
    <p class='ocr_par' dir='ltr' id='par_1_64' title="bbox 587 3539 1615 3606">
     <span class='ocr_line' id='line_1_64' title="bbox 587 3539 1615 3606; baseline -0.005 -9"><span class='ocrx_word' id='word_1_369' title='bbox 587 3551 606 3581; x_wconf 78' lang='grc'><strong><em>²</em></strong></span> <span class='ocrx_word' id='word_1_370' title='bbox 637 3545 832 3596; x_wconf 84' lang='lat' dir='ltr'><strong><em>Siibdit</em></strong></span> <span class='ocrx_word' id='word_1_371' title='bbox 863 3543 950 3594; x_wconf 85' lang='lat' dir='ltr'><strong><em>hic</em></strong></span> <span class='ocrx_word' id='word_1_372' title='bbox 980 3542 1118 3594; x_wconf 87' lang='lat' dir='ltr'><strong><em>idem</em></strong></span> <span class='ocrx_word' id='word_1_373' title='bbox 1157 3555 1257 3594; x_wconf 84' lang='lat' dir='ltr'><strong><em>ins.</em></strong></span> <span class='ocrx_word' id='word_1_374' title='bbox 1288 3539 1615 3606; x_wconf 87' lang='lat' dir='ltr'><strong><em>Diapsalma.</em></strong></span> 
     </span>
    </p>
   </div>
   <div class='ocr_carea' id='block_1_65' title="bbox 585 3608 2072 3680">
    <p class='ocr_par' dir='ltr' id='par_1_65' title="bbox 585 3608 2072 3680">
     <span class='ocr_line' id='line_1_65' title="bbox 585 3608 2072 3680; baseline -0.003 -13"><span class='ocrx_word' id='word_1_375' title='bbox 585 3620 605 3650; x_wconf 87' lang='grc'><strong><em>³</em></strong></span> <span class='ocrx_word' id='word_1_376' title='bbox 632 3615 810 3666; x_wconf 84' lang='lat' dir='ltr'><strong><em>Minus</em></strong></span> <span class='ocrx_word' id='word_1_377' title='bbox 846 3612 982 3664; x_wconf 89' lang='lat' dir='ltr'><strong><em>bene</em></strong></span> <span class='ocrx_word' id='word_1_378' title='bbox 1015 3610 1158 3680; x_wconf 83' lang='lat' dir='ltr'><strong><em>idem</em></strong></span> <span class='ocrx_word' id='word_1_379' title='bbox 1227 3623 1326 3661; x_wconf 91' lang='lat' dir='ltr'><strong><em>ms.</em></strong></span> <span class='ocrx_word' id='word_1_380' title='bbox 1349 3610 1526 3680; x_wconf 81' lang='lat' dir='ltr'><strong><em>unice</em></strong></span> <span class='ocrx_word' id='word_1_381' title='bbox 1555 3612 1606 3662; x_wconf 91' lang='lat' dir='ltr'><strong><em>in</em></strong></span> <span class='ocrx_word' id='word_1_382' title='bbox 1630 3608 2072 3680; x_wconf 68' lang='lat' dir='ltr'><strong><em>praepositionem</em></strong></span> 
     </span>
    </p>
   </div>
   <div class='ocr_carea' id='block_1_66' title="bbox 515 3678 2073 3747">
    <p class='ocr_par' dir='ltr' id='par_1_66' title="bbox 515 3678 2073 3747">
     <span class='ocr_line' id='line_1_66' title="bbox 515 3678 2073 3747; baseline -0.004 -10"><span class='ocrx_word' id='word_1_383' title='bbox 515 3698 774 3742; x_wconf 80' lang='lat' dir='ltr'><strong><em>asterisco</em></strong></span> <span class='ocrx_word' id='word_1_384' title='bbox 798 3683 1056 3736; x_wconf 88' lang='lat' dir='ltr'><strong><em>illustrat.</em></strong></span> <span class='ocrx_word' id='word_1_385' title='bbox 1083 3678 1271 3747; x_wconf 87' lang='lat' dir='ltr'><strong><em>Neque</em></strong></span> <span class='ocrx_word' id='word_1_386' title='bbox 1306 3678 1394 3732; x_wconf 88' lang='lat' dir='ltr'><strong><em>liic</em></strong></span> <span class='ocrx_word' id='word_1_387' title='bbox 1444 3678 1646 3746; x_wconf 69' lang='lat' dir='ltr'><strong><em>tamen,</em></strong></span> <span class='ocrx_word' id='word_1_388' title='bbox 1715 3678 1810 3736; x_wconf 85' lang='lat' dir='ltr'><strong><em>sed</em></strong></span> <span class='ocrx_word' id='word_1_389' title='bbox 1868 3681 2073 3742; x_wconf 84' lang='lat' dir='ltr'><strong><em>statim,</em></strong></span> 
     </span>
    </p>
   </div>
   <div class='ocr_carea' id='block_1_67' title="bbox 515 3749 2075 3819">
    <p class='ocr_par' dir='ltr' id='par_1_67' title="bbox 515 3749 2075 3819">
     <span class='ocr_line' id='line_1_67' title="bbox 515 3749 2075 3819; baseline -0.003 -12"><span class='ocrx_word' id='word_1_390' title='bbox 515 3760 607 3812; x_wconf 88' lang='lat' dir='ltr'><strong><em>ubi</em></strong></span> <span class='ocrx_word' id='word_1_391' title='bbox 655 3751 897 3807; x_wconf 90' lang='lat' dir='ltr'><strong><em>secundo</em></strong></span> <span class='ocrx_word' id='word_1_392' title='bbox 931 3751 1136 3803; x_wconf 88' lang='lat' dir='ltr'><strong><em>dicitur</em></strong></span> <span class='ocrx_word' id='word_1_393' title='bbox 1163 3765 1331 3810; x_wconf 89' lang='lat' dir='ltr'><strong><em>mare,</em></strong></span> <span class='ocrx_word' id='word_1_394' title='bbox 1364 3749 1416 3802; x_wconf 92' lang='lat' dir='ltr'><strong><em>in</em></strong></span> <span class='ocrx_word' id='word_1_395' title='bbox 1449 3764 1516 3802; x_wconf 83' lang='lat' dir='ltr'><strong><em>eo</em></strong></span> <span class='ocrx_word' id='word_1_396' title='bbox 1567 3749 1890 3819; x_wconf 73' lang='lat' dir='ltr'><strong><em>exemplari,</em></strong></span> <span class='ocrx_word' id='word_1_397' title='bbox 1929 3751 2075 3816; x_wconf 89' lang='lat' dir='ltr'><strong><em>quod</em></strong></span> 
     </span>
    </p>
   </div>
   <div class='ocr_carea' id='block_1_68' title="bbox 516 3819 2076 3888">
    <p class='ocr_par' dir='ltr' id='par_1_68' title="bbox 516 3819 2076 3888">
     <span class='ocr_line' id='line_1_68' title="bbox 516 3819 2076 3888; baseline -0.004 -11"><span class='ocrx_word' id='word_1_398' title='bbox 516 3827 749 3883; x_wconf 77' lang='lat' dir='ltr'><strong><em>habebat</em></strong></span> <span class='ocrx_word' id='word_1_399' title='bbox 775 3821 1110 3888; x_wconf 81' lang='lat' dir='ltr'><strong><em>Augustinus</em></strong></span> <span class='ocrx_word' id='word_1_400' title='bbox 1144 3819 1214 3870; x_wconf 88' lang='lat' dir='ltr'><strong><em>ob</em></strong></span> <span class='ocrx_word' id='word_1_401' title='bbox 1243 3820 1474 3888; x_wconf 12' lang='lat' dir='ltr'><strong><em>foculos,</em></strong></span> <span class='ocrx_word' id='word_1_402' title='bbox 1541 3821 1836 3874; x_wconf 89' lang='lat' dir='ltr'><strong><em>asteriscus</em></strong></span> <span class='ocrx_word' id='word_1_403' title='bbox 1868 3833 2076 3886; x_wconf 67' lang='lat' dir='ltr'><strong><em>pratpo-</em></strong></span> 
     </span>
    </p>
   </div>
   <div class='ocr_carea' id='block_1_69' title="bbox 512 3887 2075 3957">
    <p class='ocr_par' dir='ltr' id='par_1_69' title="bbox 512 3887 2075 3957">
     <span class='ocr_line' id='line_1_69' title="bbox 512 3887 2075 3957; baseline -0.004 -11"><span class='ocrx_word' id='word_1_404' title='bbox 512 3901 762 3953; x_wconf 74' lang='lat' dir='ltr'><strong><em>nebatur.</em></strong></span> <span class='ocrx_word' id='word_1_405' title='bbox 807 3909 825 3949; x_wconf 70' lang='grc' dir='ltr'><strong>ς</strong></span> <span class='ocrx_word' id='word_1_406' title='bbox 866 3887 1069 3950; x_wconf 80' lang='lat' dir='ltr'><strong><em>Codex,</em></strong></span> <span class='ocrx_word' id='word_1_407' title='bbox 1106 3887 1302 3955; x_wconf 88' lang='lat' dir='ltr'><strong><em>inquit,</em></strong></span> <span class='ocrx_word' id='word_1_408' title='bbox 1355 3903 1515 3957; x_wconf 88' lang='lat' dir='ltr'><strong><em>quem</em></strong></span> <span class='ocrx_word' id='word_1_409' title='bbox 1554 3891 1828 3952; x_wconf 89' lang='lat' dir='ltr'><strong><em>intuebar,</em></strong></span> <span class='ocrx_word' id='word_1_410' title='bbox 1867 3889 1946 3941; x_wconf 90' lang='lat' dir='ltr'><strong><em>sic</em></strong></span> <span class='ocrx_word' id='word_1_411' title='bbox 1977 3889 2075 3940; x_wconf 80' lang='lat' dir='ltr'><strong><em>lia-</em></strong></span> 
     </span>
    </p>
   </div>
   <div class='ocr_carea' id='block_1_70' title="bbox 514 3959 2077 4031">
    <p class='ocr_par' dir='ltr' id='par_1_70' title="bbox 514 3959 2077 4031">
     <span class='ocr_line' id='line_1_70' title="bbox 514 3959 2077 4031; baseline -0.003 -17"><span class='ocrx_word' id='word_1_412' title='bbox 514 3971 745 4022; x_wconf 74' lang='lat' dir='ltr'><strong><em>liabebat</em></strong></span> <span class='ocrx_word' id='word_1_413' title='bbox 774 3961 862 4031; x_wconf 75' lang='lat' dir='ltr'><strong><em>(Et</em></strong></span> <span class='ocrx_word' id='word_1_414' title='bbox 903 3961 1244 4031; x_wconf 75' lang='lat' dir='ltr'><strong><em>irritaverant</em></strong></span> <span class='ocrx_word' id='word_1_415' title='bbox 1271 3959 1610 4031; x_wconf 81' lang='lat' dir='ltr'><strong><em>ascendentes</em></strong></span> <span class='ocrx_word' id='word_1_416' title='bbox 1644 3959 1894 4031; x_wconf 72' lang='lat' dir='ltr'><strong><em>iamare,</em></strong></span> <span class='ocrx_word' id='word_1_417' title='bbox 1928 3973 2077 4031; x_wconf 83' lang='lat' dir='ltr'><strong><em>mare</em></strong></span> 
     </span>
    </p>
   </div>
   <div class='ocr_carea' id='block_1_71' title="bbox 513 4027 2073 4101">
    <p class='ocr_par' dir='ltr' id='par_1_71' title="bbox 513 4027 2073 4101">
     <span class='ocr_line' id='line_1_71' title="bbox 513 4027 2073 4101; baseline -0.004 -15"><span class='ocrx_word' id='word_1_418' title='bbox 513 4027 794 4101; x_wconf 79' lang='lat' dir='ltr'><strong><em>Rubrum),</em></strong></span> <span class='ocrx_word' id='word_1_419' title='bbox 838 4039 893 4084; x_wconf 91' lang='lat' dir='ltr'><strong><em>et</em></strong></span> <span class='ocrx_word' id='word_1_420' title='bbox 940 4030 1023 4080; x_wconf 86' lang='lat' dir='ltr'><strong><em>liis</em></strong></span> <span class='ocrx_word' id='word_1_421' title='bbox 1050 4027 1269 4101; x_wconf 68' lang='lat' dir='ltr'><strong><em>quidem</em></strong></span> <span class='ocrx_word' id='word_1_422' title='bbox 1327 4028 1547 4101; x_wconf 77' lang='lat' dir='ltr'><strong><em>duobus</em></strong></span> <span class='ocrx_word' id='word_1_423' title='bbox 1613 4029 1792 4101; x_wconf 82' lang='lat' dir='ltr'><strong><em>verbis</em></strong></span> <span class='ocrx_word' id='word_1_424' title='bbox 1846 4027 2073 4091; x_wconf 85' lang='lat' dir='ltr'><strong><em>ultimis,</em></strong></span> 
     </span>
    </p>
   </div>
   <div class='ocr_carea' id='block_1_72' title="bbox 511 4095 2074 4171">
    <p class='ocr_par' dir='ltr' id='par_1_72' title="bbox 511 4095 2074 4171">
     <span class='ocr_line' id='line_1_72' title="bbox 511 4095 2074 4171; baseline -0.004 -16"><span class='ocrx_word' id='word_1_425' title='bbox 511 4109 657 4171; x_wconf 83' lang='lat' dir='ltr'><strong><em>quod</em></strong></span> <span class='ocrx_word' id='word_1_426' title='bbox 680 4095 885 4160; x_wconf 81' lang='lat' dir='ltr'><strong><em>dictum</em></strong></span> <span class='ocrx_word' id='word_1_427' title='bbox 911 4107 1014 4171; x_wconf 78' lang='lat' dir='ltr'><strong><em>est,</em></strong></span> <span class='ocrx_word' id='word_1_428' title='bbox 1049 4111 1194 4171; x_wconf 73' lang='lat' dir='ltr'><strong><em>mare</em></strong></span> <span class='ocrx_word' id='word_1_429' title='bbox 1233 4095 1505 4171; x_wconf 75' lang='lat' dir='ltr'><strong><em>Rubrum,</em></strong></span> <span class='ocrx_word' id='word_1_430' title='bbox 1545 4099 1698 4171; x_wconf 77' lang='lat' dir='ltr'><strong><em>stella</em></strong></span> <span class='ocrx_word' id='word_1_431' title='bbox 1727 4101 1903 4150; x_wconf 77' lang='lat' dir='ltr'><strong><em>fuerat</em></strong></span> <span class='ocrx_word' id='word_1_432' title='bbox 1937 4111 2074 4164; x_wconf 63' lang='lat' dir='ltr'><strong><em>pra}-</em></strong></span> 
     </span>
    </p>
   </div>
   <div class='ocr_carea' id='block_1_73' title="bbox 512 4165 2077 4240">
    <p class='ocr_par' dir='ltr' id='par_1_73' title="bbox 512 4165 2077 4240">
     <span class='ocr_line' id='line_1_73' title="bbox 512 4165 2077 4240; baseline -0.002 -17"><span class='ocrx_word' id='word_1_433' title='bbox 512 4165 737 4238; x_wconf 66' lang='lat' dir='ltr'><strong><em>iiotaia;</em></strong></span> <span class='ocrx_word' id='word_1_434' title='bbox 771 4183 878 4240; x_wconf 88' lang='lat' dir='ltr'><strong><em>qua</em></strong></span> <span class='ocrx_word' id='word_1_435' title='bbox 928 4165 1306 4240; x_wconf 72' lang='lat' dir='ltr'><strong><em>signiﬁcantur</em></strong></span> <span class='ocrx_word' id='word_1_436' title='bbox 1332 4182 1451 4234; x_wconf 72' lang='lat' dir='ltr'><strong><em>qua:</em></strong></span> <span class='ocrx_word' id='word_1_437' title='bbox 1480 4169 1534 4218; x_wconf 90' lang='lat' dir='ltr'><strong><em>in</em></strong></span> <span class='ocrx_word' id='word_1_438' title='bbox 1569 4167 1796 4221; x_wconf 76' lang='lat' dir='ltr'><strong><em>llebrteo</em></strong></span> <span class='ocrx_word' id='word_1_439' title='bbox 1845 4177 1993 4230; x_wconf 84' lang='lat' dir='ltr'><strong><em>sunt,</em></strong></span> <span class='ocrx_word' id='word_1_440' title='bbox 2021 4175 2077 4220; x_wconf 89' lang='lat' dir='ltr'><strong><em>et</em></strong></span> 
     </span>
    </p>
   </div>
   <div class='ocr_carea' id='block_1_74' title="bbox 516 4234 1896 4308">
    <p class='ocr_par' dir='ltr' id='par_1_74' title="bbox 516 4234 1896 4308">
     <span class='ocr_line' id='line_1_74' title="bbox 516 4234 1896 4308; baseline -0.009 -9"><span class='ocrx_word' id='word_1_441' title='bbox 516 4245 572 4299; x_wconf 91' lang='lat' dir='ltr'><strong><em>in</em></strong></span> <span class='ocrx_word' id='word_1_442' title='bbox 631 4234 1105 4308; x_wconf 68' lang='lat' dir='ltr'><strong><em>interpretatiene</em></strong></span> <span class='ocrx_word' id='word_1_443' title='bbox 1138 4234 1495 4308; x_wconf 74' lang='lat' dir='ltr'><strong><em>Septuaginta</em></strong></span> <span class='ocrx_word' id='word_1_444' title='bbox 1539 4250 1657 4308; x_wconf 83' lang='lat' dir='ltr'><strong><em>non</em></strong></span> <span class='ocrx_word' id='word_1_445' title='bbox 1689 4245 1896 4308; x_wconf 49' lang='lat' dir='ltr'><strong><em>sunt.)</em></strong></span> 
     </span>
    </p>
   </div>
   <div class='ocr_carea' id='block_1_75' title="bbox 583 4305 2073 4374">
    <p class='ocr_par' dir='ltr' id='par_1_75' title="bbox 583 4305 2073 4374">
     <span class='ocr_line' id='line_1_75' title="bbox 583 4305 2073 4374; baseline -0.005 -7"><span class='ocrx_word' id='word_1_446' title='bbox 583 4314 606 4344; x_wconf 67' lang='lat'><strong>‘</strong></span> <span class='ocrx_word' id='word_1_447' title='bbox 632 4305 908 4368; x_wconf 84' lang='lat' dir='ltr'><strong><em>lmiiiérito</em></strong></span> <span class='ocrx_word' id='word_1_448' title='bbox 954 4305 1300 4374; x_wconf 59' lang='lat' dir='ltr'><strong><em>blartiatiaus</em></strong></span> <span class='ocrx_word' id='word_1_449' title='bbox 1335 4306 1492 4360; x_wconf 89' lang='lat' dir='ltr'><strong><em>obelo</em></strong></span> <span class='ocrx_word' id='word_1_450' title='bbox 1531 4306 1585 4358; x_wconf 90' lang='lat' dir='ltr'><strong><em>in</em></strong></span> <span class='ocrx_word' id='word_1_451' title='bbox 1633 4305 2073 4374; x_wconf 69' lang='lat' dir='ltr'><strong><em>prmposiliOnem</em></strong></span> 
     </span>
    </p>
   </div>
   <div class='ocr_carea' id='block_1_76' title="bbox 508 4373 2072 4446">
    <p class='ocr_par' dir='ltr' id='par_1_76' title="bbox 508 4373 2072 4446">
     <span class='ocr_line' id='line_1_76' title="bbox 508 4373 2072 4446; baseline -0.005 -8"><span class='ocrx_word' id='word_1_452' title='bbox 508 4385 854 4443; x_wconf 80' lang='lat' dir='ltr'><strong><em>confoderat,</em></strong></span> <span class='ocrx_word' id='word_1_453' title='bbox 890 4391 1008 4446; x_wconf 77' lang='lat' dir='ltr'><strong><em>qua:</em></strong></span> <span class='ocrx_word' id='word_1_454' title='bbox 1028 4384 1084 4446; x_wconf 85' lang='lat' dir='ltr'><strong><em>et</em></strong></span> <span class='ocrx_word' id='word_1_455' title='bbox 1114 4373 1421 4446; x_wconf 83' lang='lat' dir='ltr'><strong><em>luculenter</em></strong></span> <span class='ocrx_word' id='word_1_456' title='bbox 1450 4376 1501 4428; x_wconf 89' lang='lat' dir='ltr'><strong><em>iii</em></strong></span> <span class='ocrx_word' id='word_1_457' title='bbox 1536 4373 1760 4429; x_wconf 70' lang='lat' dir='ltr'><strong><em>llebrazo</em></strong></span> <span class='ocrx_word' id='word_1_458' title='bbox 1807 4384 1890 4429; x_wconf 87' lang='lat' dir='ltr'><strong><em>est</em></strong></span> <span class='ocrx_word' id='word_1_459' title='bbox 1927 4385 2072 4430; x_wconf 78' lang='lat' dir='ltr'><strong><em>textu</em></strong></span> 
     </span>
    </p>
   </div>
   <div class='ocr_carea' id='block_1_77' title="bbox 506 4445 2072 4514">
    <p class='ocr_par' dir='ltr' id='par_1_77' title="bbox 506 4445 2072 4514">
     <span class='ocr_line' id='line_1_77' title="bbox 506 4445 2072 4514; baseline -0.001 -15"><span class='ocrx_word' id='word_1_460' title='bbox 506 4463 700 4514; x_wconf 69' lang='lat'><strong><em>17-131;</em></strong></span> <span class='ocrx_word' id='word_1_461' title='bbox 723 4466 784 4504; x_wconf 84' lang='lat' dir='ltr'><strong><em>ac</em></strong></span> <span class='ocrx_word' id='word_1_462' title='bbox 809 4445 926 4503; x_wconf 86' lang='lat' dir='ltr'><strong><em>sine</em></strong></span> <span class='ocrx_word' id='word_1_463' title='bbox 955 4445 1115 4497; x_wconf 87' lang='lat' dir='ltr'><strong><em>obelo</em></strong></span> <span class='ocrx_word' id='word_1_464' title='bbox 1147 4445 1501 4511; x_wconf 80' lang='lat' dir='ltr'><strong><em>apudCarum</em></strong></span> <span class='ocrx_word' id='word_1_465' title='bbox 1529 4447 1739 4512; x_wconf 83' lang='lat' dir='ltr'><strong><em>pridem</em></strong></span> <span class='ocrx_word' id='word_1_466' title='bbox 1769 4447 2072 4514; x_wconf 81' lang='lat' dir='ltr'><strong><em>legebatur,</em></strong></span> 
     </span>
    </p>
   </div>
   <div class='ocr_carea' id='block_1_78' title="bbox 511 4515 2074 4583">
    <p class='ocr_par' dir='ltr' id='par_1_78' title="bbox 511 4515 2074 4583">
     <span class='ocr_line' id='line_1_78' title="bbox 511 4515 2074 4583; baseline -0.004 -8"><span class='ocrx_word' id='word_1_467' title='bbox 511 4535 570 4578; x_wconf 91' lang='lat' dir='ltr'><strong><em>iit</em></strong></span> <span class='ocrx_word' id='word_1_468' title='bbox 608 4534 663 4578; x_wconf 86' lang='lat' dir='ltr'><strong><em>et</em></strong></span> <span class='ocrx_word' id='word_1_469' title='bbox 695 4534 840 4575; x_wconf 90' lang='lat' dir='ltr'><strong><em>nunc</em></strong></span> <span class='ocrx_word' id='word_1_470' title='bbox 871 4521 922 4569; x_wconf 89' lang='lat' dir='ltr'><strong><em>in</em></strong></span> <span class='ocrx_word' id='word_1_471' title='bbox 955 4515 1199 4567; x_wconf 77' lang='lat' dir='ltr'><strong><em>Palatino</em></strong></span> <span class='ocrx_word' id='word_1_472' title='bbox 1233 4523 1316 4566; x_wconf 89' lang='lat' dir='ltr'><strong><em>cst</em></strong></span> <span class='ocrx_word' id='word_1_473' title='bbox 1346 4531 1448 4570; x_wconf 89' lang='lat' dir='ltr'><strong><em>ius.</em></strong></span> <span class='ocrx_word' id='word_1_474' title='bbox 1481 4515 1638 4583; x_wconf 76' lang='lat' dir='ltr'><strong><em>Legit</em></strong></span> <span class='ocrx_word' id='word_1_475' title='bbox 1676 4527 1856 4569; x_wconf 90' lang='lat' dir='ltr'><strong><em>autem</em></strong></span> <span class='ocrx_word' id='word_1_476' title='bbox 1889 4521 1989 4568; x_wconf 87' lang='lat' dir='ltr'><strong><em>iste</em></strong></span> <span class='ocrx_word' id='word_1_477' title='bbox 2021 4519 2074 4568; x_wconf 89' lang='lat' dir='ltr'><strong><em>in</em></strong></span> 
     </span>
    </p>
   </div>
   <div class='ocr_carea' id='block_1_79' title="bbox 508 4583 2074 4655">
    <p class='ocr_par' dir='ltr' id='par_1_79' title="bbox 508 4583 2074 4655">
     <span class='ocr_line' id='line_1_79' title="bbox 508 4583 2074 4655; baseline -0.004 -9"><span class='ocrx_word' id='word_1_478' title='bbox 508 4595 678 4646; x_wconf 84' lang='lat' dir='ltr'><strong><em>verbis</em></strong></span> <span class='ocrx_word' id='word_1_479' title='bbox 717 4593 846 4652; x_wconf 85' lang='lat' dir='ltr'><strong><em>suis,</em></strong></span> <span class='ocrx_word' id='word_1_480' title='bbox 879 4600 977 4655; x_wconf 85' lang='lat' dir='ltr'><strong><em>pro</em></strong></span> <span class='ocrx_word' id='word_1_481' title='bbox 998 4584 1132 4650; x_wconf 86' lang='lat' dir='ltr'><strong><em>ejus,</em></strong></span> <span class='ocrx_word' id='word_1_482' title='bbox 1160 4583 1420 4652; x_wconf 80' lang='lat' dir='ltr'><strong><em>additque</em></strong></span> <span class='ocrx_word' id='word_1_483' title='bbox 1453 4587 1506 4638; x_wconf 93' lang='lat' dir='ltr'><strong><em>in</em></strong></span> <span class='ocrx_word' id='word_1_484' title='bbox 1539 4589 1644 4639; x_wconf 79' lang='lat' dir='ltr'><strong><em>line</em></strong></span> <span class='ocrx_word' id='word_1_485' title='bbox 1689 4602 1880 4640; x_wconf 83' lang='lat' dir='ltr'><strong><em>versus</em></strong></span> <span class='ocrx_word' id='word_1_486' title='bbox 1941 4585 2074 4639; x_wconf 86' lang='lat' dir='ltr'><strong><em>Dia-</em></strong></span> 
     </span>
    </p>
   </div>
   <div class='ocr_carea' id='block_1_80' title="bbox 509 4663 741 4730">
    <p class='ocr_par' dir='ltr' id='par_1_80' title="bbox 509 4663 741 4730">
     <span class='ocr_line' id='line_1_80' title="bbox 509 4663 741 4730; baseline -0.013 -14"><span class='ocrx_word' id='word_1_487' title='bbox 509 4663 741 4730; x_wconf 79' lang='lat' dir='ltr'><strong><em>psalmo.</em></strong></span> 
     </span>
    </p>
   </div>
   <div class='ocr_carea' id='block_1_81' title="bbox 583 4721 2076 4789">
    <p class='ocr_par' dir='ltr' id='par_1_81' title="bbox 583 4721 2076 4789">
     <span class='ocr_line' id='line_1_81' title="bbox 583 4721 2076 4789; baseline -0.006 -5"><span class='ocrx_word' id='word_1_488' title='bbox 583 4735 602 4762; x_wconf 84' lang='lat'>&#39;</span> <span class='ocrx_word' id='word_1_489' title='bbox 639 4731 694 4783; x_wconf 87' lang='lat' dir='ltr'><strong><em>In</em></strong></span> <span class='ocrx_word' id='word_1_490' title='bbox 734 4721 1029 4779; x_wconf 71' lang='lat' dir='ltr'><strong><em>Veronensi</em></strong></span> <span class='ocrx_word' id='word_1_491' title='bbox 1066 4721 1353 4786; x_wconf 81' lang='lat' dir='ltr'><strong><em>Psalleriu,</em></strong></span> <span class='ocrx_word' id='word_1_492' title='bbox 1414 4721 1679 4786; x_wconf 85' lang='lat' dir='ltr'><strong><em>Quoniam</em></strong></span> <span class='ocrx_word' id='word_1_493' title='bbox 1741 4725 1931 4776; x_wconf 87' lang='lat' dir='ltr'><strong><em>bonum</em></strong></span> <span class='ocrx_word' id='word_1_494' title='bbox 1965 4736 2076 4789; x_wconf 87' lang='lat' dir='ltr'><strong><em>est,-</em></strong></span> 
     </span>
    </p>
   </div>
   <div class='ocr_carea' id='block_1_82' title="bbox 510 4794 2077 4868">
    <p class='ocr_par' dir='ltr' id='par_1_82' title="bbox 510 4794 2077 4868">
     <span class='ocr_line' id='line_1_82' title="bbox 510 4794 2077 4868; baseline 0 -20"><span class='ocrx_word' id='word_1_495' title='bbox 510 4812 568 4854; x_wconf 76' lang='lat' dir='ltr'><strong><em>et</em></strong></span> <span class='ocrx_word' id='word_1_496' title='bbox 603 4809 727 4868; x_wconf 78' lang='lat' dir='ltr'><strong><em>post</em></strong></span> <span class='ocrx_word' id='word_1_497' title='bbox 749 4801 887 4850; x_wconf 85' lang='lat' dir='ltr'><strong><em>duos</em></strong></span> <span class='ocrx_word' id='word_1_498' title='bbox 921 4808 1133 4856; x_wconf 85' lang='lat' dir='ltr'><strong><em>versus,</em></strong></span> <span class='ocrx_word' id='word_1_499' title='bbox 1162 4794 1404 4854; x_wconf 82' lang='lat' dir='ltr'><strong><em>Domine,</em></strong></span> <span class='ocrx_word' id='word_1_500' title='bbox 1463 4795 1513 4844; x_wconf 88' lang='lat' dir='ltr'><strong><em>in</em></strong></span> <span class='ocrx_word' id='word_1_501' title='bbox 1561 4794 1692 4846; x_wconf 78' lang='lat' dir='ltr'><strong><em>bona</em></strong></span> <span class='ocrx_word' id='word_1_502' title='bbox 1741 4796 1939 4861; x_wconf 81' lang='lat' dir='ltr'><strong><em>placito</em></strong></span> <span class='ocrx_word' id='word_1_503' title='bbox 1981 4814 2077 4864; x_wconf 85' lang='lat' dir='ltr'><strong><em>po-</em></strong></span> 
     </span>
    </p>
   </div>
   <div class='ocr_carea' id='block_1_83' title="bbox 512 4872 779 4938">
    <p class='ocr_par' dir='ltr' id='par_1_83' title="bbox 512 4872 779 4938">
     <span class='ocr_line' id='line_1_83' title="bbox 512 4872 779 4938; baseline -0.007 -15"><span class='ocrx_word' id='word_1_504' title='bbox 512 4872 637 4938; x_wconf 87' lang='lat' dir='ltr'><strong><em>pulo</em></strong></span> <span class='ocrx_word' id='word_1_505' title='bbox 670 4879 779 4922; x_wconf 88' lang='lat' dir='ltr'><strong><em>tuo.</em></strong></span> 
     </span>
    </p>
   </div>
   <div class='ocr_carea' id='block_1_84' title="bbox 585 4931 2075 5006">
    <p class='ocr_par' dir='ltr' id='par_1_84' title="bbox 585 4931 2075 5006">
     <span class='ocr_line' id='line_1_84' title="bbox 585 4931 2075 5006; baseline -0.001 -14"><span class='ocrx_word' id='word_1_506' title='bbox 585 4940 606 4970; x_wconf 79' lang='grc'>⁸</span> <span class='ocrx_word' id='word_1_507' title='bbox 633 4941 689 4992; x_wconf 85' lang='lat' dir='ltr'><strong><em>S.</em></strong></span> <span class='ocrx_word' id='word_1_508' title='bbox 734 4941 848 5006; x_wconf 89' lang='lat' dir='ltr'><strong><em>ipse</em></strong></span> <span class='ocrx_word' id='word_1_509' title='bbox 877 4933 1038 4987; x_wconf 89' lang='lat' dir='ltr'><strong><em>Pater</em></strong></span> <span class='ocrx_word' id='word_1_510' title='bbox 1061 4931 1219 5006; x_wconf 81' lang='lat' dir='ltr'><strong><em>epist.</em></strong></span> <span class='ocrx_word' id='word_1_511' title='bbox 1245 4931 1314 4984; x_wconf 83' lang='lat' dir='ltr'><strong><em>ad</em></strong></span> <span class='ocrx_word' id='word_1_512' title='bbox 1343 4931 1626 5006; x_wconf 69' lang='lat' dir='ltr'><strong><em>Setiniam,</em></strong></span> <span class='ocrx_word' id='word_1_513' title='bbox 1655 4943 1784 4993; x_wconf 85' lang='lat' dir='ltr'><strong><em>etc..</em></strong></span> <span class='ocrx_word' id='word_1_514' title='bbox 1824 4952 1840 4984; x_wconf 83' lang='lat' dir='ltr'><strong><em>i</em></strong></span> <span class='ocrx_word' id='word_1_515' title='bbox 1886 4935 2075 4990; x_wconf 88' lang='lat' dir='ltr'><strong><em>Dicitis</em></strong></span> 
     </span>
    </p>
   </div>
   <div class='ocr_carea' id='block_1_85' title="bbox 515 5002 2071 5082">
    <p class='ocr_par' dir='ltr' id='par_1_85' title="bbox 515 5002 2071 5082">
     <span class='ocr_line' id='line_1_85' title="bbox 515 5002 2071 5082; baseline -0.003 -18"><span class='ocrx_word' id='word_1_516' title='bbox 515 5002 950 5082; x_wconf 42' lang='lat' dir='ltr'><strong><em>quodin-Graeco</em></strong></span> <span class='ocrx_word' id='word_1_517' title='bbox 979 5005 1297 5082; x_wconf 48' lang='lat' dir='ltr'><strong><em>inveniretis;</em></strong></span> <span class='ocrx_word' id='word_1_518' title='bbox 1334 5017 1346 5055; x_wconf 93' lang='lat'>:</span> <span class='ocrx_word' id='word_1_519' title='bbox 1389 5002 1457 5054; x_wconf 78' lang='lat' dir='ltr'><strong><em>Et</em></strong></span> <span class='ocrx_word' id='word_1_520' title='bbox 1500 5020 1597 5056; x_wconf 84' lang='lat' dir='ltr'><strong><em>non</em></strong></span> <span class='ocrx_word' id='word_1_521' title='bbox 1627 5005 1843 5071; x_wconf 78' lang='lat' dir='ltr'><strong><em>[uerunt</em></strong></span> <span class='ocrx_word' id='word_1_522' title='bbox 1881 5023 2071 5059; x_wconf 86' lang='lat' dir='ltr'><strong><em>mento-</em></strong></span> 
     </span>
    </p>
   </div>
   <div class='ocr_carea' id='block_1_86' title="bbox 515 5071 1554 5144">
    <p class='ocr_par' dir='ltr' id='par_1_86' title="bbox 515 5071 1554 5144">
     <span class='ocr_line' id='line_1_86' title="bbox 515 5071 1554 5144; baseline -0.01 -10"><span class='ocrx_word' id='word_1_523' title='bbox 515 5071 619 5136; x_wconf 59' lang='lat' dir='ltr'><strong><em>r&#39;es.</em></strong></span> <span class='ocrx_word' id='word_1_524' title='bbox 655 5078 722 5131; x_wconf 79' lang='lat' dir='ltr'><strong><em>Et</em></strong></span> <span class='ocrx_word' id='word_1_525' title='bbox 752 5073 1065 5144; x_wconf 69' lang='lat' dir='ltr'><strong><em>coniunctio</em></strong></span> <span class='ocrx_word' id='word_1_526' title='bbox 1101 5071 1372 5141; x_wconf 84' lang='lat' dir='ltr'><strong><em>superﬂua</em></strong></span> <span class='ocrx_word' id='word_1_527' title='bbox 1404 5084 1505 5126; x_wconf 86' lang='lat' dir='ltr'><strong><em>est.</em></strong></span> <span class='ocrx_word' id='word_1_528' title='bbox 1535 5093 1554 5125; x_wconf 71' lang='grc' dir='ltr'><strong><em>ι</em></strong></span> 
     </span>
    </p>
   </div>
   <div class='ocr_carea' id='block_1_87' title="bbox 591 5145 2073 5208">
    <p class='ocr_par' dir='ltr' id='par_1_87' title="bbox 591 5145 2073 5208">
     <span class='ocr_line' id='line_1_87' title="bbox 591 5145 2073 5208; baseline -0.002 -7"><span class='ocrx_word' id='word_1_529' title='bbox 591 5153 608 5182; x_wconf 84' lang='grc'><strong>⁷</strong></span> <span class='ocrx_word' id='word_1_530' title='bbox 639 5149 783 5201; x_wconf 86' lang='lat' dir='ltr'><strong><em>Idem</em></strong></span> <span class='ocrx_word' id='word_1_531' title='bbox 817 5145 1113 5199; x_wconf 82' lang='lat' dir='ltr'><strong><em>Veronens.</em></strong></span> <span class='ocrx_word' id='word_1_532' title='bbox 1166 5158 1290 5208; x_wconf 90' lang='lat' dir='ltr'><strong><em>ins.,</em></strong></span> <span class='ocrx_word' id='word_1_533' title='bbox 1325 5145 1757 5197; x_wconf 82' lang='lat' dir='ltr'><strong><em>Amaricaverunt</em></strong></span> <span class='ocrx_word' id='word_1_534' title='bbox 1791 5146 2073 5200; x_wconf 78' lang='lat' dir='ltr'><strong><em>ascenden-</em></strong></span> 
     </span>
    </p>
   </div>
   <div class='ocr_carea' id='block_1_88' title="bbox 511 5215 2072 5289">
    <p class='ocr_par' dir='ltr' id='par_1_88' title="bbox 511 5215 2072 5289">
     <span class='ocr_line' id='line_1_88' title="bbox 511 5215 2072 5289; baseline -0.004 -13"><span class='ocrx_word' id='word_1_535' title='bbox 511 5233 608 5289; x_wconf 88' lang='lat' dir='ltr'><strong><em>tes,</em></strong></span> <span class='ocrx_word' id='word_1_536' title='bbox 638 5229 776 5289; x_wconf 9' lang='lat' dir='ltr'><strong><em>etc.,r</em></strong></span> <span class='ocrx_word' id='word_1_537' title='bbox 801 5218 868 5270; x_wconf 88' lang='lat' dir='ltr'><strong><em>de</em></strong></span> <span class='ocrx_word' id='word_1_538' title='bbox 893 5229 1000 5282; x_wconf 89' lang='lat' dir='ltr'><strong><em>quo</em></strong></span> <span class='ocrx_word' id='word_1_539' title='bbox 1040 5227 1140 5289; x_wconf 82' lang='lat' dir='ltr'><strong><em>nos</em></strong></span> <span class='ocrx_word' id='word_1_540' title='bbox 1180 5218 1346 5289; x_wconf 78' lang='lat' dir='ltr'><strong><em>verbo</em></strong></span> <span class='ocrx_word' id='word_1_541' title='bbox 1367 5215 1604 5289; x_wconf 83' lang='lat' dir='ltr'><strong><em>diximus</em></strong></span> <span class='ocrx_word' id='word_1_542' title='bbox 1631 5217 1938 5289; x_wconf 23' lang='lat' dir='ltr'><strong><em>“superius,</em></strong></span> <span class='ocrx_word' id='word_1_543' title='bbox 1974 5232 2072 5269; x_wconf 72' lang='lat' dir='ltr'><strong><em>nec</em></strong></span> 
     </span>
    </p>
   </div>
   <div class='ocr_carea' id='block_1_89' title="bbox 514 5283 2072 5361">
    <p class='ocr_par' dir='ltr' id='par_1_89' title="bbox 514 5283 2072 5361">
     <span class='ocr_line' id='line_1_89' title="bbox 514 5283 2072 5361; baseline -0.006 -13"><span class='ocrx_word' id='word_1_544' title='bbox 514 5283 706 5348; x_wconf 84' lang='lat' dir='ltr'><strong><em>semel.</em></strong></span> <span class='ocrx_word' id='word_1_545' title='bbox 743 5288 857 5342; x_wconf 92' lang='lat' dir='ltr'><strong><em>lloc</em></strong></span> <span class='ocrx_word' id='word_1_546' title='bbox 887 5295 1068 5361; x_wconf 79' lang='lat' dir='ltr'><strong><em>autem</em></strong></span> <span class='ocrx_word' id='word_1_547' title='bbox 1096 5283 1218 5335; x_wconf 90' lang='lat' dir='ltr'><strong><em>loco</em></strong></span> <span class='ocrx_word' id='word_1_548' title='bbox 1243 5284 1418 5361; x_wconf 80' lang='lat' dir='ltr'><strong><em>ipsius</em></strong></span> <span class='ocrx_word' id='word_1_549' title='bbox 1443 5296 1526 5361; x_wconf 86' lang='lat' dir='ltr'><strong><em>est</em></strong></span> <span class='ocrx_word' id='word_1_550' title='bbox 1553 5285 1804 5361; x_wconf 68' lang='lat' dir='ltr'><strong><em>SJl’ati-is</em></strong></span> <span class='ocrx_word' id='word_1_551' title='bbox 1831 5286 2072 5361; x_wconf 71' lang='lat' dir='ltr'><strong><em>insignis</em></strong></span> 
     </span>
    </p>
   </div>
   <div class='ocr_carea' id='block_1_90' title="bbox 511 5354 2072 5421">
    <p class='ocr_par' dir='ltr' id='par_1_90' title="bbox 511 5354 2072 5421">
     <span class='ocr_line' id='line_1_90' title="bbox 511 5354 2072 5421; baseline -0.006 -5"><span class='ocrx_word' id='word_1_552' title='bbox 511 5363 801 5418; x_wconf 81' lang='lat' dir='ltr'><strong><em>recolenda</em></strong></span> <span class='ocrx_word' id='word_1_553' title='bbox 822 5354 1090 5412; x_wconf 90' lang='lat' dir='ltr'><strong><em>sententia</em></strong></span> <span class='ocrx_word' id='word_1_554' title='bbox 1113 5370 1142 5404; x_wconf 90' lang='lat' dir='ltr'><strong><em>e</em></strong></span> <span class='ocrx_word' id='word_1_555' title='bbox 1161 5355 1316 5405; x_wconf 81' lang='lat' dir='ltr'><strong><em>toties</em></strong></span> <span class='ocrx_word' id='word_1_556' title='bbox 1337 5355 1550 5406; x_wconf 84' lang='lat' dir='ltr'><strong><em>laudata</em></strong></span> <span class='ocrx_word' id='word_1_557' title='bbox 1570 5354 2072 5421; x_wconf 86' lang='lat' dir='ltr'><strong><em>epist.adSunniam</em></strong></span> 
     </span>
    </p>
   </div>
   <div class='ocr_carea' id='block_1_91' title="bbox 509 5424 2076 5487">
    <p class='ocr_par' dir='ltr' id='par_1_91' title="bbox 509 5424 2076 5487">
     <span class='ocr_line' id='line_1_91' title="bbox 509 5424 2076 5487; baseline -0.006 -1"><span class='ocrx_word' id='word_1_558' title='bbox 509 5446 557 5487; x_wconf 86' lang='lat' dir='ltr'><strong><em>et</em></strong></span> <span class='ocrx_word' id='word_1_559' title='bbox 584 5433 846 5486; x_wconf 57' lang='lat' dir='ltr'><strong><em>lt&#39;retelain</em></strong></span> <span class='ocrx_word' id='word_1_560' title='bbox 875 5444 889 5476; x_wconf 93' lang='lat'><em>:</em></span> <span class='ocrx_word' id='word_1_561' title='bbox 922 5425 1008 5476; x_wconf 80' lang='lat' dir='ltr'><strong><em>ilii</em></strong></span> <span class='ocrx_word' id='word_1_562' title='bbox 1042 5424 1259 5484; x_wconf 83' lang='lat' dir='ltr'><strong><em>eodem,</em></strong></span> <span class='ocrx_word' id='word_1_563' title='bbox 1289 5426 1352 5474; x_wconf 84' lang='lat' dir='ltr'><strong><em>Et</em></strong></span> <span class='ocrx_word' id='word_1_564' title='bbox 1379 5426 1718 5476; x_wconf 76' lang='lat' dir='ltr'><strong><em>irritaverant</em></strong></span> <span class='ocrx_word' id='word_1_565' title='bbox 1744 5431 2076 5478; x_wconf 81' lang='lat' dir='ltr'><strong><em>ascendentes</em></strong></span> 
     </span>
    </p>
   </div>
   <div class='ocr_carea' id='block_1_92' title="bbox 511 5492 2078 5564">
    <p class='ocr_par' dir='ltr' id='par_1_92' title="bbox 511 5492 2078 5564">
     <span class='ocr_line' id='line_1_92' title="bbox 511 5492 2078 5564; baseline -0.006 -8"><span class='ocrx_word' id='word_1_566' title='bbox 511 5507 566 5556; x_wconf 89' lang='lat' dir='ltr'><strong><em>in</em></strong></span> <span class='ocrx_word' id='word_1_567' title='bbox 598 5519 763 5564; x_wconf 88' lang='lat' dir='ltr'><strong><em>mare,</em></strong></span> <span class='ocrx_word' id='word_1_568' title='bbox 791 5513 933 5551; x_wconf 85' lang='lat' dir='ltr'><strong><em>mare</em></strong></span> <span class='ocrx_word' id='word_1_569' title='bbox 957 5492 1217 5564; x_wconf 77' lang='lat' dir='ltr'><strong><em>Rubrum.</em></strong></span> <span class='ocrx_word' id='word_1_570' title='bbox 1241 5494 1344 5545; x_wconf 80' lang='lat' dir='ltr'><strong><em>Pro</em></strong></span> <span class='ocrx_word' id='word_1_571' title='bbox 1373 5508 1482 5560; x_wconf 87' lang='lat' dir='ltr'><strong><em>quo</em></strong></span> <span class='ocrx_word' id='word_1_572' title='bbox 1512 5495 1562 5546; x_wconf 92' lang='lat' dir='ltr'><strong><em>in</em></strong></span> <span class='ocrx_word' id='word_1_573' title='bbox 1588 5495 1777 5547; x_wconf 72' lang='lat' dir='ltr'><strong><em>Graeco</em></strong></span> <span class='ocrx_word' id='word_1_574' title='bbox 1807 5497 2078 5547; x_wconf 67' lang='lat' dir='ltr'><strong><em>invenisse</em></strong></span> 
     </span>
    </p>
   </div>
   <div class='ocr_carea' id='block_1_93' title="bbox 515 5561 2073 5631">
    <p class='ocr_par' dir='ltr' id='par_1_93' title="bbox 515 5561 2073 5631">
     <span class='ocr_line' id='line_1_93' title="bbox 515 5561 2073 5631; baseline -0.007 -4"><span class='ocrx_word' id='word_1_575' title='bbox 515 5590 612 5628; x_wconf 78' lang='lat' dir='ltr'><strong><em>Vos</em></strong></span> <span class='ocrx_word' id='word_1_576' title='bbox 640 5561 844 5630; x_wconf 66' lang='grc' dir='ltr'><strong><em>ιίιιτίίιε,</em></strong></span> <span class='ocrx_word' id='word_1_577' title='bbox 887 5567 981 5619; x_wconf 81' lang='grc' dir='ltr'><strong><em>καὶ</em></strong></span> <span class='ocrx_word' id='word_1_578' title='bbox 1011 5561 1427 5629; x_wconf 77' lang='grc' dir='ltr'><strong><em>παρεπίκραναν</em></strong></span> <span class='ocrx_word' id='word_1_579' title='bbox 1462 5579 1474 5612; x_wconf 87' lang='lat'><strong>:</strong></span> <span class='ocrx_word' id='word_1_580' title='bbox 1515 5573 1570 5615; x_wconf 91' lang='lat' dir='ltr'><strong><em>et</em></strong></span> <span class='ocrx_word' id='word_1_581' title='bbox 1608 5566 1806 5631; x_wconf 82' lang='lat' dir='ltr'><strong><em>putatis</em></strong></span> <span class='ocrx_word' id='word_1_582' title='bbox 1848 5580 2073 5616; x_wconf 77' lang='lat' dir='ltr'><strong><em>vernum</em></strong></span> 
     </span>
    </p>
   </div>
   <div class='ocr_carea' id='block_1_94' title="bbox 517 5634 2074 5697">
    <p class='ocr_par' dir='ltr' id='par_1_94' title="bbox 517 5634 2074 5697">
     <span class='ocr_line' id='line_1_94' title="bbox 517 5634 2074 5697; baseline -0.007 0"><span class='ocrx_word' id='word_1_583' title='bbox 517 5661 548 5697; x_wconf 85' lang='lat' dir='ltr'><strong><em>e</em></strong></span> <span class='ocrx_word' id='word_1_584' title='bbox 582 5647 748 5696; x_wconf 81' lang='lat' dir='ltr'><strong><em>Verbo</em></strong></span> <span class='ocrx_word' id='word_1_585' title='bbox 777 5641 976 5693; x_wconf 84' lang='lat' dir='ltr'><strong><em>debere</em></strong></span> <span class='ocrx_word' id='word_1_586' title='bbox 1031 5634 1335 5696; x_wconf 71' lang='lat' dir='ltr'><strong><em>transferri,</em></strong></span> <span class='ocrx_word' id='word_1_587' title='bbox 1379 5641 1426 5684; x_wconf 86' lang='lat' dir='ltr'><strong><em>et</em></strong></span> <span class='ocrx_word' id='word_1_588' title='bbox 1479 5637 1923 5686; x_wconf 82' lang='lat' dir='ltr'><strong><em>ainaricavcrunt.</em></strong></span> <span class='ocrx_word' id='word_1_589' title='bbox 1970 5637 2074 5687; x_wconf 65' lang='lat' dir='ltr'><strong><em>Sed</em></strong></span> 
     </span>
    </p>
   </div>
   <div class='ocr_carea' id='block_1_95' title="bbox 521 5704 2074 5775">
    <p class='ocr_par' dir='ltr' id='par_1_95' title="bbox 521 5704 2074 5775">
     <span class='ocr_line' id='line_1_95' title="bbox 521 5704 2074 5775; baseline -0.007 -10"><span class='ocrx_word' id='word_1_590' title='bbox 521 5716 636 5765; x_wconf 67' lang='lat' dir='ltr'><strong><em>haec</em></strong></span> <span class='ocrx_word' id='word_1_591' title='bbox 669 5709 1043 5775; x_wconf 84' lang='lat' dir='ltr'><strong><em>interpretatio</em></strong></span> <span class='ocrx_word' id='word_1_592' title='bbox 1087 5704 1444 5755; x_wconf 77' lang='lat' dir='ltr'><strong><em>ambulationi</em></strong></span> <span class='ocrx_word' id='word_1_593' title='bbox 1487 5708 1788 5756; x_wconf 68' lang='lat' dir='ltr'><strong><em>consumtis</em></strong></span> <span class='ocrx_word' id='word_1_594' title='bbox 1823 5718 1926 5766; x_wconf 75' lang='lat' dir='ltr'><strong><em>est,</em></strong></span> <span class='ocrx_word' id='word_1_595' title='bbox 1962 5722 2074 5758; x_wconf 71' lang='lat' dir='ltr'><strong><em>sive</em></strong></span> 
     </span>
    </p>
   </div>
   <div class='ocr_carea' id='block_1_96' title="bbox 526 5775 2075 5847">
    <p class='ocr_par' dir='ltr' id='par_1_96' title="bbox 526 5775 2075 5847">
     <span class='ocr_line' id='line_1_96' title="bbox 526 5775 2075 5847; baseline -0.006 -13"><span class='ocrx_word' id='word_1_596' title='bbox 526 5781 927 5835; x_wconf 75' lang='lat' dir='ltr'><strong><em>annilitluxiuni.</em></strong></span> <span class='ocrx_word' id='word_1_597' title='bbox 963 5779 1146 5847; x_wconf 73' lang='lat' dir='ltr'><strong><em>Legite</em></strong></span> <span class='ocrx_word' id='word_1_598' title='bbox 1175 5775 1443 5838; x_wconf 59' lang='lat' dir='ltr'><strong><em>lies-eluci,</em></strong></span> <span class='ocrx_word' id='word_1_599' title='bbox 1482 5777 1842 5829; x_wconf 69' lang='grc' dir='ltr'><strong><em>οιιωυιιιυιιδ</em></strong></span> <span class='ocrx_word' id='word_1_600' title='bbox 1898 5793 2075 5844; x_wconf 65' lang='grc' dir='ltr'>παρα-</span> 
     </span>
    </p>
   </div>
   <div class='ocr_carea' id='block_1_97' title="bbox 2108 4630 2158 4689">
    <p class='ocr_par' dir='ltr' id='par_1_97' title="bbox 2108 4630 2158 4689">
     <span class='ocr_line' id='line_1_97' title="bbox 2108 4630 2158 4689; baseline 0 0"><span class='ocrx_word' id='word_1_601' title='bbox 2108 4630 2158 4689; x_wconf 88' lang='lat' dir='ltr'><strong><em>D</em></strong></span> 
     </span>
    </p>
   </div>
   <div class='ocr_carea' id='block_1_98' title="bbox 2182 3469 3722 3541">
    <p class='ocr_par' dir='ltr' id='par_1_98' title="bbox 2182 3469 3722 3541">
     <span class='ocr_line' id='line_1_98' title="bbox 2182 3469 3722 3541; baseline -0.005 -16"><span class='ocrx_word' id='word_1_602' title='bbox 2182 3469 2524 3541; x_wconf 71' lang='lat' dir='ltr'><strong><em>mxpaopbv,</em></strong></span> <span class='ocrx_word' id='word_1_603' title='bbox 2558 3471 2915 3523; x_wconf 88' lang='lat' dir='ltr'><strong><em>irritationem</em></strong></span> <span class='ocrx_word' id='word_1_604' title='bbox 2946 3479 3003 3541; x_wconf 77' lang='lat' dir='ltr'><strong><em>et</em></strong></span> <span class='ocrx_word' id='word_1_605' title='bbox 3029 3471 3486 3524; x_wconf 73' lang='lat' dir='ltr'><strong><em>exacerbationein</em></strong></span> <span class='ocrx_word' id='word_1_606' title='bbox 3516 3483 3722 3541; x_wconf 65' lang='lat' dir='ltr'><strong><em>semper</em></strong></span> 
     </span>
    </p>
   </div>
   <div class='ocr_carea' id='block_1_99' title="bbox 2181 3537 3718 3610">
    <p class='ocr_par' dir='ltr' id='par_1_99' title="bbox 2181 3537 3718 3610">
     <span class='ocr_line' id='line_1_99' title="bbox 2181 3537 3718 3610; baseline -0.005 -14"><span class='ocrx_word' id='word_1_607' title='bbox 2181 3537 2499 3610; x_wconf 79' lang='lat' dir='ltr'><strong><em>expressum</em></strong></span> <span class='ocrx_word' id='word_1_608' title='bbox 2533 3557 2545 3594; x_wconf 91' lang='lat'><strong>:</strong></span> <span class='ocrx_word' id='word_1_609' title='bbox 2583 3541 2670 3593; x_wconf 85' lang='lat' dir='ltr'><strong><em>ubi</em></strong></span> <span class='ocrx_word' id='word_1_610' title='bbox 2699 3541 2924 3604; x_wconf 89' lang='lat' dir='ltr'><strong><em>dicitur,</em></strong></span> <span class='ocrx_word' id='word_1_611' title='bbox 2958 3537 3107 3600; x_wconf 70' lang='grc' dir='ltr'>οἶκος</span> <span class='ocrx_word' id='word_1_612' title='bbox 3168 3539 3640 3610; x_wconf 76' lang='grc' dir='ltr'><strong><em>παραπικραὶνῳν,</em></strong></span> <span class='ocrx_word' id='word_1_613' title='bbox 3675 3541 3718 3589; x_wconf 90' lang='lat' dir='ltr'><strong><em>id</em></strong></span> 
     </span>
    </p>
   </div>
   <div class='ocr_carea' id='block_1_100' title="bbox 2179 3609 3722 3679">
    <p class='ocr_par' dir='ltr' id='par_1_100' title="bbox 2179 3609 3722 3679">
     <span class='ocr_line' id='line_1_100' title="bbox 2179 3609 3722 3679; baseline -0.005 -13"><span class='ocrx_word' id='word_1_614' title='bbox 2179 3609 2266 3666; x_wconf 87' lang='lat' dir='ltr'><strong><em>est</em></strong></span> <span class='ocrx_word' id='word_1_615' title='bbox 2294 3612 2477 3663; x_wconf 85' lang='lat' dir='ltr'><strong><em>domus</em></strong></span> <span class='ocrx_word' id='word_1_616' title='bbox 2512 3625 2851 3676; x_wconf 75' lang='lat' dir='ltr'><strong><em>exasperatis.</em></strong></span> <span class='ocrx_word' id='word_1_617' title='bbox 2876 3628 2894 3659; x_wconf 78' lang='grc' dir='ltr'><strong><em>ι</em></strong></span> <span class='ocrx_word' id='word_1_618' title='bbox 2927 3610 3242 3679; x_wconf 81' lang='lat' dir='ltr'><strong><em>Augustino</em></strong></span> <span class='ocrx_word' id='word_1_619' title='bbox 3275 3619 3454 3663; x_wconf 87' lang='lat' dir='ltr'><strong><em>autem</em></strong></span> <span class='ocrx_word' id='word_1_620' title='bbox 3498 3611 3558 3679; x_wconf 86' lang='lat' dir='ltr'><strong><em>iii</em></strong></span> <span class='ocrx_word' id='word_1_621' title='bbox 3584 3609 3722 3675; x_wconf 83' lang='lat' dir='ltr'><strong><em>hujus</em></strong></span> 
     </span>
    </p>
   </div>
   <div class='ocr_carea' id='block_1_101' title="bbox 2181 3678 3721 3746">
    <p class='ocr_par' dir='ltr' id='par_1_101' title="bbox 2181 3678 3721 3746">
     <span class='ocr_line' id='line_1_101' title="bbox 2181 3678 3721 3746; baseline -0.005 -11"><span class='ocrx_word' id='word_1_622' title='bbox 2181 3681 2379 3735; x_wconf 83' lang='lat' dir='ltr'><strong><em>Psalmi</em></strong></span> <span class='ocrx_word' id='word_1_623' title='bbox 2420 3681 2807 3743; x_wconf 83' lang='lat' dir='ltr'><strong><em>Enarratione,</em></strong></span> <span class='ocrx_word' id='word_1_624' title='bbox 2858 3678 3324 3746; x_wconf 77' lang='lat' dir='ltr'><strong><em>quemadmodum</em></strong></span> <span class='ocrx_word' id='word_1_625' title='bbox 3379 3689 3434 3732; x_wconf 89' lang='lat' dir='ltr'><strong><em>et</em></strong></span> <span class='ocrx_word' id='word_1_626' title='bbox 3480 3678 3592 3732; x_wconf 83' lang='lat' dir='ltr'><strong><em>aliis</em></strong></span> <span class='ocrx_word' id='word_1_627' title='bbox 3621 3693 3721 3744; x_wconf 77' lang='lat' dir='ltr'><strong><em>qua:</em></strong></span> 
     </span>
    </p>
   </div>
   <div class='ocr_carea' id='block_1_102' title="bbox 2179 3747 3721 3819">
    <p class='ocr_par' dir='ltr' id='par_1_102' title="bbox 2179 3747 3721 3819">
     <span class='ocr_line' id='line_1_102' title="bbox 2179 3747 3721 3819; baseline -0.005 -15"><span class='ocrx_word' id='word_1_628' title='bbox 2179 3766 2342 3819; x_wconf 87' lang='lat' dir='ltr'><strong><em>supra</em></strong></span> <span class='ocrx_word' id='word_1_629' title='bbox 2380 3759 2562 3802; x_wconf 85' lang='lat' dir='ltr'><strong><em>notata</em></strong></span> <span class='ocrx_word' id='word_1_630' title='bbox 2599 3758 2747 3812; x_wconf 80' lang='lat' dir='ltr'><strong><em>sunt,</em></strong></span> <span class='ocrx_word' id='word_1_631' title='bbox 2777 3749 2933 3813; x_wconf 90' lang='lat' dir='ltr'><strong><em>locis,</em></strong></span> <span class='ocrx_word' id='word_1_632' title='bbox 2960 3750 3188 3819; x_wconf 86' lang='lat' dir='ltr'><strong><em>minime</em></strong></span> <span class='ocrx_word' id='word_1_633' title='bbox 3221 3753 3451 3803; x_wconf 85' lang='lat' dir='ltr'><strong><em>verbum</em></strong></span> <span class='ocrx_word' id='word_1_634' title='bbox 3483 3747 3721 3819; x_wconf 81' lang='lat' dir='ltr'><strong><em>illuddis-</em></strong></span> 
     </span>
    </p>
   </div>
   <div class='ocr_carea' id='block_1_103' title="bbox 2182 3817 3719 3890">
    <p class='ocr_par' dir='ltr' id='par_1_103' title="bbox 2182 3817 3719 3890">
     <span class='ocr_line' id='line_1_103' title="bbox 2182 3817 3719 3890; baseline -0.005 -17"><span class='ocrx_word' id='word_1_635' title='bbox 2182 3817 2375 3890; x_wconf 81' lang='lat' dir='ltr'><strong><em>plicuit</em></strong></span> <span class='ocrx_word' id='word_1_636' title='bbox 2405 3834 2422 3875; x_wconf 86' lang='lat'><strong>:</strong></span> <span class='ocrx_word' id='word_1_637' title='bbox 2470 3837 2508 3890; x_wconf 77' lang='lat'><strong><em>¢_</em></strong></span> <span class='ocrx_word' id='word_1_638' title='bbox 2534 3819 2742 3890; x_wconf 75' lang='lat' dir='ltr'><strong><em>Plures,</em></strong></span> <span class='ocrx_word' id='word_1_639' title='bbox 2775 3819 2982 3890; x_wconf 76' lang='lat' dir='ltr'><strong><em>inquit,</em></strong></span> <span class='ocrx_word' id='word_1_640' title='bbox 3013 3818 3261 3884; x_wconf 86' lang='lat' dir='ltr'><strong><em>codices,</em></strong></span> <span class='ocrx_word' id='word_1_641' title='bbox 3311 3834 3464 3890; x_wconf 60' lang='lat' dir='ltr'><strong><em>quos</em></strong></span> <span class='ocrx_word' id='word_1_642' title='bbox 3488 3817 3719 3890; x_wconf 76' lang='lat' dir='ltr'><strong><em>inspicere.</em></strong></span> 
     </span>
    </p>
   </div>
   <div class='ocr_carea' id='block_1_104' title="bbox 2181 3887 3720 3958">
    <p class='ocr_par' dir='ltr' id='par_1_104' title="bbox 2181 3887 3720 3958">
     <span class='ocr_line' id='line_1_104' title="bbox 2181 3887 3720 3958; baseline -0.006 -16"><span class='ocrx_word' id='word_1_643' title='bbox 2181 3887 2356 3958; x_wconf 82' lang='lat' dir='ltr'><strong><em>potui,</em></strong></span> <span class='ocrx_word' id='word_1_644' title='bbox 2384 3899 2439 3942; x_wconf 90' lang='lat' dir='ltr'><strong><em>et</em></strong></span> <span class='ocrx_word' id='word_1_645' title='bbox 2473 3888 2669 3954; x_wconf 70' lang='lat' dir='ltr'><strong><em>Graeci,</em></strong></span> <span class='ocrx_word' id='word_1_646' title='bbox 2695 3899 2748 3941; x_wconf 88' lang='lat' dir='ltr'><strong><em>et</em></strong></span> <span class='ocrx_word' id='word_1_647' title='bbox 2772 3887 2971 3950; x_wconf 84' lang='lat' dir='ltr'><strong><em>Latini,</em></strong></span> <span class='ocrx_word' id='word_1_648' title='bbox 3014 3891 3093 3942; x_wconf 88' lang='lat' dir='ltr'><strong><em>sic</em></strong></span> <span class='ocrx_word' id='word_1_649' title='bbox 3129 3887 3380 3958; x_wconf 81' lang='lat' dir='ltr'><strong><em>habent:</em></strong></span> <span class='ocrx_word' id='word_1_650' title='bbox 3419 3888 3486 3940; x_wconf 79' lang='lat' dir='ltr'><strong><em>Et</em></strong></span> <span class='ocrx_word' id='word_1_651' title='bbox 3512 3889 3720 3958; x_wconf 72' lang='lat' dir='ltr'><strong><em>irritare-</em></strong></span> 
     </span>
    </p>
   </div>
   <div class='ocr_carea' id='block_1_105' title="bbox 2180 3956 3720 4026">
    <p class='ocr_par' dir='ltr' id='par_1_105' title="bbox 2180 3956 3720 4026">
     <span class='ocr_line' id='line_1_105' title="bbox 2180 3956 3720 4026; baseline -0.005 -15"><span class='ocrx_word' id='word_1_652' title='bbox 2180 3956 2327 4022; x_wconf 82' lang='lat' dir='ltr'><strong><em>i&#39;unt,</em></strong></span> <span class='ocrx_word' id='word_1_653' title='bbox 2356 3962 2440 4012; x_wconf 88' lang='lat' dir='ltr'><strong><em>vel</em></strong></span> <span class='ocrx_word' id='word_1_654' title='bbox 2476 3959 2620 4026; x_wconf 86' lang='lat' dir='ltr'><strong><em>quod</em></strong></span> <span class='ocrx_word' id='word_1_655' title='bbox 2673 3958 2985 4025; x_wconf 81' lang='lat' dir='ltr'><strong><em>expressius</em></strong></span> <span class='ocrx_word' id='word_1_656' title='bbox 3028 3959 3095 4011; x_wconf 84' lang='lat' dir='ltr'><strong><em>tle</em></strong></span> <span class='ocrx_word' id='word_1_657' title='bbox 3128 3957 3324 4013; x_wconf 64' lang='lat' dir='ltr'><strong><em>Gl‘iBCO</em></strong></span> <span class='ocrx_word' id='word_1_658' title='bbox 3362 3969 3444 4011; x_wconf 84' lang='lat' dir='ltr'><strong><em>est</em></strong></span> <span class='ocrx_word' id='word_1_659' title='bbox 3469 3971 3483 4010; x_wconf 87' lang='lat'>:</span> <span class='ocrx_word' id='word_1_660' title='bbox 3506 3956 3566 4008; x_wconf 80' lang='lat' dir='ltr'><strong><em>Et</em></strong></span> <span class='ocrx_word' id='word_1_661' title='bbox 3592 3971 3720 4005; x_wconf 82' lang='lat' dir='ltr'><strong><em>tima-</em></strong></span> 
     </span>
    </p>
   </div>
   <div class='ocr_carea' id='block_1_106' title="bbox 2180 4027 3719 4083">
    <p class='ocr_par' dir='ltr' id='par_1_106' title="bbox 2180 4027 3719 4083">
     <span class='ocr_line' id='line_1_106' title="bbox 2180 4027 3719 4083; baseline -0.003 -4"><span class='ocrx_word' id='word_1_662' title='bbox 2180 4031 2476 4081; x_wconf 86' lang='lat' dir='ltr'><strong><em>ricaverunt</em></strong></span> <span class='ocrx_word' id='word_1_663' title='bbox 2507 4027 2844 4080; x_wconf 81' lang='lat' dir='ltr'><strong><em>ascendentes</em></strong></span> <span class='ocrx_word' id='word_1_664' title='bbox 2884 4028 2938 4080; x_wconf 89' lang='lat' dir='ltr'><strong><em>in</em></strong></span> <span class='ocrx_word' id='word_1_665' title='bbox 2975 4027 3156 4081; x_wconf 81' lang='lat' dir='ltr'><strong><em>Rubro</em></strong></span> <span class='ocrx_word' id='word_1_666' title='bbox 3179 4031 3342 4083; x_wconf 88' lang='lat' dir='ltr'><strong><em>mari.</em></strong></span> <span class='ocrx_word' id='word_1_667' title='bbox 3393 4047 3411 4080; x_wconf 74' lang='grc' dir='ltr'><strong><em>ι</em></strong></span> <span class='ocrx_word' id='word_1_668' title='bbox 3451 4027 3648 4081; x_wconf 77' lang='lat' dir='ltr'><strong><em>Videsis</em></strong></span> <span class='ocrx_word' id='word_1_669' title='bbox 3677 4036 3719 4076; x_wconf 75' lang='lat' dir='ltr'><strong><em>et</em></strong></span> 
     </span>
    </p>
   </div>
   <div class='ocr_carea' id='block_1_107' title="bbox 2180 4096 3717 4167">
    <p class='ocr_par' dir='ltr' id='par_1_107' title="bbox 2180 4096 3717 4167">
     <span class='ocr_line' id='line_1_107' title="bbox 2180 4096 3717 4167; baseline -0.005 -17"><span class='ocrx_word' id='word_1_670' title='bbox 2180 4115 2304 4167; x_wconf 72' lang='lat' dir='ltr'><strong><em>quae</em></strong></span> <span class='ocrx_word' id='word_1_671' title='bbox 2333 4101 2406 4150; x_wconf 77' lang='lat' dir='ltr'><strong><em>ad&quot;</em></strong></span> <span class='ocrx_word' id='word_1_672' title='bbox 2442 4099 2748 4167; x_wconf 75' lang='lat' dir='ltr'><strong><em>oppositam</em></strong></span> <span class='ocrx_word' id='word_1_673' title='bbox 2796 4096 3094 4151; x_wconf 72' lang='lat' dir='ltr'><strong><em>Gallicana:</em></strong></span> <span class='ocrx_word' id='word_1_674' title='bbox 3145 4099 3412 4152; x_wconf 87' lang='lat' dir='ltr'><strong><em>editionis</em></strong></span> <span class='ocrx_word' id='word_1_675' title='bbox 3445 4097 3717 4167; x_wconf 78' lang='lat' dir='ltr'><strong><em>columnam</em></strong></span> 
     </span>
    </p>
   </div>
   <div class='ocr_carea' id='block_1_108' title="bbox 2179 4163 3718 4234">
    <p class='ocr_par' dir='ltr' id='par_1_108' title="bbox 2179 4163 3718 4234">
     <span class='ocr_line' id='line_1_108' title="bbox 2179 4163 3718 4234; baseline -0.006 -13"><span class='ocrx_word' id='word_1_676' title='bbox 2179 4163 2558 4221; x_wconf 71' lang='lat' dir='ltr'><strong><em>observamus.</em></strong></span> <span class='ocrx_word' id='word_1_677' title='bbox 2594 4165 2763 4218; x_wconf 80' lang='lat' dir='ltr'><strong><em>Porro</em></strong></span> <span class='ocrx_word' id='word_1_678' title='bbox 2790 4170 3038 4234; x_wconf 82' lang='lat' dir='ltr'><strong><em>sequitur</em></strong></span> <span class='ocrx_word' id='word_1_679' title='bbox 3069 4169 3126 4221; x_wconf 88' lang='lat' dir='ltr'><strong><em>iii</em></strong></span> <span class='ocrx_word' id='word_1_680' title='bbox 3155 4169 3352 4221; x_wconf 88' lang='lat' dir='ltr'><strong><em>eodem</em></strong></span> <span class='ocrx_word' id='word_1_681' title='bbox 3381 4184 3478 4220; x_wconf 90' lang='lat' dir='ltr'><strong><em>ius.</em></strong></span> <span class='ocrx_word' id='word_1_682' title='bbox 3541 4164 3598 4218; x_wconf 84' lang='lat' dir='ltr'><strong><em>Et</em></strong></span> <span class='ocrx_word' id='word_1_683' title='bbox 3629 4163 3718 4214; x_wconf 83' lang='lat' dir='ltr'><strong><em>sal-</em></strong></span> 
     </span>
    </p>
   </div>
   <div class='ocr_carea' id='block_1_109' title="bbox 2181 4235 3718 4306">
    <p class='ocr_par' dir='ltr' id='par_1_109' title="bbox 2181 4235 3718 4306">
     <span class='ocr_line' id='line_1_109' title="bbox 2181 4235 3718 4306; baseline -0.005 -16"><span class='ocrx_word' id='word_1_684' title='bbox 2181 4254 2268 4290; x_wconf 88' lang='lat' dir='ltr'><strong><em>vos</em></strong></span> <span class='ocrx_word' id='word_1_685' title='bbox 2300 4238 2419 4305; x_wconf 83' lang='lat' dir='ltr'><strong><em>fecit</em></strong></span> <span class='ocrx_word' id='word_1_686' title='bbox 2452 4252 2557 4300; x_wconf 85' lang='lat' dir='ltr'><strong><em>eos,</em></strong></span> <span class='ocrx_word' id='word_1_687' title='bbox 2595 4251 2694 4304; x_wconf 90' lang='lat' dir='ltr'><strong><em>pro</em></strong></span> <span class='ocrx_word' id='word_1_688' title='bbox 2734 4235 2993 4301; x_wconf 83' lang='lat' dir='ltr'><strong><em>liberavit,</em></strong></span> <span class='ocrx_word' id='word_1_689' title='bbox 3025 4247 3078 4291; x_wconf 88' lang='lat' dir='ltr'><strong><em>et</em></strong></span> <span class='ocrx_word' id='word_1_690' title='bbox 3109 4248 3167 4290; x_wconf 86' lang='lat' dir='ltr'><strong><em>ut</em></strong></span> <span class='ocrx_word' id='word_1_691' title='bbox 3207 4248 3386 4291; x_wconf 89' lang='lat' dir='ltr'><strong><em>notam</em></strong></span> <span class='ocrx_word' id='word_1_692' title='bbox 3420 4239 3618 4306; x_wconf 83' lang='lat' dir='ltr'><strong><em>faceret.</em></strong></span> <span class='ocrx_word' id='word_1_693' title='bbox 3641 4250 3718 4298; x_wconf 81' lang='lat' dir='ltr'><strong><em>po-</em></strong></span> 
     </span>
    </p>
   </div>
   <div class='ocr_carea' id='block_1_110' title="bbox 2183 4307 3714 4374">
    <p class='ocr_par' dir='ltr' id='par_1_110' title="bbox 2183 4307 3714 4374">
     <span class='ocr_line' id='line_1_110' title="bbox 2183 4307 3714 4374; baseline -0.002 -16"><span class='ocrx_word' id='word_1_694' title='bbox 2183 4309 2600 4363; x_wconf 85' lang='lat' dir='ltr'><strong><em>tentiainsuain.</em></strong></span> <span class='ocrx_word' id='word_1_695' title='bbox 2631 4307 2838 4373; x_wconf 83' lang='lat' dir='ltr'><strong><em>absque</em></strong></span> <span class='ocrx_word' id='word_1_696' title='bbox 2885 4311 2960 4358; x_wconf 83' lang='lat' dir='ltr'><strong><em>eis</em></strong></span> <span class='ocrx_word' id='word_1_697' title='bbox 3026 4312 3360 4374; x_wconf 86' lang='lat' dir='ltr'><strong><em>pronomine</em></strong></span> <span class='ocrx_word' id='word_1_698' title='bbox 3411 4307 3714 4374; x_wconf 56' lang='lat' dir='ltr'><strong><em>interniedntu</em></strong></span> 
     </span>
    </p>
   </div>
   <div class='ocr_carea' id='block_1_111' title="bbox 2181 4371 3715 4444">
    <p class='ocr_par' dir='ltr' id='par_1_111' title="bbox 2181 4371 3715 4444">
     <span class='ocr_line' id='line_1_111' title="bbox 2181 4371 3715 4444; baseline -0.002 -14"><span class='ocrx_word' id='word_1_699' title='bbox 2181 4377 2343 4438; x_wconf 84' lang='lat' dir='ltr'><strong><em>Tum,</em></strong></span> <span class='ocrx_word' id='word_1_700' title='bbox 2391 4377 2454 4428; x_wconf 70' lang='lat' dir='ltr'><strong><em>Et</em></strong></span> <span class='ocrx_word' id='word_1_701' title='bbox 2483 4375 2664 4429; x_wconf 73' lang='lat' dir='ltr'><strong><em>eduxit</em></strong></span> <span class='ocrx_word' id='word_1_702' title='bbox 2698 4371 2783 4427; x_wconf 80' lang='lat' dir='ltr'><strong><em>eos</em></strong></span> <span class='ocrx_word' id='word_1_703' title='bbox 2823 4392 2913 4443; x_wconf 85' lang='lat' dir='ltr'><strong><em>per</em></strong></span> <span class='ocrx_word' id='word_1_704' title='bbox 2948 4371 3224 4444; x_wconf 66' lang='lat' dir='ltr'><strong><em>abyssum,</em></strong></span> <span class='ocrx_word' id='word_1_705' title='bbox 3275 4379 3430 4440; x_wconf 79' lang='lat' dir='ltr'><strong><em>sicut,</em></strong></span> <span class='ocrx_word' id='word_1_706' title='bbox 3466 4390 3585 4436; x_wconf 88' lang='lat' dir='ltr'><strong><em>etc.,</em></strong></span> <span class='ocrx_word' id='word_1_707' title='bbox 3643 4371 3715 4421; x_wconf 79' lang='lat' dir='ltr'><strong><em>ubi</em></strong></span> 
     </span>
    </p>
   </div>
   <div class='ocr_carea' id='block_1_112' title="bbox 2181 4446 3715 4516">
    <p class='ocr_par' dir='ltr' id='par_1_112' title="bbox 2181 4446 3715 4516">
     <span class='ocr_line' id='line_1_112' title="bbox 2181 4446 3715 4516; baseline -0.007 -16"><span class='ocrx_word' id='word_1_708' title='bbox 2181 4449 2542 4515; x_wconf 77' lang='lat' dir='ltr'><strong><em>Augustinus,</em></strong></span> <span class='ocrx_word' id='word_1_709' title='bbox 2575 4463 2594 4495; x_wconf 86' lang='grc'><strong>‹</strong></span> <span class='ocrx_word' id='word_1_710' title='bbox 2626 4446 2881 4508; x_wconf 76' lang='lat' dir='ltr'><strong><em>Quidam,</em></strong></span> <span class='ocrx_word' id='word_1_711' title='bbox 2920 4449 3117 4516; x_wconf 84' lang='lat' dir='ltr'><strong><em>inquit,</em></strong></span> <span class='ocrx_word' id='word_1_712' title='bbox 3161 4449 3414 4501; x_wconf 85' lang='lat' dir='ltr'><strong><em>volentes</em></strong></span> <span class='ocrx_word' id='word_1_713' title='bbox 3439 4450 3588 4516; x_wconf 81' lang='lat' dir='ltr'><strong><em>istum</em></strong></span> <span class='ocrx_word' id='word_1_714' title='bbox 3611 4456 3715 4516; x_wconf 78' lang='lat' dir='ltr'><strong><em>_\cr_-</em></strong></span> 
     </span>
    </p>
   </div>
   <div class='ocr_carea' id='block_1_113' title="bbox 2181 4510 3714 4582">
    <p class='ocr_par' dir='ltr' id='par_1_113' title="bbox 2181 4510 3714 4582">
     <span class='ocr_line' id='line_1_113' title="bbox 2181 4510 3714 4582; baseline -0.005 -12"><span class='ocrx_word' id='word_1_715' title='bbox 2181 4510 2412 4570; x_wconf 74' lang='lat' dir='ltr'><strong><em>sicdlum</em></strong></span> <span class='ocrx_word' id='word_1_716' title='bbox 2448 4527 2619 4568; x_wconf 87' lang='lat' dir='ltr'><strong><em>totum</em></strong></span> <span class='ocrx_word' id='word_1_717' title='bbox 2677 4510 3052 4582; x_wconf 75' lang='lat' dir='ltr'><strong><em>interpretari,</em></strong></span> <span class='ocrx_word' id='word_1_718' title='bbox 3121 4519 3408 4577; x_wconf 80' lang='lat' dir='ltr'><strong><em>dixerunt,</em></strong></span> <span class='ocrx_word' id='word_1_719' title='bbox 3479 4510 3714 4567; x_wconf 79' lang='lat' dir='ltr'><strong><em>Eicituin</em></strong></span> 
     </span>
    </p>
   </div>
   <div class='ocr_carea' id='block_1_114' title="bbox 2188 4582 3716 4654">
    <p class='ocr_par' dir='ltr' id='par_1_114' title="bbox 2188 4582 3716 4654">
     <span class='ocr_line' id='line_1_114' title="bbox 2188 4582 3716 4654; baseline -0.007 -16"><span class='ocrx_word' id='word_1_720' title='bbox 2188 4603 2271 4638; x_wconf 81' lang='lat' dir='ltr'><strong><em>eos</em></strong></span> <span class='ocrx_word' id='word_1_721' title='bbox 2297 4589 2350 4638; x_wconf 88' lang='lat' dir='ltr'><strong><em>in</em></strong></span> <span class='ocrx_word' id='word_1_722' title='bbox 2399 4588 2550 4654; x_wconf 89' lang='lat' dir='ltr'><strong><em>aquis</em></strong></span> <span class='ocrx_word' id='word_1_723' title='bbox 2603 4582 2779 4636; x_wconf 79' lang='lat' dir='ltr'><strong><em>multis</em></strong></span> <span class='ocrx_word' id='word_1_724' title='bbox 2817 4599 2837 4637; x_wconf 91' lang='lat'><strong><em>:</em></strong></span> <span class='ocrx_word' id='word_1_725' title='bbox 2870 4601 2987 4652; x_wconf 68' lang='lat' dir='ltr'><strong><em>qua:</em></strong></span> <span class='ocrx_word' id='word_1_726' title='bbox 3047 4586 3313 4639; x_wconf 70' lang='lat' dir='ltr'><strong><em>Romana:</em></strong></span> <span class='ocrx_word' id='word_1_727' title='bbox 3363 4587 3606 4640; x_wconf 84' lang='lat' dir='ltr'><strong><em>editionis</em></strong></span> <span class='ocrx_word' id='word_1_728' title='bbox 3649 4589 3716 4632; x_wconf 76' lang='lat' dir='ltr'><strong><em>est</em></strong></span> 
     </span>
    </p>
   </div>
   <div class='ocr_carea' id='block_1_115' title="bbox 2188 4653 3716 4722">
    <p class='ocr_par' dir='ltr' id='par_1_115' title="bbox 2188 4653 3716 4722">
     <span class='ocr_line' id='line_1_115' title="bbox 2188 4653 3716 4722; baseline -0.007 -14"><span class='ocrx_word' id='word_1_729' title='bbox 2188 4657 2374 4709; x_wconf 89' lang='lat' dir='ltr'><strong><em>lectio.</em></strong></span> <span class='ocrx_word' id='word_1_730' title='bbox 2414 4653 2708 4722; x_wconf 68' lang='lat' dir='ltr'><strong><em>illenique</em></strong></span> <span class='ocrx_word' id='word_1_731' title='bbox 2733 4653 2785 4706; x_wconf 88' lang='lat' dir='ltr'><strong><em>in</em></strong></span> <span class='ocrx_word' id='word_1_732' title='bbox 2819 4657 3011 4707; x_wconf 88' lang='lat' dir='ltr'><strong><em>eodem</em></strong></span> <span class='ocrx_word' id='word_1_733' title='bbox 3043 4673 3150 4710; x_wconf 85' lang='lat' dir='ltr'><strong><em>nis.</em></strong></span> <span class='ocrx_word' id='word_1_734' title='bbox 3196 4672 3210 4707; x_wconf 88' lang='lat'><strong>:</strong></span> <span class='ocrx_word' id='word_1_735' title='bbox 3239 4656 3308 4708; x_wconf 84' lang='lat' dir='ltr'><strong><em>Et</em></strong></span> <span class='ocrx_word' id='word_1_736' title='bbox 3340 4654 3627 4716; x_wconf 75' lang='lat' dir='ltr'><strong><em>salvostecit</em></strong></span> <span class='ocrx_word' id='word_1_737' title='bbox 3649 4667 3716 4701; x_wconf 53' lang='lat' dir='ltr'><strong><em>ea:</em></strong></span> 
     </span>
    </p>
   </div>
   <div class='ocr_carea' id='block_1_116' title="bbox 2187 4723 3717 4793">
    <p class='ocr_par' dir='ltr' id='par_1_116' title="bbox 2187 4723 3717 4793">
     <span class='ocr_line' id='line_1_116' title="bbox 2187 4723 3717 4793; baseline -0.003 -17"><span class='ocrx_word' id='word_1_738' title='bbox 2187 4731 2251 4778; x_wconf 84' lang='lat' dir='ltr'><strong><em>de</em></strong></span> <span class='ocrx_word' id='word_1_739' title='bbox 2282 4742 2440 4778; x_wconf 87' lang='lat' dir='ltr'><strong><em>manu</em></strong></span> <span class='ocrx_word' id='word_1_740' title='bbox 2471 4741 2651 4777; x_wconf 84' lang='lat' dir='ltr'><strong><em>eorum</em></strong></span> <span class='ocrx_word' id='word_1_741' title='bbox 2685 4727 2775 4793; x_wconf 86' lang='lat' dir='ltr'><strong><em>qui</em></strong></span> <span class='ocrx_word' id='word_1_742' title='bbox 2804 4740 2888 4777; x_wconf 87' lang='lat' dir='ltr'><strong><em>eos</em></strong></span> <span class='ocrx_word' id='word_1_743' title='bbox 2911 4728 3158 4790; x_wconf 86' lang='lat' dir='ltr'><strong><em>oderunt,</em></strong></span> <span class='ocrx_word' id='word_1_744' title='bbox 3220 4737 3271 4778; x_wconf 91' lang='lat' dir='ltr'><strong><em>et</em></strong></span> <span class='ocrx_word' id='word_1_745' title='bbox 3323 4729 3533 4779; x_wconf 87' lang='lat' dir='ltr'><strong><em>redemit</em></strong></span> <span class='ocrx_word' id='word_1_746' title='bbox 3574 4739 3646 4773; x_wconf 86' lang='lat' dir='ltr'><strong><em>cos</em></strong></span> <span class='ocrx_word' id='word_1_747' title='bbox 3668 4723 3717 4767; x_wconf 69' lang='lat' dir='ltr'><strong><em>de</em></strong></span> 
     </span>
    </p>
   </div>
   <div class='ocr_carea' id='block_1_117' title="bbox 2189 4797 3717 4864">
    <p class='ocr_par' dir='ltr' id='par_1_117' title="bbox 2189 4797 3717 4864">
     <span class='ocr_line' id='line_1_117' title="bbox 2189 4797 3717 4864; baseline -0.007 -18"><span class='ocrx_word' id='word_1_748' title='bbox 2189 4811 2351 4848; x_wconf 85' lang='lat' dir='ltr'><strong><em>manu</em></strong></span> <span class='ocrx_word' id='word_1_749' title='bbox 2377 4797 2601 4857; x_wconf 89' lang='lat' dir='ltr'><strong><em>inimici,</em></strong></span> <span class='ocrx_word' id='word_1_750' title='bbox 2624 4805 2668 4845; x_wconf 91' lang='lat' dir='ltr'><strong><em>et</em></strong></span> <span class='ocrx_word' id='word_1_751' title='bbox 2705 4799 2999 4860; x_wconf 79' lang='lat' dir='ltr'><strong><em>cooperuit,</em></strong></span> <span class='ocrx_word' id='word_1_752' title='bbox 3029 4807 3167 4855; x_wconf 85' lang='lat' dir='ltr'><strong><em>etc.,</em></strong></span> <span class='ocrx_word' id='word_1_753' title='bbox 3209 4799 3362 4864; x_wconf 85' lang='lat' dir='ltr'><strong><em>quod</em></strong></span> <span class='ocrx_word' id='word_1_754' title='bbox 3405 4799 3566 4863; x_wconf 67' lang='lat' dir='ltr'><strong><em>ipsum</em></strong></span> <span class='ocrx_word' id='word_1_755' title='bbox 3593 4800 3717 4844; x_wconf 78' lang='lat' dir='ltr'><strong><em>Ilota-</em></strong></span> 
     </span>
    </p>
   </div>
   <div class='ocr_carea' id='block_1_118' title="bbox 2189 4864 3716 4933">
    <p class='ocr_par' dir='ltr' id='par_1_118' title="bbox 2189 4864 3716 4933">
     <span class='ocr_line' id='line_1_118' title="bbox 2189 4864 3716 4933; baseline -0.005 -16"><span class='ocrx_word' id='word_1_756' title='bbox 2189 4877 2300 4917; x_wconf 88' lang='lat' dir='ltr'><strong><em>tuin</em></strong></span> <span class='ocrx_word' id='word_1_757' title='bbox 2339 4875 2422 4918; x_wconf 89' lang='lat' dir='ltr'><strong><em>est</em></strong></span> <span class='ocrx_word' id='word_1_758' title='bbox 2448 4864 2780 4933; x_wconf 79' lang='lat' dir='ltr'><strong><em>Ilipponcnsi</em></strong></span> <span class='ocrx_word' id='word_1_759' title='bbox 2815 4868 3096 4932; x_wconf 88' lang='lat' dir='ltr'><strong><em>episcopo,</em></strong></span> <span class='ocrx_word' id='word_1_760' title='bbox 3138 4871 3231 4918; x_wconf 89' lang='lat' dir='ltr'><strong><em>ubi</em></strong></span> <span class='ocrx_word' id='word_1_761' title='bbox 3267 4870 3342 4919; x_wconf 85' lang='lat' dir='ltr'><strong><em>ait</em></strong></span> <span class='ocrx_word' id='word_1_762' title='bbox 3372 4883 3386 4920; x_wconf 90' lang='lat'><strong>:</strong></span> <span class='ocrx_word' id='word_1_763' title='bbox 3420 4885 3436 4916; x_wconf 78' lang='lat' dir='ltr'><strong><em>i</em></strong></span> <span class='ocrx_word' id='word_1_764' title='bbox 3464 4865 3716 4933; x_wconf 77' lang='lat' dir='ltr'><strong><em>llunevei-</em></strong></span> 
     </span>
    </p>
   </div>
   <div class='ocr_carea' id='block_1_119' title="bbox 2184 4930 3716 5003">
    <p class='ocr_par' dir='ltr' id='par_1_119' title="bbox 2184 4930 3716 5003">
     <span class='ocr_line' id='line_1_119' title="bbox 2184 4930 3716 5003; baseline -0.005 -17"><span class='ocrx_word' id='word_1_765' title='bbox 2184 4950 2304 4987; x_wconf 86' lang='lat' dir='ltr'><strong><em>suni</em></strong></span> <span class='ocrx_word' id='word_1_766' title='bbox 2335 4949 2430 5003; x_wconf 88' lang='lat' dir='ltr'><strong><em>per</em></strong></span> <span class='ocrx_word' id='word_1_767' title='bbox 2456 4930 2746 4988; x_wconf 76' lang='lat' dir='ltr'><strong><em>Circuituni</em></strong></span> <span class='ocrx_word' id='word_1_768' title='bbox 2771 4930 3380 5003; x_wconf 49' lang='lat' dir='ltr'><strong><em>quidam—interpretati</em></strong></span> <span class='ocrx_word' id='word_1_769' title='bbox 3411 4947 3552 4993; x_wconf 88' lang='lat' dir='ltr'><strong><em>sunt,</em></strong></span> <span class='ocrx_word' id='word_1_770' title='bbox 3583 4930 3716 4982; x_wconf 61' lang='lat' dir='ltr'><strong><em>verba</em></strong></span> 
     </span>
    </p>
   </div>
   <div class='ocr_carea' id='block_1_120' title="bbox 2185 5002 3718 5076">
    <p class='ocr_par' dir='ltr' id='par_1_120' title="bbox 2185 5002 3718 5076">
     <span class='ocr_line' id='line_1_120' title="bbox 2185 5002 3718 5076; baseline -0.003 -20"><span class='ocrx_word' id='word_1_771' title='bbox 2185 5002 2364 5057; x_wconf 84' lang='lat' dir='ltr'><strong><em>minus</em></strong></span> <span class='ocrx_word' id='word_1_772' title='bbox 2392 5005 2577 5076; x_wconf 87' lang='lat' dir='ltr'><strong><em>Latina</em></strong></span> <span class='ocrx_word' id='word_1_773' title='bbox 2605 5007 2838 5056; x_wconf 82' lang='lat' dir='ltr'><strong><em>vitantes</em></strong></span> <span class='ocrx_word' id='word_1_774' title='bbox 2874 5020 2887 5056; x_wconf 86' lang='lat'><strong>:</strong></span> <span class='ocrx_word' id='word_1_775' title='bbox 2929 5002 2996 5057; x_wconf 73' lang='lat' dir='ltr'><strong><em>Et</em></strong></span> <span class='ocrx_word' id='word_1_776' title='bbox 3023 5002 3204 5058; x_wconf 76' lang='lat' dir='ltr'><strong><em>salvos</em></strong></span> <span class='ocrx_word' id='word_1_777' title='bbox 3245 5010 3365 5076; x_wconf 70' lang='lat' dir='ltr'><strong><em>fecit</em></strong></span> <span class='ocrx_word' id='word_1_778' title='bbox 3393 5023 3474 5060; x_wconf 88' lang='lat' dir='ltr'><strong><em>eos</em></strong></span> <span class='ocrx_word' id='word_1_779' title='bbox 3497 5006 3553 5055; x_wconf 83' lang='lat' dir='ltr'><strong><em>de</em></strong></span> <span class='ocrx_word' id='word_1_780' title='bbox 3586 5012 3718 5053; x_wconf 71' lang='lat' dir='ltr'><strong><em>manu</em></strong></span> 
     </span>
    </p>
   </div>
   <div class='ocr_carea' id='block_1_121' title="bbox 2175 5075 3718 5144">
    <p class='ocr_par' dir='ltr' id='par_1_121' title="bbox 2175 5075 3718 5144">
     <span class='ocr_line' id='line_1_121' title="bbox 2175 5075 3718 5144; baseline -0.004 -18"><span class='ocrx_word' id='word_1_781' title='bbox 2175 5089 2359 5127; x_wconf 87' lang='lat' dir='ltr'><strong><em>eorum</em></strong></span> <span class='ocrx_word' id='word_1_782' title='bbox 2391 5077 2480 5144; x_wconf 88' lang='lat' dir='ltr'><strong><em>qui</em></strong></span> <span class='ocrx_word' id='word_1_783' title='bbox 2515 5075 2738 5126; x_wconf 90' lang='lat' dir='ltr'><strong><em>oderant</em></strong></span> <span class='ocrx_word' id='word_1_784' title='bbox 2770 5089 2876 5127; x_wconf 89' lang='lat' dir='ltr'><strong><em>eos.</em></strong></span> <span class='ocrx_word' id='word_1_785' title='bbox 2946 5077 3012 5128; x_wconf 77' lang='lat' dir='ltr'><strong><em>Et</em></strong></span> <span class='ocrx_word' id='word_1_786' title='bbox 3074 5075 3304 5130; x_wconf 84' lang='lat' dir='ltr'><strong><em>redemit</em></strong></span> <span class='ocrx_word' id='word_1_787' title='bbox 3355 5094 3438 5129; x_wconf 86' lang='lat' dir='ltr'><strong><em>eos</em></strong></span> <span class='ocrx_word' id='word_1_788' title='bbox 3489 5083 3548 5124; x_wconf 81' lang='lat' dir='ltr'><strong><em>de</em></strong></span> <span class='ocrx_word' id='word_1_789' title='bbox 3587 5081 3718 5121; x_wconf 78' lang='lat' dir='ltr'><strong><em>manu</em></strong></span> 
     </span>
    </p>
   </div>
   <div class='ocr_carea' id='block_1_122' title="bbox 2175 5157 2534 5209">
    <p class='ocr_par' dir='ltr' id='par_1_122' title="bbox 2175 5157 2534 5209">
     <span class='ocr_line' id='line_1_122' title="bbox 2175 5157 2534 5209; baseline 0.006 -14"><span class='ocrx_word' id='word_1_790' title='bbox 2175 5160 2397 5209; x_wconf 83' lang='lat' dir='ltr'><strong><em>tltttht,</em></strong></span> <span class='ocrx_word' id='word_1_791' title='bbox 2429 5157 2534 5198; x_wconf 82' lang='lat' dir='ltr'><strong><em>etc.</em></strong></span> 
     </span>
    </p>
   </div>
   <div class='ocr_carea' id='block_1_123' title="bbox 2248 5213 3807 5287">
    <p class='ocr_par' dir='ltr' id='par_1_123' title="bbox 2248 5213 3807 5287">
     <span class='ocr_line' id='line_1_123' title="bbox 2248 5213 3807 5287; baseline 0.001 -23"><span class='ocrx_word' id='word_1_792' title='bbox 2248 5215 2269 5245; x_wconf 79' lang='grc'>⁸</span> <span class='ocrx_word' id='word_1_793' title='bbox 2304 5216 2401 5287; x_wconf 76' lang='lat' dir='ltr'><strong><em>Ms.</em></strong></span> <span class='ocrx_word' id='word_1_794' title='bbox 2435 5215 2780 5277; x_wconf 78' lang='lat' dir='ltr'><strong><em>Veronensis,</em></strong></span> <span class='ocrx_word' id='word_1_795' title='bbox 2810 5213 3214 5283; x_wconf 76' lang='lat' dir='ltr'><strong><em>festinaverunt,</em></strong></span> <span class='ocrx_word' id='word_1_796' title='bbox 3251 5233 3352 5287; x_wconf 90' lang='lat' dir='ltr'><strong><em>pro</em></strong></span> <span class='ocrx_word' id='word_1_797' title='bbox 3378 5217 3480 5268; x_wconf 88' lang='lat' dir='ltr'><strong><em>cito</em></strong></span> <span class='ocrx_word' id='word_1_798' title='bbox 3499 5215 3718 5287; x_wconf 61' lang='lat' dir='ltr'><strong><em>fecerunt.</em></strong></span> <span class='ocrx_word' id='word_1_799' title='bbox 3805 5215 3807 5222; x_wconf 80' lang='lat'><em>&#39;</em></span> 
     </span>
    </p>
   </div>
   <div class='ocr_carea' id='block_1_124' title="bbox 2176 5281 3720 5353">
    <p class='ocr_par' dir='ltr' id='par_1_124' title="bbox 2176 5281 3720 5353">
     <span class='ocr_line' id='line_1_124' title="bbox 2176 5281 3720 5353; baseline -0.006 -17"><span class='ocrx_word' id='word_1_800' title='bbox 2176 5286 2324 5352; x_wconf 80' lang='lat' dir='ltr'><strong><em>quod</em></strong></span> <span class='ocrx_word' id='word_1_801' title='bbox 2353 5297 2408 5337; x_wconf 90' lang='lat' dir='ltr'><strong><em>et</em></strong></span> <span class='ocrx_word' id='word_1_802' title='bbox 2434 5288 2664 5353; x_wconf 83' lang='lat' dir='ltr'><strong><em>August.</em></strong></span> <span class='ocrx_word' id='word_1_803' title='bbox 2706 5281 2998 5352; x_wconf 85' lang='lat' dir='ltr'><strong><em>probatur.</em></strong></span> <span class='ocrx_word' id='word_1_804' title='bbox 3052 5289 3144 5340; x_wconf 85' lang='lat' dir='ltr'><strong><em>ubi</em></strong></span> <span class='ocrx_word' id='word_1_805' title='bbox 3211 5281 3336 5340; x_wconf 85' lang='lat' dir='ltr'><strong><em>ait:</em></strong></span> <span class='ocrx_word' id='word_1_806' title='bbox 3395 5281 3507 5338; x_wconf 68' lang='lat' dir='ltr'><strong><em>alii</em></strong></span> <span class='ocrx_word' id='word_1_807' title='bbox 3548 5281 3720 5334; x_wconf 77' lang='lat' dir='ltr'><strong><em>codiics</em></strong></span> 
     </span>
    </p>
   </div>
   <div class='ocr_carea' id='block_1_125' title="bbox 2175 5356 3719 5423">
    <p class='ocr_par' dir='ltr' id='par_1_125' title="bbox 2175 5356 3719 5423">
     <span class='ocr_line' id='line_1_125' title="bbox 2175 5356 3719 5423; baseline -0.003 -16"><span class='ocrx_word' id='word_1_808' title='bbox 2175 5356 2593 5423; x_wconf 83' lang='lat' dir='ltr'><strong><em>iiitelligibiltbus</em></strong></span> <span class='ocrx_word' id='word_1_809' title='bbox 2619 5359 2807 5407; x_wconf 80' lang='lat' dir='ltr'><strong><em>habent</em></strong></span> <span class='ocrx_word' id='word_1_810' title='bbox 2833 5357 3257 5420; x_wconf 80' lang='lat' dir='ltr'><strong><em>festinaverunt,</em></strong></span> <span class='ocrx_word' id='word_1_811' title='bbox 3284 5358 3440 5410; x_wconf 87' lang='lat' dir='ltr'><strong><em>obliti</em></strong></span> <span class='ocrx_word' id='word_1_812' title='bbox 3466 5365 3600 5414; x_wconf 87' lang='lat' dir='ltr'><strong><em>sunt,</em></strong></span> <span class='ocrx_word' id='word_1_813' title='bbox 3630 5359 3719 5402; x_wconf 76' lang='lat' dir='ltr'><strong><em>etc.</em></strong></span> 
     </span>
    </p>
   </div>
   <div class='ocr_carea' id='block_1_126' title="bbox 2177 5425 3719 5494">
    <p class='ocr_par' dir='ltr' id='par_1_126' title="bbox 2177 5425 3719 5494">
     <span class='ocr_line' id='line_1_126' title="bbox 2177 5425 3719 5494; baseline -0.001 -16"><span class='ocrx_word' id='word_1_814' title='bbox 2177 5425 2313 5493; x_wconf 77' lang='lat' dir='ltr'><strong><em>Tum</em></strong></span> <span class='ocrx_word' id='word_1_815' title='bbox 2346 5430 2520 5478; x_wconf 78' lang='lat' dir='ltr'><strong><em>altero</em></strong></span> <span class='ocrx_word' id='word_1_816' title='bbox 2557 5430 2624 5476; x_wconf 91' lang='lat' dir='ltr'><strong><em>ab</em></strong></span> <span class='ocrx_word' id='word_1_817' title='bbox 2653 5427 2758 5478; x_wconf 86' lang='lat' dir='ltr'><strong><em>hoc</em></strong></span> <span class='ocrx_word' id='word_1_818' title='bbox 2807 5442 2987 5489; x_wconf 84' lang='lat' dir='ltr'><strong><em>versu,</em></strong></span> <span class='ocrx_word' id='word_1_819' title='bbox 3043 5429 3328 5494; x_wconf 81' lang='lat' dir='ltr'><strong><em>petitiones</em></strong></span> <span class='ocrx_word' id='word_1_820' title='bbox 3398 5431 3641 5494; x_wconf 56' lang='lat' dir='ltr'><strong><em>ipsorum.</em></strong></span> <span class='ocrx_word' id='word_1_821' title='bbox 3681 5427 3719 5468; x_wconf 80' lang='grc' dir='ltr'><strong><em>ιι</em></strong></span> 
     </span>
    </p>
   </div>
   <div class='ocr_carea' id='block_1_127' title="bbox 2175 5491 3721 5559">
    <p class='ocr_par' dir='ltr' id='par_1_127' title="bbox 2175 5491 3721 5559">
     <span class='ocr_line' id='line_1_127' title="bbox 2175 5491 3721 5559; baseline -0.004 -14"><span class='ocrx_word' id='word_1_822' title='bbox 2175 5491 2395 5547; x_wconf 81' lang='lat' dir='ltr'><strong><em>immisit</em></strong></span> <span class='ocrx_word' id='word_1_823' title='bbox 2422 5499 2782 5559; x_wconf 87' lang='lat' dir='ltr'><strong><em>saturitatem,</em></strong></span> <span class='ocrx_word' id='word_1_824' title='bbox 2817 5507 2904 5548; x_wconf 86' lang='lat' dir='ltr'><strong><em>etc</em></strong></span> <span class='ocrx_word' id='word_1_825' title='bbox 2971 5491 3123 5548; x_wconf 43' lang='lat' dir='ltr'><strong><em>Et&#39;m</em></strong></span> <span class='ocrx_word' id='word_1_826' title='bbox 3158 5499 3299 5548; x_wconf 89' lang='lat' dir='ltr'><strong><em>iram</em></strong></span> <span class='ocrx_word' id='word_1_827' title='bbox 3334 5498 3572 5549; x_wconf 88' lang='lat' dir='ltr'><strong><em>miserunt</em></strong></span> <span class='ocrx_word' id='word_1_828' title='bbox 3600 5491 3721 5556; x_wconf 79' lang='lat' dir='ltr'><strong><em>Moy-</em></strong></span> 
     </span>
    </p>
   </div>
   <div class='ocr_carea' id='block_1_128' title="bbox 2173 5567 3718 5632">
    <p class='ocr_par' dir='ltr' id='par_1_128' title="bbox 2173 5567 3718 5632">
     <span class='ocr_line' id='line_1_128' title="bbox 2173 5567 3718 5632; baseline -0.002 -16"><span class='ocrx_word' id='word_1_829' title='bbox 2173 5581 2284 5624; x_wconf 79' lang='lat' dir='ltr'><strong><em>sen,</em></strong></span> <span class='ocrx_word' id='word_1_830' title='bbox 2317 5575 2463 5630; x_wconf 74' lang='lat' dir='ltr'><strong><em>etc.;</em></strong></span> <span class='ocrx_word' id='word_1_831' title='bbox 2497 5577 2551 5617; x_wconf 90' lang='lat' dir='ltr'><strong><em>et</em></strong></span> <span class='ocrx_word' id='word_1_832' title='bbox 2585 5569 2636 5616; x_wconf 86' lang='lat' dir='ltr'><strong><em>in</em></strong></span> <span class='ocrx_word' id='word_1_833' title='bbox 2669 5567 2920 5632; x_wconf 82' lang='lat' dir='ltr'><strong><em>sequenti</em></strong></span> <span class='ocrx_word' id='word_1_834' title='bbox 2952 5569 3079 5621; x_wconf 88' lang='lat' dir='ltr'><strong><em>alio.</em></strong></span> <span class='ocrx_word' id='word_1_835' title='bbox 3123 5570 3404 5620; x_wconf 86' lang='lat' dir='ltr'><strong><em>absorbuit</em></strong></span> <span class='ocrx_word' id='word_1_836' title='bbox 3441 5567 3647 5620; x_wconf 82' lang='lat' dir='ltr'><strong><em>Daiitnu,</em></strong></span> <span class='ocrx_word' id='word_1_837' title='bbox 3679 5567 3718 5607; x_wconf 65' lang='grc' dir='ltr'><strong><em>τι</em></strong></span> 
     </span>
    </p>
   </div>
   <div class='ocr_carea' id='block_1_129' title="bbox 2173 5635 3721 5706">
    <p class='ocr_par' dir='ltr' id='par_1_129' title="bbox 2173 5635 3721 5706">
     <span class='ocr_line' id='line_1_129' title="bbox 2173 5635 3721 5706; baseline 0.005 -20"><span class='ocrx_word' id='word_1_838' title='bbox 2173 5640 2766 5703; x_wconf 75' lang='lat' dir='ltr'><strong><em>eooperititsynagoyam</em></strong></span> <span class='ocrx_word' id='word_1_839' title='bbox 2794 5637 3008 5701; x_wconf 77' lang='lat' dir='ltr'><strong><em>Abiron,</em></strong></span> <span class='ocrx_word' id='word_1_840' title='bbox 3034 5635 3097 5687; x_wconf 79' lang='lat' dir='ltr'><strong><em>Et</em></strong></span> <span class='ocrx_word' id='word_1_841' title='bbox 3129 5652 3338 5690; x_wconf 74' lang='lat' dir='ltr'><strong><em>exarsit</em></strong></span> <span class='ocrx_word' id='word_1_842' title='bbox 3359 5640 3506 5706; x_wconf 85' lang='lat' dir='ltr'><strong><em>ignis,</em></strong></span> <span class='ocrx_word' id='word_1_843' title='bbox 3528 5647 3652 5692; x_wconf 50' lang='lat' dir='ltr'><strong><em>eun;</em></strong></span> <span class='ocrx_word' id='word_1_844' title='bbox 3678 5640 3721 5677; x_wconf 64' lang='grc'><strong><em>⁸⁵⁸</em></strong></span> 
     </span>
    </p>
   </div>
   <div class='ocr_carea' id='block_1_130' title="bbox 2170 5706 3721 5774">
    <p class='ocr_par' dir='ltr' id='par_1_130' title="bbox 2170 5706 3721 5774">
     <span class='ocr_line' id='line_1_130' title="bbox 2170 5706 3721 5774; baseline -0.001 -22"><span class='ocrx_word' id='word_1_845' title='bbox 2170 5708 2388 5774; x_wconf 80' lang='lat' dir='ltr'><strong><em>ﬂumina</em></strong></span> <span class='ocrx_word' id='word_1_846' title='bbox 2409 5711 2642 5758; x_wconf 81' lang='lat' dir='ltr'><strong><em>incendit</em></strong></span> <span class='ocrx_word' id='word_1_847' title='bbox 2674 5718 3015 5771; x_wconf 83' lang='lat' dir='ltr'><strong><em>peccatores;</em></strong></span> <span class='ocrx_word' id='word_1_848' title='bbox 3049 5713 3262 5766; x_wconf 69' lang='lat' dir='ltr'><strong><em>t|l|lllll5</em></strong></span> <span class='ocrx_word' id='word_1_849' title='bbox 3295 5716 3469 5762; x_wconf 85' lang='lat' dir='ltr'><strong><em>lerine</em></strong></span> <span class='ocrx_word' id='word_1_850' title='bbox 3499 5706 3721 5759; x_wconf 79' lang='lat' dir='ltr'><strong><em>omnibus</em></strong></span> 
     </span>
    </p>
   </div>
   <div class='ocr_carea' id='block_1_131' title="bbox 2175 5775 3719 5844">
    <p class='ocr_par' dir='ltr' id='par_1_131' title="bbox 2175 5775 3719 5844">
     <span class='ocr_line' id='line_1_131' title="bbox 2175 5775 3719 5844; baseline 0.005 -16"><span class='ocrx_word' id='word_1_851' title='bbox 2175 5791 2310 5829; x_wconf 73' lang='lat' dir='ltr'><strong><em>locis</em></strong></span> <span class='ocrx_word' id='word_1_852' title='bbox 2337 5787 2404 5827; x_wconf 78' lang='lat' dir='ltr'><strong><em>ab</em></strong></span> <span class='ocrx_word' id='word_1_853' title='bbox 2431 5783 2828 5844; x_wconf 62' lang='lat' dir='ltr'><strong><em>Augusitniana</em></strong></span> <span class='ocrx_word' id='word_1_854' title='bbox 2864 5780 3099 5830; x_wconf 76' lang='lat' dir='ltr'><strong><em>lcetiotte</em></strong></span> <span class='ocrx_word' id='word_1_855' title='bbox 3135 5779 3416 5833; x_wconf 86' lang='lat' dir='ltr'><strong><em>dissentit.</em></strong></span> <span class='ocrx_word' id='word_1_856' title='bbox 3715 5775 3719 5779; x_wconf 54' lang='grc'><strong>’</strong></span> 
     </span>
    </p>
   </div>
  </div>
