3898 6172
472 289 577 352 339

464 509 588 549 nus.

532 583 605 640 Et
636 586 651 616 ¹
690 589 976 657 effuderunt
1019 595 1327 663 sanguinem
1388 598 1756 653 innocentem:
1805 604 2028 672 διιηῃιιί-

467 684 580 730 item
613 677 1101 746 ﬁliorumsuorum.
1129 693 1177 737 et
1206 686 1441 753 ﬁliarum
1487 701 1540 741 -:—
1587 705 1807 742 suarum
1845 692 2026 760 :quas

465 769 885 836 sacriﬁcaverunt
910 774 1236 844 sculptilibus
1259 777 1532 834 Chanaan.

537 859 605 914 Et
630 863 822 932 infecta
857 875 936 919 est
969 876 1109 921 terra
1168 870 1220 921 in
1254 872 1621 938 sanguinibus,
1654 883 1700 925 et
1763 874 2027 927 contami-

466 960 592 1007 nata
619 960 694 1006 est
729 952 782 1005 in
815 955 1053 1023 operibus
1069 974 1246 1012 eorum
1278 971 1368 1018 :et
1391 961 1642 1031 fornicati
1667 974 1787 1016 sunt
1826 964 1880 1016 in
1932 965 2029 1017 ad-

465 1045 854 1102 iuventionibus
869 1051 1000 1106 suis.

492 1187 496 1190 .
539 1139 608 1193 Et
638 1142 813 1194 iratus
853 1152 929 1196 est
957 1144 1136 1210 furore
1165 1144 1417 1200 Dominus
1443 1148 1494 1199 in
1520 1147 1765 1216 populum
1797 1163 1948 1200 suum
1983 1147 2030 1209 ',

467 1240 514 1283 et
539 1233 875 1288 abominatus
911 1245 988 1288 est
1018 1239 1373 1294 lta'reditatem
1404 1257 1575 1294 suam.
1603 1262 1607 1266 ·

540 1320 609 1374 Et
645 1325 867 1384 tradidit
927 1342 1014 1380 eos
1045 1328 1101 1381 in
1135 1345 1322 1384 manus
1376 1331 1609 1407 gentium
1633 1346 1651 1386 :
1679 1338 1727 1384 et
1779 1331 2036 1384 dominati

467 1420 588 1464 sunt
614 1429 816 1476 eorum,
851 1416 945 1480 qui
977 1419 1196 1472 oderunt
1219 1434 1327 1471 eos.

543 1501 1012 1558 Ettribulaveruut
1050 1523 1137 1560 eos
1175 1508 1379 1561 inimici
1413 1526 1614 1573 eorum,
1673 1518 1720 1562 ct
1770 1509 2038 1563 humiliati

469 1605 590 1649 sunt
612 1595 706 1649 sub
731 1597 971 1650 manibus
1005 1615 1180 1652 eorum
1210 1614 1233 1654 :
1263 1617 1396 1670 sirpe
1425 1602 1663 1657 liberavit
1692 1619 1800 1658 eos.

545 1772 649 1841 ipsi
697 1783 870 1827 autem
921 1777 1361 1830 cxacerbaverunt
1395 1791 1455 1834 -t-
1483 1796 1601 1833 eum
1638 1779 1659 1845 ζ

471 1883 565 1921 suo
595 1883 612 1920 :
640 1876 684 1920 et
715 1868 984 1921 humiliati
1011 1878 1133 1922 sunt
1164 1869 1220 1924 in
1253 1870 1624 1939 iniquitatibus
1651 1871 1783 1930 suis.

542 1957 612 2011 Et
637 1959 764 2011 vidit
794 1974 907 2011 cum
935 1959 1318 2014 tribularentur
1356 1976 1375 2013 .'
1405 1971 1452 2015 et
1493 1963 1694 2015 audivit
1741 1961 2036 2014 orationem

471 2066 594 2104 ρογιι
603 2066 669 2105 ιη.

544 2139 612 2192 Ει
647 2156 842 2195 memor
890 2140 987 2210 fuit
1025 2143 1330 2195 testamenti
1362 2143 1445 2196 sui
1482 2152 1573 2198 :et
1628 2145 1870 2212 ρωηίιιιὶι
1922 2164 2040 2202 eum

473 2233 760 2284 secundum
787 2233 1183 2288 multitudinem
1220 2234 1596 2288 misericordiae
1623 2252 1757 2290 sunt.

548 2322 609 2377 E:
632 2324 775 2376 dedit
797 2339 882 2377 eos
911 2325 962 2376 in
990 2325 1395 2390 misericordias,
1424 2327 1475 2380 in
1509 2338 1782 2398 conspectu
1811 2331 2042 2383 omniunt

476 2416 568 2484 qui
599 2424 839 2482 ceperant
863 2432 947 2469 eos
981 2417 1021 2470 ³.

555 2505 740 2561 Salvos
775 2523 868 2560 nos
895 2509 1000 2575 fac,
1021 2506 1236 2563 Domine
1270 2508 1408 2565 Deus
1452 2524 1630 2565 noster
1674 2523 2042 2584 :etcongrcga

479 2615 572 2653 nos
600 2598 663 2652 de
697 2599 1026 2653 nationibus.

553 2689 620 2743 Ut
650 2691 999 2759 conﬁteantur
1030 2695 1228 2748 nomini
1277 2705 1460 2750 sancto
1522 2706 1652 2749 tuo:
1678 2705 1727 2750 et
1761 2696 2048 2766 gloriemur

481 2783 535 2835 iu
570 2782 731 2836 laude
768 2795 884 2838 tua.

549 2877 860 2933 Benedictus
919 2879 1179 2936 Dominus
1257 2881 1395 2936 Deus
1448 2882 1678 2936 lsracla
1729 2889 1942 2945 saeculo.
2001 2893 2048 2936 et

481 2985 643 3039 usque
664 2971 719 3023 in
767 2972 1059 3026 steculum:
1092 2981 1140 3026 et
1166 2972 1300 3026 dicet
1339 2975 1569 3044 omnis,‘
1594 2976 1840 3043 populus.
1902 2973 2047 3037 Fiat,

485 3060 728 3132 +ﬁat;

1713 1780 1764 1830 in
1819 1778 2038 1832 consilio
2073 1789 2120 1843 ις

1373 297 1433 357 S.
1477 299 1913 362 IllERONYMI
1952 304 2211 366 DlVINA
2254 307 2789 372 BIBLIOTHECA.
3561 329 3650 394 3l0

527 400 598 457 Et
629 403 1026 462 immolaverunt
1059 408 1196 477 ﬁlios
1224 426 1374 475 suos,
1413 424 1458 466 et
1507 414 1650 482 ﬁlias
1679 432 1802 470 suas
1839 416 2032 470 davnia-
2059 435 2107 492 Α
2207 421 2274 476 Ει
2304 423 2722 482 immolaverunt
2750 426 2891 482 ﬁlios
2923 442 3052 484 suos
3077 438 3130 485 et
3157 429 3289 488 ﬁlias
3332 450 3448 493 suas
3477 439 3646 496 dsemo.

2127 515 2232 568 niis
2267 532 2280 569 :
2307 527 2359 570 et
2395 518 2705 577 cliuderunt
2733 528 3049 593 sanguinem
3077 528 3431 594 innocentem,
3451 534 3655 607 sangui-

2127 622 2252 660 nem
2309 609 2542 665 ﬁliorum
2609 623 2668 668 et
2739 617 2994 684 ﬁliarum,
3047 621 3655 689 quas'sacriﬁcaveruut

2127 699 2470 768 sculptiltbus
2494 703 2775 760 Chanaan.

2212 873 2416 930 Infecta
2447 886 2530 931 est
2562 886 2706 932 terra
2736 881 2790 936 in
2821 884 3206 954 sanguinibus,
3237 898 3290 944 et
3329 895 3660 953 contaminata

2132 972 2215 1016 est
2248 965 2300 1016 in
2339 968 2598 1034 operibus
2613 984 2827 1026 eorum.

2209 1054 2272 1110 Et
2305 1056 2555 1116 fornicati
2589 1074 2718 1119 sunt
2746 1065 2796 1119 in
2828 1067 3301 1129 observationibus
3321 1077 3430 1133 suis
3461 1089 3546 1135 :et
3571 1082 3665 1136 ira-

2061 1229 2074 1238 .
2136 1153 2225 1200 tus
2249 1160 2332 1202 est
2364 1151 2550 1206 animo
2579 1153 2848 1213 Dominus
2882 1159 2935 1214 in
2973 1164 3235 1232 populum
3257 1181 3430 1234 suum,
3476 1180 3528 1225 et
3556 1172 3667 1229 abo-

2137 1240 2376 1294 minatus
2407 1252 2490 1296 est
2521 1244 2894 1302 haereditatem
2931 1266 3108 1308 suam.

2209 1331 2274 1384 Et
2303 1333 2526 1387 tradidit
2549 1351 2645 1391 eos
2675 1338 2729 1390 in
2767 1355 2961 1396 manus
2995 1345 3241 1412 gentium
3299 1363 3315 1401 :
3347 1357 3401 1401 et
3431 1348 3663 1405 dominati

2138 1433 2266 1478 sunt
2305 1441 2521 1489 eorum,
2553 1429 2648 1498 qui
2683 1431 2916 1486 oderunt
2947 1451 3064 1490 eos.

2212 1517 2280 1571 Et
2314 1518 2716 1597 tribulaverunt
2768 1539 2864 1578 eos
2891 1526 3096 1582 inimici
3153 1544 3362 1597 eorum,
3422 1542 3473 1586 et
3516 1533 3671 1586 humi-

2141 1610 2254 1662 linti
2319 1620 2446 1664 sunt
2493 1596 2598 1666 sub
2678 1616 2932 1672 manibus
2976 1633 3168 1674 eorum
3201 1637 3215 1675 :
3251 1637 3392 1692 saepe
3444 1623 3672 1679 liberavit

2143 1717 2240 1757 eos
2262 1703 2302 1757 ⁸.

2215 1793 2316 1861 Ipsi
2347 1805 2527 1848 autem
2559 1799 3026 1855 exacerbaverunt
3047 1817 3169 1855 eum
3209 1802 3260 1856 in
3292 1803 3509 1861 consilio
3539 1821 3628 1861 suo
3655 1823 3668 1863 :

2142 1897 2190 1940 et
2222 1881 2495 1937 humiliati
2529 1897 2655 1940 sunt
2680 1889 2732 1942 in
2757 1891 2874 1945 suis
2897 1891 3298 1961 iniquitatibus.

2217 1973 2285 2026 Et
2314 1977 2551 2043 respexit
2576 1993 2692 2042 eos,
2743 1996 2865 2033 cum
2897 1982 3294 2039 tribularentur
3330 2001 3348 2040 :
3379 2001 3496 2041 cum
3534 2003 3676 2042 exau-

2141 2063 2286 2118 diret
2314 2067 2590 2122 orationes
2620 2085 2833 2124 eorum.
3097 2081 3102 2087 ’

2215 2159 2282 2213 Et
2303 2175 2511 2215 memor
2541 2162 2640 2214 fuit
2669 2164 2980 2219 testamenti
3007 2165 3092 2219 sui
3154 2184 3168 2218 :
3198 2173 3270 2222 'et
3300 2169 3543 2236 paenituit
3568 2184 3676 2225 eum

2142 2251 2438 2305 secundum
2477 2253 2882 2310 multitudinem
2913 2257 3305 2314 misericordiae
3333 2275 3462 2326 suae,

2218 2341 2281 2396 Et
2307 2343 2458 2397 dedit
2484 2359 2580 2399 eos
2601 2346 2654 2400 in
2684 2348 3112 2416 misericordias,
3154 2350 3208 2405 in
3247 2361 3533 2422 conspectu
3582 2368 3678 2408 omo

2147 2434 2295 2488 nium
2328 2435 2419 2502 qui
2453 2451 2548 2489 eos
2585 2449 2867 2506 ceperant.

2220 2525 2411 2582 Salvos
2441 2543 2540 2582 nos
2559 2529 2665 2595 iac,
2697 2528 2924 2587 Domine
2959 2532 3104 2590 Deus
3130 2546 3342 2604 noster,
3371 2549 3424 2593 et
3448 2552 3683 2609 congregat

2147 2631 2247 2670 nos
2277 2618 2344 2672 de
2373 2619 2688 2674 nationibus
2716 2635 2734 2675 :
2763 2631 2821 2676 ut
2873 2625 3240 2682 conﬁteamur
3285 2629 3487 2684 nomini
3517 2634 3686 2683 sancto

2149 2716 2266 2774 tuo,
2299 2717 2354 2763 et
2382 2709 2683 2780 gloriemur
2710 2715 2763 2770 in
2801 2714 2961 2770 laude
2985 2727 3097 2783 tua.

2220 2881 2551 2940 Benedictus
2631 2887 2893 2946 Dominus
2986 2892 3128 2948 Deus
3191 2897 3359 2953 Israel
3423 2913 3452 2952 a
3513 2897 3688 2953 saeculo

2151 2990 2322 3039 usque
2357 2978 2411 3032 in
2442 2978 2701 3034 saeculum
2740 2997 2754 3040 ;
2783 2992 2839 3036 et
2867 2983 3033 3040 dicite
3063 2990 3248 3044 omnis
3281 2989 3527 3060 populus,
3563 2988 3686 3054 Fiat,

2153 3065 2262 3120 ﬁat.

1834 3229 2182 3292 PSALMUS
2219 3239 2362 3300 CVI.

1115 3315 1412 3379 (summa.

559 3407 897 3476 Conﬁtemini
947 3407 1194 3470 Domino.
1248 3409 1494 3470 quoniam
1553 3406 2046 3476 bonus:quoniam

486 3507 541 3559 in
575 3501 827 3558 sreculum
862 3499 1223 3554 misericordia
1252 3499 1390 3568 ejus.

558 3594 748 3651 Dicant
788 3591 875 3662 qui
910 3591 1159 3658 redempti
1193 3600 1312 3645 sunt
1340 3607 1370 3642 a
1427 3590 1669 3654 Domino,
1725 3607 1852 3660 quos
1907 3588 2051 3643 mle-

563 3819 577 3850 '
611 3815 880 3870 Immerito
923 3815 1093 3870 Palat.
1120 3829 1222 3869 ms.
1253 3825 1300 3868 et
1329 3816 1580 3869 voculam
1634 3816 1802 3869 obelo
1840 3831 2054 3883 pramo-

498 3900 600 3948 tat,
641 3900 800 3954 quam
829 3893 1008 3939 notant
1037 3901 1134 3952 pro
1164 3885 1513 3953 subsequenti
1539 3889 1800 3938 θείω-ἰςρο
1851 3901 2053 3951 prono-

491 3957 622 4013 mini
661 3972 878 4008 suarum
913 3969 1057 4008 novo
1089 3969 1280 4008 errore
1319 3955 1568 4024 prmiigit.
1608 3955 1728 4008 Mox
1757 3970 1854 4025 pro
1920 3956 2055 4025 infe-

490 4040 575 4080 cta
606 4025 736 4095 legit.
775 4025 1075 4095 interfecta.
1107 4039 1281 4095 thl:l!_
1308 4033 1468 4077 vetus
1528 4025 1656 4076 olim
1720 4024 1880 4095 lcetio
1952 4028 2051 4077 uit.

490 4092 680 4151 Carus
724 4092 1112 4161 subsequentia
1170 4093 1335 4146 verba
1391 4095 1445 4144 in
1501 4093 1851 4159 sanguinibus
1920 4108 2052 4146 veru

492 4167 897 4221 transverberat
928 4181 942 4218 :
975 4161 1145 4226 Palat,
1185 4178 1305 4231 quin
1335 4163 1589 4231 sequitur
1649 4164 1754 4215 alia
1787 4162 1840 4215 in
1881 4165 2054 4230 operi-

491 4233 828 4301 busLlNeuter
855 4233 1014 4287 bene.

561 4305 807 4359 'lterum
830 4306 1012 4357 minus
1043 4316 1188 4358 reete
1244 4301 1419 4358 Carus
1481 4312 1528 4356 et
1584 4303 1833 4369 copulam
1885 4302 2060 4354 ὀϐελίο

492 4379 576 4441 ζει
615 4391 626 4426 :
663 4390 783 4426 uiox
827 4373 1001 4427 Palat.
1036 4389 1165 4439 ms.,
1195 4373 1387 4443 papula
1423 4389 1539 4435 suo,
1593 4387 1694 4442 pro
1723 4371 1776 4426 in
1804 4371 2055 4440 populum

489 4462 638 4504 suum
671 4445 820 4512 legit.

558 4517 578 4546 ³
611 4514 772 4580 Addit
804 4513 979 4568 Palat.
1006 4529 1108 4568 ms.
1141 4514 1472 4581 Diapsalma.

563 4581 871 4636 ‘l’nlatinus
893 4598 1017 4647 tns.,
1057 4594 1106 4635 ct
1145 4585 1288 4636 dicat
1318 4585 1507 4646 omnis,
1538 4591 1647 4637 etc.

566 4653 587 4689 ⁸
616 4651 918 4710 ιὶριδιίνιιιιι
947 4668 1079 4720 quas
1119 4655 1168 4703 in
1203 4653 1504 4706 Veronens.
1540 4667 1641 4704 ms.
1689 4661 1794 4704 tae.
1830 4653 1871 4705 A
1905 4651 2054 4720 prio-
2087 4647 2131 4701 Ι)

497 4723 648 4778 ribus
681 4729 862 4775 autem
889 4721 1053 4788 huius
1077 4720 1328 4774 versiculi
1369 4721 1552 4774 verbis
1573 4737 1668 4788 per
1693 4722 1899 4776 solidos
1921 4723 2053 4774 sub-

496 4800 791 4860 sequentes
812 4800 1053 4860 quatuor
1079 4791 1328 4848 ahrasum
1354 4791 1407 4842 in
1442 4806 1509 4842 eo
1547 4790 1734 4860 codice
1767 4791 1926 4860 longa
1960 4807 2051 4844 ve-

501 4858 698 4919 tnState
733 4859 921 4927 iulium
981 4860 1205 4925 sequior
1253 4873 1445 4912 manus
1504 4858 1765 4911 restituit.
1827 4859 2052 4927 Legitur

499 4943 660 4994 porro
686 4944 698 4978 :
735 4925 798 4989 Et
827 4929 1100 4995 interfecta
1126 4936 1202 4982 est
1233 4937 1370 4991 terra
1397 4932 1447 4980 in
1469 4929 1722 4993 sanguine
1756 4925 2054 4996 (ιιιεηὶςαη-

500 4997 854 5070 guincnt).l£t
885 5001 1250 5070 contaminata
1293 5009 1364 5052 est
1404 5009 1544 5050 terra
1596 4999 1650 5051 in
1683 4999 1923 5070 operibus
1969 5015 2057 5052 eo-

500 5069 637 5122 rum.
668 5069 1008 5137 btfornicaii
1043 5078 1167 5121 sunt
1223 5069 1275 5121 in
1335 5069 1790 5122 adiat-cntionibus
1833 5070 1963 5130 suis,
2015 5080 2062 5122 et

500 5143 669 5193 iratus
698 5148 776 5196 est
828 5139 907 5190 ira
961 5138 1241 5200 Dominus,
1291 5149 1398 5193 etc.
1452 5137 1605 5190 Nune
1654 5138 1874 5208 iterum
1910 5141 2063 5208 juxta

504 5212 886 5274 Augustinum,
915 5208 1028 5261 sive
1054 5213 1145 5277 qui
1173 5224 1298 5262 eum
1333 5209 1447 5261 fere
1478 5208 1821 5261 continenter
1847 5207 2062 5261 dest-ri-

502 5281 601 5342 bit,
660 5279 1084 5334 Cassiodorium.
1146 5281 1239 5333 Est
1305 5280 1449 5333 enim
1522 5278 1713 5330 harum
1774 5279 2084 5347 tidejussor,

503 5351 796 5403 leciinnum
829 5349 887 5402 S.
917 5350 1204 5418 episcopus
1236 5351 1289 5402 in
1331 5347 1709 5418 Enarratipne.
1775 5347 1851 5400 ibi
1879 5346 1893 5399 ξ
1933 5365 1950 5400 ι
1973 5346 2053 5418 Et

503 5421 779 5492 interfecta
807 5429 883 5472 est
917 5413 1056 5472 terra
1079 5413 1132 5474 iit
1159 5418 1523 5487 sanguinibus.
1576 5413 1916 5495 Putaremus,
1971 5417 2054 5472 in.

504 5489 642 5557 quit.
699 5493 986 5558 scriptoris
1023 5506 1294 5551 errorem,
1351 5500 1588 5558 eumque
1622 5488 1930 5558 diceremus
1961 5499 2058 5552 pro

503 5555 564 5610 en
587 5562 726 5625 quod
751 5555 853 5620 est,
881 5560 1098 5626 infecta,
1141 5559 1354 5626 fecisse,
1379 5555 1802 5626 interfectamisi
1824 5555 2057 5626 habere-

508 5623 624 5680 mus
649 5623 974 5682 beneﬁcium
1011 5629 1126 5690 Dei,
1149 5629 1242 5694 qui
1272 5625 1586 5692 Scripturas
1615 5640 1743 5677 snas
1775 5624 1829 5677 in
1876 5623 2061 5694 multis

509 5699 706 5765 linguis
734 5714 854 5753 esse
879 5697 1042 5751 voluit
1070 5714 1085 5764 ;
1111 5691 1271 5766 atque
1301 5698 1372 5748 ita
1400 5691 1524 5748 esse
1555 5696 1837 5765 scriptum,
1884 5691 2064 5746 Inter.

2074 3322 2122 3382 C

2788 3350 3065 3391 ALLELUIA.

2229 3417 2574 3474 Conﬁtemini
2611 3421 2863 3490 Domino,
2914 3429 3172 3496 quoniam
3234 3432 3412 3488 bonus
3447 3431 3466 3463 "

2155 3511 2301 3566 niam
2333 3512 2386 3565 in
2409 3515 2666 3568 saeculum
2701 3516 3080 3575 misericordia
3115 3523 3258 3592 ejus.

2226 3603 2418 3658 Dicant
2460 3621 2606 3662 nunc
2631 3608 2724 3677 qui
2755 3609 3022 3680 redempti
3065 3624 3194 3667 sunt
3243 3629 3271 3667 a
3301 3613 3547 3682 Domino,
3575 3628 3696 3684 quos

3513 3445 3528 3484 :
3579 3443 3695 3500 quo-

2160 3807 2295 3884 (ξι-ιιι
2324 3816 2399 3861 est
2435 3815 2576 3884 terra
2605 3809 2656 3861 in
2685 3811 3056 3884 sangujnibus,
3100 3813 3368 3884 inspectis
3398 3814 3588 3870 Graecis
3620 3827 3693 3884 co-_

2158 3879 2395 3951 ilicibus,
2423 3878 2798 3951 videremusJ
2830 3883 2892 3934 Et
2941 3885 3100 3949 paulo
3127 3878 3252 3951 post
3279 3904 3290 3939 :
3331 3905 3348 3935 ‹
3368 3886 3426 3937 Et
3477 3881 3698 3950 [amictui

2158 3957 2277 4000 sunt
2302 3950 2358 4000 in
2391 3949 2848 4003 adinventionibus
2889 3954 3015 4006 suis.
3068 3949 3177 4007 llas
3211 3955 3348 4008 dicit
3381 3953 3696 4008 adrnventiu-

2161 4034 2278 4091 nos,
2313 4032 2450 4084 quas
2485 4016 2655 4091 Graeci
2687 4021 3099 4091 ἐπιτηδεύματα
3129 4026 3431 4091 appellant.
3466 4023 3697 4078 Namltoc

2161 4088 2384 4140 verbum
2410 4087 2570 4157 estin
2600 4087 2880 4144 codicibus
2897 4092 3123 4156 Graecis,
3151 4087 3216 4144 et
3235 4097 3339 4148 hoc
3369 4095 3504 4157 loco,
3533 4103 3582 4145 et
3621 4105 3697 4142 su-

2163 4158 2371 4222 perius,
2401 4155 2489 4208 ubi
2523 4156 2731 4210 dictqu
2763 4167 2868 4219 est,
2907 4159 3268 4215 Irritaverunt
3330 4179 3445 4216 eum
3489 4155 3540 4214 in
3569 4160 3700 4212 adin-

2161 4224 2493 4296 ventionibus
2516 4227 2645 4280 suis.
2681 4247 2700 4279 ι
2737 4227 2978 4296 Denique
3031 4233 3120 4284 uhi
3169 4232 3399 4295 dicitur,
3441 4233 3610 4285 Iratus
3637 4235 3697 4278 est

2163 4298 2244 4348 ira
2283 4295 2560 4357 Dominus,
2605 4299 2717 4369 haec
2741 4295 2932 4350 notat:
2969 4319 2986 4349 ι
3027 4300 3342 4356 Nolueruut
3378 4303 3589 4369 quidam
3628 4299 3702 4350 in-

2164 4376 2428 4440 terpretes
2459 4366 2628 4440 nostri
2666 4367 2805 4440 iram,
2833 4384 3054 4436 ponere,
3118 4373 3171 4422 in
3221 4388 3289 4425 eo
3333 4366 3476 4440 quod
3505 4368 3700 4440 Gracus

2161 4431 2326 4488 habet
2353 4431 2558 4501 θυμὸςε
2589 4437 2684 4505 sed
2718 4431 2938 4502 quidam
2976 4453 3276 4505 posuerunt
3307 4431 3573 4494 mentem:
3601 4436 3703 4502 qui-

2160 4505 2284 4557 dum
2319 4517 2447 4576 vero
2508 4504 3231 4576 indignationem,quidam
3279 4511 3520 4564 animum
3554 4507 3701 4560 inter-

2162 4573 2356 4642 pretati
2384 4587 2533 4631 sunt.
2579 4593 2598 4626 ι

2242 4646 2261 4672 ⁸
2291 4645 2346 4716 lu
2384 4651 2574 4700 eodem
2601 4659 2703 4700 ms.
2735 4664 2874 4716 stepe
2907 4649 3046 4701 eruit
3071 4665 3174 4702 eos.
3209 4649 3326 4716 Ipsi
3377 4659 3546 4702 autem
3605 4646 3706 4696 ina-

2167 4715 2554 4770 muricavcrunt
2584 4733 2699 4769 eum
2731 4720 2785 4771 in
2813 4715 3032 4772 consilio
3057 4735 3174 4780 suo,
3207 4715 3260 4772 et
3311 4716 3574 4770 Immiliati
3603 4721 3705 4766 sunt

2163 4787 2217 4837 in
2251 4786 2614 4862 iniquitatibus
2642 4790 2773 4842 suis.
2801 4786 2867 4839 Et
2898 4791 3144 4862 respexit,
3164 4806 3300 4862 cum
3335 4791 3707 4862 tribulareutut'.

2163 4869 2271 4909 etc.
2307 4854 2369 4906 Et
2402 4871 2525 4926 post
2558 4873 2724 4913 utmm
2754 4854 3014 4912 versum:
3047 4861 3113 4911 Et
3140 4859 3286 4910 dedit
3318 4875 3405 4911 eos
3430 4860 3484 4910 in
3522 4854 3706 4907 miseri-

2165 4927 2424 4988 cordiam,
2482 4933 2534 4984 in
2566 4938 2842 4995 conspectu
2896 4931 3126 4981 omnium
3180 4931 3268 4996 qui
3344 4928 3706 4993 captivaverant

2164 5015 2252 5050 eos
2290 5011 2306 5070 ζ
2341 4997 2604 5070 denique,
2637 5014 2893 5066 congrege
2943 5015 3036 5050 nos
3068 4999 3132 5050 de
3163 4997 3407 5070 gentibus
3457 5008 3532 5057 ut,
3579 5005 3709 5054 ete.;

2164 5068 2306 5138 quod
2334 5077 2390 5120 et
2418 5067 2720 5137 Augustino
2757 5077 2997 5121 notatum
3047 5077 3133 5123 est
3164 5067 3259 5128 ibi,
3315 5068 3585 5138 Congrcga
3629 5077 3710 5113 nos

2164 5148 2226 5192 de
2250 5139 2568 5206 nationibus,
2593 5142 2696 5204 vel,
2729 5140 2870 5192 sicut
2895 5138 2984 5190 alii
3006 5139 3226 5193 codices
3262 5138 3489 5199 habent,
3517 5139 3578 5186 de
3601 5146 3711 5200 gf“-

2162 5213 2320 5264 tibus.

2238 5280 2406 5333 7Cum
2438 5279 2741 5350 Augustino
2776 5280 3107 5337 Veronensis
3131 5279 3537 5343 ms..Quoniam
3553 5272 3712 5329 suavis

2162 5364 2260 5406 est.
2303 5350 2387 5413 Et,
2414 5349 2601 5403 Dicant
2622 5353 2710 5420 qui
2738 5349 3124 5418 redemptisunt
3145 5367 3176 5402 a
3206 5353 3456 5420 Domino,
3484 5361 3604 5413 quos
3637 5356 3714 5420 χε·

2164 5410 2393 5474 demitde
2412 5436 2568 5474 manu
2600 5410 2952 5482 inimicorum,
2978 5425 3058 5478 de.
3083 5431 3187 5473 etc.
3208 5421 3286 5474 Ab
3312 5410 3545 5479 οτὶεηιέ,
3563 5423 3606 5466 ει
3629 5410 3712 5488 03'

2165 5491 2388 5548 cidente.
2412 5503 2459 5542 et
2491 5490 2746 5558 Aquilone
2775 5503 2819 5544 et
2851 5478 3006 5544 Mari.
3039 5491 3104 5542 Et
3136 5501 3257 5558 p05t
3283 5499 3396 5559 tres
3416 5478 3620 5542 versus.

2164 5561 2377 5612 deduxit
2413 5579 2496 5613 eos
2524 5549 2577 5612 iit
2601 5562 2738 5612 riam
2765 5572 2961 5614 rectam
2997 5549 3151 5628 (015.,-
3179 5557 3348 5623 recta)
3397 5568 3478 5618 ut,
3501 5566 3602 5609 etc.
3641 5549 3715 5609 Et,

2169 5629 2534 5698 Con/iteantur
2571 5630 2792 5684 Domino
2822 5631 3180 5684 miserationes
3205 5629 3348 5695 ejus,
3377 5637 3484 5682 etc.
