3898 6172
253 270 326 335 3“
1407 269 1643 328 LIBER
1688 268 2176 335 PSALMORUM.

3340 264 3445 330 3-ιὲ

247 394 318 447 mit
344 390 395 443 de
427 400 579 440 manu
615 385 810 438 inimici
862 394 945 439 :et
976 382 1041 439 de
1081 385 1382 455 regionibus
1422 390 1757 458 congregavit
1794 397 1835 448 Α
1873 389 2191 443 redemitde
2220 403 2381 442 manu
2410 384 2615 440 inimici
2660 400 2672 436 :
2711 393 2765 439 et
2788 382 2853 437 de
2877 382 3192 453 regionibus
3219 397 3447 451 congre-

246 502 327 539 ρος.

296 574 326 627 Α
348 572 452 628 solis
479 580 596 623 ortu
624 577 674 622 et
696 583 909 629 occasu,
940 568 1003 620 ab
1029 567 1272 634 aquilone
1307 576 1356 623 et
1396 571 1553 623 mari.

292 664 579 720 Erraverunt
607 663 660 712 in
694 660 975 714 solitudine
1018 659 1073 711 in
1103 660 1363 728 inaquoso
1411 676 1429 715 :
1461 660 1601 713 viam
1634 660 1765 713 civi-

245 757 337 810 tatis
356 751 625 809 habitaculi
652 768 753 804 non
788 752 1096 805 invenerunt
1136 767 1153 804 :

296 843 564 899 Esurientes
587 851 637 896 et
660 842 896 896 sitientes
927 858 944 895 :
975 843 1163 895 anima
1200 858 1381 897 eorum
1412 844 1465 896 in
1488 842 1613 911 ipsis
1663 843 1755 896 de-

244 938 350 1007 fecit.

292 1028 345 1084 Et
374 1029 719 1080 clamauerunt
759 1027 830 1079 ad
868 1024 1177 1088 Dominum,
1196 1042 1312 1079 cum
1339 1027 1722 1081 tribularentur
1744 1044 1763 1079 :

245 1135 289 1175 σι»
320 1122 391 1172 ‘et
419 1118 439 1185 ζ
468 1125 533 1171 de
559 1118 959 1172 necessitatibus
988 1132 1169 1171 eorum
1210 1117 1407 1187 eripuit
1450 1135 1559 1172 eos.

294 1297 344 1351 Et
363 1298 563 1351 deduxit
587 1314 674 1351 eos
702 1297 753 1351 in
779 1298 911 1351 viam
948 1305 1147 1352 rectam
1181 1313 1198 1351 :
1228 1306 1283 1351 ut
1314 1299 1445 1351 irent
1485 1299 1539 1350 in
1571 1298 1765 1351 civita-

243 1404 317 1445 tein
339 1389 692 1444 habitationis.

291 1482 631 1547 Conﬁteantur
655 1480 882 1534 Domino
913 1482 1289 1536 misericordiw
1325 1484 1480 1552 ejus:
1514 1496 1562 1539 et
1598 1488 1763 1539 mira-

239 1571 337 1624 bilia
360 1572 455 1638 ejus
478 1571 614 1639 ﬁliis
645 1572 941 1625 hominum.

289 1662 646 1731 Quia‘satiavit
682 1656 915 1717 animam
951 1664 1176 1731 inanem,
1247 1676 1295 1719 et
1356 1667 1595 1720 animam
1646 1684 1760 1721 esu-

240 1754 411 1807 rientem
439 1756 660 1809 satiavit
684 1754 854 1809 bonis.

290 1844 502 1901 Sedentes
526 1848 550 1879 ²
579 1862 641 1902 -ε-
667 1849 720 1901 in
758 1850 778 1917 ;
804 1850 1027 1902 tenebris
1043 1860 1090 1902 et
1119 1851 1303 1903 umbra
1334 1853 1763 1921 mortis,_vinctos

242 1952 287 1992 -ι-
312 1940 355 1990 in
378 1941 709 1994 mendicitate
734 1951 780 1993 et
812 1942 972 2011 ferro.

291 2028 403 2094 Quia
431 2031 883 2087 exacerbaverunt
947 2032 1158 2103 eloquia
1219 2035 1359 2091 Dei:
1397 2048 1443 2091 et
1487 2039 1764 2093 consilium

239 2120 448 2179 Missimi
472 2124 844 2180 irriTaverunt.

291 2214 346 2267 Et
367 2218 703 2270 Immiliatum
744 2227 818 2271 est
847 2219 899 2272 in
930 2220 1201 2273 laboribus
1234 2236 1324 2273 cor
1366 2237 1548 2275 eorum
1569 2239 1587 2276 :
1619 2225 1768 2293 inﬁr-

240 2308 339 2359 mali
360 2317 488 2372 sunt,
534 2325 633 2364 nec
664 2309 766 2379 fuit
799 2312 892 2379 qui
923 2313 1226 2375 adiuvaret.

292 2398 346 2450 Et
366 2400 721 2453 clamauerunt
765 2400 833 2453 ad
862 2402 1163 2467 Dominum,
1194 2421 1311 2457 cum
1342 2405 1764 2463 tribularentur:

235 2502 271 2540 et
294 2491 349 2543 de
378 2493 770 2547 necessitatibus
799 2508 978 2547 eorum
999 2494 1244 2549 liberavit
1266 2513 1374 2553 eos.

286 2685 344 2739 Et
371 2688 586 2744 'eduxit
612 2707 701 2744 eos
744 2692 809 2745 de
858 2694 1101 2757 tenebris,
1135 2706 1182 2747 et
1232 2695 1417 2748 umbra
1450 2700 1638 2756 mortis
1670 2716 1689 2753 :
1721 2710 1769 2755 et

233 2778 403 2833 rincula
431 2798 613 2835 eorum
641 2785 895 2849 disrupit.

285 2870 632 2939 Conﬁteantur
663 2874 887 2928 Domino
908 2880 1282 2934 misericordia:
1310 2881 1445 2949 ejus,
1478 2895 1523 2935 et
1550 2885 1767 2939 mirabi-

232 2960 291 3013 lia
316 2965 417 3030 ejus
431 2966 559 3028 ﬁliis
593 2967 885 3020 hominum.

1873 482 2016 550 gavit
2047 497 2163 536 eos.

1944 575 1987 627 Α
2017 575 2149 627 solis
2185 583 2311 628 ortu
2348 581 2405 627 et
2431 585 2653 635 occasu,
2701 568 2768 623 ab
2801 566 3059 637 aquilone
3088 574 3143 620 et
3169 566 3329 618 mari.

1943 668 2283 721 Erraverunt
2311 666 2363 718 in
2393 662 2695 719 solitudine
2728 662 2783 714 in
2815 658 3062 714 siccitate
3097 671 3112 711 :
3150 658 3289 712 viam
3315 657 3449 712 civi-

1871 752 1999 813 tatis
2036 756 2398 812 habitationis
2434 770 2538 808 non
2573 755 2925 806 invenerunt.

1941 851 2257 905 Esurientes
2286 858 2339 903 et
2375 848 2619 902 sitientes
2678 861 2692 900 :
2744 842 2923 897 anima
2957 855 3148 896 eorum
3202 841 3256 895 in
3314 840 3447 911 ipsis

1867 943 2092 999 deiecit.

1943 1034 2011 1088 Et
2038 1032 2415 1087 clamaverunt
2453 1028 2576 1099 [ms.
2605 1021 3102 1092 exclamaverunt].
3138 1020 3205 1075 ad
3267 1022 3449 1077 Domi-

1865 1142 2036 1189 num,-
2059 1139 2181 1178 cum
2210 1122 2606 1176 tribularentur
2636 1131 2650 1170 :
2688 1128 2743 1171 et
2773 1116 2842 1170 de
2872 1113 3296 1169 necessitatibus
3351 1131 3444 1170 eo-

1867 1228 1987 1266 rum
2054 1211 2310 1265 liberavit
2334 1224 2473 1264 eos.‘

1941 1306 2009 1359 Et
2035 1304 2225 1359 eduxit
2264 1318 2359 1356 eos
2387 1302 2442 1356 in
2483 1300 2626 1354 viam
2650 1307 2853 1353 rectam
2891 1316 2905 1353 :
2939 1305 2998 1353 ut
3034 1297 3180 1353 irent
3210 1299 3276 1365 ,in
3310 1298 3447 1353 civi-

1869 1405 2033 1449 tatem
2062 1393 2445 1448 habitationis.

1940 1486 2322 1542 Conliteantur
2358 1484 2593 1538 Domino
2619 1479 3012 1537 misericordiae
3035 1478 3175 1549 ejus,
3200 1486 3254 1531 et
3277 1477 3443 1530 mira-

1866 1580 1992 1633 bilia
2023 1579 2140 1648 ejus
2168 1580 2293 1631 ﬁliis
2323 1577 2641 1629 hominum.

1938 1669 2074 1734 Quia
2106 1667 2227 1738 jms.
2264 1666 2559 1738 Quoniam]
2594 1666 2815 1719 satiavit
2880 1666 3117 1718 animam
3172 1660 3388 1715 inanem
3434 1674 3449 1711 :

1870 1770 1927 1814 et
1952 1764 2189 1814 animam
2230 1754 2562 1813 esurientem
2596 1757 2812 1810 satiavit
2848 1756 3003 1808 Imuis
3025 1757 3067 1806 '.

1947 1853 2213 1908 Sedentes
2247 1852 2300 1904 in
2335 1850 2580 1905 tenebris
2626 1858 2680 1903 et
2710 1850 2901 1903 umbra
2959 1846 3172 1911 mortis,
3208 1842 3449 1899 vinculis

1875 1948 2070 2016 ligatos
2106 1945 2157 1998 in
2191 1942 2538 1997 mendicitate
2562 1940 2796 1995 etferro.

1945 2038 2078 2102 Quia
2107 2034 2582 2089 exacerbaverunt
2610 2033 2891 2099 eloquium
2944 2030 3157 2083 Domini
3193 2046 3206 2083 :
3240 2039 3449 2083 etcon-

1876 2130 2061 2185 silium
2100 2126 2767 2182 Altissimiirritaverunt.

1952 2221 2015 2276 Et
2044 2219 2390 2273 humiliatum
2424 2224 2508 2271 est
2549 2216 2603 2270 in
2640 2216 2928 2269 laboribus
2967 2229 3061 2267 cor
3099 2228 3332 2269 eorum:
3365 2212 3449 2266 iu-

1878 2312 2079 2367 lirmati
2111 2322 2261 2378 sunt,
2304 2326 2406 2365 nec
2431 2308 2535 2363 fuit
2565 2308 2657 2379 qui
2680 2308 2986 2373 adiuvaret.

1950 2405 2015 2459 Et
2042 2406 2415 2459 clamaverunt
2459 2399 2585 2473 [ητα.
2641 2397 3114 2469 exclamaverunt]
3150 2398 3215 2451 ad
3264 2398 3441 2451 Domi-

1880 2517 2031 2563 num,
2058 2516 2184 2557 cum
2218 2500 2609 2555 Iribularentur
2648 2514 2661 2550 :
2700 2508 2753 2550 ct
2804 2496 2869 2549 de
2904 2492 3321 2549 necessitatibus
3352 2505 3448 2544 eo-

1880 2613 1999 2650 rum
2029 2596 2283 2649 liberavtt
2311 2606 2426 2646 eos.

1953 2709 2017 2761 Et
2038 2705 2225 2761 eduxit
2250 2718 2345 2757 eos
2369 2701 2435 2756 de
2465 2700 2707 2754 tenebris
2756 2708 2810 2754 et
2849 2697 3039 2750 umbra
3104 2693 3294 2746 mortis
3334 2708 3348 2745 :
3385 2700 3443 2745 et

1878 2798 2094 2852 vincula
2122 2808 2310 2848 eorum
2338 2792 2586 2860 diripuit.

1944 2888 2320 2945 Conliteantur
2352 2884 2580 2936 Domino
2626 2879 3021 2934 misericordis
3053 2879 3193 2949 ejus,
3242 2890 3299 2932 et
3339 2878 3443 2931 mi-

1880 2983 2074 3039 rabilia
2098 2981 2217 3051 ejus
2246 2978 2373 3033 [iliis
2397 2976 2707 3030 hominum.

287 3054 407 3118 Quia
424 3059 671 3111 contrivit
707 3070 889 3129 portas
911 3077 1077 3117 (creas
1100 3078 1119 3116 :
1152 3073 1198 3114 et
1228 3073 1393 3117 vet-tes
1414 3067 1607 3134 ferreos
1636 3085 1758 3122 con-
1798 3082 1839 3137 ο
1943 3074 2080 3140 Quia
2126 3069 2388 3125 contrivit
2443 3076 2627 3137 portas
2676 3080 2847 3120 aereas
2879 3080 2895 3119 ε
2930 3073 2986 3118 et
3042 3072 3224 3118 vectes
3242 3063 3447 3118 ferreos

229 3146 376 3217 fregit.

280 3238 500 3312 Suscepit
528 3261 621 3298 eos
647 3246 709 3299 de
730 3245 814 3301 via
836 3247 1126 3317 iniquitatis
1153 3265 1331 3304 eorum
1355 3265 1375 3304 :
1404 3263 1616 3320 propter
1634 3254 1773 3323 inju-

229 3330 376 3383 stitins
400 3337 533 3388 enim
553 3352 687 3389 suas
720 3337 742 3368 ⁵
761 3338 1027 3393 humiliati
1049 3353 1190 3394 sunt.

285 3536 480 3591 Ontnenz
519 3557 698 3595 escam
723 3542 1032 3597 abominata
1068 3555 1146 3599 est
1208 3548 1390 3601 anima
1438 3564 1615 3602 eorum
1662 3566 1679 3603 :
1725 3560 1773 3603 et

226 3634 757 3701 “ttpt'opinquaverunt
783 3651 945 3704 usque
985 3640 1053 3689 ad
1073 3648 1255 3705 portas
1284 3643 1492 3694 mortis.

289 3719 345 3768 lit
378 3725 741 3778 clamauerunt
771 3728 841 3779 ad
872 3724 1173 3792 Dominum,
1204 3747 1318 3783 cum
1350 3733 1729 3786 tribulurentur
1756 3751 1774 3789 :

234 3823 270 3859 -:—
311 3821 353 3860 et
378 3814 401 3879 ζ
430 3814 495 3865 de
527 3816 931 3870 necessitatibus
962 3834 1138 3871 eorum
1170 3820 1409 3874 liberavit
1433 3838 1537 3874 eos.

288 3900 415 3953 Misit
438 3908 656 3959 verbum
686 3924 864 3972 suum,
888 3917 935 3960 et
957 3910 1167 3961 sanavit
1193 3925 1279 3963 eos
1310 3926 1328 3962 :
1362 3920 1410 3963 et
1465 3912 1655 3980 eripuit
1693 3930 1776 3967 eos

222 3992 273 4042 de
297 3994 683 4051 interitiouibus
710 4016 911 4053 eorum.
1052 4002 1055 4003 ⁷

283 4082 646 4153 Conﬁteantur
679 4092 903 4143 Domino
936 4093 1307 4147 misericordia:
1334 4096 1477 4164 ejus,
1528 4106 1577 4150 et
1613 4099 1780 4152 mira-

224 4176 333 4229 bilia
362 4181 475 4246 ejus
515 4184 646 4248 [iliis
684 4184 978 4238 hominum.

284 4265 344 4321 Et
374 4274 677 4341 sacriﬁcent
720 4275 1043 4343 sacriﬁcium
1083 4279 1258 4333 laudis

221 4378 365 4430 opera
397 4368 515 4433 ejus
545 4369 601 4419 in
632 4369 1008 4425 exsultatione.

283 4454 380 4517 Qui
403 4460 727 4512 descendunt
761 4475 908 4514 mare
938 4462 991 4513 in
1015 4463 1231 4515 navibus
1262 4477 1282 4515 :
1308 4465 1557 4532 facientes
1595 4480 1778 4535 opera-

220 4545 397 4601 tionem
433 4552 489 4602 in
524 4553 682 4621 aquis
705 4553 911 4607 multis.

1313 4296 1333 4334 :
1385 4291 1434 4336 et
1467 4286 1777 4338 annuntient

268 4702 496 4780 fMinus
537 4717 689 4780 recte
734 4707 939 4761 Palatio
985 4723 1089 4780 nis.
1120 4706 1340 4762 obelum
1374 4708 1521 4763 hunc
1558 4720 1782 4780 praster-

219 4777 370 4851 tltitttt
408 4797 423 4851 ς
464 4780 519 4829 in
564 4777 670 4830 ﬁne
701 4788 886 4830 autem
911 4778 1299 4846 subsequentis
1324 4777 1590 4834 versiculi
1632 4780 1783 4835 addit

224 4838 542 4904 Dinpsalma.
1096 4838 1111 4846 ’
1178 4878 1179 4881 η

282 4913 299 4987 ξ
327 4919 507 4984 Atque
540 4916 633 4971 hic
662 4918 803 4987 male
840 4917 983 4987 idem
1013 4932 1113 4969 ms.
1139 4919 1356 4972 olvelum
1386 4919 1614 4987 reSpuit.

279 4985 512 5039 ’ltcnuo
554 4988 702 5039 male
754 4986 987 5038 Palatia.
1048 5002 1148 5041 ms.
1210 4999 1257 5041 et
1320 4985 1522 5040 voculie
1566 4990 1782 5043 obelum

218 5057 452 5121 prmﬁgit,
474 5058 574 5122 qui
600 5056 970 5124 praepositioni
997 5057 1384 5124 subsequentis
1406 5059 1556 5110 verbi
1601 5061 1784 5111 eduxit

213 5137 318 5177 erat
354 5127 423 5178 de
446 5141 611 5178 nature
647 5125 1062 5196 pra-ponendus.
1126 5126 1419 5196 Subjungit
1454 5143 1608 5191 vero
1662 5130 1787 5182 huic

213 5210 422 5261 quoque
456 5194 745 5249 versiculo
772 5196 1101 5258 Dinpsalma.

279 5263 300 5293 δ
328 5268 650 5319 Pmumnen
678 5266 785 5317 hoc
818 5281 968 5322 suas.
1003 5278 1061 5318 ut
1113 5273 1168 5318 et
1212 5264 1565 5334 subsequen'i
1623 5283 1785 5321 versu

210 5335 543 5406 adverbium
580 5351 762 5403 usrjue.
791 5334 1021 5387 Pal'atin.
1058 5351 1159 5406 ms.
1185 5345 1239 5387 et
1269 5335 1438 5388 Carus
1463 5337 1619 5389 ubelo
1650 5355 1789 5406 pra--

213 5416 415 5475 notant.
440 5405 548 5468 Qui
568 5416 757 5458 autem
790 5406 916 5475 liiue
930 5405 1467 5475 sequitur_praelixus
1493 5417 1537 5458 et
1580 5410 1789 5475 Cupttia!

209 5472 412 5533 "belus.
441 5478 498 5526 in
532 5487 609 5527 (ιο
632 5490 725 5529 ms.
770 5474 1134 5536 desideratur,
1179 5472 1489 5527 Diansalma
1524 5472 1703 5529 autem
1737 5481 1788 5531 in

208 5544 427 5595 alterius
463 5549 536 5595 ab
566 5558 639 5594 eo
669 5544 925 5597 versiculi
966 5547 1074 5597 line
1128 5542 1372 5597 additur.
1423 5548 1553 5611 Qua:
1602 5549 1785 5601 omnia

212 5616 633 5664 amanuensium
660 5615 894 5680 putanda
932 5624 1060 5667 sunt
1094 5617 1239 5665 vitia.

272 5682 291 5711 '
321 5683 459 5735 Cum
502 5685 651 5751 Aug.
685 5683 877 5737 Veron.
916 5700 1048 5748 1118.,
1084 5681 1321 5749 Implevit
1359 5686 1524 5752 bonis,
1553 5694 1609 5739 et
1642 5700 1785 5751 mox,

1874 3166 2158 3235 confregit.

1945 3252 2198 3325 Suscepit
2236 3269 2333 3310 eos
2363 3254 2432 3309 de
2453 3253 2541 3308 via
2589 3250 2899 3319 iniquitatis
2932 3264 3120 3304 eorum
3171 3265 3185 3302 :
3224 3256 3447 3317 propter

1876 3348 2168 3414 injustitias
2204 3344 2344 3418 [ms.
2389 3340 2735 3414 iniquitates]
2792 3340 2938 3397 enim
2993 3355 3120 3394 snas
3166 3340 3443 3393 humiliati

1877 3447 2029 3494 sunt.

1946 3548 2176 3606 Omnem
2200 3562 2378 3602 escam
2420 3543 2731 3601 abominata
2784 3552 2872 3601 est
2900 3545 3079 3598 anima
3125 3558 3313 3597 eorum
3352 3550 3451 3596 :et

1878 3641 2340 3712 appropiaverunt
2374 3653 2548 3705 usque
2577 3638 2642 3692 ad
2674 3647 2860 3704 portas
2890 3637 3082 3689 mortis
3110 3636 3152 3688 ‘.

1950 3734 2410 3789 Etclamaverunt
2441 3729 2509 3783 ad
2540 3731 2848 3791 Dominum,
2873 3742 2995 3781 CIIII)
3016 3727 3446 3780 tribui-urentur:

1878 3838 1932 3881 et
1967 3828 2034 3881 dc
2057 3823 2480 3881 necessitatibus
2509 3836 2698 3876 eorum
2735 3819 2991 3872 liberavit
3013 3834 3127 3872 eos.

1948 3920 2091 3974 Misit
2117 3916 2343 3972 verbum
2377 3929 2560 3975 suum,
2608 3921 2663 3967 et
2688 3912 2898 3967 sanavit
2949 3926 3045 3964 eos
3089 3918 3192 3965 :et
3246 3907 3450 3977 eripuit

1879 4028 1974 4067 eos
2005 4017 2071 4064 de
2097 4008 2317 4064 interitu
2350 4021 2565 4060 eorum.

1952 4099 2329 4154 Couliteantur
2359 4095 2592 4149 Domino
2628 4092 3020 4149 misericordia:
3067 4092 3185 4161 ejus
3215 4109 3228 4145 :
3266 4100 3314 4145 e'
3344 4089 3446 4144 mi-

1883 4193 2075 4247 rabilia
2116 4192 2234 4257 ejus
2267 4190 2393 4243 ﬁliis
2426 4188 2735 4241 hominum.

1954 4284 2025 4339 Ut
2057 4282 2371 4337 sacriﬁcent
2415 4279 2741 4334 sacriﬁcium
2771 4277 2948 4333 laudis
2979 4293 2993 4330 :
3023 4286 3078 4331 et
3120 4278 3451 4335 annuntient

1887 4391 2050 4444 Opera
2077 4376 2196 4443 ejus
2223 4372 2690 4435 in;exsultatione.

1956 4464 2057 4530 Qui
2082 4463 2424 4517 descendunt
2456 4477 2604 4514 mare
2640 4462 2690 4512 in
2716 4460 2941 4514 navibus
2974 4470 2990 4513 ξ
3030 4459 3294 4514 facientes
3328 4474 3458 4531 ope-

1888 4559 2131 4609 rationes
2164 4558 2217 4608 in
2238 4554 2395 4625 aquis
2424 4554 2637 4612 multis.

1887 4710 2229 4778 compeditos,
2288 4723 2385 4775 pro
2420 4708 2656 4760 vimculis
2690 4707 2900 4776 ligatos.
2965 4706 3128 4767 Tum,
3185 4704 3456 4778 Quoniam

1889 4776 2376 4832 inamaricavernnt
2424 4779 2631 4845 eloquia
2691 4778 2920 4837 Domini,
2960 4785 3011 4829 et
3056 4777 3334 4828 consilium
3370 4776 3463 4826 Αι-

1889 4851 2079 4902 tissimi
2105 4850 2560 4900 exacerbat-erunt.
2596 4846 2659 4898 Et
2682 4847 2734 4897 iu
2771 4846 3153 4914 subsequentis
3206 4845 3461 4897 versiculi

1892 4923 2021 4977 line.
2047 4921 2133 4985 qui
2160 4919 2437 4984 adjuvaret
2461 4933 2569 4979 eos,
2598 4924 2653 4968 et
2673 4915 2899 4967 alterius
2925 4915 3290 4985 insequentis,
3322 4925 3371 4966 et
3398 4917 3462 4968 de

1891 4983 2290 5041 necessitatibus
2316 5002 2494 5038 eorum
2534 4985 2701 5038 salvos
2734 4985 2855 5052 {erit
2896 5002 3003 5037 eos.
3072 4983 3300 5048 Deinde,
3352 4985 3462 5036 vin-

1890 5059 2009 5110 cula
2047 5073 2225 5107 eorum
2249 5056 2495 5121 disrupit.
2525 5054 2891 5122 Couﬁteantur
2925 5054 3152 5107 Domino
3169 5054 3463 5107 miseratio-

1892 5144 1979 5179 nes
2009 5126 2145 5194 ejus,
2179 5142 2285 5178 etc.

1959 5198 1979 5227 ⁶
2008 5192 2218 5248 Pariter
2251 5194 2611 5264 Augustinus.
2637 5203 2691 5246 et
2716 5192 3054 5248 Veronensis
3080 5192 3240 5264 liber,
3287 5201 3335 5243 et
3365 5206 3459 5264 ap-

1888 5260 2363 5333 propinquavet'unt
2404 5280 2563 5330 usque
2592 5264 2659 5315 ad
2688 5274 2866 5330 portas
2921 5264 3137 5333 mortis:
3185 5261 3253 5333 Et
3283 5260 3463 5333 caecia-

1893 5329 2185 5396 inaverunt,
2224 5345 2330 5388 etc.
2370 5329 2507 5389 Tum
2540 5329 2692 5387 solus
2721 5332 3069 5393 Veronensis,
3101 5330 3281 5381 Salvos
3309 5329 3456 5393 fecit,

1892 5416 1952 5460 ut
1982 5406 2262 5473 superius,
2301 5418 2397 5471 pro
2430 5403 2691 5463 liberavit,
2715 5414 2769 5457 ct
2798 5402 3145 5469 subsequenti
3190 5412 3379 5473 versu,
3408 5409 3460 5449 et

1890 5477 2024 5529 eruit
2054 5468 2140 5526 eos
2175 5476 2236 5526 de
2269 5468 2603 5541 corruptione
2626 5489 2826 5526 eorum.
2851 5477 2924 5523 Ac
2951 5468 3163 5541 rursum
3196 5481 3319 5541 cum
3352 5468 3462 5520 Au-

1891 5546 2111 5613 gustino
2142 5537 2541 5609 :L‘onﬁteantur
2572 5545 2791 5595 Damitto
2811 5538 3167 5613 miserationes
3188 5537 3322 5613 ejus,
3346 5548 3455 5591 etc.

1889 5606 1950 5665 Εἰ
1992 5606 2295 5680 sacri/irent
2332 5614 2679 5677 sacriﬁcium.
2714 5622 2819 5665 rte.
2880 5608 3147 5674 Denique,
3209 5606 3457 5675 jacicnta

1898 5686 2274 5755 operationem,
2311 5699 2407 5752 pro
2434 5688 2779 5750 operatioucs.
