3898 6172
476 327 590 393 353

465 533 747 602 profundo.

541 625 713 688 Dixit,
752 635 802 679 et
839 625 978 678 stetit
1007 626 1224 693 spiritus
1251 631 1494 694 procellw
1523 648 1539 684 :
1573 643 1621 702 et
1639 634 1870 690 exaltati
1914 647 2036 689 sunt

466 721 658 786 fluctus
678 717 812 784 ejus.

541 810 839 861 Ascendunt
896 819 955 860 αε-
1006 809 1216 878 usque:
1265 811 1332 861 ad
1393 811 1566 875 caelos,
1617 825 1662 865 et
1723 797 2036 869 descendunt

471 915 531 953 ot»
555 917 712 969 usque
742 901 764 968 ζ
800 900 868 952 ad
896 903 1105 969 abyssos
1135 917 1154 956 :
1195 903 1372 956 animo
1403 919 1582 957 eorum
1613 905 1664 958 in
1705 909 1860 972 mulis
1888 910 2036 968 tabe-

464 992 657 1045 scebat.

545 1083 765 1138 Turbati
796 1093 940 1148 sunt,
969 1093 1019 1138 et
1055 1087 1182 1139 ntoti
1205 1095 1327 1139 sunt
1361 1088 1494 1140 sicut
1522 1089 1697 1142 ebrius
1725 1106 1743 1144 .'
1784 1101 1831 1144 ot
1869 1093 2037 1146 omnis

463 1177 725 1243 sapientia
753 1193 932 1230 eorum
965 1179 1213 1230 devorata
1248 1188 1344 1232 est.

535 1266 604 1330 Et
631 1268 995 1322 clamauerunt
1027 1271 1097 1322 ad
1125 1270 1432 1332 Dominum.
1463 1258 1587 1328 cum.
1615 1277 1996 1332 tribularentur
2017 1297 2035 1332 .·

464 1370 510 1411 et
544 1360 607 1411 de
636 1361 1024 1414 necessitatibus
1055 1378 1237 1416 eorum
1267 1364 1444 1418 eduxit
1479 1383 1586 1420 eos.

540 1464 599 1505 σι-
633 1451 698 1503 Et
729 1452 749 1519 ζ
784 1453 973 1503 statuit
1009 1455 1287 1520 procellam
1316 1468 1375 1509 -t-
1407 1457 1519 1524 ejus
1556 1457 1577 1525 ζ
1629 1460 1681 1512 in
1715 1478 1904 1513 auram
1942 1479 1958 1516 :
1989 1473 2036 1514 et

464 1543 722 1594 siluerunt
745 1545 931 1610 [luctus
969 1545 1102 1614 ejus.
1417 1545 1420 1548 ”

537 1634 602 1685 Et
633 1633 648 1664 ¹
682 1632 844 1688 (tutati
873 1645 994 1689 sunt
1023 1639 1144 1704 quia
1172 1629 1432 1694 siluerunt
1464 1657 1482 1696 :
1531 1651 1580 1695 et
1611 1643 1823 1698 deduxit
1870 1663 1953 1700 eos
1983 1625 2036 1701 in

463 1733 672 1784 portum
701 1723 979 1780 voluntatis
1004 1744 1204 1782 eorum.

535 1813 899 1882 Conﬁteantur
951 1818 1173 1872 Domino
1224 1823 1592 1880 misericordia:
1622 1828 1757 1897 ejus,
1785 1838 1835 1881 et
1874 1833 2038 1887 mirae

465 1904 588 1956 bilia
613 1906 725 1974 ejus
746 1906 870 1974 [iliis
893 1908 1159 1960 hominum
1197 1925 1216 1962 :

539 1996 600 2050 Et
633 1997 866 2050 exultent
894 2014 1011 2050 cunt
1036 2000 1088 2051 in
1115 1999 1330 2054 ecclesia
1361 2003 1520 2071 plebis
1553 2021 1570 2059 :
1605 2017 1652 2060 et
1701 2009 1753 2061 in
1784 2010 2033 2063 cathedra

463 2089 726 2140 seniorum
756 2088 970 2147 laudent
999 2107 1137 2144 eum.

539 2177 718 2236 Posuit
759 2183 986 2250 ﬂumina
1037 2187 1090 2236 in
1139 2185 1452 2241 desertum:
1495 2197 1543 2240 et
1575 2191 1746 2244 exitus
1774 2209 2036 2262 aquarum

466 2273 515 2320 in
542 2271 701 2322 sitim.

537 2361 750 2414 Terram
797 2363 1129 2433 fructiferam
1179 2369 1233 2422 in
1265 2369 1610 2440 salsuginem,
1661 2392 1690 2426 a
1719 2374 1922 2428 malitia
1957 2378 2034 2427 in-

463 2452 606 2505 habit
625 2455 812 2506 .ntiutn
839 2455 890 2507 in
913 2471 973 2508 ea
1002 2458 1044 2510 ’.

530 2544 711 2604 Posuit
733 2547 993 2610 desertum
1021 2551 1078 2603 in
1099 2561 1288 2620 stagna
1313 2570 1610 2623 aquarum:
1632 2569 1678 2610 et
1705 2568 1897 2612 terram
1921 2562 2036 2613 sine

465 2655 601 2705 aq'ta
627 2639 678 2690 in
710 2641 879 2692 exitus
903 2659 1188 2708 aquarum.

539 2730 601 2782 lc't
637 2731 909 2786 collocavit
943 2735 1056 2788 illic
1088 2737 1375 2790 esurientes
1404 2754 1422 2791 :
1467 2749 1512 2792 et
1548 2743 1924 2795 consti‘uerunt
1957 2747 2030 2798 ci-

461 2839 488 2872 u
516 2831 680 2874 tatem
705 2824 1072 2881 habitationis.

531 2917 600 2982 Et
621 2917 1014 2970 seminaverunt
1049 2936 1228 2987 agros,
1253 2930 1299 2972 et
1335 2920 1707 2988 pluntaverunt
1734 2929 1908 2982 vineas
1938 2945 1956 2981 :
1985 2940 2031 2981 et

463 3007 586 3074 facet
603 3019 692 3058 unt
717 3009 942 3073 fructum
967 3013 1275 3066 nativitatis.

1368 335 1425 395 S.
1475 337 1906 400 lllEliONYMl
1957 347 2221 408 DIVINA
2265 349 2792 415 BlBLlOTllECA.

545 437 660 508 Ipsi
692 440 928 494 viderunt
953 456 1110 510 opera
1141 441 1366 509 Domini,
1398 456 1444 497 et
1492 448 1761 502 mirabilia
1827 451 1941 519 ejus
1990 455 2040 504 in
2077 463 2114 515 Α

3570 363 3656 427 3H

2223 459 2323 526 Ipsi
2357 458 2612 513 viderunt
2642 475 2803 528 opera
2835 458 3070 523 Domini,
3111 468 3164 514 et
3193 462 3439 519 mirabilia
3479 469 3580 537 eius
3611 475 3655 527 in

2143 550 2441 616 profundo.

2213 642 2377 704 Dixit,
2405 651 2462 697 et
2497 647 2649 698 stetit
2674 646 2894 714 Spiritus
2923 647 3174 716 procellae
3202 661 3215 699 :
3244 657 3295 703 et
3325 651 3526 704 exaltati
3551 663 3660 709 sunt

2138 729 2336 784 ﬂuetus
2367 732 2506 800 ejus.

2211 824 2534 880 Ascendnnt
2566 842 2737 895 usque
2771 829 2838 881 ad
2867 830 3054 894 caelos,
3086 839 3144 886 ct
3168 831 3490 888 descendunt
3515 850 3660 903 usque

2141 914 2204 965 atl
2232 915 2453 981 abyssos
2491 934 2503 976 :
2535 920 2712 972 anima
2744 936 2934 978 eorum
2978 924 3212 989 initialis
3263 925 3571 980 tabescebat.

2213 1093 2437 1151 Turbati
2479 1108 2625 1160 sunt,
2663 1107 2718 1152 et
2749 1099 2879 1154 moti
2925 1100 3216 1156 suntsicut
3244 1100 3460 1156 ebrius:
3495 1113 3543 1158 et
3593 1118 3664 1158 sa-

2141 1185 2343 1252 pientia
2374 1201 2562 1239 eorum
2603 1188 2867 1257 deglulita
2897 1201 3001 1246 est.

2211 1278 2279 1331 Et
2309 1279 2719 1346 domaverunt,"
2749 1281 2813 1333 ad
2865 1281 3179 1347 Dominum,
3217 1299 3335 1337 cum
3373 1285 3666 1339 tribulareno

2142 1379 2230 1424 tur
2269 1388 2282 1425 :
2313 1373 2456 1425 etde
2490 1374 2915 1428 necessitatibus
2944 1389 3134 1428 eorum
3165 1375 3414 1431 liberavit
3440 1393 3543 1432 eos.

2216 1462 2280 1517 Et
2308 1464 2496 1518 statuit
2529 1465 2820 1533 procellam
2849 1466 2903 1520 in
2935 1481 3123 1522 auram
3157 1485 3173 1522 :
3231 1479 3284 1521 et
3311 1468 3563 1525 siluerunt
3584 1471 3670 1525 ﬂu-

2142 1564 2264 1610 ctus
2303 1557 2518 1624 ejus,et
2542 1555 2707 1610 ltetati
2739 1565 2866 1610 sunt
2902 1558 3046 1626 quod
3088 1558 3374 1615 siluerunt.

2212 1645 2278 1699 Et
2310 1647 2499 1701 eduxit
2529 1662 2624 1700 eos
2656 1647 2706 1699 in
2728 1658 2944 1717 portum
2985 1649 3277 1705 voluntatis
3298 1665 3478 1705 eorum
3506 1668 3520 1709 ζ
3552 1649 3673 1705 etde

2145 1739 2560 1792 necessitatibus
2591 1753 2780 1792 eorum
2817 1740 3071 1794 liberavit
3102 1757 3219 1795 eos.
3591 1749 3595 1752 ’

2212 1829 2593 1883 (Jonlitcantur
2619 1831 2847 1884 Domino
2881 1831 3270 1886 misericordiae
3297 1833 3431 1903 ejus,
3458 1844 3508 1889 et
3532 1833 3672 1887 mira-

2145 1919 2270 1972 bilia
2293 1918 2416 1989 [ms.
2444 1916 2812 1988 admirabilia]
2849 1919 2966 1986 ejus
3001 1918 3124 1971 tiliis
3163 1920 3458 1973 hominum.

2215 2009 2277 2062 Et
2306 2009 2545 2062 exaltent
2575 2024 2696 2061 eum
2732 2009 2783 2060 in
2817 2009 3052 2062 ecclesia
3088 2010 3264 2076 plebis
3292 2010 3410 2082 [ms.
3441 2007 3669 2080 populi]:

2140 2111 2190 2153 et
2231 2101 2283 2153 in
2316 2099 2573 2153 cathedra
2606 2101 2886 2154 seniorum
2912 2100 3135 2153 laudent
3165 2117 3315 2155 eum.

2209 2190 2343 2255 Quia
2367 2190 2489 2261 [τηε.
2518 2200 2618 2244 tac.
2654 2189 2816 2263 Quia]
2849 2193 3030 2260 posuit
3052 2191 3280 2247 ﬂumina
3313 2194 3365 2247 in
3392 2193 3675 2248 desertum:

2139 2293 2192 2336 et
2224 2285 2403 2337 exitus
2426 2300 2689 2353 aquarum
2722 2285 2777 2338 in
2808 2287 2977 2339 sitim.
3045 2352 3049 2355 _

2211 2375 2433 2428 Terram
2468 2376 2802 2430 l'ructiieram
2837 2377 2888 2436 in
2938 2375 3372 2446 salsilaginemf,
3413 2392 3442 2430 a
3499 2375 3679 2446 malitia

2141 2467 2560 2521 inhabitantium
2586 2467 2640 2522 in
2673 2483 2758 2525 ea.

2210 2558 2400 2611 Posuit
2419 2558 2695 2612 desertum
2715 2559 2767 2610 in
2787 2567 3039 2627 stagnum
3059 2573 3249 2615 acuat:
3278 2569 3333 2613 et
3355 2568 3552 2612 terram
3574 2556 3676 2610 sine

2139 2668 2277 2720 auita
2313 2652 2364 2704 in
2391 2651 2572 2704 exitus
2602 2665 2890 2717 aquarum.
3597 2643 3605 2651 ’

2211 2745 2274 2799 Et
2303 2744 2584 2798 collocavit
2615 2743 2722 2796 illic
2753 2741 3082 2805 esurientes,
3102 2753 3157 2797 et
3189 2744 3589 2799 constituerunt
3612 2743 3682 2797 ci-

2138 2839 2359 2891 vitatem
2387 2834 2758 2889 habitationis.

2210 2931 2272 2983 iit
2304 2928 2713 2984 seminaverunt
2738 2941 2918 2995 agros,
2949 2938 3006 2981 et
3031 2929 3423 2996 plantavernut
3471 2927 3680 2980 vineas:

2137 3033 2187 3075 et
2213 3022 2456 3075 fecerunt
2487 3019 2720 3072 fructum
2758 3018 3078 3074 nativitatis.

539 3095 601 3167 Et
659 3098 914 3165 benedixit
966 3101 1059 3161 eis,
1104 3111 1154 3153 et
1199 3104 1539 3172 multiplicati
1596 3119 1717 3161 sunt
1769 3111 1946 3177 nimis,
1984 3122 2032 3166 et
2062 3125 2105 3182 ο
2209 3115 2275 3168 Et
2302 3112 2721 3173 benedixiteos,
2752 3120 2809 3164 et
2849 3112 3192 3178 multiplicati
3221 3121 3350 3167 sunt
3405 3111 3561 3165 nimis
3607 3119 3686 3162 :et

455 3189 694 3254 jumenta
719 3207 894 3244 eorum
924 3209 1026 3244 non
1058 3195 1358 3250 minoravit.

531 3279 796 3350 Et-pauci.
826 3283 956 3350 facti
987 3297 1128 3346 sunt,
1161 3295 1208 3344 et
1238 3290 1413 3340 uexati
1451 3301 1594 3354 sunt,
1628 3310 1659 3346 a
1691 3295 2032 3351 tribulatione

463 3371 725 3441 malorum
759 3385 805 3425 et
837 3374 1035 3428 dolore.

531 3466 711 3534 Effusa
743 3475 818 3519 est
853 3469 1163 3535 contemptio
1200 3469 1219 3500 ³
1245 3487 1402 3538 super
1431 3473 1690 3544 principes
1717 3491 1736 3528 :
1775 3483 1823 3528 ct
1846 3494 2031 3532 errare

463 3557 580 3623 fecit
615 3572 698 3608 eos
734 3558 784 3610 in
815 3558 973 3621 inrtio,
1008 3574 1054 3612 et
1085 3578 1186 3628 non
1214 3564 1266 3613 in
1295 3565 1397 3624 via.

539 3645 603 3699 Et
640 3647 839 3714 adiuuit
870 3667 1150 3718 pauperem
1187 3654 1246 3704 de
1280 3657 1459 3724 inopia
1494 3672 1511 3708 :

462 3756 576 3796 oves
614 3741 718 3808 fam
729 3742 871 3798 ilius.

539 3829 783 3883 Videbunt
834 3833 979 3902 redi,
1038 3842 1086 3902 et
1137 3834 1512 3906 lwtabun:ur:
1561 3842 1730 3894 omnis
1777 3843 2030 3912 iniquitas

464 3920 712 3989 oppilnbit
741 3939 798 3976 as
830 3940 1004 3982 suum.

531 4013 661 4078 Quis
689 4017 917 4082 sapiens,
945 4026 991 4068 et
1026 4020 1278 4074 custodiet
1309 4021 1422 4086 lucc
1450 4021 1474 4073 ?
1503 4029 1567 4075 et,
1586 4023 1841 4093 intelliget
1878 4030 2030 4080 mise-

464 4107 723 4160 ricordias
761 4106 966 4161 Domini
992 4110 1016 4160 ἵ)

1559 3666 1608 3728 et
1663 3662 1832 3727 posuit
1891 3663 2024 3720 sicut

2136 3206 2382 3276 jutnenta
2415 3218 2607 3257 eorum
2641 3217 2744 3253 non
2777 3211 2907 3254 sunt
2939 3202 3232 3255 minorata.

2213 3297 2375 3351 Pauci
2413 3295 2538 3348 facti
2569 3304 2716 3359 sunt,
2747 3301 2803 3346 et
2849 3293 3024 3346 vexati
3085 3304 3238 3358 sunt,
3292 3309 3322 3348 a
3367 3292 3693 3347 tribulatione

2142 3390 2406 3442 malorum
2433 3393 2487 3439 et
2517 3385 2790 3437 dolorum.

2211 3479 2277 3534 Et
2303 3479 2475 3531 effusa
2506 3485 2588 3529 est
2620 3474 2952 3542 contemptio
2973 3490 3137 3542 super
3171 3475 3452 3544 principes
3473 3487 3648 3528 eorum
3681 3486 3694 3522 :

2142 3584 2198 3626 et
2229 3569 2563 3624 seduxerunt
2591 3578 2684 3616 eos
2707 3564 2758 3614 in
2787 3563 2953 3625 invio,
2980 3572 3036 3616 et
3061 3580 3167 3616 non
3203 3565 3257 3616 in
3293 3565 3400 3616 via.

2214 3660 2280 3713 Et
2304 3654 2581 3725 adjuvavit
2604 3668 2894 3722 pauperem
2926 3655 2994 3708 de
3021 3654 3203 3722 inopia
3241 3670 3254 3707 :
3283 3665 3342 3708 et
3371 3652 3550 3722 posuit
3571 3651 3695 3706 sicut

2141 3768 2274 3807 oves
2305 3749 2556 3804 familias.

2213 3842 2488 3900 Videbunt
2521 3839 2681 3905 recti,
2709 3847 2765 3892 et
2797 3837 3127 3892 laetabuntur
3172 3851 3188 3890 :
3223 3847 3282 3890 et
3308 3837 3490 3891 omnis
3516 3833 3698 3904 iniqui-

2141 3945 2222 3991 tas
2255 3930 2520 4001 oppilabit
2553 3945 2617 3984 os
2646 3946 2828 3984 suum.

2205 4025 2337 4089 Quis
2360 4022 2600 4090 sapiens,
2628 4031 2684 4074 et
2717 4019 2992 4074 custodiet
3014 4019 3130 4074 haec
3157 4020 3181 4073 ἲ
3208 4030 3268 4076 et
3291 4030 3425 4076 tunc
3455 4017 3699 4086 intelliget

2137 4113 2544 4182 misericordias
2567 4113 2778 4166 Dntnini
2806 4112 2829 4165 ?

1794 4188 2038 4286 PSALM
2051 4219 2144 4279 us
2197 4216 2370 4287 cvtt.

874 4312 1140 4353 CANTICUM
1169 4314 1354 4354 ιιεΑωίι
1389 4301 1407 4333 ⁸
1438 4317 1617 4371 mvtp.

540 4388 796 4442 Paratum
822 4405 912 4441 cor
940 4406 1130 4453 meum,
1156 4390 1315 4456 Deus,
1341 4407 1402 4451 οι-
1431 4403 1678 4463 paratum
1704 4411 1793 4458 cor
1813 4414 1982 4456 meum
2005 4399 2026 4466 ζ

465 4483 690 4546 cantabo
723 4492 770 4536 et
803 4483 1032 4551 psallam
1058 4485 1112 4536 in
1141 4484 1314 4553 gloria
1347 4501 1485 4540 mea.

537 4596 554 4624 ¹
586 4595 765 4649 Minus
811 4597 1008 4646 iterum
1039 4594 1178 4648 bene
1210 4596 1440 4649 Palatia.
1495 4614 1597 4653 ms.
1629 4610 1682 4655 et
1728 4602 1923 4657 Carus.
1971 4615 2019 4657 et

464 4665 714 4731 copulant
741 4679 870 4716 veru
902 4663 1246 4717 confodiunt.
1274 4665 1330 4718 ln
1355 4666 1461 4721 ﬁne
1494 4677 1676 4725 autem
1702 4688 1892 4726 versus
1919 4690 2023 4727 ms.

464 4734 615 4791 addit
647 4732 982 4800 Diapsalmtt.
1863 4793 1868 4798 _

395 4828 399 4832 -
528 4805 547 4833 ¹
585 4801 819 4872 Voculas
871 4802 924 4870 in
978 4817 1039 4855 ea
1081 4817 1299 4858 rursum
1329 4803 1606 4862 immerito
1650 4810 1884 4866 Palatin.
1919 4830 2023 4872 ms.

462 4872 622 4925 nbelo
653 4872 886 4940 jugulat.

526 4944 544 4973 ³
575 4942 762 5009 Neque
804 4943 890 4999 hic
930 4941 1066 4997 bene
1097 4943 1149 4998 in
1184 4943 1428 5000 Palatino
1460 4963 1559 5002 ms.
1595 4953 1858 5005 contentio
1889 4955 2026 5009 scri-

463 5014 635 5075 bitur,
665 5027 760 5078 pro
795 5014 1130 5081 contemptio.

431 5083 437 5088 ’
538 5087 558 5137 ’τ
595 5081 651 5135 lit
682 5093 838 5158 recto
862 5083 1022 5158 habet
1050 5084 1193 5158 idem
1227 5102 1328 5151 ms.
1365 5086 1632 5146 Psalmus.
1658 5091 1829 5146 Carus
1852 5093 2024 5158 addit,

464 5152 756 5228 praeposito
787 5151 962 5215 obelo,
995 5154 1189 5221 ipsi.lu
1228 5167 1374 5211 textu
1399 5162 1614 5213 nbelutn
1639 5163 1813 5228 prium
1844 5151 2024 5216 statim

466 5222 624 5299 versu
661 5222 802 5299 idem
831 5236 931 5279 ms.
965 5233 1170 5299 temere
1204 5227 1428 5299 omittit.
1463 5229 1534 5281 De
1567 5222 1920 5299 subsequenti
1951 5239 2027 5283 vi-

461 5295 608 5347 (Ιοεθίὸ
659 5291 1058 5364 Hieronymum
1087 5295 1139 5347 in
1169 5298 1330 5362 epist.
1367 5302 1430 5349 ad
1462 5291 1809 5352 Sunuianr'et
1837 5301 2026 5354 Frete-

461 5368 586 5427 lam,
616 5372 668 5415 ct
693 5363 816 5429 ante
858 5377 958 5418 nos
992 5363 1064 5416 ibi
1087 5365 1466 5420 observamus.
1561 5365 1578 5378 '

533 5435 552 5464 ⁵
594 5431 923 5496 Veronensis
958 5447 1084 5498 tns.,
1143 5433 1454 5500 Conturbati
1511 5449 1654 5500 sunt,
1709 5447 1758 5492 et
1783 5441 2028 5493 commoti

457 5513 579 5556 sunt
605 5505 735 5554 sicut
767 5501 940 5578 ebrius
969 5517 988 5555 :
1014 5514 1060 5554 et
1088 5505 1256 5555 omnis
1284 5508 1543 5571 sapientia
1570 5525 1750 5562 eorum
1777 5511 2029 5578 absorpta

459 5585 554 5625 est.
591 5573 654 5624 Et
686 5571 1135 5637 exclamaverunt,
1170 5585 1305 5634 etc.,
1343 5585 1398 5627 et
1429 5579 1490 5629 de
1521 5579 1913 5630 necessitatibus
1936 5571 2028 5632 eo-

461 5659 578 5694 rum
607 5640 784 5714 eduxit
813 5655 920 5693 eus.
967 5643 1179 5714 Quibus
1206 5648 1494 5710 postremis
1521 5649 1701 5701 verbis
1724 5650 2030 5714 Augustino

461 5711 751 5782 consentit,
791 5723 845 5760 ll’.
896 5720 949 5762 et
986 5711 1068 5782 his
1098 5728 1220 5778 qnte
1260 5729 1563 5782 sequuntur
1600 5737 1614 5772 ι
1653 5717 1717 5770 Et
1751 5711 2028 5782 imperavit

462 5780 728 5848 procellae,
787 5788 833 5830 et
876 5779 1017 5831 stetit
1051 5781 1103 5832 in
1151 5779 1358 5849 auranf,
1392 5779 1491 5838 ille.
1533 5790 1680 5857 (ms.,
1722 5779 1945 5858 aulam),
1981 5799 2027 5840 ct

2587 4317 2849 4360 esurienti
2887 4316 3066 4361 PSAth
3104 4317 3266 4356 nmo
3293 4302 3334 4353 ⁷.

2224 4399 2476 4466 Paratum
2509 4413 2604 4457 cor
2635 4412 2835 4458 meum,
2866 4395 3026 4456 Dens,
3084 4399 3345 4460 paratum
3376 4407 3472 4444 cor
3494 4402 3660 4443 meum
3686 4401 3699 4436 :

2139 4491 2374 4546 cantabo.
2403 4499 2457 4542 et
2487 4488 2754 4556 psalmum
2789 4487 2964 4542 dicant
3001 4487 3261 4540 Domino.

2125 4601 2410 4673 jucundati
2437 4609 2578 4673 sunt,
2608 4599 2859 4673 quoniam
2895 4598 3288 4673 siluerunt._Et
3313 4597 3633 4673 deduxiteos
3655 4594 3702 4669 in

2132 4665 2339 4740 portum
2368 4665 2655 4725 uoluntatis
2679 4683 2877 4740 eorum.
2935 4669 3320 4740 praetermisso
3345 4668 3520 4740 altera
3545 4665 3702 4740 benti:

2132 4729 2419 4800 stichio.ct
2453 4740 2515 4790 de
2543 4729 3137 4794 necessitatibus'eorum
3172 4735 3425 4790 liberauit
3446 4750 3552 4797 eos,
3573 4729 3700 4800 quod

2131 4821 2186 4868 et
2228 4813 2474 4878 plerique
2514 4807 2689 4860 Latini
2730 4807 2820 4858 alii
2864 4806 2988 4858 libri
3028 4806 3329 4878 ignorant.
3373 4805 3545 4857 Porro
3579 4811 3632 4854 ut
3655 4809 3704 4852 et

2130 4875 2400 4952 superius
2416 4877 2797 4952 miserationes,
2844 4889 2940 4942 pro
2961 4875 3381 4952 niisericordite.

2203 4944 2237 4996 δ.
2261 4947 2406 5000 Idem
2443 4963 2543 5001 ius.
2569 4947 2724 5021 juxta
2746 4944 3132 5011 Augustinum,
3162 4946 3219 4996 in
3252 4945 3489 5021 salinas,
3511 4950 3706 5021 etut-01

2133 5019 2372 5086 plurium
2410 5009 2664 5086 numero,
2701 5017 2754 5086 in
2781 5009 2988 5086 stagna
3003 5029 3300 5086 aquarum.
3342 5013 3509 5070 Tum,
3623 5012 3707 5060 Ita-

2132 5081 2303 5140 bitare
2328 5086 2446 5154 fecit
2479 5085 2588 5138 illic
2615 5085 2918 5156 esurientes.
2950 5081 3036 5156 Et,
3055 5081 3594 5156 frnctumfrumenti,
3621 5093 3708 5156 pro

2133 5150 2447 5215 nativitatis,
2486 5165 2543 5207 ut
2575 5164 2627 5206 et
2671 5154 2867 5207 deinde
2904 5150 3074 5213 valde,
3118 5165 3226 5217 pro
3260 5153 3445 5215 nimis,
3483 5159 3539 5204 et
3564 5150 3715 5201 dentis

2132 5238 2261 5278 nuta
2296 5242 2393 5293 pro
2421 5226 2708 5277 minorata.
2763 5221 3024 5293 sequitur
3061 5221 3186 5293 :pljlt
3232 5221 3398 5289 pauci
3423 5220 3712 5293 facti_sunt,

2129 5307 2178 5347 ct
2210 5287 2382 5347 cex-oti
2415 5303 2534 5348 sunt
2581 5311 2613 5346 a
2667 5287 3007 5367 tribulatione
3059 5287 3316 5367 doloritm
3352 5287 3430 5340 et?
3461 5287 3711 5367 malorum

2131 5368 2447 5436 (Augustin.
2504 5369 2765 5420 malarum
2813 5369 2862 5422 et
2907 5359 3131 5428 dolore).
3196 5358 3426 5436 Caetera
3449 5359 3564 5436 pari
3591 5371 3713 5436 con:

2129 5430 2313 5494 sens'u.
2353 5433 2568 5502 E/fusns
2612 5443 2691 5505 est
2743 5439 3065 5505 contemptus
3114 5445 3285 5498 super
3340 5430 3716 5505 principes,_et

2129 5506 2336 5556 seduxit
2364 5521 2468 5567 eos,
2503 5513 2608 5557 etc.
2648 5501 2713 5555 Et
2743 5501 2949 5570 adjuvit
2978 5514 3269 5574 pauperem
3299 5517 3336 5552 α
3364 5501 3714 5574 mendicitate,

2131 5584 2241 5626 etc.
2276 5574 2526 5626 Videbunt
2557 5574 2705 5632 recti,
2735 5579 2785 5622 ct
2800 5571 3269 5636 jucundabuntur,
3297 5579 3441 5635 ete.,
3469 5570 3715 5630 denique,

2135 5643 2202 5695 Et
2232 5645 2481 5712 intelliget
2521 5643 2882 5712 miserationes
2923 5638 3155 5712 Domini.

2171 5716 2189 5746 ⁷
2234 5705 2553 5766 Inscr-ibitur
2589 5716 2641 5764 ttt
2683 5708 2980 5763 Veronensi
3015 5722 3113 5784 ms.
3154 5708 3231 5784 In»
3286 5709 3450 5784 linem
3487 5705 3719 5784 Psalmns

2123 5787 2232 5855 ipsi
2286 5783 2472 5837 David.
2532 5783 2586 5836 ln
2645 5790 2794 5835 textu
2825 5794 2948 5834 euut
3000 5782 3345 5846 Augustino,
3387 5778 3642 5841 Cantabr),
3677 5783 3720 5825 ct
