3898 6172
385 191 398 194 _
433 245 536 312 347

1352 249 1411 312 S.
1455 249 1893 311 HIERONYMI
1937 249 2209 313 DlVlNA
2255 249 2786 311 BIBLIOTUECA.

3532 259 3622 324 348

1983 403 1997 418 .
2033 371 2078 428 Α
2176 365 2295 419 Fiat
2326 364 2593 419 habitatio
2624 365 2746 433 ejus
2777 362 2996 419 deserta
3029 377 3044 417 :
3076 371 3132 419 et
3156 377 3260 418 non
3288 363 3466 434 sitqui
3492 367 3628 425 iulia-

497 547 539 608 Γ
535 551 650 604 iant
684 551 793 604 dies
844 551 959 620 ejus
1011 547 1208 618 pauci:
1245 559 1307 604 4-
1349 556 1400 601 et
1445 546 1853 619 :epismpatum
1883 549 1999 617 ejus

423 644 650 704 cccipiat
673 643 828 694 alter.
866 626 877 638 ’

496 731 659 787 Fiant
689 732 788 800 ﬁlii
813 731 925 801 ejus
953 733 1178 800 orpitani
1206 745 1224 784 :
1260 741 1307 785 et
1339 747 1472 785 uxor
1503 731 1617 801 ejus
1640 731 1822 785 vidua.

500 825 764 876 Nutantes
816 823 1214 892 transferantur
1249 823 1351 892 ﬁlii
1386 825 1521 893 ejus,
1563 833 1611 878 et
1659 825 1956 878 mendicent
1980 839 2002 880 :

425 927 475 970 et
514 918 526 946 ¹
551 917 841 986 ejiciantur
874 917 936 968 de
962 917 1374 971 habitationibus
1403 917 1541 970 suis.

493 1007 766 1063 Scrutetur
817 1011 1085 1077 fenerator
1123 1026 1327 1064 omnem
1387 1010 1742 1064 substantiam
1796 1009 2004 1078 ejusx

425 1111 471 1154 et
506 1101 528 1167 ζ
557 1101 816 1165 diripiant
845 1099 1011 1152 alieni
1047 1099 1254 1152 labores
1283 1099 1420 1165 ejus.

500 1193 623 1247 Non
647 1196 715 1246 s.—'t
743 1194 822 1246 illi
853 1193 1076 1260 adjutor
1105 1209 1122 1248 :
1149 1208 1244 1246 nec
1276 1193 1341 1246 sit
1370 1194 1461 1261 qui
1496 1192 1809 1247 misereatur
1829 1190 2005 1262 pupil-

429 1290 492 1338 lis
523 1287 660 1354 ejus.

497 1377 658 1432 Fiant
691 1381 804 1433 nati
833 1379 948 1448 ejus
990 1381 1044 1433 in
1076 1378 1351 1433 interitum
1378 1393 1397 1433 :
1448 1377 1503 1431 in
1528 1378 1865 1448 generatione
1899 1393 2007 1431 una

428 1470 673 1523 deleatur
701 1487 886 1524 nomen
917 1471 1056 1536 ejus.

501 1559 564 1614 In
620 1564 924 1614 memoriam
983 1561 1160 1616 redeat
1217 1563 1470 1631 iniquitas
1531 1566 1747 1630 patrum
1786 1557 1899 1626 eius
1951 1554 2005 1608 in

431 1661 713 1722 conspectu
768 1651 1026 1706 Domini:
1081 1661 1132 1706 et
1187 1663 1460 1722 peccatum
1511 1650 1696 1704 matris
1731 1649 1849 1719 ejus
1903 1663 2008 1700 non

431 1741 692 1796 deleatur.

505 1831 662 1885 Fiant
697 1842 883 1885 contra
940 1832 1223 1886 Dominum
1280 1846 1509 1898 semper,
1561 1839 1610 1884 et
1653 1829 1909 1898 dispereat
1943 1825 2008 1879 de

433 1935 574 1976 terra
613 1924 866 1975 memoria
892 1939 1070 1976 eorum
1093 1939 1112 1977 :
1142 1939 1237 1992 pro
1267 1924 1287 1956 ⁸
1341 1939 1401 1976 eo
1427 1923 1567 1992 quod
1595 1935 1700 1974 non
1728 1928 1807 1973 est
1837 1933 2010 1971 recor-

432 2017 590 2069 datus
626 2015 800 2084 faeere
833 2016 1273 2068 misericordiam.

499 2107 568 2171 Et
591 2118 891 2176 persecutus
916 2116 991 2161 est
1021 2109 1281 2161 hominem
1309 2109 1515 2177 inopem
1545 2113 1594 2160 et
1613 2103 1928 2167 mendicum,
1961 2110 2011 2155 et

434 2210 803 2267 compunctum
836 2199 991 2254 corde
1025 2200 1368 2267 mortiﬁcare.

504 2382 573 2433 Et
623 2378 806 2433 dilexit
854 2379 1292 2441 maledictionem,
1339 2391 1386 2433 et
1434 2381 1597 2433 veniet
1631 2381 1677 2433 ei
1715 2395 1732 2433 :
1771 2390 1818 2432 et
1844 2379 2012 2435 noluit

434 2473 864 2536 benedictionem,
901 2481 949 2523 et
981 2471 1319 2539 elongabitnr
1353 2476 1417 2523 ab
1446 2488 1525 2526 eo.

508 2565 575 2618 Et
629 2564 798 2616 induit
833 2562 1253 2623 maledictionem
1305 2565 1441 2617 sicut
1498 2565 1912 2618 vestimentum:
1963 2573 2014 2616 et

436 2659 655 2712 intravit
687 2658 822 2710 sicut
853 2673 995 2726 aqua
1027 2656 1082 2710 in
1113 2658 1374 2710 interiora
1410 2658 1546 2726 ejus,
1595 2667 1643 2710 et
1670 2659 1802 2711 sicut
1839 2656 2012 2710 oleum

438 2754 492 2803 in
524 2749 721 2802 ossibus
748 2748 884 2818 ejus.

507 2842 626 2896 Fiat
657 2843 705 2894 ei
751 2843 884 2895 sicut
938 2842 1302 2895 vestimentum
1352 2858 1453 2910 quo
1478 2843 1717 2912 operitur
1749 2856 1765 2895 :
1799 2850 1848 2894 et
1878 2842 2014 2895 sicut

437 2951 594 2992 zona.
629 2950 731 3001 qua
753 2949 957 3002 semper
991 2935 1356 3002 prazcingitur.

520 3024 619 3079 Hoc
643 3040 772 3091 opus
799 3041 1004 3084 eorum,
1037 3024 1124 3090 qui
1154 3028 1440 3078 detrahunt
1472 3025 1596 3079 mihi
1639 3025 1781 3092 apud
1833 3025 2015 3078 Donti-
2047 3044 2093 3102 ο

443 3131 565 3167 num
599 3116 618 3145 ³
647 3130 666 3168 :
720 3107 767 3167 et
819 3115 909 3182 qui
952 3115 1242 3184 loquuntur
1275 3115 1421 3170 mula
1479 3119 1728 3171 adversus
1779 3119 2017 3171 animam

443 3222 635 3258 meam.

512 3297 577 3350 Et
605 3307 684 3358 tu,
715 3296 952 3360 Domine,
993 3295 1234 3362 Domine,
1255 3296 1339 3365 fac
1371 3313 1573 3350 mecum
1597 3310 1811 3369 propter
1833 3315 2020 3354 nomen

445 3398 590 3441 tuum
614 3403 633 3441 :
667 3389 790 3456 quia
818 3389 996 3444 suavis
1030 3399 1102 3442 est
1141 3389 1505 3442 misericordia
1532 3398 1647 3444 tua.

519 3567 707 3624 Libera
740 3587 840 3634 me,
865 3573 989 3642 quia
1027 3588 1214 3642 egenus
1236 3582 1285 3626 et
1317 3590 1518 3646 pauper
1551 3591 1644 3647 ego
1666 3592 1782 3631 sum
1811 3593 1830 3632 :
1862 3587 1910 3633 et
1932 3595 2025 3634 cor

448 3675 619 3713 meum
653 3661 1019 3715 :onturbatum
1044 3672 1116 3715 est
1147 3663 1168 3692 ⁵
1199 3664 1340 3718 intra
1375 3682 1474 3720 me.

515 3751 651 3808 Sicut
676 3754 857 3806 umbra
880 3770 995 3806 cum
1024 3755 1499 3820 declinat,ablatus
1522 3775 1640 3812 sum
1662 3777 1675 3813 :
1695 3769 1744 3813 et
1775 3775 2022 3814 excussus

441 3862 562 3899 sunt
587 3846 720 3897 sicut
755 3845 992 3899 locustw.

517 3938 698 3990 Genua
735 3953 847 3990 mea
879 3938 1152 4006 inﬁrmata
1181 3950 1301 3993 sunt
1323 3957 1354 3992 a
1379 3941 1590 4009 jejunio
1619 3960 1636 3997 :
1680 3953 1729 3995 et
1757 3961 1881 3998 raro
1906 3959 2022 3998 mea

402 4090 412 4099 _
445 4031 730 4085 immutata
777 4041 853 4083 est
907 4041 1119 4100 propter
1150 4032 1343 4086 oleum.
1381 4033 1400 4064 ⁵
1438 4037 1503 4102 >ε<
1540 4034 1608 4087 Et
1653 4036 1674 4104 ζ
1727 4052 1820 4104 ego
1851 4037 2022 4104 [actus

445 4138 559 4173 sum
593 4124 933 4191 opprobrium
956 4122 1062 4174 illis
1085 4137 1104 4176 :
1130 4124 1373 4178 viderunt
1398 4141 1500 4185 me,
1529 4139 1589 4184 -t-
1623 4135 1672 4179 et
1698 4128 1720 4196 ζ
1749 4139 2023 4182 moverunt

447 4214 626 4282 capita
656 4231 775 4268 sua.

2105 458 2241 512 bitct
2269 459 2326 512 in
2359 474 2422 512 ca
2461 458 2504 510 ⁸.

2177 547 2337 602 Fiant
2360 550 2478 602 dies
2500 549 2622 618 ejus
2655 547 2835 617 pauci,
2866 552 2922 601 et
2945 555 3309 616 episcopatum
3346 547 3455 620 ejus
3503 552 3629 606 acci-

2104 640 2217 709 piat
2243 640 2402 692 alter.

2194 730 2352 788 Fiant
2383 731 2474 786 lilii
2509 732 2628 801 ejus
2653 729 2910 800 orphani,
2940 739 2997 785 et
3023 743 3162 784 uxor
3191 728 3304 798 ejus
3344 731 3514 787 vidua.

2190 822 2464 880 Commoti
2489 831 2857 879 amoveantur
2893 821 2992 876 ﬁlii
3015 821 3156 888 ejus,
3193 831 3248 876 et
3287 824 3572 880 mendicent
3619 844 3632 892 ;

2105 915 2402 986 ejiciantur
2427 915 2496 970 de
2533 911 2968 970 habitationibus
2997 911 3131 966 suis.

2187 1007 2480 1061 Scrutetur
2508 1005 2786 1061 fenerator
2815 1017 3030 1057 omnem
3084 1001 3439 1058 substantiam
3489 1007 3634 1075 ejus:

2105 1104 2162 1150 et
2191 1095 2318 1166 [ms.
2343 1103 2451 1150 tac.
2479 1095 2558 1166 et]
2585 1094 2850 1164 diripiant
2881 1090 3044 1146 alieni
3073 1105 3266 1147 omnes
3289 1094 3486 1149 labores
3512 1097 3633 1166 ejus.

2169 1185 2286 1240 Non
2314 1189 2385 1242 sit
2417 1187 2490 1240 illi
2521 1186 2736 1256 adjutor
2764 1201 2779 1239 :
2809 1199 2933 1240 nec-
2950 1182 3076 1256 [ms.
3109 1183 3240 1250 non]
3266 1186 3334 1239 sit
3361 1186 3449 1256 qui
3500 1190 3642 1244 mise-

2107 1288 2292 1333 reatur
2314 1277 2537 1347 pupillis
2561 1278 2701 1348 ejus.

2185 1368 2344 1423 Fiant
2372 1368 2484 1422 nati
2519 1367 2640 1439 [ms.
2684 1367 2804 1439 lilii]
2844 1367 2963 1438 ejus
2994 1366 3051 1420 in
3104 1365 3382 1419 interitum
3417 1366 3510 1422 :in
3555 1382 3644 1422 una

2108 1461 2461 1533 generatione
2492 1461 2743 1516 deleatur
2768 1474 2967 1513 nomen
2997 1459 3117 1528 ejus
3142 1456 3263 1528 [ms.
3300 1456 3522 1528 eorum].

2191 1554 2248 1608 in
2283 1553 2608 1608 memoriam
2667 1552 2854 1606 redeat
2885 1552 3150 1620 iniquitas
3194 1559 3402 1620 patrum
3453 1550 3562 1620 ejus
3599 1551 3646 1606 in

2113 1632 2414 1717 conSpcctu
2447 1644 2665 1700 Domini
2701 1661 2718 1700 :
2749 1653 2805 1700 et
2866 1655 3158 1715 peccatum
3190 1643 3376 1696 matris
3403 1642 3513 1710 ejus
3554 1660 3645 1698 non

2043 1707 2085 1765 Β
2115 1707 2386 1797 deleatur.

2186 1830 2346 1886 Fiant
2375 1839 2564 1886 contra
2595 1829 2884 1886 Dominum
2941 1843 3160 1899 semper
3186 1829 3206 1859 "
3237 1845 3253 1884 :
3291 1838 3347 1883 et
3399 1828 3648 1896 (Περι-τοδί

2113 1923 2180 1979 de
2209 1933 2350 1979 terra
2380 1923 2640 1977 memoria
2666 1936 2886 1977 eorum.

2195 2017 2299 2071 Pro
2321 2030 2386 2071 eo
2415 2016 2560 2086 quod
2591 2030 2701 2070 non
2736 2022 2820 2068 est
2849 2013 3173 2068 recordatus
3226 2010 3402 2065 facere
3447 2009 3636 2063 miscri-

2114 2111 2356 2165 cordiam
2387 2127 2402 2164 :
2437 2118 2492 2163 et
2557 2116 2891 2178 persecutus
2921 2116 3006 2162 est
3066 2105 3340 2159 hominem
3394 2118 3652 2174 pauperem

2115 2215 2171 2260 et
2231 2205 2572 2268 mendicum,
2600 2214 2656 2258 et
2701 2210 3096 2272 compunctum
3135 2197 3303 2255 corde
3322 2195 3474 2252 morti
3503 2195 3647 2249 tradi-

2115 2299 2216 2353 dit.

2191 2390 2251 2442 Et
2281 2389 2469 2443 dilexit
2499 2387 2962 2450 maledictionem,
2987 2394 3044 2440 et
3093 2387 3280 2440 veniet
3304 2383 3353 2437 ei
3382 2399 3396 2438 :
3434 2389 3486 2436 et
3507 2377 3655 2436 noluit

2117 2482 2575 2546 benedictionem,
2607 2491 2662 2534 et
2677 2479 3087 2550 prolongabitur
3114 2478 3184 2532 ab
3209 2491 3274 2532 eo
3297 2475 3319 2508 ⁸
3346 2514 3360 2529 .

2120 2627 2126 2632 .
2189 2574 2258 2628 Et
2286 2572 3005 2626 induitseinaleilictionem
3041 2570 3187 2623 sicut
3243 2567 3634 2623 vestimentum:

2115 2671 2170 2715 et
2203 2661 2423 2715 intravit
2447 2660 2584 2715 sicut
2619 2676 2761 2730 aqua
2819 2661 2872 2714 in
2936 2659 3204 2715 interiora
3258 2657 3398 2728 ejus,
3444 2665 3496 2709 et
3538 2653 3656 2709 sicut

2118 2751 2298 2806 oleum
2325 2751 2379 2805 in
2409 2751 2630 2806 ossibus
2647 2754 2788 2820 ejus.

2184 2841 2301 2896 Fiat
2327 2843 2376 2896 ei
2403 2844 2540 2897 sicut
2577 2844 2966 2898 vestimentum
2997 2857 3108 2912 quo
3132 2843 3379 2914 operitur
3411 2858 3424 2896 :
3462 2847 3513 2894 et
3532 2838 3656 2904 sicut

2118 2949 2279 2997 zona,
2308 2949 2416 3003 qua
2445 2948 2671 3003 semper
2703 2933 3077 3003 praecingitur.

2214 3025 2330 3079 Hoc
2369 3040 2509 3096 opus
2539 3026 2869 3096 eorum,qui
2896 3025 3194 3080 detrahunt
3226 3025 3355 3080 mihi
3387 3023 3518 3095 apud
3572 3021 3660 3075 Do-

2127 3119 2333 3172 minum
2362 3135 2378 3175 :
2406 3128 2461 3172 et
2485 3118 2578 3188 qui
2613 3119 2918 3187 loquuntur
2950 3116 3092 3172 mala
3147 3115 3406 3170 adversus
3453 3114 3658 3171 animam

2126 3227 2327 3264 meatu.

2201 3301 2267 3356 Et
2300 3311 2377 3365 tu,
2414 3300 2664 3363 Domine,
2691 3299 2943 3364 Domine,
3007 3299 3093 3355 fac
3132 3315 3346 3356 mecum
3383 3296 3658 3353 misericor-

2123 3394 2268 3448 diam
2309 3400 2536 3462 propter
2568 3405 2770 3445 nomen
2818 3401 3018 3444 tuum:
3058 3391 3320 3461 quoniam
3377 3388 3551 3444 suavis
3593 3393 3664 3440 est

2127 3485 2510 3542 misericordia
2544 3494 2653 3538 tua.

2203 3578 2401 3633 Libera
2428 3593 2534 3641 me,
2556 3576 3048 3647 quoniam;egenus
3075 3584 3131 3632 et
3166 3591 3368 3646 pauper
3395 3588 3507 3628 sum
3537 3585 3623 3641 ego
3647 3584 3661 3620 :

2125 3680 2180 3728 et
2213 3687 2310 3726 cor
2343 3684 2525 3724 meum
2551 3670 2936 3723 conturbatum
2968 3669 3131 3724 estin
3177 3684 3285 3723 me.

2200 3765 2358 3817 Sicut
2383 3762 2574 3816 umbra
2601 3775 2724 3814 cum
2755 3761 3019 3824 doclinat,
3051 3760 3271 3815 ablatus
3295 3775 3444 3815 sum:
3477 3766 3528 3812 et
3562 3754 3663 3827 [ms.

2126 3867 2232 3910 tac.
2266 3853 2341 3925 et]
2377 3867 2641 3908 excussus
2667 3867 2785 3905 sum
2817 3852 2960 3906 sicut
2986 3853 3219 3908 locusta.

2196 3947 2387 4004 Genua
2412 3961 2529 4001 mea
2571 3945 2842 3999 inlirmata
2863 3951 2993 3998 sunt
3042 3959 3153 4012 prae
3190 3943 3314 4016 [ms.
3348 3941 3399 4014 a]
3455 3937 3664 4010 jejunio:

2123 4050 2177 4096 et
2213 4055 2341 4095 caro
2371 4053 2488 4092 mea
2519 4038 2804 4091 immutata
2835 4046 2921 4090 est
2949 4047 3171 4106 propter
3197 4039 3378 4090 oleum
3422 4036 3440 4066 °
3464 4059 3482 4099 -,
3509 4046 3556 4086 et
3578 4043 3666 4099 ego

2125 4134 2302 4187 fat-tus
2323 4145 2444 4185 sum
2471 4129 2824 4198 opprobrium
2853 4127 2980 4182 illis.

2198 4223 2464 4279 Viderunt
2497 4236 2604 4287 me,
2635 4231 2690 4275 et
2710 4228 3000 4275 moverunt
3054 4219 3237 4290 capita
3302 4232 3439 4274 sua:
3500 4215 3666 4285 adjuva

529 4420 555 4491 ιγ
578 4418 871 4476 llicautem
907 4433 1007 4472 ms.
1045 4419 1347 4475 Pal-stimet
1384 4420 1632 4488 copulam
1664 4428 1830 4486 tacet,
1855 4438 2017 4491 quam
2060 4404 2103 4458 θ
2139 4423 2331 4481 «Nam,
2361 4419 2571 4481 subdit,
2599 4430 2655 4474 et
2677 4421 2768 4491 alii
2804 4420 3142 4491 interpretes
3164 4419 3244 4474 sic
3269 4414 3664 4491 transtulerunlt

448 4503 501 4546 rt
530 4490 756 4544 Gra‘cus
785 4491 1024 4559 ignorat.

523 4564 543 4592 ³
571 4557 848 4616 Palatinus
879 4573 981 4610 ms.
1006 4568 1061 4612 et
1089 4557 1262 4616 Carus
1283 4574 1377 4626 pro
1413 4561 1658 4613 voculutn
1715 4562 1878 4615 obclo
1927 4564 2021 4619 im-

452 4634 651 4696 pner‘ito
676 4637 1004 4699 prmnutant.

523 4702 544 4730 ³
582 4695 754 4754 Voces
782 4711 924 4764 apua
956 4695 1259 4761 Dominum,
1290 4697 1342 4751 in
1368 4697 1562 4752 eodem
1622 4715 1724 4754 ms.
1781 4700 1970 4755 lesunt
2005 4720 2019 4758 :

452 4770 674 4829 :nlelitur
706 4785 833 4822 vero
861 4772 912 4819 in
962 4766 1069 4821 ﬁne
1109 4767 1367 4822 versiculi
1407 4766 1738 4836 Diapsalma.
1769 4769 1906 4824 Tum
1943 4775 2023 4826 in-

453 4840 707 4907 sequenti
752 4852 908 4892 versu
943 4839 1166 4892 verbum
1199 4840 1603 4892 substantivum
1635 4841 1872 4894 deletur.

527 4913 548 4939 ⁸
576 4909 631 4962 In
669 4912 862 4964 eodem
901 4923 1003 4960 ins.
1046 4909 1311 4960 turbatum
1343 4916 1442 4972 est,
1479 4909 1552 4961 ein
1585 4925 1693 4976 quo
1745 4922 1802 4964 et
1836 4911 2025 4966 subsc-

452 4981 642 5050 qurnti
678 4994 838 5032 versu
871 4988 916 5030 et
950 4979 1142 5050 copula
1163 4979 1323 5050 obelo
1350 4978 1688 5033 confoditur.

528 5055 549 5084 ³⁵
580 5050 752 5117 Atque
782 5049 870 5101 hic
900 5049 1219 5102 asteriscutn
1252 5049 1394 5101 idem
1423 5064 1524 5103 ms.
1561 5050 1786 5104 omittit.

519 5126 543 5156 ο
577 5120 731 5174 llunc
765 5132 1003 5178 versum,
1031 5133 1192 5184 quem
1229 5131 1404 5185 neque
1435 5117 1763 5174 Veronensis
1795 5135 1895 5173 ius.
1933 5120 2030 5173 lia-

454 5197 569 5258 bet,
620 5190 968 5244 Martianqu
995 5188 1047 5240 in
1083 5203 1190 5240 uno
1221 5188 1527 5258 Sorbonico
1555 5190 1783 5258 reperit.
1836 5191 2024 5243 Altero

459 5269 528 5319 ab
555 5257 670 5315 iboc
708 5275 866 5313 versu
916 5258 1203 5325 legiturjn
1241 5257 1542 5312 Veronensi
1579 5257 1784 5325 pudice
1815 5260 2025 5327 pupilli.

459 5351 558 5404 pro
595 5331 838 5397 orphani,
870 5345 932 5382 at:
959 5329 1160 5382 deinde
1187 5343 1312 5382 cum
1349 5329 1657 5396 Augustino
1691 5327 2027 5395 transferan-

459 5405 566 5465 tur,
600 5420 696 5470 pro
725 5407 1090 5454 amoveantur.

529 5476 546 5506 ⁷
579 5465 636 5528 In
659 5472 958 5526 Vcronensi
996 5485 1098 5522 IIIS.
1133 5467 1294 5523 Fiant
1328 5483 1506 5521 coram
1543 5465 1763 5519 Domino
1788 5481 2030 5533 semper:

462 5553 623 5611 quam
657 5543 948 5611 lectionem
984 5539 1125 5593 inter
1150 5550 1379 5611 cuttcrus
1404 5539 1519 5602 ipse
1556 5537 1741 5611 laudat
1773 5538 2029 5611 Augusti-

465 5606 640 5665 nusin
676 5610 1052 5670 liuorrationu,
1110 5611 1201 5664 ubi
1245 5609 1374 5661 illud
1435 5615 1622 5658 contra
1694 5606 1976 5657 Dominum
2011 5650 2024 5669 ,

467 5691 671 5734 uit-tum
697 5683 890 5747 accipit
921 5679 1146 5747 perinde
1184 5691 1345 5748 atque
1378 5678 1430 5730 in
1477 5685 1755 5746 conspectu
1793 5676 2022 5731 U’tmtmt.

2132 4491 2294 4545 Fiant
2314 4479 2366 4542 in
2389 4479 2668 4553 conspectu
2712 4489 2925 4543 Domini
2950 4479 3156 4558 iemper
3189 4506 3205 4553 ;
3236 4489 3325 4542 alii
3358 4502 3497 4548 vero,
3532 4479 3666 4534 Fiant

2127 4578 2306 4616 coram
2340 4562 2564 4613 Domino
2598 4575 2826 4627 semper,
2868 4578 2885 4608 ›
2919 4569 3021 4610 ctc.
3053 4560 3317 4626 Sequitur
3374 4559 3424 4608 in
3464 4570 3524 4607 eo
3554 4565 3665 4627 ius"

2128 4642 2176 4685 et
2199 4636 2421 4686 intereat
2442 4629 2512 4702 de
2543 4641 2687 4702 terra
2711 4622 2964 4702 "memoria
2996 4622 3202 4702 eorum.
3233 4627 3335 4678 Pro
3359 4642 3415 4678 eo
3439 4622 3564 4702 quod
3584 4633 3666 4702 non

2125 4713 2247 4754 sunt
2270 4700 2528 4752 recordati
2552 4699 2724 4768 facere
2753 4699 3195 4768 misericordiam.
3221 4696 3543 4768 etpersecuti
3569 4696 3666 4741 sunt

2127 4772 2408 4832 hominem,
2437 4778 2491 4822 et
2521 4767 2884 4831 uulnerenter,
2921 4767 3075 4819 morti
3108 4767 3440 4819 tradiderunt
3468 4778 3484 4826 ;
3531 4771 3666 4826 quam

2131 4852 2310 4894 tamen
2346 4854 2446 4891 nec
2473 4839 2643 4892 verbo
2685 4848 2846 4891 tenus
2908 4836 3201 4890 lectionem
3265 4836 3322 4888 S.
3365 4834 3668 4901 Augustinus

2131 4920 2419 4962 Ιιηειιιοΐδῐ.

2199 4981 2220 5010 ⁸
2253 4979 2396 5033 litem
2433 4994 2558 5042 ms.,
2593 4975 2658 5030 Et
2695 4977 2847 5043 longe
2875 4972 2966 5040 ﬁet
3000 4974 3064 5027 ab
3092 4988 3150 5025 eo
3195 4989 3209 5039 ;
3244 4981 3355 5043 tum
3390 4983 3492 5043 uno
3523 4967 3668 5018 inter-

2129 5050 2310 5119 posito
2340 5040 2700 5119 versu,_VSicut
2731 5040 3095 5119 vestimentum
3121 5042 3262 5119 quod
3297 5040 3666 5119 aperieturptlc

2129 5111 2354 5176 deinde.
2385 5118 2475 5185 qui
2511 5116 2801 5186 loquuntur
2833 5112 3090 5182 maligna.
3125 5111 3191 5165 Et
3221 5121 3346 5186 post
3379 5111 3532 5186 alium
3563 5116 3667 5186 ver:

2131 5205 2276 5248 sum,
2309 5176 2452 5240 Erue
2477 5176 2586 5248 nte;
2621 5189 2896 5254 quoniam,
2923 5176 3057 5245 etc,
3099 5191 3174 5243 et,
3209 5176 3573 5254 conturbatum
3603 5176 3665 5253 est

2130 5261 2272 5309 intra
2307 5272 2406 5321 me,
2445 5271 2552 5324 qua
2580 5253 2799 5311 demum
2843 5255 3004 5324 unica
3047 5253 3447 5321 praepOs-ittoue,
3475 5260 3564 5314 pro
3597 5254 3663 5298 tu.

2131 5342 2253 5380 cum
2289 5323 2594 5394 Augustino
2629 5323 2928 5394 consentit.
3609 5373 3665 5394 Η

2201 5377 2547 5450 δήΕιῖῗὲτὲςο
2569 5377 2651 5446 ’διδ
2671 5377 2863 5444 ἔκαιον
2913 5404 3199 5462 perperam
3228 5395 3466 5462 accepto,
3487 5395 3578 5462 pro

2134 5464 2310 5526 ἔλεον,
2350 5479 2613 5532 perquam
2637 5463 2805 5516 simili
2844 5456 2976 5514 voce
3006 5456 3062 5512 et
3092 5459 3380 5532 scriptura,
3415 5456 3668 5532 legtlpl'jll

2137 5523 2438 5588 Verene-nsi
2473 5523 2590 5587 ἶιιδ.
2627 5545 2844 5602 propter
2885 5523 3298 5602 misericordiam
3325 5542 3343 5602 ς
3369 5523 3670 5602 quachlect'to

2135 5607 2178 5658 si
2209 5609 2295 5657 cui
2324 5618 2560 5671 unquam
2607 5597 2766 5655 alteri
2809 5601 3005 5653 Latino
3048 5600 3188 5671 libro
3225 5597 3446 5671 probata
3477 5597 3542 5670 sit
3565 5601 3672 5671 nct-

2139 5679 2239 5728 c'to.
2283 5666 2652 5742 Subsequenti
2684 5682 2869 5726 autem
2907 5685 3062 5724 vorsu
3116 5669 3264 5737 juxta
3317 5666 3671 5732 Augusunum,
