3898 6172
250 298 336 360 suo
1455 297 1688 358 LIBER
1739 299 1970 357 rsum-1
1987 298 2227 359 unum.
3188 266 3196 276 ’
3347 299 3454 362 3⁵0

305 411 488 480 Λιζὶνευα
534 425 633 472 me,
689 409 904 463 Domine
939 407 1073 460 Deus
1134 424 1314 462 meus:
1347 407 1550 461 salvum
1584 425 1665 462 nte
1706 410 1790 479 fac
1817 421 1860 474 Α
1894 429 2000 473 me,
2031 410 2256 464 Domine
2282 411 2424 463 Deus
2455 426 2630 469 incus,
2667 418 2715 460 et
2747 409 2865 481 [ms.
2896 418 2997 464 tac.
3036 408 3113 472 et]
3142 410 3344 464 salvum
3370 428 3455 468 me

1888 505 1968 555 iac.
2007 513 2228 570 prepler
2260 503 2690 559 misericordiam
2725 512 2888 554 tuam.

1953 593 2022 647 Ut
2071 594 2248 646 sciant
2280 594 2404 662 quia
2445 595 2564 662 [ηδε.
2624 591 2906 662 quoniam]
2954 608 3147 648 manus
3200 605 3290 647 tua
3345 595 3458 648 btet:

1887 696 1970 740 est
1998 700 2013 741 :
2046 697 2098 738 et
2136 693 2214 748 tu,
2245 685 2493 748 Domine,
2521 685 2692 738 iecisti
2723 700 2866 737 eam.

1973 777 2296 831 Maledicent
2323 777 2397 830 illi
2437 776 2558 848 [ms.
2616 775 2767 846 ipsi],
2798 787 2854 830 et
2883 785 2936 830 ttt
2995 777 3286 830 benedices
3317 793 3331 832 :
3366 778 3454 845 qui

1891 868 2181 937 insurgunt
2233 869 2284 920 in
2349 883 2457 928 me.
2507 868 2958 922 confundantur:
3023 882 3219 921 servus
3272 877 3453 920 autem

1891 969 2016 1012 tuus
2047 958 2336 1011 laetabitur.

1961 1055 2268 1107 induantur
2289 1054 2382 1122 qui
2413 1052 2713 1106 detrahunt
2740 1053 2895 1115 mihi,
2953 1051 3319 1105 reverentiam
3354 1067 3368 1104 :
3402 1061 3456 1103 et

1888 1145 2204 1205 Opcriantur
2225 1142 2368 1196 sicut
2402 1142 2643 1210 diplotde
2673 1142 2992 1195 confusione
3023 1156 3140 1194 sua.

1957 1231 2272 1286 Conﬁtebor
2328 1232 2558 1286 Domino
2622 1233 2786 1285 nimis
2820 1232 2873 1284 itt
2925 1247 3024 1285 ore
3065 1246 3230 1284 meo:

1892 1323 2070 1374 medio
2095 1322 2388 1375 multorum
2422 1323 2651 1376 laudabo
2674 1338 2820 1375 eum.

1959 1412 2058 1476 Qui
2086 1414 2306 1466 astitita
2346 1413 2553 1466 dextris
2590 1414 2843 1480 pauperis
2880 1420 2976 1468 :ut
3008 1411 3215 1464 salvum
3254 1411 3455 1465 iaceret

1895 1500 2021 1572 [ηαδ.
2054 1501 2239 1573 faciat]
2267 1517 2296 1554 a
2325 1503 2784 1572 persequentibus
2814 1504 3050 1555 animam
3079 1518 3276 1556 meam.

241 503 488 557 secundum
526 501 938 552 misericordiam
974 510 1137 551 tuam.

301 596 526 646 Etsciant
548 593 676 662 quia
702 608 889 645 munus
917 600 1007 644 tua
1028 593 1170 648 ltwc:
1199 604 1257 646 σιν
1283 600 1330 644 et
1355 592 1369 621 '
1404 589 1426 658 ζ
1457 600 1530 652 tu,
1550 589 1782 655 Domine,

264 690 387 740 'ecisti
413 703 467 739 ea
477 703 522 736 tn
533 724 548 737 .

264 690 387 740 ecisti
413 703 548 739 eum.

244 690 268 756 Ῑ
305 779 592 837 Maledicent
627 776 729 838 illi,
770 784 817 828 ct
853 786 906 826 tu
936 774 1233 831 benedices:
1276 775 1365 840 qui
1413 776 1689 844 insurgunt
1734 776 1786 828 in

207 927 210 930 .
247 890 331 937 me,
360 871 748 941 confundantur
772 884 794 923 .·
827 881 1005 921 servus
1035 876 1212 920 autem
1251 877 1368 919 tuus
1401 867 1687 920 laetabitur.

304 1047 594 1102 lnduantur
613 1044 1002 1115 quidetrahnnt
1031 1043 1177 1104 mihi,
1204 1045 1401 1114 pudore
1424 1052 1511 1096 :'~et
1539 1044 1782 1110 operian-

246 1155 315 1194 tur
331 1142 453 1192 sicut
485 1137 718 1206 diploide
748 1137 1048 1206 confusione
1077 1152 1198 1187 sua.

301 1229 580 1296 Con/itebor
613 1229 837 1282 Domino
867 1229 1020 1280 nimis
1054 1227 1110 1279 in
1143 1243 1231 1280 ore
1261 1242 1414 1280 meo:
1447 1237 1494 1280 et
1519 1228 1572 1280 in
1616 1228 1782 1280 medio

247 1323 497 1376 multarunt
531 1322 766 1376 laudabo
795 1338 935 1374 etim.

301 1416 421 1478 Quia
460 1411 589 1482 [ms.
621 1411 734 1484 qui]
772 1414 939 1466 astitit
971 1429 1002 1465 a
1036 1412 1234 1466 dextris
1265 1411 1508 1480 pauperis
1535 1425 1553 1463 :
1595 1418 1646 1462 ut
1673 1409 1787 1462 sal-

241 1522 333 1560 sam
360 1505 548 1574 faceret
580 1520 610 1556 a
636 1504 1063 1573 persequentibus
1089 1505 1324 1555 animam
1363 1517 1554 1555 meam.

1548 1620 1677 1678 PSA
1695 1621 1899 1680 [.MUS
1960 1621 2112 1678 CIX.

3289 1241 3348 1284 et
3401 1231 3454 1284 iit

766 1690 998 1761 psittuus
1043 1720 1229 1762 DM’lD.
1821 1714 1863 1770 Β
2416 1721 2644 1760 PSALIIBS
2673 1710 2903 1770 nutu}.

305 1801 431 1857 Dixit
491 1799 748 1854 Dominus
801 1797 1027 1850 Domino
1084 1813 1196 1852 meo
1244 1811 1263 1850 .'
1325 1796 1459 1852 Sede
1495 1815 1526 1851 a
1583 1799 1782 1852 dextris
1973 1798 2116 1852 Dixit
2161 1798 2426 1852 Dominus
2486 1797 2713 1852 Dotttitto
2760 1815 2930 1854 meo:
2978 1799 3120 1854 Sede
3163 1809 3199 1853 a‘
3248 1799 3456 1855 dextris

244 1896 366 1948 meis.
1888 1889 2022 1943 meis
2055 1906 2071 1942 :

294 1987 445 2040 Donec
471 2003 672 2055 ponam
701 1987 940 2041 inimicos
977 1997 1115 2052 tuos,
1147 1983 1431 2039 scabellum
1460 1984 1648 2054 pedum
1670 1993 1785 2036 tuo-
1970 1981 2150 2035 Donec
2182 1997 2376 2051 ponam
2413 1982 2665 2037 inimicos
2705 1978 2851 2046 tuos,
2915 1983 3216 2037 scabellunt
3250 1983 3450 2051 pedum

242 2096 355 2134 ram.
1888 2081 2130 2127 tuorum.

1971 2164 2182 2236 Virgam
2219 2169 2437 2222 virtutis
2464 2177 2568 2223 tua:
2592 2171 2801 2224 emittet
2837 2171 3100 2224 Dominus
3134 2184 3198 2222 ex
3267 2166 3396 2222 Sion
3435 2186 3450 2222 :

1884 2265 1938 2310 ct
1964 2255 2333 2311 dontinaberis
2363 2261 2414 2312 itt
2449 2261 2626 2314 medio
2659 2263 3004 2315 inimicorum
3031 2269 3247 2314 tuorum
3272 2260 3292 2291 ⁷
3329 2298 3344 2310 .

1956 2344 2156 2399 Tecum
2188 2346 2517 2415 principiuzu
2557 2350 2609 2402 in
2645 2351 2732 2403 die
2759 2351 2975 2403 virtutis
3031 2362 3156 2409 tuae.
3187 2351 3240 2401 in
3273 2349 3453 2416 splen-

1884 2439 2110 2493 doribus
2137 2450 2446 2494 sanctorum
2483 2459 2496 2494 :
2529 2457 2593 2495 ex
2621 2451 2777 2496 utero
2833 2453 2960 2498 ante
3015 2442 3300 2496 luciferum
3350 2458 3440 2511 ge-

1887 2537 1978 2584 nui
2014 2517 2100 2585 te:

1947 2622 2157 2677 Juravit
2187 2623 2466 2686 Dominus,
2496 2635 2547 2680 et
2580 2641 2686 2679 non
2719 2625 3005 2694 paenitebit
3035 2642 3158 2680 eum
3200 2643 3215 2683 :

1961 2713 2041 2766 Tu
2076 2731 2135 2768 es
2165 2717 2425 2770 sacerdos
2457 2718 2510 2770 in
2548 2728 2814 2771 aeternum
2850 2719 3152 2770 secundum
3207 2718 3453 2772 ordinem

306 2173 497 2242 l’irgam
534 2175 744 2227 virtutis
776 2183 880 2225 tute
923 2173 1119 2226 emittet
1147 2172 1167 2202 ³
1214 2170 1464 2224 Dominus
1499 2186 1563 2224 e1;
1607 2169 1778 2224 Sion:

238 2266 474 2318 dominare
503 2270 562 2317 in
595 2266 767 2318 medio
801 2265 1131 2318 inimicorum
1165 2272 1398 2317 tuorum.

297 2357 469 2409 Tecum
521 2359 846 2427 principium
895 2358 951 2410 in
1008 2357 1092 2409 die
1134 2357 1342 2409 virtutis
1399 2365 1501 2407 luce
1533 2357 1584 2406 in
1613 2355 1786 2422 splen-

243 2451 427 2503 doribus
475 2463 810 2514 sanctorum,
870 2465 933 2502 ea:
988 2459 1136 2501 utero
1184 2458 1307 2502 ante
1364 2447 1641 2513 luciferum
1697 2463 1786 2517 ge-

243 2542 320 2594 nui
363 2552 428 2594 le.

294 2632 484 2686 Juraeit
520 2632 803 2694 Dominus,
836 2640 883 2684 et
916 2646 1018 2683 non
1043 2627 1305 2694 paenitebit
1337 2645 1454 2680 eum
1478 2644 1498 2682 :

301 2725 368 2777 'l‘u
405 2742 454 2778 es
499 2724 749 2778 sacerdos
789 2722 844 2776 in
891 2729 1148 2776 wternum
1198 2719 1485 2774 secundum
1543 2719 1783 2774 ordinem

242 2816 600 2872 Melchisedech.
756 2823 772 2840 '
1887 2803 2309 2863 Melchisedech.

300 2907 536 2961 Dominus
572 2926 604 2962 a
631 2907 829 2961 dextris
859 2906 960 2959 tuis
983 2921 1002 2959 :
1041 2902 1294 2973 confregit
1327 2904 1378 2956 in
1415 2904 1500 2956 die
1542 2904 1638 2956 ἕνα»
1673 2916 1784 2955 sua:
1961 2897 2223 2953 Dominus
2257 2916 2285 2952 ιι
2314 2899 2520 2954 dextris
2546 2899 2654 2954 tuis
2687 2915 2700 2955 :
2731 2898 3000 2969 confregit
3024 2900 3078 2952 in
3109 2899 3196 2953 die
3220 2900 3313 2954 ira:
3345 2914 3455 2953 sua:

239 3016 376 3069 reges.
1827 3068 1840 3069 ί
1889 3003 2064 3058 reges.

292 3095 546 3148 Jodicabit
594 3095 650 3146 in
697 3090 1023 3150 nationibus.
1065 3090 1301 3160 implebit
1337 3089 1462 3161 [ms.
1516 3084 1780 3158 implevit]
1810 3068 1853 3126 (ἶ

237 3185 393 3238 ruinas
420 3201 438 3238 :
472 3185 851 3254 conquassabit
891 3185 1070 3252 capita
1102 3183 1154 3234 in
1192 3190 1336 3233 terra
1363 3181 1671 3234 multarunt.

298 3273 362 3328 De
389 3286 623 3329 torrente
649 3276 705 3328 in
752 3275 840 3328 via
876 3273 1054 3328 bibet:
1088 3283 1368 3343 propterea
1408 3269 1667 3325 exaltabit
1698 3285 1786 3322 ca-

237 3375 335 3436 put.

1963 3084 2238 3138 Judicabit
2273 3083 2325 3136 in
2378 3085 2714 3146 nationibus,
2745 3084 2994 3154 implebit
3052 3085 3240 3140 ruinas
3272 3102 3287 3141 ε
3327 3101 3457 3138 cou-

1890 3177 2175 3243 quassabtt
2210 3177 2402 3251 capita
2425 3179 2593 3230 multa
2626 3178 2678 3230 itt
2715 3185 2860 3230 tetra
2893 3180 3112 3243 copiosa

1967 3268 2041 3321 De
2075 3277 2322 3324 torrente
2369 3270 2423 3322 in
2467 3270 2553 3322 via
2613 3269 2764 3323 hibet
2799 3289 2812 3324 :
2853 3281 3146 3339 prepterca
3199 3269 3458 3325 exaltabit

1892 3367 2079 3428 caput.

1573 3481 1930 3543 PSALMUS
1970 3483 2087 3545 CX.

842 3593 1102 3634 ALLBLUIA
1131 3575 1172 3630 ⁸.

294 3673 467 3743 Aleph.
502 3671 806 3740 Conﬁtebor
838 3685 902 3727 -ι-
961 3671 1053 3723 tibi
1082 3671 1106 3739 ζ
1143 3667 1382 3729 Domine,
1423 3667 1477 3720 in
1501 3674 1607 3720 toto
1633 3667 1788 3719 corde

245 3778 295 3818 -t—
339 3782 446 3819 meo
471 3767 492 3796 ⁸
527 3767 552 3836 ζ
592 3764 760 3820 Betb.
801 3766 857 3816 in
887 3761 1106 3816 consilio
1139 3761 1402 3830 iustorum
1426 3769 1473 3812 et
1502 3774 1786 3829 congrega-

240 3858 375 3911 tione.

290 3874 329 3908 in
361 3895 375 3911 .

290 3873 468 4002 Giemcl.
505 3945 708 4017 Magna
759 3961 918 4015 Opera
952 3943 1207 3997 Domini:
1261 3941 1471 3997 Daletb.
1519 3940 1782 4010 exquisita

238 4040 282 4090 in
312 4058 476 4094 omnes
500 4040 798 4094 voluntates
826 4039 961 4107 ejus.

294 4132 383 4184 Hc.
425 4131 696 4202 Confessio
725 4142 772 4185 et
803 4128 1194 4198 magniﬁcentia
1219 4143 1348 4196 apus
1381 4141 1491 4195 ejus
1514 4141 1533 4180 :
1569 4125 1700 4180 Vav.
1734 4133 1782 4179 et

236 4223 416 4283 iustitia
442 4225 557 4292 ejus
591 4233 767 4276 manet
792 4223 847 4276 in
867 4219 1116 4274 stecnlum
1147 4223 1212 4287 ῖς(
1237 4217 1416 4272 διερειιὶ
1443 4220 1462 4250 ²
1495 4219 1545 4288 ζ.

239 4328 358 4382 Πενία
382 4347 545 4394 meus,
575 4329 780 4383 salvum
805 4346 885 4384 me
910 4330 991 4399 fac
1024 4329 1306 4383 secundum
1343 4326 1780 4399 misericordiam,

234 4409 326 4451 etc.
353 4399 486 4452 Tum
540 4402 695 4454 solus
717 4398 1046 4454 Veronensis
1068 4401 1119 4451 in
1149 4401 1382 4453 alterius
1415 4398 1483 4450 ab
1523 4401 1624 4449 hoc
1650 4404 1776 4460 line,

1993 3588 2271 3634 ALLELUIA.
2302 3587 2646 3627 REVERSIONIS
2670 3587 2838 3628 AGGE'
2871 3589 2937 3628 ΕΤ
2962 3589 3231 3628 ZACllARIE
3262 3573 3283 3605 ⁸
3305 3611 3322 3630 ο

1968 3666 2154 3735 Aleph.
2186 3666 2501 3721 Conlitebor
2537 3667 2656 3732 tibi,
2711 3668 2958 3731 Domine,
3017 3669 3069 3721 itt
3127 3678 3239 3720 toto
3292 3669 3462 3725 corde

1888 3772 2009 3810 meo
2041 3771 2056 3810 :
2089 3755 2241 3809 Belli.
2270 3757 2324 3809 in
2351 3757 2585 3810 consilio
2605 3758 2877 3821 jtlSlOl‘lllll
2906 3767 2963 3811 et
3013 3760 3456 3826 Cttltgrcgatiollt‘,

1885 3848 2077 3902 Cimel.
2107 3862 2297 3916 magna
2328 3863 2491 3916 opera
2527 3847 2761 3901 Domini.

1975 3941 2184 3994 Daletlt.
2219 3941 2499 4009 Exquisita
2537 3944 2590 3994 in
2620 3957 2812 3996 omnes
2840 3942 3153 3996 voluntates
3182 3944 3320 4012 ejus.
3354 3942 3448 3998 Hc.

1889 4032 2157 4086 confessio
2185 4041 2238 4086 et
2265 4033 2660 4101 magniﬁcentia
2696 4049 2834 4102 opus
2856 4035 2975 4100 ejus
3001 4053 3015 4089 :
3063 4033 3192 4088 Vav.
3219 4044 3273 4090 et
3297 4034 3460 4104 justi-

1895 4123 1968 4180 tia
1992 4123 2115 4193 eius
2153 4133 2336 4178 manet
2368 4123 2420 4176 in
2451 4124 2709 4178 sazculum
2741 4125 2947 4180 szeculi.

1887 4346 1986 4385 sun
2017 4330 2345 4396 Diapsalma.

1953 4399 1974 4430 °
2005 4401 2060 4453 ltt
2094 4393 2389 4453 Veroneusi
2418 4413 2523 4454 ms.
2551 4407 2604 4451 et
2632 4413 2797 4467 penes
2827 4397 3115 4464 Augustin.
3147 4395 3256 4460 Ipsi
3289 4394 3466 4467 Dauid
3506 4393 3508 4395 ’

233 4484 384 4521 semis
409 4479 588 4523 autem
621 4479 743 4522 tuus
759 4469 1146 4536 jucundabitur
1175 4484 1194 4521 :
1225 4480 1390 4535 atque
1418 4467 1592 4518 altero
1632 4467 1772 4519 inse-
1811 4465 1854 4518 D
1887 4469 2154 4522 Psalmus.
2185 4470 2227 4520 A
2266 4469 2428 4521 tertio
2460 4465 2644 4522 autem
2698 4483 2857 4521 versu
2899 4482 3024 4527 ms.,
3059 4475 3108 4520 et
3159 4466 3462 4536 dominabi~

235 4540 430 4602 quentis
461 4540 836 4601 hemistichia,
867 4546 916 4590 et
946 4539 1462 4592 circumamiciantur
1497 4537 1630 4588 sicut
1663 4536 1778 4605 pal-

232 4608 342 4679 lium
365 4607 557 4674 duplex
594 4608 958 4679 confusionem
979 4624 1156 4679 suam.
1185 4609 1354 4679 Quam
1392 4621 1482 4679 _ex
1512 4613 1665 4679 parte
1699 4606 1780 4660 le-

1881 4549 1968 4592 tur
1993 4540 2044 4592 in
2074 4539 2242 4591 medio
2272 4538 2610 4591 inimicorum
2639 4550 2880 4591 suorum'
2918 4535 3102 4590 Tecum
3119 4535 3460 4605 principium,

1879 4621 1986 4663 etc.
2011 4608 2066 4660 in
2097 4607 2372 4674 splendore
2396 4619 2706 4660 sanctorum
2744 4625 2758 4661 :
2794 4622 2860 4659 ea:
2908 4616 3057 4659 utero
3087 4614 3213 4658 ante
3267 4605 3454 4674 lucife-

1878 4672 2262 4745 rnmgeneravi
2291 4689 2360 4731 te.
2415 4676 2700 4730 Tum.ttuo
2747 4677 3032 4744 ittterjecto
3084 4690 3266 4734 versit,
3321 4672 3459 4726 Con-

1877 4749 2147 4816 qnassavit
2173 4747 2339 4800 in‘die
2367 4749 2461 4801 ine
2485 4763 2597 4800 suw
2621 4763 2785 4816 reges.
2819 4745 3083 4799 Judicavit
3113 4746 3165 4796 in
3195 4745 3458 4813 gentibus,

1882 4817 2096 4882 replebit
2125 4819 2360 4872 ruinas:
2415 4819 2783 4884 conquassavit
2832 4817 3014 4884 capita
3052 4830 3210 4878 super
3263 4825 3466 4884 terram.

1882 4887 2050 4939 multa
2072 4903 2086 4939 :
2108 4888 2162 4940 in
2193 4887 2322 4945 line.
2357 4883 2633 4946 exultavit,
2667 4902 2767 4954 pro
2803 4883 2982 4939 exulta
3000 4883 3074 4937 bit
3103 4892 3282 4953 caput.
3319 4883 3470 4948 Fere

1883 4957 2231 5010 continenter
2261 4972 2382 5009 cum
2413 4957 2742 5021 Augustino.

1954 5027 1972 5056 '
2003 5025 2094 5080 Sic
2123 5029 2306 5094 legunt
2340 5041 2469 5079 mss.
2501 5025 2861 5082 Carnutensis
2887 5034 2940 5079 et
2967 5023 3322 5094 Sorbonicus
3357 5032 3461 5094 :et,

1880 5110 2103 5164 quoque
2130 5093 2444 5163 cOnjunctio
2495 5095 2778 5162 legebatur
2808 5112 2836 5148 a
2874 5095 3080 5148 Sunnia
3111 5105 3166 5148 et
3223 5093 3466 5159 Fretela,

1881 5181 2045 5234 quam
2083 5175 2263 5234 tamen
2303 5166 2971 5234 superabundareridocet
3041 5165 3407 5234 Hieronymus
3435 5203 3454 5226 ,

1881 5233 2053 5288 ttecin
2089 5233 2341 5298 llebrxo,
2379 5249 2477 5287 nec
2499 5234 2641 5300 apud
2681 5233 2823 5288 LXX
2862 5234 3108 5303 reperiri.
3143 5233 3312 5303 alitur.

1941 5305 1962 5335 ⁸
1997 5303 2188 5375 lsthtec
2214 5305 2397 5375 verba,
2431 5298 2758 5375 Reversiouis
2781 5298 2960 5375 Aggrei
2993 5314 3040 5356 et
3069 5301 3366 5375 Zacharia'.
3397 5298 3454 5350 in

1886 5373 2182 5427 Veronensi
2213 5373 2733 5427 ms.dcsiderautur.
2765 5373 2842 5427 lui
2863 5373 3040 5430 textus
3068 5374 3239 5425 altero
3270 5383 3452 5428 versu,

1882 5444 2159 5496 Rectorum
2193 5443 2411 5510 legitur,
2444 5458 2541 5510 pro
2571 5443 2853 5505 iustorum.
2898 5445 2964 5496 Et
2993 5442 3058 5494 ad
3097 5441 3243 5510 Capit
3303 5438 3455 5490 litte-

230 5521 278 5563 ct
303 5509 387 5581 qui
412 5515 591 5580 primo
623 5513 802 5566 statim
835 5510 1097 5572 occurrit,
1127 5511 1342 5581 obelunt
1387 5512 1582 5564 nescit.
1658 5509 1662 5510 ί
1883 5531 2016 5570 rant.
2043 5513 2404 5578 fortitudinem
2429 5529 2643 5581 operum
2677 5530 2891 5566 suorum
2921 5509 3280 5581 annuntinbit,
3303 5515 3410 5581 etc.
3437 5523 3453 5566 ;

277 5585 297 5610 ⁵
319 5579 462 5639 Μεὸ.
483 5584 573 5636 hic
603 5582 938 5651 superfluum
970 5596 1090 5634 esse
1121 5579 1310 5634 docuit
1334 5581 1474 5634 idem
1503 5582 1770 5652 ilierouy-
1881 5593 1934 5636 et
1965 5583 2030 5635 ad
2067 5581 2211 5644 Non,
2238 5579 2549 5648 fidelissima
2581 5598 2678 5652 pro
2713 5583 2927 5652 lldc'lia._
2950 5581 3195 5645 Denique
3231 5580 3281 5629 itt
3321 5579 3449 5635 Itur,

228 5663 351 5705 ntus.
379 5652 555 5703 blant.
673 5649 684 5651 ἡ
1713 5649 1724 5652 ⁷
1882 5652 2169 5708 intr/lectus
2225 5654 2387 5711 υῳιιμθ
2420 5651 2729 5720 facientibus
2762 5670 2842 5704 ea.
2905 5649 3043 5700 Intus
3075 5653 3185 5715 ejus
3225 5661 3395 5699 manet
3434 5689 3448 5712 ,

299 5722 316 5751 '
345 5724 495 5788 Legit
535 5721 762 5775 l’alatin.
795 5737 896 5775 uis.
931 5721 1047 5775 sine
1073 5723 1233 5776 obclo
1266 5741 1274 5774 ;
1310 5721 1455 5774 addit
1487 5733 1671 5775 autem
1707 5721 1773 5774 de
1885 5734 1994 5775 εις.

236 4675 453 4730 ctioncnt
492 4680 723 4744 ipsemet
755 4678 908 4730 novit
933 4675 1271 4744 Augustinus
1321 4678 1374 4729 in
1392 4675 1776 4738 Enarratione,

237 4746 312 4798 ubi
339 4747 403 4800 de
433 4747 704 4812 Diploide.
734 4747 881 4816 quod
914 4756 968 4800 et
1008 4747 1121 4813 ipse
1146 4763 1343 4799 nomen
1381 4745 1625 4807 retinuit,
1648 4745 1774 4816 dis-

236 4827 409 4886 putans
439 4832 453 4868 :
493 4817 720 4882 Diplois,
752 4813 966 4881 inquit,
1015 4815 1204 4882 duplex
1234 4816 1458 4886 pallium
1492 4822 1587 4868 est.
1639 4813 1778 4868 Nam

234 4885 422 4947 quidam
457 4888 620 4939 etiam
648 4888 724 4938 sic
759 4887 1092 4950 interpretati
1119 4885 1243 4940 sunt
1274 4887 1431 4939 istum
1463 4899 1693 4947 versum,
1722 4894 1778 4937 et

234 4953 530 5032 aperiantur
561 4959 704 5010 sicut
721 4957 947 5032 pallium
977 4956 1173 5032 duplex
1199 4955 1577 5032 eottfusionent
1599 4968 1775 5006 suam.

299 5023 313 5052 ¹
342 5023 576 5091 Sequior
615 5023 807 5079 manus
843 5026 899 5077 in
926 5024 1117 5078 eodem
1155 5043 1257 5081 ms.
1295 5026 1539 5086 obelum,
1569 5025 1774 5091 ipsttm~

235 5107 324 5159 que
349 5104 399 5163 et
426 5095 680 5163 copulam
706 5097 941 5148 induxit.

305 5166 321 5194 '
343 5160 788 5232 Prtpositionem
825 5163 972 5232 verbi
1005 5163 1201 5232 emittet
1234 5160 1300 5214 dc
1333 5173 1483 5232 more
1543 5161 1774 5216 Palatin.

231 5247 320 5285 ius.
346 5231 499 5286 obelo
527 5243 795 5301 praattotat
820 5250 835 5285 :
867 5231 1018 5285 addit
1046 5243 1102 5285 et
1122 5231 1431 5294 Diupsalma
1456 5233 1510 5285 itt
1538 5233 1644 5285 line
1664 5244 1776 5284 tu:n

235 5303 396 5370 hujus,
419 5318 544 5357 cum
583 5302 977 5370 subsequentis
1005 5301 1279 5370 versicitli.
1311 5369 1314 5370 ν
1499 5329 1502 5332 -

284 5369 304 5400 ³
352 5374 646 5426 Geminum
674 5369 836 5426 habet
865 5373 1006 5424 idem
1043 5387 1146 5424 ms.
1179 5369 1430 5432 Alleluia,
1467 5385 1564 5439 pro
1599 5370 1776 5424 titulo.

231 5437 397 5510 Neque
431 5458 598 5509 porro
632 5441 892 5496 llebraica
931 5441 1199 5494 elementa
1232 5437 1480 5493 versibus
1500 5442 1726 5510 prus-ﬁgit
1758 5456 1776 5492 :
