3898 6172
457 288 551 349 351

1375 294 1432 351 S.
1477 295 1522 352 Il
1541 296 1906 355 IERONYMI
1951 302 1998 359 D

2124 304 2220 361 NA
2266 304 2787 369 BIBLIOTHECA.
3554 330 3639 391 352

518 397 672 452 Zain.
697 397 1006 452 Memoriam
1030 399 1143 466 fecit
1179 399 1727 456 mirabiliumsuorum
1759 421 1776 457 :
1815 405 2013 458 llbeth.
2049 411 2094 467 Α
2196 409 2355 464 Zain.
2387 411 2695 468 Memoriam
2724 417 2849 471 fecit
2872 417 3199 475 mlrabilium
3221 439 3464 484 suorum:
3489 432 3646 491 "heth.

450 493 743 544 misericors
774 501 820 542 et
850 492 1125 543 miserator
1158 489 1410 544 Dominus
1449 507 1466 544 :
1502 492 1658 548 Tvlli.
1691 511 1858 549 escam
1884 498 2024 549 dedit

448 583 748 634 timentibus
770 585 843 634 se.

526 671 636 724 loti.
709 672 906 723 Memor
953 671 1052 722 erit
1103 671 1154 721 in
1211 671 1462 724 steculum
1529 676 1826 726 testamenti
1887 678 2018 731 sui:

455 760 629 826 Capti.
670 761 907 810 virtutem
950 774 1164 824 operum
1195 777 1410 814 suorum
1441 763 1783 815 annuntiabit
1831 765 2022 831 papula

445 867 562 901 δυο.

519 941 739 995 Lamed.
804 941 865 996 Ut
904 944 986 994 det
1019 943 1123 997 illis
1158 945 1518 999 Itwreditatem
1544 949 1781 1017 gentium
1816 949 2016 1004 :Mem.

444 1048 602 1096 opera
632 1049 881 1084 manuum
916 1035 1034 1103 ejus
1057 1037 1247 1088 veritas
1280 1046 1330 1089 et
1351 1039 1634 1103 judicium.

521 1121 666 1173 [\n'i.
729 1121 935 1175 Fidelia
989 1126 1167 1176 omnia
1237 1127 1492 1180 mandata
1548 1128 1712 1198 ejus:
1766 1129 2016 1185 Samech.

442 1213 758 1277 conﬁrmata
799 1215 811 1242 ¹
849 1216 900 1266 in
929 1214 1179 1268 sweulum
1213 1216 1391 1269 διεσαιὶ
1422 1233 1440 1270 :
1477 1221 1598 1272 Ain.
1634 1220 1774 1287 facta
1806 1221 1858 1272 in
1887 1222 2020 1273 veri-

440 1312 547 1354 tate
575 1315 623 1355 et
653 1305 920 1364 aequitate.

511 1395 643 1448 Plie.
675 1395 1101 1463 Redemptionem
1128 1399 1266 1450 misit
1301 1399 1492 1468 populo
1514 1415 1607 1452 suo
1635 1417 1652 1454 :
1682 1402 1841 1458 Sadc.
1870 1421 2018 1456 man-

443 1485 583 1537 (lavit
615 1488 664 1537 in
702 1497 955 1538 wtcrnum
992 1497 1362 1541 testamentum
1396 1506 1573 1544 suum.

508 1663 682 1731 C0plt.
713 1663 963 1718 Sanctum
999 1677 1047 1720 et
1085 1669 1313 1721 terribile
1340 1686 1527 1723 nomen
1558 1674 1673 1740 ejus
1707 1688 1724 1724 :
1759 1671 1884 1726 Res.
1915 1673 2015 1724 ini-

439 1757 569 1808 tium
591 1757 864 1825 sapientiw
891 1760 1048 1810 timor
1080 1758 1306 1815 Domini.

513 1847 628 1900 Sin.
686 1849 986 1901 Intellectus
1016 1852 1181 1903 bonus
1215 1854 1462 1906 omnibus
1492 1855 1805 1923 facientibus
1835 1871 1951 1908 eum
1991 1871 2009 1908 :

437 1944 609 1996 Thav.
670 1942 910 1996 laudatio
967 1944 1081 2008 eius
1131 1957 1304 2000 manet
1335 1948 1390 1999 in
1423 1949 1674 2000 swculum
1711 1962 1772 2003 σιξ-
1840 1963 2010 2000 stuen-

435 2035 529 2102 ti;

2134 500 2451 556 misericors
2481 515 2537 559 et
2589 510 2874 562 miserator
2935 510 3239 569 Dominus:
3304 518 3438 575 Tliet.
3497 540 3650 582 escam

2131 590 2283 645 dedit
2315 595 2632 652 timentibus
2666 613 2746 653 se.

2207 685 2324 737 Iod.
2359 687 2561 741 Memor
2593 691 2699 745 erit
2733 692 2784 746 in
2835 695 3094 748 sa-culum
3134 705 3433 755 testamenti
3494 707 3569 760 sui
3633 726 3647 764 :

2132 775 2299 845 Capit.
2331 778 2594 834 virtutum
2630 796 2857 851 operum
2893 801 3117 840 suorum
3154 793 3477 847 ammotiavit
3506 813 3652 868 popuo

2129 868 2181 921 lo
2211 884 2330 932 suo.
2367 870 2580 927 Lamed.
2618 887 2676 928 ut
2705 876 2796 930 det
2823 877 2931 931 illis
2967 879 3331 938 hmreditatem
3355 889 3596 952 gentium.

2201 957 2355 1011 Mem.
2396 961 2573 1030 Opera
2605 980 2861 1019 manuum
2898 971 3014 1037 ejus
3059 973 3258 1026 veritas
3295 975 3609 1044 etjudicium
3640 998 3652 1033 :

2133 1043 2278 1098 Nun.
2315 1047 2491 1101 ﬁdelia
2525 1051 2706 1104 omnia
2732 1056 2980 1110 mandata
3015 1059 3132 1127 ejus
3167 1077 3182 1115 :
3219 1043 3452 1118 Sameclt.
3483 1069 3656 1122 contir-

2129 1148 2268 1190 mata
2300 1137 2352 1189 in
2384 1143 2642 1194 saeculum
2673 1145 2857 1198 δειλαιιί
2889 1163 2901 1199 :
2936 1147 3052 1213 Ain,
3077 1148 3218 1203 facta
3248 1152 3298 1204 in
3325 1155 3557 1223 veritate,
3608 1170 3657 1214 et

2125 1227 2402 1294 munitam.

2120 1408 2141 1446 τ
2192 1402 2322 1458 Plte.
2346 1403 2791 1477 Redemptionem
2823 1412 2969 1466 misit
2994 1417 3192 1486 populo
3217 1434 3336 1484 suo,
3364 1421 3658 1482 Sade.man-

2121 1495 2268 1549 davit
2302 1498 2355 1550 in
2387 1509 2652 1554 aeternum
2689 1512 3072 1561 testamentum
3107 1525 3266 1584 suum
3304 1529 3318 1565 :
3347 1512 3501 1585 Copia.
3546 1536 3656 1574 sau-

2121 1596 2268 1639 ctum
2310 1599 2366 1642 et
2407 1592 2648 1645 terribile
2667 1608 2866 1650 nomen
2903 1598 3042 1666 ejus.

2210 1680 2330 1734 lies.
2373 1679 2589 1737 Initium
2616 1687 2897 1754 sapientia:
2939 1691 3102 1744 timor
3137 1693 3390 1751 Domini:
3425 1696 3533 1752 Sin.
3587 1702 3659 1753 in-

2123 1771 2374 1826 tellectus
2399 1773 2572 1827 bonus
2602 1778 2858 1832 omnibus
2889 1779 3219 1838 facientibus
3246 1800 3331 1840 ea.

2198 1886 2356 1948 Tliav.
2390 1887 2656 1944 Laudatio
2687 1894 2808 1968 ejus
2842 1905 3022 1952 manet
3053 1898 3106 1954 in
3143 1902 3398 1956 saeculum
3427 1905 3616 1959 saeculi.

1826 2155 2176 2217 PSALMUS
2215 2159 2365 2220 CXL

557 2255 832 2303 asumma,
864 2256 1208 2296 aevaasmms
1239 2257 1411 2298 assist
1437 2258 1505 2298 ετ
1541 2258 1814 2297 mensam;
1853 2245 1874 2310 ζ

497 2420 689 2486 Alopli.
756 2419 947 2472 Beatus
976 2420 1075 2484 vir,
1111 2423 1200 2489 qui
1251 2423 1396 2473 timet
1457 2419 1789 2476 Dominum:
1846 2422 2001 2476 ΒιιιΙι.

433 2515 482 2566 in
509 2513 772 2565 mandatis
803 2512 917 2580 ejus
952 2511 1087 2564 volet
1118 2514 1292 2566 nimis.

501 2604 695 2657 G'ntcl.
766 2603 956 2657 Potens
989 2607 1041 2656 in
1073 2614 1213 2658 terra
1245 2606 1340 2657 erit
1375 2620 1548 2657 semen
1581 2605 1695 2673 ejus
1733 2621 1750 2657 :
1787 2605 1997 2660 Daletb.

431 2698 696 2764 generatio
723 2708 977 2750 rectorum
1008 2699 1356 2754 benedicatur.

500 2789 596 2842 lle.
655 2789 839 2842 Gloria
873 2799 921 2842 et
947 2793 1144 2845 divitia:
1169 2795 1221 2846 in
1251 2795 1405 2848 domo
1439 2795 1551 2861 ejus
1585 2810 1602 2848 :
1635 2793 1770 2846 Van.
1807 2801 1853 2844 et
1887 2793 1997 2860 jus-

429 2879 546 2931 titia
575 2881 685 2948 ejus
723 2891 895 2934 manet
925 2883 978 2934 in
1008 2885 1260 2937 sarculum
1308 2899 1371 2940 σξ-
1428 2887 1648 2940 steculi’
1691 2887 1712 2954 ζ

497 2972 650 3024 Ζίἰη.
710 2974 966 3026 Exortum
1002 2975 1021 3005 ³
1079 2985 1154 3028 est
1206 2977 1259 3028 in
1307 2979 1527 3030 tenebris
1575 2983 1750 3031 lumen
1789 2978 1995 3032 rectis:

431 3063 633 3118 llliutlv.
665 3067 958 3119 misericors
988 3077 1037 3119 et
1075 3068 1347 3120 miserator
1369 3078 1414 3120 et
1449 3069 1641 3131 iustus.

499 3243 660 3297 Teth.
701 3243 971 3296 Jucundus
993 3253 1145 3298 homo
1179 3246 1268 3313 qui
1302 3245 1576 3296 miseretur
1607 3253 1654 3296 et
1678 3243 1995 3304 commodat,

427 3335 534 3388 Ind.
571 3334 807 3402 disponet
839 3351 1100 3388 sermones
1142 3351 1262 3387 suos
1303 3335 1355 3386 in
1382 3333 1588 3402 judicio
1614 3351 1632 3388 :
1669 3333 1841 3402 Capit.
1875 3334 1997 3402 quia

430 3429 482 3478 in
520 3436 773 3479 teter-num
807 3444 907 3481 non
935 3428 1342 3482 commovebitur

492 3603 719 3658 Lamed.
790 3601 854 3656 In
899 3605 1150 3659 memoria
1196 3611 1396 3658 wterna
1428 3605 1525 3655 erit
1569 3603 1794 3670 justus:
1830 3601 1990 3656 Mem.

426 3698 491 3751 ab
529 3698 799 3749 auditione
827 3696 970 3749 mala
1005 3713 1106 3748 non
1142 3696 1364 3750 tintebit.

468 3783 635 3845 Nun.
687 3789 945 3842 Paratum
991 3807 1079 3842 cor
1115 3791 1228 3858 ejus
1277 3806 1491 3858 sperare
1522 3791 1575 3842 in
1610 3791 1852 3843 Domino.
1893 3791 1994 3844 Sa-

423 3886 577 3938 meeh
609 3882 1010 3949 :conﬁrmatum
1030 3891 1105 3935 est
1139 3900 1228 3934 cor
1258 3882 1368 3950 ejus
1393 3899 1409 3935 :
1432 3899 1532 3934 non
1565 3882 1987 3944 conuuovebitur,

422 3980 546 4034 Ain.
576 3959 739 4028 donec
769 3977 1021 4043 despiciat
1051 3975 1292 4027 inimicos
1321 3991 1459 4027 suos.

501 4071 629 4122 l’lie.
667 4068 944 4134 Dispersit,
980 4067 1117 4120 dedit
1154 4067 1515 4134 pauperibus:
1568 4066 1731 4120 Sade.
1776 4067 1991 4137 justitia

421 4162 531 4230 ejus
563 4168 736 4212 manet
779 4161 832 4210 in
862 4158 1113 4212 sarculum
1146 4171 1206 4211 αι-
1243 4157 1263 4188 δ
1291 4156 1472 4209 εατιιιὶ
1510 4159 1529 4223 ζ
1589 4155 1762 4226 Coph.
1823 4173 1990 4209 cornu

423 4253 536 4321 ejus
575 4251 899 4303 multabitur
925 4253 977 4303 in
1007 4249 1203 4319 gloria.

2107 2261 2368 2302 ALLELUIA
2405 2265 2754 2310 nevensmms
2786 2257 2924 2330 [ηις.
2959 2263 3263 2318 convensnl
3295 2283 3463 2321 tecm
3499 2285 3556 2324 ET
3591 2285 3665 2323 n-

2801 2345 3032 2385 (ΣΗΛΙΗΑΞ.

2177 2432 2361 2499 Alepli.
2419 2433 2618 2490 Beatus
2645 2439 2728 2491 vir
2761 2441 2851 2508 qui
2900 2443 3047 2496 timet
3089 2446 3379 2502 Dominum
3411 2467 3423 2504 :
3454 2451 3593 2504 Belli.
3620 2454 3666 2504 in

2107 2524 2378 2578 mandatis
2401 2527 2522 2595 ejus
2546 2529 2697 2598 cupit
2725 2529 2846 2601 [ηις.
2875 2535 3042 2605 volet]
3076 2539 3265 2592 nimis.

2180 2614 2368 2670 Gimel.
2410 2618 2609 2673 Potens
2643 2621 2694 2672 in
2731 2632 2871 2676 terra
2901 2628 3006 2680 erit
3035 2642 3225 2682 semen
3254 2631 3371 2696 ejus

2109 2706 2388 2772 generatio
2417 2717 2688 2763 rectorum
2724 2711 3098 2770 benedicetur.

2181 2793 2276 2848 He.
2316 2797 2497 2850 Gloria
2529 2809 2583 2854 et
2610 2801 2815 2856 divitiae
2844 2804 2900 2858 in
2933 2807 3094 2861 domo
3125 2802 3248 2878 ejus
3281 2828 3295 2866 ε
3337 2811 3462 2868 Vav.
3493 2823 3544 2868 ct
3573 2814 3668 2874 ius.

2113 2887 2228 2939 tilia
2263 2887 2380 2956 ejus
2413 2901 2595 2944 manet
2622 2893 2674 2945 in
2708 2897 2970 2950 saculum
3007 2902 3222 2956 smculi.

2169 2975 2341 3028 Zain.
2397 2979 2664 3036 Extirtnm
2717 2994 2802 3036 est
2858 2985 2909 3038 in
2965 2991 3217 3046 tenebris
3279 2995 3458 3048 lumen
3523 2996 3668 3049 rantis

2104 3067 2270 3122 corde
2315 3069 2382 3116 δε
2437 3070 2621 3128 llhetlt.
2677 3075 2990 3132 misericors
3053 3091 3110 3134 et
3166 3085 3455 3140 miseratur
3503 3097 3553 3139 et
3588 3089 3668 3156 ju-

2099 3169 2239 3213 stus.

2168 3252 2290 3306 Teth
2313 3291 2325 3305 .
2375 3252 2666 3312 Iucundus
2715 3260 2878 3314 homo
2910 3263 3002 3330 qui
3043 3265 3344 3321 miseretur
3368 3277 3423 3322 et
3450 3283 3670 3321 commo-

2100 3341 2214 3408 dat,
2240 3343 2355 3396 Iad.
2378 3345 2633 3412 disponet
2665 3366 2946 3407 sermones
2971 3370 3100 3408 suos
3137 3358 3190 3410 in
3219 3358 3433 3427 judicio
3463 3376 3475 3411 :
3513 3358 3665 3425 ευριπ.

2097 3436 2221 3501 quia
2256 3432 2398 3505 [ηις.
2429 3438 2686 3505 quoniam
2718 3440 2737 3512 ]
2793 3443 2844 3496 in
2877 3455 3146 3500 aeternum
3176 3465 3289 3503 non
3320 3450 3668 3504 commovebic

3417 2647 3432 2685 ε
3479 2631 3665 2686 Daletlt.

2079 3534 2207 3577 ‘ltlt‘.

2104 3691 2106 3693 ὶ
2168 3615 2386 3672 Lamed.
2438 3618 2494 3673 ln
2546 3625 2806 3679 memoria
2856 3634 3059 3681 a‘terna
3106 3630 3218 3684 erit
3245 3633 3477 3702 justus:
3522 3632 3664 3691 Mem.

2095 3706 2162 3760 ab
2193 3709 2382 3762 auditu
2418 3712 2562 3765 man
2593 3729 2700 3767 non
2740 3717 2974 3772 timebit.

2171 3796 2316 3855 Nun.
2345 3801 2596 3858 Paratum
2635 3816 2715 3859 est
2739 3823 2832 3861 cor
2862 3811 2980 3880 ejus
3026 3828 3258 3880 sperare
3311 3817 3364 3868 iu
3400 3815 3618 3869 Domino
3652 3833 3664 3868 :

2093 3885 2335 3943 Samech.
2377 3895 2759 3950 confirmatum
2791 3909 2876 3953 est
2910 3917 3006 3955 cor
3030 3905 3178 3972 ejus,
3226 3923 3335 3960 non
3371 3922 3665 3961 commove-

2097 3978 2406 4045 bitur,‘Ain.
2437 3987 2608 4041 donec
2643 3989 2818 4044 videat
2849 3991 3105 4048 inimicos
3141 4013 3303 4051 ευυε.

2164 4069 2288 4126 Plte.
2327 4075 2607 4144 Dispersit,
2642 4082 2793 4136 dedit
2829 4089 3192 4153 pauperibus,
3238 4109 3248 4141 :
3283 4091 3442 4144 Sade.
3472 4091 3666 4160 justitia

2091 4161 2213 4227 ejus
2258 4176 2438 4218 manet
2487 4169 2539 4222 in
2588 4174 2845 4226 saeculum
2879 4178 3063 4230 saeculi
3105 4196 3118 4231 :
3151 4179 3325 4249 Copti,
3362 4196 3531 4236 cornu
3562 4181 3669 4250 ejus

2093 4254 2420 4308 exaltaliitur
2453 4258 2505 4310 in
2540 4260 2733 4326 gloria.

495 4345 620 4398 lies.
678 4345 930 4397 Peccator
964 4344 1149 4396 videbit
1183 4350 1228 4393 et
1259 4343 1560 4394 irascetur:
1596 4340 1712 4393 Sin.
1749 4340 1987 4391 dentibus
2025 4353 2064 4404 ι)
2167 4343 2285 4400 Res.
2316 4346 2569 4402 Peceator
2596 4354 2818 4420 videbit,
2850 4366 2906 4409 et
2931 4359 3210 4414 irascetur
3239 4381 3252 4416 :
3283 4364 3401 4419 Sin.
3428 4363 3670 4418 dentibus

419 4440 524 4490 suis
557 4438 764 4504 fremet,
794 4448 840 4488 et
867 4436 1086 4490 tabescet
1119 4450 1137 4492 :
1171 4435 1342 4490 Tbav.
1381 4433 1696 4487 desiderium
1748 4444 1985 4501 peccato-

427 4547 544 4582 rum
578 4530 786 4598 peribit.

2097 4435 2210 4487 suis
2238 4435 2433 4492 fremet
2465 4452 2517 4494 et
2547 4445 2790 4502 tabeSect
2825 4465 2839 4502 :
2873 4448 3030 4505 Tltav.
3060 4454 3407 4509 desiderium
3441 4465 3667 4524 peccato.

2101 4541 2218 4576 rum
2255 4530 2472 4588 peribit.

1773 4646 2125 4705 I’SAIMUS
2165 4647 2284 4707 CXI
2306 4653 2348 4709 l.

1072 4755 1348 4793 AI.LEI.UI.\.

498 4830 749 4892 Lntttlulc,
785 4833 955 4901 pueri,
999 4833 1272 4884 “omittunt
1312 4847 1328 4885 .‘
1381 4830 1592 4886 laudate
1644 4831 1833 4884 nomen
1876 4827 1982 4880 Do-

426 4927 577 4976 mini.

501 5147 516 5176 ‘
554 5145 626 5199 De
661 5160 808 5199 more
840 5146 1117 5200 Palatinus
1148 5162 1247 5199 ms.
1269 5148 1711 5215 praepositionem
1777 5165 1869 5199 con
1897 5148 1988 5213 ju-

464 5219 571 5267 nlat
614 5235 624 5268 :
661 5217 863 5270 omittit
895 5233 1022 5271 vero
1051 5219 1141 5286 qui
1183 5229 1460 5284 pestremo
1497 5219 1734 5271 habetur
1774 5221 1824 5271 in
1887 5222 1990 5272 line

451 5287 643 5351 'salmi,
676 5286 916 5341 obelum.

487 5360 506 5385 ²
544 5361 718 5424 Atque
775 5360 861 5411 hic
896 5361 1014 5410 sine
1072 5357 1233 5409 obclo
1296 5354 1526 5410 Palatini.
1566 5374 1671 5422 ms.
1706 5357 1857 5426 legit,
1887 5375 1985 5424 pro

421 5442 532 5494 quo
568 5429 719 5480 addit
761 5427 1084 5498 Diapsalma.
1128 5497 1133 5498 γ
1476 5496 1484 5498 _
1528 5496 1563 5498 ᾲ
1968 5430 1973 5436 ’

493 5497 512 5526 ³
552 5499 696 5551 Idem
727 5515 828 5551 ms.
859 5496 1303 5564 'prmpusitionem
1339 5496 1485 5556 verbi
1522 5496 1799 5559 Exortum.
1847 5509 1904 5553 nt
1933 5509 1986 5554 et

423 5565 562 5617 ittll'a
592 5570 655 5620 ad
697 5569 925 5622 Sutucch
958 5572 1215 5624 litteratlt.
1257 5567 1650 5634 ςοηΙὶνιηαιηηι,
1693 5572 1867 5625 Ultelis
1895 5573 1984 5638 ju-

400 5635 592 5686 .znlal.

463 5649 592 5686 tllul.

421 5649 454 5709 ὅ
502 5705 520 5730 ⁸
562 5705 692 5757 Malo
727 5707 866 5760 idem
903 5725 1002 5762 ms.
1034 5706 1248 5761 obelunt
1284 5693 1369 5759 hic.
1402 5713 1765 5773 przetcrmittit
1788 5753 1799 5774 ,
1837 5715 1984 5766 addit

2731 4769 3007 4808 ALLI-ZLUIA.

2162 4826 2420 4900 Landate,
2454 4840 2628 4902 pueri,
2679 4840 2960 4897 Dominum

2096 4934 2249 4974 llllltl.

3008 4864 3024 4899 :
3075 4849 3308 4902 laudate
3347 4865 3542 4902 nomen
3574 4850 3666 4901 Do-

2093 5166 2220 5222 vero
2254 5154 2306 5205 in
2341 5153 2444 5207 line
2473 5171 2665 5209 versus
2700 5155 3028 5222 Diapsalma.

2162 5221 2182 5251 ⁸
2221 5223 2424 5277 Nomen
2458 5228 2610 5279 corde
2656 5228 2707 5281 in
2746 5221 3043 5282 veroneus.
3081 5246 3188 5283 ms.
3250 5249 3362 5286 non
3400 5241 3504 5285 est.
3561 5229 3672 5282 Plus

2095 5308 2223 5366 vero
2270 5293 2586 5366 insequenti
2639 5305 2723 5350 est
2774 5314 2954 5359 versu,
2989 5301 3176 5366 justus
3209 5301 3476 5357 Dominus
3523 5300 3669 5352 Deus.

2093 5361 2227 5438 Tum
2269 5361 2470 5438 legitur
2501 5365 2694 5438 lieutus
2725 5369 2822 5428 vir,
2872 5370 2960 5436 qui
2989 5361 3317 5438 “miseretur,
3360 5384 3469 5427 etc.
3510 5373 3673 5434 Atque

2093 5433 2228 5507 intra
2254 5433 2354 5487 sub
2372 5435 2472 5507 Ain
2499 5435 2702 5491 littera.
2723 5433 3068 5489 donee'videut
3087 5457 3258 5507 super
3279 5433 3524 5496 inimicos
3542 5433 3670 5489 suos.

2094 5504 2337 5578 Denique
2362 5505 2464 5556 sub
2499 5509 2658 5578 linem
2686 5508 2908 5578 frendet.
2929 5577 2934 5578 γ
2955 5523 3047 5578 pro
3072 5504 3267 5572 fremet
3297 5531 3317 5565 :
3380 5528 3552 5578 neque.
3581 5511 3672 5559 hoc

2091 5575 2337 5640 quidem,
2375 5585 2432 5627 ιιι
2458 5576 2636 5628 editor
2666 5578 2784 5643 ejus
2820 5575 3066 5629 l’salt'erii
3100 5591 3287 5644 putat.
3337 5575 3671 5644 tun-'Augu-

2092 5646 2257 5704 Slilltt,
2293 5660 2462 5711 aquo
2515 5648 2710 5696 lectum
2755 5648 2984 5719 frondet,
3019 5647 3147 5701 libri
3198 5653 3328 5719 ejus
3389 5649 3670 5709 lcslautur,

2092 5725 2252 5783 atque
2282 5731 2342 5766 ex
2374 5725 2488 5769 toto
2525 5727 2780 5770 contextu
2814 5717 3002 5786 lltjllt‘l.
