3898 6172
285 284 381 345 353

1488 284 1717 346 LIBER
1782 279 2275 349 l‘SALMORUM.

3386 296 3491 358 351

335 399 414 452 Sit
465 413 644 450 nomen
699 395 909 448 Domini
950 390 1293 462 benedictum,
1332 414 1394 450 ex
1426 402 1520 450 huc
1572 415 1727 457 nunc,
1766 409 1810 449 et
1851 410 1893 460 Α
1992 400 2076 455 Sit
2111 416 2306 455 nomen
2340 400 2551 454 Domini
2588 399 2960 465 benedictum,
3004 414 3070 454 ex
3102 399 3204 455 hoc
3238 417 3405 471 nunc,
3434 409 3492 459 et

272 505 421 559 usque
445 489 497 539 in
520 488 795 541 saxulum.

334 583 373 638 Α
405 581 528 634 solis
564 590 685 634 ortu
728 596 892 650 usque
918 581 987 633 ad
1034 596 1295 645 occasum,
1330 582 1598 636 laudabile
1627 597 1815 635 nomen

271 673 484 727 Domini.

328 764 566 817 Ezcelsus
621 779 783 833 super
830 779 1007 817 omnes
1059 774 1233 834 gentes
1270 766 1523 819 Dominus
1561 767 1666 820 +'
1708 774 1753 818 et
1788 761 1811 831 ζ

265 872 407 924 super
432 855 583 908 caelos
612 856 783 925 gloria
807 857 938 924 ejus.

329 948 447 1012 Quis
484 948 614 1000 sicut
648 948 899 1002 Dominus
931 947 1064 1000 Deus
1100 956 1274 1001 noster
1303 949 1392 1018 qui
1420 950 1472 1000 in
1504 947 1627 1000 altis
1657 946 1810 1000 habi-

269 1052 334 1094 tat
359 1056 377 1094 :
407 1054 468 1094 σι-
509 1052 556 1095 et
592 1040 615 1108 ζ
654 1041 873 1095 humilia
905 1044 1110 1110 respicit
1135 1044 1187 1096 in
1210 1042 1337 1096 caelo
1361 1054 1405 1097 et
1439 1042 1493 1096 in
1519 1052 1662 1096 terra
1688 1043 1713 1094 .9

327 1133 593 1184 Suscitans
626 1147 658 1183 a
695 1140 837 1183 terra
886 1131 1095 1200 inopem
1138 1146 1157 1184 :
1193 1140 1240 1184 et
1270 1133 1333 1183 de
1361 1141 1587 1186 stercore
1614 1132 1815 1199 erigens

267 1238 554 1292 pauperem.
1200 1294 1205 1299 ἢ

331 1315 390 1366 Ut
419 1315 632 1367 collocet
664 1330 780 1366 eum
807 1329 927 1383 cum
965 1315 1310 1385 piincipibus,
1343 1331 1460 1369 cum
1489 1317 1813 1387 principibus

266 1407 426 1475 populi
454 1408 557 1461 sui.

328 1498 417 1560 Qui
445 1496 686 1549 habitare
710 1497 833 1566 facit
865 1496 1097 1551 sterilem
1133 1497 1186 1551 in
1210 1496 1385 1559 domo.
1419 1508 1645 1551 matrem
1672 1494 1815 1566 filio-

268 1607 367 1642 nnn
395 1591 682 1642 laetantem.

1924 507 2095 563 usque
2123 492 2177 547 in
2208 491 2489 546 saeculum.

1983 585 2029 639 A
2072 584 2203 639 solis
2242 593 2366 637 ortu
2412 597 2585 651 usque
2632 581 2698 635 ad
2729 596 3006 647 occasum,
3047 583 3268 638 laudate
3296 599 3494 638 nomen

1920 677 2163 731 Domini.

1996 766 2255 821 Excelsus
2281 780 2446 835 super
2477 756 2666 819 omnes
2691 775 2881 834 gentes
2907 764 3170 819 Dominus
3203 783 3219 822 :
3252 776 3307 820 et
3351 763 3370 837 Ι
3396 783 3491 822 nis.

1921 868 2023 911 tae.
2059 857 2139 929 et]
2172 872 2336 926 super
2365 858 2531 912 ctelos
2563 856 2730 924 gloria
2753 857 2894 923 ejus.

1984 949 2119 1015 Quis
2150 948 2291 1003 sicut
2335 947 2599 1002 Dominus
2628 947 2768 999 Deus
2798 956 3004 1009 noster,
3034 948 3127 1015 qui
3163 948 3216 1000 in
3244 948 3369 1002 altis
3399 948 3494 1003 ba-

1917 1040 2076 1105 bitat,
2107 1050 2160 1093 et
2191 1039 2416 1093 humilia
2441 1037 2661 1106 respicit
2689 1037 2908 1091 ἰπὶ-εαξη)
2935 1047 2992 1090 et
3027 1037 3079 1089 in
3112 1048 3253 1090 terra
3284 1037 3307 1088 ?

1988 1132 2272 1185 Suscitans
2300 1146 2330 1184 a
2360 1139 2498 1184 terra
2530 1129 2748 1195 inepem
2784 1141 2800 1185 :
2832 1137 2887 1182 et
2912 1129 2980 1183 de
3007 1138 3246 1183 stercore
3274 1129 3493 1200 erigens

1916 1239 2206 1296 pauperem
2243 1225 2285 1277 ⁵.

1916 1323 1948 1385 ι
1978 1315 2048 1371 Ut
2077 1317 2305 1370 collocet
2345 1331 2468 1369 eum
2512 1330 2635 1370 cum
2682 1313 3040 1384 principibus,
3077 1329 3199 1369 cum
3233 1314 3496 1384 principi-

1923 1408 2025 1461 bus
2054 1408 2234 1476 populi
2262 1407 2369 1460 sui.
2801 1398 2822 1421 ⁸

1983 1497 2086 1563 Qui
2116 1497 2364 1552 habitare
2413 1498 2542 1552 facit
2589 1498 2829 1553 sterilem
2861 1497 2915 1551 in
2954 1498 3141 1557 domo,
3175 1503 3400 1549 matrem
3436 1494 3496 1546 ii-

1918 1589 2112 1642 liorum
2138 1590 2433 1646 laetantem.

1588 1755 1938 1815 PSALMUS
1977 1754 2198 1815 CXIII.

885 1858 1169 1902 ΑιιειυιΑ,

330 1934 387 1991 ln
415 1938 558 1989 exitu
584 1933 761 1990 Israel
784 1937 849 1991 de
870 1935 1117 2006 Egypto,
1140 1935 1323 1988 domus
1344 1930 1507 1988 Iacob
1534 1933 1598 1986 de
1625 1931 1819 2004 populo

270 2030 491 2083 barbaro.

329 2124 485 2178 Facta
516 2135 592 2179 est
614 2123 810 2179 ludam
834 2123 1190 2191 sanctiﬁcatio
1218 2121 1356 2193 ejus,
1390 2118 1564 2173 Israel
1586 2126 1819 2190 potestas

270 2218 384 2286 ejus.
854 2270 857 2274 .

329 2306 469 2360 Mare
499 2306 651 2372 vidit,
691 2315 738 2359 et
771 2304 903 2375 fugit
935 2320 953 2362 :
982 2301 1233 2356 Iordanis
1294 2318 1570 2356 conversus
1614 2309 1685 2353 est
1738 2314 1819 2351 re-

272 2408 494 2451 trorsum.

326 2489 519 2543 Montes
556 2489 947 2543 exsultaverunt
977 2495 1033 2541 ut
1073 2489 1262 2541 arietes
1300 2500 1362 2542 -ιν
1393 2496 1442 2539 et
1473 2488 1496 2556 ζ
1527 2485 1681 2538 colles
1707 2484 1816 2538 sic-

273 2589 318 2629 ut
359 2583 469 2649 agni
497 2583 695 2634 ovium.

332 2674 458 2737 Quid
488 2684 569 2727 est
606 2677 672 2740 δέ(
699 2673 794 2725 tibi
820 2672 843 2741 ζ
880 2686 1044 2734 mare,
1082 2669 1219 2739 quod
1255 2668 1438 2737 fugisti
1471 2669 1497 2720 .9
1525 2680 1577 2721 σιμ
1627 2679 1675 2720 et
1708 2677 1760 2719 tu
1790 2711 1811 2736 ,

275 2765 522 2828 Iordanis,
560 2781 683 2833 quia
718 2780 993 2816 conversus
1019 2779 1069 2816 es
1099 2772 1385 2813 retrorsum
1415 2762 1439 2813 .9

331 2856 547 2917 Montes,
579 2853 887 2907 exsultastis
913 2854 1044 2905 sicut
1067 2852 1258 2904 arietes
1286 2863 1346 2905 -t—
1374 2864 1420 2903 et
1446 2850 1469 2919 ξ
1496 2849 1650 2902 colles
1680 2848 1813 2900 sicut
1862 2872 1865 2873 ν

272 2948 376 3016 agni
394 2949 563 2999 ovium
587 2948 612 3000 Ξ)

327 3038 363 3090 Α
392 3036 522 3105 facie
574 3034 788 3088 Domini
832 3045 969 3086 mota
1013 3040 1088 3084 est
1131 3039 1299 3093 terra,
1336 3049 1367 3084 a
1410 3028 1548 3100 facie
1578 3029 1670 3083 Dei
1707 3028 1813 3084 Ja-

272 3128 367 3180 tob.

2568 1852 2823 1895 ALLELUIA

1993 1934 2050 1988 In
2079 1935 2227 1987 exitu
2260 1933 2417 1987 Israel
2448 1950 2512 1987 ex
2545 1932 2796 2004 :Egypto,
2826 1934 3019 1988 domus
3041 1930 3208 1988 Jacob
3238 1934 3301 1986 tle
3329 1946 3498 2002 popu-

1919 2024 1973 2078 lo
2004 2025 2252 2079 barbaro.

1918 2124 1944 2179 ζ.
1988 2114 2151 2170 Foeta
2179 2126 2263 2171 est
2296 2117 2479 2172 Judaea
2529 2116 2894 2170 sanctiﬁcatio
2935 2116 3056 2185 ejus
3086 2114 3108 2147 '
3138 2129 3154 2167 :
3190 2114 3352 2168 Israel
3396 2131 3499 2184 po-

1927 2219 2092 2263 testas
2124 2209 2262 2280 cjus,
2298 2209 2460 2264 Israel
2492 2210 2737 2277 regnavit
2772 2209 2825 2261 in
2853 2223 2938 2261 ea.

1990 2300 2134 2354 Mare
2165 2301 2320 2365 vidit,
2352 2310 2407 2356 et
2440 2300 2579 2373 fugit
2615 2314 2630 2352 :
2658 2300 2913 2355 .lordanis
2964 2315 3264 2355 conversus
3292 2308 3375 2354 est
3411 2315 3499 2355 re-

1921 2404 2156 2448 ιτυτευιιι
2169 2432 2184 2448 ο

1983 2483 2195 2537 Montes
2226 2484 2642 2540 exsultaverunt
2671 2495 2730 2538 ut
2761 2486 2987 2550 arietes,
3040 2493 3096 2539 et
3141 2484 3309 2540 colles
3351 2484 3500 2538 velut

1919 2577 2039 2646 agni
2069 2576 2275 2631 ovium.

1994 2668 2130 2732 Quid
2178 2679 2282 2735 est,
2339 2685 2510 2732 mare,
2559 2670 2704 2739 quod
2740 2670 2962 2739 fugisti?
3003 2680 3059 2725 et
3095 2682 3171 2730 tu.
3222 2668 3494 2737 Jonlanis,
3582 2692 3585 2693 '

1917 2772 2087 2828 quare
2114 2774 2413 2814 conversus
2447 2776 2507 2814 es
2544 2774 2840 2814 retrorsum
2867 2761 2889 2813 ?

1981 2846 2208 2909 Montes,
2254 2865 2425 2917 quare
2457 2850 2772 2903 exsultastis
2824 2860 2882 2902 ut
2930 2849 3179 2904 arietes?
3224 2859 3282 2906 et
3328 2850 3497 2906 colles

1919 2939 2069 2993 velut
2100 2940 2223 3009 agni
2250 2941 2461 2994 ovium?

1988 3030 2034 3083 A
2073 3029 2210 3084 faeie
2246 3031 2459 3085 Domini
2494 3043 2764 3087 commota
2818 3044 2896 3087 est
2933 3043 3102 3097 terra,
3151 3048 3180 3088 ξι
3216 3033 3350 3089 facie
3400 3034 3494 3089 Dei

1923 3115 2044 3190 luis.
2075 3120 2316 3190 Domini]
2341 3120 2531 3176 Jacob.

330 3220 420 3285 Qui
451 3220 704 3273 convertit
726 3226 932 3290 petram
965 3218 1020 3271 in
1040 3226 1231 3286 stagna
1261 3231 1522 3287 aquarum
1554 3232 1574 3271 :
1608 3229 1665 3271 -t~
1700 3226 1748 3270 et
1784 3217 1805 3286 ζ
1840 3193 1886 3254 c
1985 3210 2088 3275 Qui
2117 3215 2387 3267 convertit
2410 3215 2640 3269 solidam
2677 3214 2698 3245 ‘
2728 3226 2934 3285 petram
2962 3217 3294 3287 in'stagnum
3318 3232 3492 3286 aquae,

274 3328 427 3380 niptm
448 3316 498 3366 in
541 3314 705 3382 fontes
733 3327 1015 3379 aquarum.

329 3403 433 3457 Non
460 3406 631 3469 nobis,
657 3404 897 3467 Domine,
931 3419 1031 3456 non
1064 3415 1247 3455 noois:
1282 3402 1371 3454 sed
1405 3401 1599 3455 nomini
1625 3412 1711 3455 tuo
1741 3404 1809 3456 da

271 3494 463 3563 gloriam
474 3535 487 3548 .

325 3587 479 3656 Super
531 3588 888 3642 misericordia
942 3597 1030 3641 tua
1081 3598 1128 3643 et
1181 3592 1399 3644 veritate
1444 3601 1534 3643 tua
1573 3605 1594 3645 :
1640 3608 1703 3644 ne
1744 3606 1808 3647 οι-

274 3684 456 3749 quando
488 3684 507 3713 ³
546 3683 568 3751 ξ
608 3683 788 3734 dicant
813 3693 1013 3750 gentes.
1064 3680 1159 3735 Ubi
1183 3692 1259 3749 est
1294 3683 1426 3735 Deus
1455 3684 1675 3739 eorum?

333 3773 454 3826 Deus
501 3761 684 3826 autem
736 3783 911 3825 noster
959 3776 1011 3825 in
1062 3774 1188 3826 ctzlo
1219 3787 1238 3825 .'
1288 3777 1467 3827 omnia
1498 3792 1815 3845 qurecungne

272 3865 428 3925 uo'uit,
457 3866 598 3932 fecit.
630 3877 692 3918 -t-
718 3865 1010 3917 DtsPsALstA
1046 3867 1067 3932 ζ

332 4046 619 4101 Simulacra
663 4047 902 4115 gentium
946 4058 1223 4116 argentum
1274 4056 1323 4101 et
1374 4066 1602 4116 aurum,
1657 4068 1814 4117 Opera

276 4153 502 4191 manuum
524 4140 819 4191 hominum.

328 4229 389 4283 0s
429 4231 636 4292 habent,
686 4239 739 4282 et
782 4244 886 4281 non
921 4239 1205 4298 taquentur
1237 4243 1256 4282 :
1290 4230 1467 4284 oculos
1496 4232 1710 4298 habent,
1765 4245 1816 4289 et

277 4335 362 4371 non
388 4322 643 4373 ridebunt.

336 4457 350 4482 ¹
385 4453 545 4506 Palat.
598 4469 706 4506 ms.
735 4454 851 4521 pari
905 4454 995 4509 hic
1033 4468 1190 4524 pacto
1224 4466 1388 4524 atque
1426 4458 1561 4513 vitio
1590 4460 1812 4517 obelum

276 4524 455 4595 omittit
481 4539 495 4576 ;
524 4541 575 4576 ιιι
606 4524 715 4577 line
736 4534 928 4595 autem
958 4540 1144 4578 versus
1167 4527 1319 4580 addit
1350 4527 1684 4595 Diapsalma.

331 4597 349 4621 ⁸
379 4594 545 4670 Atque
577 4594 665 4646 hic
687 4664 697 4670 _
720 4593 1033 4670 Diapsalma
1082 4594 1314 4670 Palatio.
1351 4593 1460 4670 uis.
1485 4600 1768 4670 subiungit
1795 4619 1808 4655 :

280 4676 334 4713 ac
360 4664 701 4729 subsequenti
756 4678 916 4718 versu
967 4665 1291 4718 adverbium
1355 4669 1478 4734 quia
1534 4664 1814 4727 iniuie'rito

277 4735 416 4783 obuio
442 4743 724 4799 pneuotat.

340 4800 357 4828 ³
389 4804 510 4854 Sne
532 4806 692 4855 obelo
717 4803 997 4871 Palatinus
1023 4819 1121 4858 ms.
1150 4804 1300 4870 legit,
1332 4807 1511 4860 minus
1540 4820 1703 4863 recte.

342 4879 358 4898 '
391 4872 709 4926 Veronensis
741 4889 841 4927 ius.
876 4875 979 4936 Qui
1009 4876 1155 4944 erigit
1183 4893 1214 4927 a
1236 4886 1387 4940 terra
1417 4881 1642 4946 inopem,
1676 4891 1724 4933 et
1751 4881 1816 4933 de

279 4951 480 4993 stercore
511 4946 713 4995 exultat
737 4957 1058 5012 pauperem:
1084 4946 1416 4999 atlamussim
1451 4964 1575 5000 cum
1600 4952 1814 5019 Augus-

281 5019 394 5063 tino.

337 5082 357 5110 ⁵
386 5079 672 5156 ‘t'erouens.
699 5098 803 5137 ms.
836 5084 1090 5156 sanctitas
1118 5085 1229 5156 rjus
1252 5098 1270 5138 :
1298 5094 1407 5140 tum
1433 5089 1813 5154 praetenuissis

280 5153 461 5226 scibis,
492 5154 658 5206 lsrael
688 5155 922 5226 regnavit
948 5154 1001 5205 in
1027 5170 1109 5219 ea,
1139 5153 1258 5224 qua:
1282 5172 1497 5226 gemina
1522 5166 1606 5211 est
1633 5175 1811 5212 versu)

283 5222 425 5296 liuius
455 5222 783 5278 tiemistictoi
834 5223 1007 5296 Israel
1057 5222 1306 5291 potestas
1341 5226 1477 5294 ejus,
1535 5242 1807 5296 sequitur,

285 5288 414 5362 Dare
443 5295 578 5353 cidit,
632 5306 683 5346 et
727 5297 881 5362 fugit.
941 5288 1205 5349 Jordanes
1236 5288 1513 5349 conversus
1542 5288 1809 5353 est-retro;

282 5356 461 5412 Montes
490 5356 957 5429 gestierunt'uelut
1009 5370 1219 5423 arietes.
1250 5380 1359 5420 etc.
1409 5366 1550 5430 Quid
1587 5377 1661 5422 est
1695 5373 1810 5432 tibi,

282 5442 439 5501 mare,
469 5434 597 5498 quod
644 5435 877 5501 fugisti?
930 5446 978 5487 et
1012 5444 1086 5499 tu,
1146 5432 1398 5501 Iordane,
1453 5454 1729 5491 conversus
1759 5456 1812 5492 es

280 5500 446 5575 retro?
497 5500 721 5565 Montes,
752 5520 936 5572 ,quare
975 5506 1199 5575 gestistis
1237 5500 1391 5560 velut
1428 5509 1616 5562 arietes
1641 5510 1667 5561 Ρ
1698 5526 1810 5565 etc.

279 5569 761 5648 Quibusooonbus
783 5569 917 5629 luens
946 5569 1028 5628 iis
1064 5592 1171 5629 uno
1214 5581 1464 5646 gestienai
1492 5585 1677 5645 verbo,
1713 5597 1811 5648 pro

280 5638 570 5703 exsultandi,
636 5645 753 5712 ejus
817 5663 942 5700 Cum
999 5638 1392 5715 Augustianos
1450 5649 1613 5703 lectio
1662 5638 1809 5704 Icon-

280 5720 446 5762 κυιιι.

1923 3313 1976 3356 et
2010 3316 2197 3372 rupem
2233 3304 2286 3357 in
2319 3306 2498 3360 fontes
2528 3322 2816 3375 aquarum.

1995 3390 2112 3471 Non
2147 3396 2326 3459 nobis,
2379 3397 2626 3462 Domine,
2676 3414 2784 3455 non
2826 3399 3119 3464 nobis,sed
3154 3400 3362 3455 nemini
3402 3410 3495 3455 tuo

1922 3482 1991 3537 da
2023 3484 2273 3554 gloriam.
2566 3473 2570 3478 ’

1990 3577 2167 3646 Super
2196 3581 2573 3635 misericordia
2604 3592 2692 3636 tua
2719 3590 2773 3635 et
2802 3585 3032 3637 veritate
3063 3594 3151 3636 tua
3180 3595 3196 3637 ξ
3231 3599 3298 3638 ne
3323 3599 3496 3654 quan-

1919 3667 1991 3722 do
2027 3670 2209 3723 dicant
2245 3683 2452 3739 gentes,
2484 3673 2586 3726 Ubi
2619 3682 2701 3725 est
2726 3673 2869 3726 Deus
2893 3674 3125 3725 eorum?

1984 3759 2127 3813 Deus
2170 3771 2352 3814 autem
2396 3775 2584 3815 noster
2635 3765 2689 3815 in
2740 3764 2880 3816 caelo
2907 3761 3122 3817 sursinn
3159 3765 3221 3826 ’,ε
3256 3766 3308 3817 in
3351 3756 3525 3819 caelo.

1916 3860 1973 3906 et
2021 3855 2071 3903 in
2118 3864 2260 3905 terra
2308 3856 2489 3906 ornuia
2540 3868 2881 3923 quacumque
2942 3856 3115 3908 voluit
3163 3855 3312 3909 fecit.
3359 3857 3474 3910 Dm

1851 3932 1854 3935 Α
1910 3958 2146 3997 ινδλιιιιι.

1990 4059 2293 4113 Simulacra
2347 4070 2589 4127 gentium
2631 4073 2913 4128 argentum
2954 4070 3011 4116 et
3062 4073 3278 4126 aurum,
3327 4076 3492 4130 opera

1927 4163 2186 4203 manuum
2222 4148 2504 4202 hominum
2533 4149 2595 4204 ⁸.·

1981 4241 2056 4298 Os
2083 4242 2307 4307 habent,
2339 4253 2524 4296 etnon
2557 4242 2850 4313 loquentur
2895 4260 2911 4299 :
2942 4245 3131 4300 oculos
3172 4244 3395 4305 habent.
3440 4256 3495 4299 et

1924 4348 2030 4388 non
2058 4335 2339 4390 videbunt.
2616 4332 2623 4338 ’

1994 4467 2015 4499 ⁸
2048 4468 2213 4542 Tacet
2242 4468 2385 4523 idem
2411 4472 2755 4526 ms.solidam
2779 4487 2799 4536 ,°
2824 4481 2937 4525 tum
2964 4471 3098 4542 legit
3128 4470 3365 4540 plurium
3396 4489 3497 4525 nu-

1924 4553 2096 4611 mero,
2152 4535 2219 4611 In
2248 4549 2439 4611 stagna
2489 4559 2752 4611 aquarum
2780 4535 2846 4595 ret
2908 4535 3078 4610 rupes,
3110 4535 3217 4596 étc.
3251 4542 3492 4596 Rursum

1919 4609 2092 4680 altero
2139 4609 2220 4680 ab,
2266 4609 2369 4661 hoc
2409 4609 2573 4665 versu
2630 4626 2932 4680 pronomen
2977 4625 3089 4675 tua,
3130 4613 3218 4664 ubi
3265 4612 3495 4674 dicitur,

1922 4678 2279 4750 misericordia
2314 4688 2434 4750 tua,
2466 4692 2522 4734 et
2552 4682 2603 4734 in
2631 4678 2743 4735 line
2798 4682 3141 4749 insequentis
3174 4680 3491 4750 Diapsatmn

1922 4756 2087 4822 taret.
2118 4747 2383 4822 consulto
2402 4750 2495 4822 _ad
2532 4752 2678 4804 hunc.
2725 4747 2947 4805 versum
2974 4747 3294 4822 Hieronymi
3328 4763 3495 4819 epist.

1920 4817 1986 4868 ad
2013 4817 2277 4870 Sunniam
2310 4829 2368 4871 et
2402 4818 2690 4874 Fretelam.

1984 4888 2004 4918 ⁷
2046 4887 2121 4939 Ita
2147 4887 2339 4954 legunt
2368 4891 2499 4941 editi
2530 4906 2594 4943 ac
2631 4906 2761 4943 mss.
2791 4892 2843 4943 in
2874 4891 3255 4947 hocliomano
3287 4888 3490 4942 Psalte-

1920 4955 2005 5009 rio
2043 4971 2058 5011 :
2109 4957 2396 5011 manifeste
2432 4970 2615 5013 autem
2657 4962 2842 5013 addita
2879 4971 3009 5012 sunt
3040 4979 3066 5013 a
3098 4961 3352 5014 librariis
3382 4961 3496 5010 hac

1922 5030 2111 5098 verba,
2142 5025 2197 5077 in
2225 5026 2352 5079 ctelo
2378 5043 2611 5092 sursum,
2640 5044 2764 5082 cum
2787 5031 2930 5098 apud
2959 5029 3102 5083 LXX
3131 5033 3200 5084 ita
3233 5032 3491 5096 scriptum

1920 5100 1992 5148 sit
2029 5110 2043 5148 :
2082 5095 2217 5165 Deus
2266 5108 2443 5149 autem
2488 5108 2664 5150 noster
2706 5100 2760 5150 in
2800 5095 2951 5165 caelo,
2986 5110 3035 5153 et
3068 5103 3122 5152 in
3159 5109 3322 5161 terra,
3348 5095 3493 5160 ictu;

1919 5164 2258 5241 superﬂuum
2290 5181 2432 5241 esse,
2481 5178 2527 5219 et
2555 5174 2610 5221 in
2643 5180 2810 5230 terra.
2872 5164 3241 5241 llicronymus
3275 5182 3491 5237 quoqne

1920 5247 2023 5287 nos
2050 5236 2257 5289 docuit.
2290 5235 2465 5289 Msn'r.

1988 5303 2010 5334 ⁸
2040 5304 2286 5367 Illorum,
2337 5322 2432 5373 pro
2471 5306 2743 5361 hominum
2787 5309 2841 5361 in
2885 5308 3183 5363 Veronensi
3231 5314 3313 5359 est
3358 5320 3489 5362 ms.:

1916 5373 2110 5447 tumin
2145 5375 2390 5438 instanti,
2431 5394 2535 5429 non
2561 5380 2871 5447 loquuntur,
2902 5397 3006 5433 non
3035 5380 3228 5438 uident,
3263 5391 3363 5447 non
3392 5392 3492 5429 au-

1912 5446 2065 5497 diunt
2095 5462 2112 5498 :
2147 5446 2352 5519 reliqua
2386 5447 2535 5514 juxta
2566 5444 2954 5519 Augustinum,
2987 5463 3173 5500 manus
3197 5444 3407 5519 habent,
3435 5453 3489 5498 et

1913 5531 2015 5567 non
2046 5515 2460 5575 contrectubunt,
2495 5534 2630 5581 BNL;
2656 5515 2734 5582 et,
2762 5520 2878 5573 Non
2902 5519 3204 5570 clamabunt
3228 5518 3283 5567 in
3312 5517 3488 5584 fauci-

1918 5588 2012 5638 bus
2037 5587 2169 5642 suis.
2192 5602 2356 5654 neque
2382 5588 2547 5647 enim,
2574 5601 2676 5641 etc.
2713 5592 2977 5656 Denique,
2998 5586 3204 5640 Similes
3222 5585 3333 5641 illis
3354 5588 3494 5658 fiant

1911 5674 2109 5717 ontues,
2138 5660 2223 5725 qui
2250 5659 2470 5723 faciunt,
2503 5678 2608 5710 uc.
