3898 6172
455 289 560 350 355
642 305 647 316 ’

1370 275 1429 333 S.
1471 265 1911 331 HIEBONYMI
1958 259 2221 322 DlVlNA
2267 248 2794 316 BIBLIOTIIECA.
3579 239 3661 301 356

513 402 680 454 Aures
726 397 942 460 habent,
996 405 1042 449 et
1087 409 1185 446 non
1240 390 1495 443 audient:
1523 397 1682 436 nares
1733 379 1941 439 habent,
1976 384 2026 429 et
2053 379 2102 437 Α
2203 372 2375 427 Aures
2405 369 2607 422 habent
2655 377 2703 418 el
2735 375 2841 414 mm
2873 356 3096 411 θιιάίειιι
3143 369 3160 409 3
3196 367 3351 406 11³1⁵88
3381 354 3586 412 hanc)".
3620 365 3664 403 οι

446 511 548 546 non
585 493 901 546 odorabunt.

516 585 704 637 manus
737 582 946 639 habent,
971 586 1018 630 et
1049 571 1474 643 nonipalpabunt
1505 586 1522 630 ;
1556 567 1710 636 pedes
1744 563 2022 624 habent,et

449 693 547 728 non
584 671 924 728 ambulabunt
968 684 985 724 .°
1019 684 1120 720 non
1157 663 1462 718 clamabunt
1491 662 1546 712 in
1571 667 1778 730 gutture
1800 671 1915 708 suo.

526 929 734 983 Similes
789 928 892 981 illis
938 928 1072 996 ﬁant
1102 927 1192 998 qui
1223 927 1425 996 faciunt
1471 939 1556 990 ea,
1606 935 1666 977 -ι-
1705 929 1753 974 et
1791 919 1815 989 ζ
1850 917 2028 972 omnes

450 1021 540 1090 qui
572 1016 839 1086 confidunt
874 1019 929 1069 in
966 1017 1062 1071 eis.

521 1125 584 1165 σι-
617 1109 808 1162 Domus
838 1110 862 1176 ζ
896 1107 1069 1161 Israel
1111 1109 1341 1175 speravit
1406 1106 1462 1158 in
1501 1102 1722 1156 Domino
1751 1115 1768 1154 :
1805 1099 2025 1168 adjutor

450 1218 630 1256 eorum
669 1205 682 1230 '
716 1211 762 1253 et
790 1211 1048 1266 protector
1073 1215 1252 1251 eorum
1276 1207 1375 1250 est.

522 1292 721 1345 Domus
750 1291 931 1343 Aaron
964 1289 1196 1358 speravit
1224 1288 1278 1340 in
1311 1284 1532 1339 Domino
1555 1299 1575 1338 :
1608 1282 1823 1355 adjutor
1845 1295 2027 1336 eorum

454 1394 500 1436 et
534 1391 794 1452 protector
820 1397 1003 1434 eorum
1035 1387 1131 1432 est.

525 1473 630 1538 Qui
683 1474 866 1525 timent
916 1471 1221 1532 Dominum,
1265 1472 1606 1538 speraverant
1657 1467 1710 1520 in
1753 1465 2021 1520 Domino:
2067 1477 2069 1479 ‘

459 1567 675 1636 adjutor
700 1580 878 1617 eorum
903 1573 950 1616 et
975 1570 1239 1631 protector
1270 1576 1452 1613 eorum
1479 1567 1579 1612 est.

532 1661 726 1714 Domus
761 1674 958 1712 memor
994 1670 1053 1711 +—
1082 1657 1182 1726 {uit
1214 1655 1236 1723 ζ
1296 1654 1459 1706 nostri
1499 1665 1554 1704 σξ-
1588 1660 1636 1704 et
1677 1651 1700 1719 ζ
1765 1648 2028 1702 benedixit

467 1768 522 1807 -ε-
539 1753 687 1805 nobis
729 1753 750 1819 ζ

541 1844 818 1898 Benedixit
846 1841 1026 1896 domui
1055 1837 1266 1892 Israel:
1300 1838 1557 1892 benedixit
1607 1836 1784 1889 domui
1831 1837 2030 1887 Aaron.

542 1937 814 1989 Benedimit
854 1949 916 1989 -t—
958 1934 1194 1987 omnibus
1221 1934 1244 2002 ζ
1275 1934 1365 2003 qui
1395 1932 1479 1983 tia.
1493 1939 1579 1983 ent
1605 1929 1908 1989 Dominum,
1934 1943 2038 1996 pu-

467 2030 607 2083 sillis
630 2045 744 2080 eum
777 2027 1088 2088 maioribus.

539 2117 770 2187 Adjiriat
807 2116 1062 2168 Dominus
1085 2129 1239 2178 super
1268 2129 1378 2180 vos,
1411 2115 1478 2180 Ἀ(
1511 2129 1664 2183 super
1691 2129 1778 2165 vos
1815 2112 1839 2181 ζ
1877 2125 1923 2164 et
1951 2127 2042 2164 su-

472 2228 486 2273 ι
508 2224 563 2260 er
593 2206 730 2271 ﬁlios
766 2216 988 2260 vestros.

542 2297 808 2351 Benedicti
846 2313 930 2350 vos
968 2313 1002 2349 a
1052 2296 1296 2362 Domino,
1340 2296 1430 2364 qui
1478 2295 1598 2363 fecit
1637 2289 1817 2347 tte/um
1864 2306 1910 2347 et
1940 2305 2042 2347 ter-

473 2406 610 2442 ram.

545 2481 749 2534 Caelum
781 2479 898 2533 ειειί
952 2478 1221 2532 Domino:
1272 2491 1464 2530 terram
1516 2487 1691 2531 autem
1746 2478 1885 2529 dedit
1919 2479 2043 2545 [iliis

476 2577 767 2627 hominum.

548 2664 668 2718 Non
724 2667 917 2718 mortui
964 2665 1256 2718 laudabunt
1290 2680 1348 2722 σε·
1395 2667 1414 2696 ¹
1448 2677 1497 2718 te
1530 2668 1552 2734 ζ
1591 2666 1852 2719 Domine:
1885 2677 2046 2730 neque

477 2772 654 2809 omnes
683 2757 773 2824 qui
807 2756 1122 2810 descendam!
1146 2756 1201 2807 in
1233 2755 1521 2824 infernum.

550 2846 654 2901 Sed
685 2861 776 2901 nos
803 2861 862 2902 σι-
886 2848 974 2916 qui
1003 2848 1223 2900 vivimus
1265 2845 1285 2912 ζ
1326 2847 1678 2900 benedicimus
1712 2847 1956 2907 Domino.
1982 2861 2046 2900 ex

478 2944 573 2996 hoc
599 2956 759 3004 nunc,
787 2953 834 2993 et
867 2953 1030 3008 usque
1054 2938 1108 2993 in
1139 2939 1416 2992 steculum.

2128 482 2235 520 non
2266 462 2597 518 odorabunt.

2184 557 2374 610 Manus
2399 553 2622 612 habent,
2647 559 2700 602 et
2725 562 2829 599 non
2847 540 3146 613 palpabunt
3175 553 3190 589 :
3217 533 3376 604 pedes
3401 533 3669 596 liabem,et

2130 664 2236 703 non
2266 642 2652 698 ambulabunt.

2198 737 2315 792 Non
2349 733 2659 788 clamabunt
2685 731 2740 782 in
2773 736 2988 796 gutture
3033 736 3132 776 suo
3182 736 3196 773 ;
3237 732 3408 786 neque
3435 716 3568 768 enim
3601 725 3673 770 est

2127 830 2354 900 Spiritus
2385 829 2440 880 in
2476 841 2573 878 ore
2605 824 2878 892 ipsorum.

2202 920 2422 975 Similes
2454 917 2562 971 illis
2599 915 2731 968 [lant
2782 910 2874 981 qui
2928 907 3138 962 iaciunt
3166 919 3252 968 ea,
3284 911 3338 956 et
3385 916 3564 955 omnes
3596 904 3672 969 qui

2129 1013 2414 1069 Conlidunt
2443 1011 2496 1064 in
2528 1009 2629 1063 eis.

2207 1105 2406 1159 Domus
2431 1101 2596 1156 Israel
2630 1097 2870 1168 speravit
2897 1095 2950 1148 in
2979 1091 3347 1160 Dominolms.
3370 1085 3675 1156 Dominum]:

2134 1199 2354 1268 adiutor
2383 1209 2577 1250 eorum
2612 1203 2668 1246 et
2700 1197 2978 1259 prmector
3003 1200 3192 1240 eorum
3223 1191 3326 1236 est.

2207 1292 2408 1344 Domus
2430 1288 2611 1341 Aaron
2635 1281 2874 1352 speravit
2898 1282 2951 1333 in
2975 1277 3209 1331 Domino
3229 1273 3351 1345 [τηε.
3378 1271 3678 1339 Dominum]:

2133 1383 2352 1452 adjutor
2385 1392 2575 1433 eorum
2611 1384 2666 1428 et
2695 1380 2974 1442 protector
3000 1381 3194 1423 eorum
3225 1373 3310 1418 est

2201 1476 2302 1542 Qui
2333 1476 2522 1526 timent
2564 1469 2875 1528 Dominum,
2923 1471 3144 1530 Sperent
3175 1459 3230 1510 in
3267 1454 3491 1509 Domino
3515 1453 3572 1509 ‘1
3605 1452 3682 1506 ad-

2130 1571 2281 1639 jutnr
2312 1581 2501 1621 eorum
2527 1573 2581 1616 et
2614 1569 2892 1630 protector
2920 1569 3112 1608 eorum
3141 1559 3245 1605 est.

2203 1659 2466 1712 Dominus
2515 1667 2722 1707 memor
2775 1649 2881 1702 fuit
2917 1644 3113 1708 nostri,
3149 1653 3205 1697 et
3237 1640 3508 1696 benedixit
3539 1653 3624 1691 nas
3669 1655 3680 1692 :

2069 1729 2110 1782 Β
2142 1745 2424 1801 benedixit
2450 1745 2670 1796 domum
2717 1736 2900 1798 Israel,
2935 1734 3210 1787 benedixit
3236 1731 3454 1784 domum
3483 1729 3642 1781 Aaron
3670 1766 3681 1784 ,

2140 1837 2419 1892 benedixit
2471 1847 2662 1887 omnes
2715 1831 2971 1884 timentes
3020 1840 3079 1878 se
3134 1823 3436 1885 Dominus,
3484 1818 3685 1889 pusillos

2139 1945 2262 1984 cum
2297 1926 2620 1997 majoribus.

2212 2107 2446 2178 Adjiciat
2496 2103 2758 2158 Dominus
2789 2117 2954 2171 super
2987 2113 3104 2164 vos,
3132 2108 3188 2153 et
3222 2111 3388 2165 super
3418 2095 3550 2149 ﬁlios
3605 2107 3684 2148 ve—

2177 2212 2309 2253 tros.

2216 2266 2494 2342 Beitedicti
2525 2303 2619 2343 vos
2647 2303 2678 2342 a
2711 2284 2962 2348 Domino,
2989 2281 3084 2352 qui
3115 2279 3248 2335 fecit
3281 2275 3476 2332 ccelum
3519 2281 3570 2325 et
3597 2280 3688 2324 ter.

2149 2398 2286 2434 Γειιιι.

2210 2471 2422 2527 Caelum
2463 2469 2584 2524 coeli
2633 2467 2861 2521 Domino
2911 2481 2924 2520 :
2959 2475 3158 2518 terram
3205 2469 3388 2515 autem
3417 2454 3554 2509 dedit
3582 2450 3687 2504 [iliis

2151 2564 2454 2616 hominum.

2213 2656 2331 2710 Non
2365 2653 2562 2708 mortui
2596 2650 2894 2705 laudabunt
2923 2657 2996 2713 te,
3028 2646 3256 2701 Domine
3291 2660 3498 2715 :neque
3524 2657 3685 2697 omnes

2149 2752 2240 2816 qui
2270 2745 2606 2800 descendunt
2631 2746 2681 2797 in
2713 2744 3014 2797 infernum.

2219 2839 2323 2894 Sed
2370 2854 2489 2902 nos,
2525 2839 2616 2906 qui
2667 2838 2922 2900 vivimus,
2973 2833 3352 2889 benedicimus
3399 2829 3681 2890 Dominum,

2152 2948 2216 2986 ex
2281 2932 2382 2984 hoc
2433 2947 2600 2996 nunc,
2651 2941 2706 2982 et
2766 2942 2938 2997 usque
3000 2926 3054 2981 in
3105 2926 3366 2980 satculum
3413 2922 3556 2994 lius.
3611 2934 3689 2972 sa:-

2071 3045 2117 3106 C
2151 3026 2318 3095 cula].

1800 3147 2146 3212 PSALMUS
2200 3155 2398 3213 CXIV.

1142 3247 1414 3287 Διιειυιι.

557 3327 750 3385 Dilexi.
780 3325 1029 3392 quoniam
1056 3328 1299 3400 exaudiet
1327 3325 1346 3356 ³
1390 3326 1645 3380 Dominus
1673 3343 1692 3380 :
1724 3344 1896 3380 vocem
1929 3345 2052 3382 ora-

480 3422 635 3471 tionis
672 3436 817 3472 metu.
1322 3424 1324 3426 ’

553 3511 690 3576 Quia
733 3510 1013 3593 inclinavit
1067 3523 1251 3560 aurem
1298 3523 1452 3560 suam
1507 3510 1632 3562 milii
1665 3525 1684 3564 :
1713 3519 1760 3562 et
1795 3509 1847 3562 in
1875 3510 2054 3565 diebus

482 3603 608 3654 meis
636 3603 902 3655 invocabo.

556 3693 1020 3747 (.‘ircumdederunt
1056 3711 1136 3748 me
1191 3696 1396 3752 dolores
1449 3696 1632 3752 mortis
1669 3709 1687 3747 :

480 3786 677 3855 inferni
701 3788 1010 3842 invenerunt
1046 3805 1149 3844 me.
1603 3779 1608 3784 A

561 3879 974 3935 Tribulationem
1012 3891 1061 3935 et
1097 3884 1333 3938 dolorem
1365 3883 1540 3936 inveni
1573 3898 1593 3936 :
1633 3894 1682 3937 et
1733 3899 1920 3937 nomen
1947 3881 2049 3936 Do-

484 3973 614 4025 mini
647 3974 908 4030 invocavi.

1729 3707 1788 3750 eL
1819 3695 2052 3764 pericula

557 4065 599 4118 0
630 4066 868 4131 Domine,
905 4065 1326 4118 liberu'animam
1360 4081 1566 4129 meam;
1603 4065 1893 4119 misericors
1945 4065 2056 4118 Do-

481 4160 657 4212 minus
689 4168 736 4212 et
755 4159 956 4226 justus,
991 4173 1036 4211 et
1067 4160 1201 4212 Deus
1236 4170 1404 4210 noster
1439 4159 1735 4211 miseretur.

555 4251 857 4303 tinstodiens
885 4250 1131 4318 parvulos
1166 4250 1421 4302 Dominus
1455 4262 1472 4300 :
1502 4248 1809 4301 humiliatus
1836 4265 1972 4312 sum,
2003 4259 2053 4302 et

481 4342 646 4393 ubera
656 4342 720 4394 vit
748 4357 848 4392 nte.

570 4432 596 4445 ut

490 4524 742 4574 Dominus
772 4523 1022 4590 beneferit
1056 4524 1173 4578 tibi.

552 4675 566 4705 ί
601 4676 711 4730 lloc
742 4687 796 4730 et
828 4676 1291 4742 subsequentibus
1322 4677 1538 4732 duobus
1587 4681 1840 4735 versibus
1868 4681 1918 4735 in
1953 4681 2052 4737 Pa-

485 4749 656 4798 !atino
708 4762 810 4798 ms.
849 4749 1068 4818 Audjutor
1100 4761 1160 4801 σι-
1193 4764 1371 4801 eorum
1407 4749 1428 4815 ζ
1481 4752 1698 4816 praeﬁxo
1743 4754 2052 4818 pronomini

481 4823 666 4890 utneto,
697 4816 975 4890 scribitur,
1009 4818 1097 4871 cui
1130 4818 1299 4872 satius
1323 4820 1514 4872 luisset
1547 4836 1577 4873 e
1609 4816 1885 4876 contrario
1915 4839 2050 4890 pra:-

485 4889 574 4953 ilgl
609 4887 952 4938 asteriscuut.

560 4959 578 5033 ξ
608 4954 811 5033 Finalia
847 4966 1044 5024 puncta
1077 4973 1245 5033 penes
1278 4956 1646 5013 Martianmum
1681 4963 1908 5016 deerant
1944 4979 1958 5018 :
1997 4965 2048 5015 in

493 5026 736 5101 Palatino
759 5037 940 5079 autetn
973 5044 1072 5079 nis.
1105 5028 1220 5096 ipsa
1253 5039 1336 5082 est
1366 5039 1532 5082 etlam
1568 5034 1722 5101 obelt
1759 5049 1885 5086 nota
1917 5053 2050 5101 pta:-

483 5097 755 5146 termissa.
1074 5127 1081 5135 -
1709 5097 1722 5104 '

559 5166 579 5194 ³
609 5162 1059 5241 Priepositionetn
1101 5168 1252 5241 verbi
1289 5169 1555 5241 exaudiet,
1608 5180 1661 5224 et
1689 5173 2048 5241 subsequenti

483 5248 640 5314 versu
673 5251 798 5314 quia
833 5237 1173 5314 adverbium,
1208 5238 1396 5308 juncta
1433 5239 1557 5292 Cari
1604 5237 2051 5307 editionefl‘alav

425 5367 430 5375 ‘
487 5305 590 5375 tiu.
615 5319 728 5375 tns.
754 5305 989 5375 jugulat.

558 5372 579 5403 ⁸
613 5374 668 5425 ln
700 5372 891 5428 eodem
941 5391 1064 5437 ms..
1114 5375 1471 5443 Speraverunt
1523 5379 1576 5429 in
1633 5378 1959 5437 Dominum:
1999 5391 2050 5434 et

483 5443 836 5517 subsequenti
879 5461 1060 5509 versu,
1097 5447 1290 5517 Qtunes
1335 5446 1575 5498 timentes
1607 5449 1908 5513 Dominum,
1957 5469 2050 5517 pu-

483 5511 630 5565 sillos
671 5511 795 5565 eum
849 5518 1078 5582 magnis.
1121 5514 1281 5578 Tum,
1332 5518 1565 5582 Adjiriut
1600 5518 1856 5574 Dominus
1898 5511 2053 5588 super

487 5593 625 5636 vos:
678 5599 830 5648 super
877 5601 981 5651 vos,
1040 5598 1088 5638 et
1142 5599 1317 5654 super,
1374 5597 1481 5638 etc.
1540 5588 1803 5644 Benedicti
1831 5609 1916 5643 vos
1947 5605 2049 5644 bo-

486 5665 648 5713 mmo,
682 5664 812 5716 etc.,
840 5667 1183 5710 continenter
1207 5667 1356 5722 puta
1389 5658 1839 5725 Attgtlstittiutmttt
1865 5680 2049 5714 ext-in-

2789 3249 3062 3291 ALLELUM.

2218 3335 2408 3397 Dilexi,
2439 3335 2694 3403 quoniam
2745 3333 2998 3386 exaudiet
3045 3327 3353 3383 Dominus;
3390 3339 3562 3381 vocem
3589 3337 3689 3376 ora-

2154 3429 2316 3481 tionis
2344 3443 2496 3480 lttt'dd.

2209 3514 2344 3581 Quia
2381 3515 2661 3568 inclinavit
2694 3514 2714 3544 ⁵
2746 3527 2935 3565 aurem
2961 3525 3114 3566 suam
3149 3509 3286 3563 milii
3322 3523 3338 3562 :
3367 3506 3500 3564 etin
3527 3506 3688 3561 diebus

2157 3609 2293 3661 meis
2329 3607 2594 3659 illVOCilb0
2629 3621 2753 3658 eum
2788 3606 2830 3656 ⁶.

2224 3699 2718 3753 Circumdederunt
2751 3713 2835 3751 me
2865 3696 3078 3750 dolores
3105 3695 3299 3748 mortis
3330 3710 3346 3750 :
3379 3690 3596 3763 pericula
3625 3690 3667 3739 in

2157 3788 2299 3841 Furni
2333 3790 2661 3842 invenerunt
2695 3804 2802 3841 tne.

2235 3880 2657 3934 l‘rlbulationem
2693 3889 2748 3933 et
2780 3880 3022 3936 dolorem
3051 3879 3236 3934 inveni
3274 3896 3290 3934 :
3315 3889 3371 3934 et
3395 3891 3575 3932 nomen
3605 3871 3688 3924 Do.

2161 3974 2290 4026 tititti
2326 3972 2595 4027 invocavi.

2217 4064 2261 4120 0
2317 4065 2564 4126 Domine,
2621 4065 2792 4118 libera
2848 4065 3081 4118 animam
3136 4079 3362 4128 meam;
3421 4060 3686 4116 mlSt:l‘it.‘0.'S

2161 4159 2420 4212 Dominus
2477 4170 2532 4212 et
2581 4159 2785 4228 justus,
2829 4168 2888 4212 et
2925 4159 3067 4212 Deus
3122 4167 3306 4211 noster
3360 4154 3684 4209 miseri-bitur-

2220 4251 2546 4306 Custodiens
2584 4251 2836 4321 parvulos
2871 4251 3136 4305 Dominus
3168 4267 3182 4303 :
3216 4250 3528 4304 humiliatus
3571 4260 3685 4302 sum,

2152 4352 2208 4394 et
2239 4342 2488 4398 liberavit
2517 4357 2624 4396 me.

559 4432 888 4494 Convertere,
944 4435 1124 4484 anima
1159 4447 1295 4496 mea,
1352 4435 1406 4486 in
1446 4435 1673 4504 requiem
1701 4445 1843 4487 tuam
1873 4451 1891 4488 :
1922 4436 2047 4505 quia
2081 4419 2123 4469 θ
2216 4435 2568 4499 Convertere,
2605 4436 2788 4490 anima
2820 4451 2963 4502 mea,
2997 4437 3050 4491 in
3084 4439 3332 4508 requiem
3373 4447 3509 4491 tuam
3546 4431 3686 4502 :quia

2154 4527 2280 4595 lius.
2311 4524 2590 4596 quoniam]
2621 4525 2879 4581 Dominus
2908 4526 3175 4582 benefecit
3201 4527 3356 4580 mihi.

2154 4685 2292 4753 plar.

2229 4756 2249 4786 ⁵
2280 4755 2416 4808 Cum
2470 4755 2770 4810 Veronensi
2808 4771 2912 4810 ms.
2954 4756 3312 4824 Augustinus,
3347 4772 3508 4809 vocem
3539 4755 3686 4819 deprc-

2155 4827 2376 4878 cationis
2407 4842 2550 4878 mete.
2584 4825 2846 4890 Quoniam
2878 4829 3171 4886 inclmwtt.
3201 4839 3308 4878 etc.
3335 4827 3400 4878 Et
3432 4834 3543 4892 post
3569 4828 3682 4875 dans

2156 4910 2368 4957 versus,
2415 4893 2458 4947 0
2497 4897 2735 4956 Domine,
2763 4901 2901 4948 ‘erua
2945 4912 3180 4948 animam
3221 4913 3412 4959 meum,
3440 4905 3537 4948 etc.
3577 4895 3687 4943 Dea:

2157 4976 2330 5015 noster
2352 4970 2646 5018 trituretur.
2683 4966 2744 5017 Et
2775 4971 2935 5032 paulo
2971 4979 3112 5035 post,
3144 4967 3470 5035 llumiliutus
3497 4981 3617 5018 sum.
3646 4971 3684 5008 τι

2153 5035 2354 5086 salvum
2389 5052 2467 5086 me
2497 5036 2636 5103 fecit.
2697 5032 2985 5088 Postremo
3005 5049 3185 5089 autem
3217 5046 3371 5090 solus
3397 5032 3687 5088 Veronensis

2155 5104 2316 5163 Ιιίιυτ,
2366 5105 2630 5170 Quoniam
2674 5105 2910 5158 liberavit
2956 5108 3189 5159 animam
3246 5121 3416 5158 meam
3442 5106 3501 5156 de
3528 5107 3685 5170 morte.

2156 5174 2331 5228 oculos
2367 5168 2503 5228 meos
2535 5194 2565 5228 a
2595 5176 2865 5245 lacrymis,
2896 5191 2940 5229 et
2981 5185 3132 5246 pedes
3159 5191 3298 5228 meos
3330 5194 3360 5228 ιι
3396 5176 3570 5244 lapsu;
3595 5168 3687 5238 plu-

2156 5248 2274 5296 cebo
2304 5262 2480 5297 coram
2514 5247 2763 5307 Domino,
2796 5260 2904 5299 etc.

2224 5317 2243 5344 ⁶
2281 5317 2641 5369 Carnutensis
2668 5305 2768 5367 ms.
2803 5333 2907 5368 non
2937 5316 3068 5382 legit
3093 5331 3397 5384 pronomen
3420 5305 3684 5384 etiamquod

2159 5393 2336 5437 tamen
2371 5389 2568 5439 retinet
2607 5386 2943 5441 SUI’DOIIiClIS
2979 5382 3109 5439 cuni
3138 5387 3305 5439 edito.
3357 5386 3416 5438 In
3445 5382 3686 5438 codicibus

2161 5454 2366 5508 Latinis
2412 5457 2630 5510 Somnia:
2663 5473 2724 5509 ac
2755 5456 2976 5509 Fretrla:
3012 5473 3130 5523 non
3160 5472 3298 5520 eum,
3329 5455 3423 5509 sed
3451 5463 3523 5518 ιε,
3547 5449 3688 5523 εςςὶρο

2160 5535 2272 5576 tum
2318 5537 2456 5579 erat.
2508 5526 2566 5578 ιιι
2599 5542 2727 5580 vero
2762 5519 3100 5582 credendum
3131 5519 3313 5581 monet
3347 5535 3557 5580 Sanctus
3585 5519 3686 5570 liie-

2162 5611 2439 5663 t'onyntus.
2478 5597 2651 5652 ΜΑιη.
