3898 6172
243 312 329 375 357
1466 307 1697 368 LIBER
1740 309 2235 378 PSALMORUM.

298 421 417 484 Quia
462 419 650 486 eripuit
708 422 941 476 animam
1001 436 1170 474 nieam
1221 421 1286 472 de
1341 430 1555 476 morte:
1606 420 1777 476 oculos
1806 441 1852 496 Α
1951 421 2086 488 Quia
2133 423 2336 493 eripuit
2368 424 2602 479 animam
2652 436 2827 477 meam
2878 422 2945 476 de
2980 429 3152 476 morte
3196 440 3211 476 :

1884 529 2032 567 meos
2061 529 2089 567 a
2122 515 2256 581 lacn
2272 515 2394 578 mis,
2430 514 2598 583 pedes
2623 529 2773 569 meos
2801 532 2829 568 a
2859 514 3019 597 lapsu
3044 527 3062 575 ;
3096 512 3318 584 placebo
3345 510 3452 567 Do-

1882 606 2052 668 mino,
2089 606 2141 659 in
2177 607 2400 676 regione
2428 605 2697 660 vivorum.

238 528 355 567 meos
384 528 413 564 a
442 513 716 582 tacrymis,
755 515 909 580 pedes
943 527 1082 564 meos
1109 527 1140 562 a
1170 513 1342 580 lapsu.

297 603 499 659 Placebo
523 602 770 670 Domino,
800 604 856 658 in
886 603 1093 674 regione
1130 603 1383 660 vivorum.

3345 313 3452 374 358

3262 423 3451 477 oculos

1541 766 1889 826 PSALMUS
1925 767 2090 828 CXV.

764 867 822 908 σξ-
875 868 1135 908 ALLELUIA
1178 852 1200 920 1

290 966 480 1024 Credidi
502 973 716 1035 propter
743 964 880 1033 quod
903 963 1107 1017 locutus
1136 979 1251 1018 sum
1278 978 1297 1016 :
1319 979 1413 1034 ego
1439 977 1498 1017 σε»
1537 971 1711 1015 autem
1747 961 1768 1029 1

235 1062 506 1116 humiliatus
539 1073 656 1108 sum
693 1056 873 1108 nimis.

288 1145 382 1214 Ego
409 1145 522 1196 dixi
561 1144 616 1195 in
649 1157 858 1196 excessu
882 1157 993 1194 nico
1025 1155 1044 1192 :
1077 1139 1263 1194 Omnis
1297 1142 1454 1194 homo
1487 1142 1732 1192 mendax.

288 1236 404 1300 Quid
425 1236 711 1288 retribuam
742 1233 986 1299 Domino,
1008 1250 1102 1303 pro
1127 1233 1367 1286 omnibus
1387 1249 1502 1287 oua:
1527 1233 1772 1286 retribuit

232 1329 368 1382 mihi?

286 1501 492 1555 Calicem
517 1502 772 1556 salutaris
804 1502 1062 1568 accipiam
1088 1518 1106 1554 :
1142 1509 1192 1555 et
1224 1514 1411 1554 nomen
1441 1498 1654 1554 Domini
1685 1498 1769 1553 in-

228 1593 406 1645 vocabo.
708 1643 712 1648 .

285 1685 341 1752 χ(
362 1683 476 1736 Vota
511 1683 528 1714 ¹
559 1698 673 1734 mea
713 1681 942 1734 Domino
963 1682 1179 1734 reddam
1208 1697 1388 1735 coram
1412 1683 1554 1736 omni
1579 1684 1772 1751 populo

229 1777 320 1845 ejus
349 1778 368 1844 1
399 1775 630 1845 pretiosa
660 1775 714 1827 in
739 1783 1020 1842 conspectu
1052 1774 1265 1827 Domini
1291 1790 1431 1828 mors
1457 1782 1766 1829 sanctorum

228 1870 339 1935 ejus.

278 1959 314 2013 0
338 1957 574 2021 Domine,
612 1959 682 2023 χ(
709 1958 830 2025 quia
868 1958 892 2026 1
923 1971 1014 2026 ego
1046 1971 1228 2011 servus
1261 1964 1382 2010 tuus
1415 1970 1434 2011 :
1460 1971 1553 2026 ego
1585 1971 1768 2010 servus

230 2059 341 2114 laus,
372 2065 425 2104 σξ-
461 2060 510 2103 et
548 2051 570 2117 1
603 2049 751 2116 [ilius
775 2048 978 2101 ancilla:
1011 2060 1136 2102 tute.

230 2151 234 2156 ‘
280 2143 522 2212 Dirupisti
572 2141 778 2194 vincula
835 2156 1007 2194 mea:
1057 2142 1149 2193 tibi
1195 2138 1502 2200 sacriﬁcabo
1541 2139 1769 2194 hostium

229 2231 390 2295 laudis,
428 2235 493 2298 Χ
528 2239 579 2282 et
609 2231 665 2282 in
695 2230 907 2282 nomine
944 2227 1155 2282 Domini
1185 2229 1436 2282 invocabo
1468 2231 1488 2260 ³
1527 2229 1548 2295 1

292 2321 408 2376 Vota
431 2339 548 2376 mea
579 2319 805 2375 Domino
835 2321 1056 2375 reddam
1094 2323 1148 2375 in
1177 2330 1456 2391 conspectu
1487 2322 1656 2376 omnis
1675 2336 1772 2390 po-

229 2412 316 2479 puli
348 2415 473 2482 ejus,
528 2415 583 2467 in
611 2413 762 2466 atriis
788 2411 972 2467 domus
1003 2411 1238 2478 Domini,
1273 2413 1328 2466 in
1354 2413 1524 2467 medio
1552 2414 1654 2477 tui,
1681 2411 1770 2467 Je-

228 2507 443 2561 rusalem.
472 2508 547 2572 χ(
575 2503 811 2558 Alleluia
849 2505 870 2574 1

2506 868 2788 908 ALLELUIA.

1944 963 2188 1030 Credidi,
2240 975 2464 1035 propter
2500 969 2644 1036 quod
2679 967 2895 1023 locutus
2928 945 3100 1022 sumi:
3139 983 3240 1040 ego
3269 980 3454 1027 autem

1876 1055 2193 1110 liu-niliatus
2219 1072 2336 1109 sum
2369 1055 2555 1110 nimis.

1938 1146 2051 1216 Ego
2088 1147 2196 1200 dixi
2230 1148 2285 1201 in
2317 1161 2552 1203 excessu
2586 1149 2788 1204 mentis
2817 1163 2952 1203 meae
2975 1148 2993 1178 "
3029 1165 3042 1203 :
3071 1149 3258 1206 Omnis
3289 1151 3455 1208 homo

1875 1238 2132 1292 mendax.

1939 1327 2080 1394 Quid
2111 1330 2411 1386 retribuam
2448 1331 2697 1398 Domino,
2736 1347 2834 1401 pro
2863 1331 3120 1387 omnibus
3149 1346 3269 1401 quae
3295 1333 3456 1388 retri-

1874 1419 1997 1473 buit
2029 1418 2190 1473 mihi?

1945 1510 2183 1565 Calicem
2228 1511 2487 1568 salutaris
2532 1513 2799 1583 accipiam
2839 1529 2854 1567 :
2890 1525 2946 1568 et
2995 1528 3195 1568 nomen
3237 1513 3451 1569 Domini

1881 1599 2168 1655 invocabo.

1948 1691 2190 1747 Pretiosa
2241 1692 2296 1745 in
2346 1703 2640 1762 conspectu
2685 1691 2903 1749 Domini
2941 1709 3093 1751 mors
3137 1706 3453 1752 sanctorum

1873 1783 2015 1853 ejus.

1945 1871 1990 1928 Ο
2025 1874 2274 1938 Domine,
2309 1891 2411 1948 ego
2445 1891 2634 1933 servus
2662 1886 2792 1933 tuus
2817 1892 2834 1935 :
2861 1891 2964 1948 ego
2991 1893 3186 1935 servus
3221 1889 3369 1944 tuus,
3399 1891 3456 1937 et

1876 1962 2022 2019 ﬁlius
2056 1966 2266 2022 ancilla:
2301 1977 2428 2022 tute.

1953 2137 2215 2211 Dirupisti
2255 2140 2471 2198 vincula
2510 2156 2630 2198 mea
2667 2143 2812 2198 :tibi
2859 2142 3178 2202 sacriﬁcabo
3223 2147 3452 2203 hostiam

1875 2231 2073 2286 laudis.

1947 2325 2082 2378 Vota
2117 2339 2234 2379 mea
2264 2323 2495 2380 Domino
2524 2326 2743 2380 reddam
2783 2329 2836 2382 in
2870 2328 3025 2383 atriis
3049 2328 3246 2383 domus
3273 2331 3456 2384 Domi-

1875 2414 1930 2468 ni
1971 2430 1986 2465 :
2031 2414 2084 2468 in
2119 2423 2419 2486 conspectu
2452 2418 2634 2472 omnis
2663 2419 2848 2488 p0puli
2877 2420 3016 2490 ejus,
3053 2421 3108 2474 in
3139 2421 3321 2476 medio
3353 2421 3453 2485 tui,

1873 2505 2206 2563 Jerusalem.

1513 2673 1857 2750 PSaLMUS
1935 2674 2168 2740 cxv1..

830 2779 1114 2818 ALLI‘ZLUIA.

279 2873 496 2931 Laudate
547 2875 852 2940 Dominum,
900 2892 1074 2930 omnes
1129 2887 1340 2946 gentes;
1374 2877 1596 2930 laudate
1623 2892 1762 2941 eum,

220 2980 371 3016 omnes
395 2981 531 3035 papa
541 2967 599 3020 li.

2537 2782 2820 2822 ALLELUIA.

1947 2877 2187 2935 Laudato
2218 2879 2533 2946 Dominum,
2564 2895 2756 2936 cinnes
2783 2893 2972 2952 gentes
3009 2899 3024 2936 :
3065 2892 3118 2938 et
3145 2883 3452 2940 collaudata

1873 2986 2022 3036 eum,
2050 2987 2244 3026 omnes
2267 2973 2470 3041 populi.

274 3058 526 3122 Quoniam
569 3060 884 3126 con/innata
931 3068 1006 3113 est
1058 3073 1214 3128 super
1262 3073 1354 3111 nos
1407 3057 1765 3112 misericordia
1797 3068 1840 3125 (ι
1939 3061 2214 3129 Quoniam
2249 3065 2570 3123 conﬁrmata
2599 3070 2726 3123 est'
2751 3083 2919 3138 super
2949 3082 3050 3122 nos
3075 3067 3450 3123 misericordia

217 3150 415 3217 ejus:et
448 3155 647 3208 veritas
683 3152 894 3206 Domini
925 3164 986 3208 σι-
1013 3160 1189 3207 manet
1223 3151 1326 3222 1in
1348 3162 1631 3206 ceternum.

1881 3155 2001 3224 ejus
2037 3173 2051 3210 :
2089 3165 2146 3210 et
2174 3158 2376 3211 veritas
2411 3157 2625 3214 Domini
2659 3170 2842 3214 manet
2867 3160 2920 3213 in
2954 3171 3246 3214 aeternum.

1461 3362 1474 3388 1
1507 3325 1860 3386 PSALMUS
1897 3326 2129 3389 CXVII.

824 3432 1022 3472 Αιιειι]
1030 3432 1042 3470 Ι
1050 3431 1080 3470 Α
1089 3456 1102 3470 .

272 3527 595 3596 Conﬁtemini
621 3529 867 3594 Domino,
890 3544 1140 3598 quoniam
1167 3528 1331 3582 bonus
1363 3544 1381 3583 :
1419 3529 1673 3598 quoniam
1704 3528 1761 3580 in

216 3623 437 3675 saculum
463 3622 832 3676 misericordia
863 3621 1001 3690 ejus.

276 3713 406 3765 Dicat
434 3731 574 3767 nunc
609 3713 798 3777 Israel,
837 3727 897 3767 αθ
933 3714 1180 3782 quoniam
1199 3713 1361 3768 bonus
1393 3712 1415 3780 1
1447 3711 1694 3782 quoniam
1712 3711 1766 3764 in

214 3806 436 3858 sa’culum
475 3806 844 3858 misericordia
873 3807 1010 3873 ejus.

277 3897 410 3950 Dicat
440 3915 581 3952 nunc
614 3902 799 3952 domus
831 3897 1014 3951 Aaron
1041 3911 1088 3967 ει
1115 3911 1368 3967 quoniam
1412 3896 1468 3948 in
1511 3893 1763 3949 saeculum

219 3990 552 4043 misericordia
582 3991 723 4058 ejus.

273 4078 443 4133 Dicant
487 4097 630 4134 »ωηο
673 4081 761 4148 qui
813 4081 996 4134 timent
1029 4075 1317 4131 Dominum
1343 4091 1363 4132 :
1421 4076 1678 4146 quoniam
1705 4075 1762 4129 in

211 4171 434 4222 iaculum
467 4171 830 4224 misericordia
859 4168 1001 4238 ejus.

272 4346 336 4400 De
361 4349 705 4404 tribulatione
727 4349 963 4404 invocavi
988 4347 1276 4402 Dominum
1305 4363 1324 4403 :
1361 4359 1411 4403 et
1434 4348 1707 4403 exaudiuit
1741 4347 1763 4380 ³

210 4453 276 4490 me
293 4440 341 4490 in
372 4440 655 4494 latitudine
686 4443 755 4509 Χ
779 4423 1040 4494 ὀοιηὶηιιδ
1071 4441 1093 4510 1

268 4531 505 4583 Dominus
532 4533 661 4585 mihi
691 4545 753 4586 σθ-
789 4531 1004 4599 adjutor
1036 4534 1060 4603 1
1097 4548 1201 4586 non
1234 4533 1418 4586 timebo
1448 4533 1572 4603 quid
1603 4533 1768 4602 faciat

209 4623 317 4674 mihi
346 4625 522 4677 homo.

271 4712 514 4768 Dominus
567 4717 695 4769 mihi
727 4715 965 4785 adjutor,
1018 4724 1066 4768 et
1095 4729 1190 4785 ego
1213 4715 1504 4788 despiciunt
1522 4716 1768 4769 inimicos

209 4820 346 4859 ετιιοσ.

264 4994 276 5023 ¹
310 4994 598 5071 Perperam
646 5002 700 5053 in
729 5003 925 5056 eodem
972 5016 1076 5056 ms.
1110 5002 1275 5056 unice
1315 5001 1468 5071 prius
1491 5000 1636 5054 istud
1665 5016 1764 5055 no-

206 5078 311 5139 men
345 5065 498 5127 Vota.
520 5071 788 5124 asterisco
823 5074 1162 5126 illustratur:
1189 5065 1549 5139 subsequenti
1576 5083 1758 5124 autem

205 5138 350 5212 Verbo
398 5140 860 5212 reddam,_obelus
885 5146 1202 5212 pnetigitur.
1248 5138 1495 5209 Denique
1533 5141 1756 5194 additur

206 5219 250 5254 ιη
266 5208 608 5278 Διὶρςεγνιειΐιιιει
639 5208 978 5278 lliapsalma.

252 5274 280 5352 ,³
303 5277 594 5352 _P_alatiut_ts
615 5297 716 5332 ms.
737 5274 814 5352 i'ut
854 5292 908 5334 et
939 5284 1064 5335 Cari
1107 5282 1297 5343 editio.
1335 5280 1400 5334 Et
1428 5296 1617 5333 nomen
1649 5279 1762 5332 Do-

203 5345 313 5395 mini
338 5347 626 5405 invocabo:
654 5351 748 5418 qui
779 5353 989 5419 pariter
1013 5363 1292 5419 postremo
1320 5367 1479 5405 versu
1507 5353 1756 5406 asterisci

201 5425 365 5488 notam
399 5420 689 5488 ipsumque
719 5423 940 5474 verbum
977 5422 1207 5475 Alleluia
1243 5423 1537 5476 omittunt.

265 5485 772 5557 'APrzxpositt‘oneut
826 5495 974 5546 verbi
1030 5491 1318 5557 exaudivit,
1359 5491 1594 5544 Palatia.
1652 5508 1754 5549 ms.

199 5552 339 5608 ubelo
368 5552 641 5630 pra—euolat
673 5577 689 5613 :
726 5563 1081 5630 subsequenti
1113 5552 1505 5623 autem'rersu,
1532 5563 1756 5630 adjutor

199 5637 299 5702 sue
327 5629 489 5702 obelo
533 5645 817 5702 perperam
863 5629 1015 5702 legit,
1067 5642 1234 5702 atque
1285 5633 1388 5686 alio
1439 5629 1762 5699 insequenti

202 5697 327 5747 addit
365 5696 704 5764 Diapsulma.

2527 3435 2809 3476 Αιιειυιλ.

1939 3528 2288 3583 Conﬁtemini
2323 3529 2574 3594 Domino,
2602 3533 2861 3600 quoniam
2897 3535 3077 3587 bonus
3100 3535 3122 3565 ⁸
3145 3552 3161 3589 :
3187 3537 3449 3604 quoniam

1873 3619 1930 3675 in
1963 3621 2221 3675 saeculum
2257 3622 2631 3676 misericordia
2665 3623 2807 3694 ejus.

1939 3708 2092 3763 Dicat
2125 3726 2272 3765 nunc
2302 3709 2487 3777 Israel,
2519 3714 2778 3780 quoniam
2820 3715 2997 3771 bonus
3033 3729 3048 3770 :
3099 3717 3356 3786 quoniam
3393 3719 3448 3772 in

1871 3805 2128 3857 smculum
2164 3804 2540 3858 misericordia
2569 3807 2710 3875 ejus.

1940 3896 2094 3950 Dicat
2119 3912 2266 3951 nunc
2296 3885 2493 3952 domus
2522 3897 2724 3957 Aaron.
2761 3899 3020 3968 quoniam
3061 3899 3238 3954 bonus
3265 3915 3279 3953 :
3311 3915 3448 3970 quo»

1870 3987 2014 4040 niam
2048 3987 2101 4040 in
2133 3988 2390 4042 saeculum
2431 3990 2804 4044 misericordia
2830 3991 2990 4060 ejule

1957 4078 2152 4133 Dicant
2215 4095 2614 4137 nunc.omnes
2677 4082 2772 4150 qui
2837 4085 3031 4137 timent
3094 4082 3384 4136 Dominum
3429 4121 3444 4144 ,

1870 4169 2128 4236 quoniam
2154 4167 2331 4222 bonus
2360 4181 2376 4224 :
2402 4155 2659 4240 quoniam
2692 4172 2746 4224 in
2779 4174 3037 4226 sazculum
3070 4173 3452 4230 misericordia

1868 4259 2011 4329 ejus.

1945 4351 2004 4404 ln
2038 4351 2388 4406 tribulatione
2420 4354 2666 4410 invocavi
2702 4353 2993 4410 Dominum
3032 4371 3048 4410 :
3080 4365 3134 4410 et
3165 4355 3445 4410 exaudivit

1750 4427 1760 4434 ’
1796 4430 1840 4484 D
1871 4459 1956 4497 me
1980 4445 2032 4497 in
2069 4444 2377 4500 latitudine.

1943 4532 2209 4587 Dominus
2244 4533 2375 4587 mihi
2403 4533 2620 4604 adjutor
2639 4543 2723 4589 est
2755 4544 2852 4590 :et
2881 4534 2897 4606 1
2926 4552 3021 4588 ms.
3062 4545 3168 4592 tac.
3200 4533 3294 4607 et]
3338 4550 3452 4590 non

1874 4624 2078 4680 timebo
2106 4625 2236 4693 quid
2267 4623 2430 4680 faciat
2464 4627 2595 4680 mihi
2631 4628 2813 4682 homo.
3339 4627 3349 4638 ’

1898 4744 1906 4751 -
1936 4715 2203 4770 Dominus
2236 4719 2368 4772 mihi
2401 4719 2621 4791 adjuior
2650 4731 2732 4774 εει
2762 4737 2778 4775 :
2807 4730 2862 4774 et
2891 4735 2990 4791 ego
3027 4718 3222 4774 videbo
3259 4718 3446 4774 inimi-

1870 4822 1965 4862 C05
2001 4822 2171 4862 lllCOS.

1943 5005 1966 5036 ⁸
2001 5007 2213 5081 lterum
2252 5023 2374 5081 enim
2432 5009 2738 5078 Augustino
2790 5008 3121 5064 Veronensis
3169 5025 3300 5074 ms.,
3331 5009 3451 5081 Ego

1868 5085 2044 5149 autem
2103 5077 2214 5149 dixi
2271 5079 2324 5128 in
2366 5077 2554 5149 ecstasi'
2593 5095 2752 5149 mea.
2805 5081 2867 5133 lat
2903 5084 3209 5149 peuullnno
3254 5077 3449 5145 versu,

1868 5146 2178 5219 sacriﬁcabo
2225 5148 2545 5214 sacri/icium
2581 5147 2775 5201 laudis.
2819 5146 3064 5219 Denique
3092 5153 3242 5204 solus
3278 5151 3445 5204 Vero-

1869 5216 2077 5279 nensis,
2123 5215 2252 5268 Vota
2278 5233 2391 5270 mea
2422 5219 2645 5270 Domino
2671 5235 2782 5270 meo
2806 5215 3047 5282 reddam,
3073 5232 3178 5274 etc.

1949 5285 1968 5315 ⁸
1987 5284 2301 5358 _Veronens.
2335 5303 2439 5340 ms.
2460 5287 2698 5341 Laudato
2719 5288 2995 5345 Dominum
3018 5307 3195 5343 armies
3219 5301 3394 5358 gentes
3424 5305 3442 5341 :

1865 5354 2083 5407 laudent
2126 5371 2244 5408 eum
2295 5359 2466 5410 omnis
2502 5361 2744 5429 papulas.
2799 5361 3063 5426 Quoniam
3104 5354 3440 5412 corroborata

1866 5436 1968 5486 εει,
2000 5435 2108 5480 CiC.

1939 5494 1960 5524 ‘
1997 5493 2142 5571 idem
2172 5497 2342 5571 juxta
2394 5499 2756 5571 Augustinum
2809 5516 2934 5564 ms.,
2989 5501 3241 5571 quoniam
3274 5497 3444 5549 bonus

1864 5576 1963 5617 est.
1997 5565 2079 5627 Et,
2119 5567 2271 5620 Dicat
2304 5565 2689 5623 autem‘domus
2722 5568 2915 5628 Israel.
2949 5565 3052 5623 etc.
3084 5573 3233 5620 lucat
3263 5579 3444 5619 autem

1866 5638 2049 5707 domus
2082 5637 2283 5702 Aaron,
2328 5649 2458 5698 etc..
2490 5652 2542 5691 et
2591 5653 2787 5707 quarto
2826 5641 2894 5693 ab
2925 5641 3026 5692 hoc
3055 5655 3236 5704 versu,
3266 5647 3313 5689 et
3347 5653 3446 5706 ego

1866 5705 2178 5775 deapiciam,
2209 5724 2306 5777 pro
2335 5711 2537 5771 videbo,
2568 5705 2678 5763 etc.
