3840 6176
195 344 272 408 361
1381 339 1607 401 LIBER
1652 316 2139 405 PSA'LMouUsi.

249 462 361 514 Deus
404 475 541 513 meus
571 458 633 515 σι
659 476 711 513 es
740 459 761 527 1
793 469 848 512 tu
880 458 919 525 ¹,
964 467 1013 512 et
1067 457 1351 526 conﬁtebor
1394 458 1526 513 tibi:
1579 456 1713 509 Deus
1748 467 1789 519 Α

191 564 371 604 meus+
395 565 443 601 es
468 558 520 601 tu
549 549 572 618 1
606 558 653 601 et
686 550 935 603 exultatio
973 558 1042 602 te.

245 654 298 697 4-
330 640 615 707 ConﬁtebOr
642 642 755 705 tibi,
813 641 1060 710 quoniam
1099 638 1367 692 exaudistt
1423 654 1501 690 me
1536 640 1643 707 1+
1666 647 1715 691 et

193 735 324 805 {actus
350 748 399 787 es
423 733 547 786 milii
578 733 633 785 in
663 732 888 786 salutem
924 733 945 800 1

238 824 539 891 Conﬁtemini
571 823 821 889 Domino,
852 825 1101 891 quoniam
1132 823 1297 877 bonus
1333 838 1351 877 .'
1389 824 1641 891 quoniam
1664 821 1719 875 in

192 919 396 974 suculam
427 917 785 972 misericordia
817 918 951 985 ejus.

3280 333 3384 402 362

1908 457 2046 510 Deus
2073 471 2229 509 meus
2260 469 2318 509 es
2340 446 2421 520 tu,
2447 448 2497 510 et
2526 446 2830 510 conﬁtebor
2862 446 2961 508 tibi
3005 468 3019 506 :
3066 452 3209 507 Deus
3237 468 3390 507 meus

1821 561 1881 598 es
1914 554 1992 608 tu,
2028 555 2079 599 ct
2101 546 2352 599 exallabo
2383 556 2458 601 te.

1891 637 2209 691 Conlitebor
2233 638 2351 699 tibi.
2388 638 2633 703 Domine,
2669 632 2925 709 quoniam
2960 640 3230 695 exaudisti
3263 654 3386 695 me:

1827 736 1881 780 et
1912 728 2088 782 factus
2116 744 2175 782 es
2200 729 2331 782 mihi
2369 716 2703 785 in'salutem.

1902 805 2249 873 honiitemini
2288 820 2538 884 Domino,
2574 822 2834 892 quoniam
2879 824 3053 878 bonus
3092 824 3397 893 :quoniatn

1833 916 1884 966 in
1921 914 2180 968 saeculum
2207 912 2582 970 misericordia
2615 915 2754 984 ejus.

1442 1060 1798 1125 PSALMUS
1839 1037 2109 1123 cxvtti.

676 1172 734 1215 ἀι-
764 1173 1024 1215 auctora

250 1242 393 1322 Mepli
425 1252 467 1305 ’.
529 1252 684 1306 Beati
712 1252 1042 1305 immaculuti
1072 1253 1125 1303 in
1152 1250 1237 1303 via
1265 1265 1283 1303 :
1323 1248 1412 1315 qui
1445 1247 1721 1300 ambulant

196 1346 234 1396 in
258 1344 350 1412 lege
380 1343 613 1396 Domini.

248 1435 414 1504 Alepli.
474 1433 627 1487 Beati
654 1434 747 1503 qui
790 1440 1099 1486 scrutantur
1130 1431 1433 1484 testimonia
1466 1430 1578 1499 ejus
1618 1445 1635 1482 :
1673 1429 1727 1480 in

194 1539 276 1582 toto
303 1529 437 1581 corde
462 1530 749 1595 exquirunt
775 1536 917 1579 eum.

245 1620 411 1687 Alepli.
452 1617 571 1673 Non
607 1621 743 1670 enim
788 1618 877 1686 qui
922 1624 1211 1687 operantur
1243 1615 1583 1684 iniquitatem
1619 1632 1637 1670 :
1673 1616 1727 1667 in

193 1712 264 1763 viis
286 1710 385 1777 ejus
414 1710 847 1763 ambulaverunt.

2466 1170 2741 1210 ALLELUIA.

1898 1248 2084 1315 Ateph.
2112 1246 2263 1302 Beati
2300 1245 2632 1303 immaculati
2663 1247 2718 1301 in
2750 1246 2874 1303 via:
2909 1248 3001 1317 qui
3032 1239 3313 1302 ambulant
3344 1250 3399 1303 in

1826 1339 1945 1408 lege
1982 1339 2217 1394 Domini.

1897 1429 2085 1499 Aleph.
2113 1430 2264 1484 Beati
2299 1431 2391 1500 qui
2428 1435 2751 1486 scrutantur
2800 1431 3115 1486 testimonia
3146 1433 3263 1502 ejus
3294 1447 3310 1487 :
3346 1433 3400 1488 in

1828 1526 1946 1571 toto
1982 1519 2149 1573 corde
2174 1521 2475 1590 exquirunt
2508 1536 2659 1574 eum.

1894 1610 2088 1678 Aleplt.
2126 1610 2245 1664 Non
2279 1612 2424 1663 enim
2485 1612 2577 1679 qui
2610 1612 3306 1683 operanturiniquitatem,
3348 1614 3402 1669 iu

1826 1702 1930 1755 viis
1955 1702 2075 1770 ejus
2103 1702 2557 1757 ambulaverunt.

243 1802 409 1869 Alepb.
456 1805 532 1854 Tu
568 1801 860 1865 mandasti,
901 1801 1156 1852 mandata
1180 1809 1272 1851 tua
1305 1796 1559 1853 custodiri
1588 1798 1718 1872 [uisu
1758 1809 1798 1867 Β
1902 1793 2087 1860 ΑιρρΙι.
2126 1793 2206 1847 Tu
2244 1794 2514 1849 mandasti
2551 1795 2804 1850 mandata
2851 1804 2963 1861 tua,
3004 1778 3255 1862 Domine,
3309 1808 3405 1850 cu-

189 1894 427 1965 custodire]
463 1897 646 1948 nimis.

242 1987 409 2055 Alepb.
445 1986 665 2041 Utinam
700 1987 1000 2056 dirigantur
1028 1986 1123 2038 vita
1155 1999 1304 2048 mete,
1332 1984 1401 2036 ad
1426 1987 1727 2038 custodien-

188 2082 261 2132 das
280 2080 682 2149 justiﬁcatioues
719 2093 837 2133 tuas
863 2079 884 2131 .'

240 2173 404 2241 Aleph.
440 2172 588 2225 Tunc
624 2179 726 2224 nan
767 2168 1063 2237 confundar
1098 2181 1114 2219 :
1146 2176 1264 2219 cum
1316 2178 1628 2234 perspexero
1673 2166 1727 2217 in

187 2264 382 2317 omnibus
406 2263 682 2317 mandatis
718 2263 844 2315 tuis.

241 2356 413 2426 Alepb.
442 2354 751 2421 Conﬁtebor
776 2355 871 2407 tibi
900 2355 956 2406 in
996 2352 1285 2404 directione
1314 2350 1489 2403 cordis
1526 2368 1543 2404 :
1589 2352 1643 2402 in
1668 2369 1728 2404 eo

186 2448 300 2515 quod
318 2448 464 2501 didici
489 2447 711 2516 judicia
729 2445 951 2514 justitite
982 2454 1107 2496 tute.

241 2540 412 2607 Alepti.
465 2532 884 2605 Justiﬁcationes
935 2552 1052 2589 tuas
1094 2534 1442 2589 custodiam:
1494 2550 1597 2585 non
1650 2550 1729 2588 me

186 2624 479 2694 derelinquas
518 2642 918 2696 usquequaque.
1591 2698 1596 2702 ι

243 2716 377 2772 Betti.
410 2716 475 2771 In
502 2734 608 2789 quo
632 2718 850 2786 corrigit
874 2716 1257 2770 adolescentior
1287 2718 1425 2771 viam
1455 2734 1608 2771 suam
1632 2717 1654 2767 ξ’
1675 2718 1730 2768 in

186 2809 486 2863 custodiendo
514 2825 781 2862 sermones
807 2818 945 2861 tuos.

243 2899 378 2955 Belh.
406 2900 471 2956 In
505 2912 617 2955 toto
648 2903 801 2954 corde
826 2917 937 2954 meo
966 2901 1223 2964 exquisivi
1250 2905 1332 2969 te}
1363 2919 1427 2955 ne
1458 2901 1583 2973 [ms.
1604 2900 1731 2970 non]

188 2992 375 3060 repellas
408 3011 488 3047 me
523 3012 555 3047 a
586 2994 860 3047 mandatis
888 2994 1011 3048 tuis.

244 3083 381 3139 Both.
412 3085 476 3138 In
510 3087 669 3139 corde
704 3102 815 3139 meo
845 3086 1094 3139 abscondi
1124 3086 1335 3155 eloquia
1369 3095 1460 3138 tua
1492 3102 1509 3140 ε
1551 3096 1605 3138 ut
1631 3100 1731 3137 non

187 3192 355 3240 peccem
383 3179 494 3233 tibi.

243 3269 383 3325 Beth.
423 3271 739 3325 Benedictus
771 3286 845 3337 es,
882 3269 1147 3325 Domine:
1183 3271 1308 3323 doce
1357 3284 1439 3323 me
1468 3267 1733 3337 justi/ica-

188 3360 323 3415 tiones
350 3373 489 3419 tuas.

244 3452 384 3508 Beth.
417 3453 488 3508 In
520 3452 678 3507 labiis
720 3454 868 3521 meis,
926 3454 1265 3522 pronuntiavi
1295 3453 1478 3506 omnia
1523 3452 1736 3523 judicia

187 3545 273 3596 oris
301 3549 392 3600 tui.

244 3637 385 3694 Bell).
440 3638 509 3693 In
570 3642 656 3693 uia
705 3640 1124 3693 testimoniorum
1177 3646 1387 3691 tuorum
1445 3640 1736 3697 delectatus

189 3742 300 3791 sunt,
324 3732 456 3783 sicut
486 3733 545 3785 in
576 3731 815 3784 omnibus
846 3731 1069 3784 divitiis.

247 3818 386 3875 Belli.
415 3820 484 3875 In
522 3823 792 3876 mandatis
823 3822 927 3875 tuis
956 3824 1230 3876 exercebar
1264 3837 1282 3875 :
1315 3834 1364 3876 et
1392 3825 1737 3880 considerabo

188 3910 277 3962 vias
304 3921 439 3967 tuast

242 4002 388 4061 Betb.
437 4004 508 4060 In
548 4006 1025 4077 justiﬁcationibus
1079 4008 1181 4059 tuis
1250 4008 1543 4062 meditabor
1573 4024 1594 4063 :
1628 4025 1733 4063 non

186 4093 438 4150 obliviscar
470 4113 741 4152 sermones
773 4107 912 4151 tuos.

239 4186 460 4246 Ghimel.
494 4204 559 4247 ιι-
584 4189 659 4243 Re
695 4189 716 4258 1
754 4190 927 4244 tribue
965 4205 1114 4244 servo
1143 4204 1257 4256 tuo,
1287 4192 1493 4260 vivi/ica
1536 4210 1615 4248 me
1644 4210 1661 4247 :
1688 4206 1737 4247 et

188 4281 454 4333 custodiam
480 4296 747 4335 sermones
777 4288 794 4333 t
801 4297 918 4333 uos.

241 4370 469 4428 Ghimel.
502 4372 699 4426 Revela
732 4372 910 4427 oculos
931 4384 1172 4427 meos:et
1199 4375 1542 4429 considerabo
1575 4377 1736 4429 mira-

185 4459 291 4515 bilia
317 4464 379 4517 de
401 4471 512 4534 tege
542 4478 658 4519 tua.

241 4555 464 4612 Chimel.
499 4558 683 4612 lncola
716 4574 810 4628 ego
840 4560 1033 4612 suntin
1063 4570 1202 4612 terra
1223 4573 1239 4608 :
1260 4576 1361 4610 non
1393 4560 1676 4613 abscondas
1708 4579 1739 4616 α

186 4662 251 4700 me
279 4654 534 4704 inundata
568 4661 680 4705 tua.

247 4785 264 4815 ³
292 4786 474 4856 Ipsum
510 4799 567 4842 ta
590 4804 892 4857 pronomen
928 4789 1158 4843 Palatin.
1196 4798 1300 4843 ms.
1347 4789 1507 4843 obelo
1560 4797 1739 4844 trans-

186 4858 418 4911 verberat
446 4877 460 4911 ;
498 4875 532 4913 e
563 4860 841 4913 contrario
873 4859 1046 4913 Carus
1102 4859 1281 4927 ipsum
1349 4860 1417 4911 ab
1447 4866 1513 4913 eo
1546 4862 1741 4915 eximit

189 4930 387 4997 verbum
422 4930 849 4983 substantivuin.
913 4928 1276 4997 Subsequenti
1331 4932 1551 4996 gemino
1613 4933 1740 4986 huic

188 4996 599 5069 locoPalatinus
633 5006 807 5069 ipsam
849 5010 894 5053 et
937 4996 1189 5067 copulam
1245 4999 1619 5066 ὁδελισμένοις
1660 5004 1739 5055 in-

188 5066 339 5117 cludit
377 5087 391 5121 :
424 5070 603 5122 Carus
655 5066 863 5122 iterum
916 5086 945 5123 e
972 5066 1265 5137 contrario
1321 5071 1545 5123 voculas
1587 5086 1641 5123 es
1684 5081 1739 5123 tu

186 5148 436 5207 pranotat
482 5141 773 5193 asterisco.
808 5139 1052 5208 Denique
1077 5154 1145 5191 ex
1205 5140 1514 5206 insequenti
1572 5156 1738 5195 versu

184 5207 349 5271 priora
399 5221 617 5264 tantum
675 5210 841 5264 verba
886 5207 1184 5275 Conﬁtebor
1244 5210 1357 5275 tibi,
1414 5208 1559 5263 idem
1633 5228 1737 5265 nis.

180 5279 394 5344 iugulat.

242 5349 261 5377 '
296 5348 499 5413 Semel,
532 5351 711 5418 primo
740 5348 943 5417 cuique
970 5347 1245 5419 versiculo
1300 5363 1442 5412 eam,
1512 5366 1577 5405 ex
1630 5364 1734 5419 qua

178 5420 317 5480 juxta
347 5417 604 5473 ordinem
642 5420 937 5474 inchoatur
966 5417 1216 5473 llebraici
1260 5421 1535 5488 alphabeti
1591 5417 1737 5475 litte-

182 5499 302 5553 ram,
338 5504 441 5543 ms.
476 5491 763 5547 Palatinus
793 5490 1076 5558 praeponit.

231 5557 249 5587 ³
281 5560 397 5612 l’ari
424 5576 711 5616 consensu
743 5557 1086 5628 AuguStinus
1135 5566 1189 5612 ct
1226 5559 1530 5616 Veronens.
1575 5560 1738 5626 liber,

183 5623 244 5677 ΐιι
277 5634 581 5699 prccepisti
628 5623 881 5685 mandata
936 5642 1026 5681 tua
1067 5632 1326 5683 custodiri
1383 5634 1538 5685 nimis
1579 5623 1739 5685 :tuni

183 5702 338 5754 altero
368 5703 439 5755 ab
478 5703 589 5755 hoc
615 5718 796 5767 versu,
830 5701 958 5753 dum
979 5702 1224 5767 inspicio,
1265 5716 1361 5769 pro
1382 5705 1622 5766 respicio,
1656 5715 1742 5755 at-

178 5784 272 5834 que
302 5774 409 5825 alio
448 5773 785 5841 litaequenti,
844 5776 898 5825 in
948 5788 1029 5839 eo,
1080 5785 1197 5822 cum
1257 5773 1517 5850 (August.
1572 5776 1736 5843 quod)

360 5876 643 5936 PATIUL.
683 5874 899 5939 XXIX.

1832 1886 2021 1939 stodiri
2059 1885 2226 1940 nimis
2242 1887 2284 1941 ³.

1901 1976 2085 2046 Al'eph.
2138 1977 2354 2032 Utinam
2392 1980 2704 2047 dirigantur
2738 1982 2839 2036 vite
2888 1995 3042 2045 mete,
3096 1983 3162 2035 ad
3216 1992 3403 2037 custo-

1827 2068 2496 2137 diendasjustilicationes
2527 2080 2648 2126 tuas
2681 2074 2693 2125 !

1901 2157 2086 2226 Aleph.
2122 2160 2276 2215 Tunc
2323 2178 2430 2215 non
2485 2164 2837 2218 conluudar:
2894 2165 3025 2218 dum
3082 2168 3315 2233 respicio
3347 2170 3401 2220 in

1830 2251 2013 2304 omnia
2044 2252 2302 2305 mandata
2340 2262 2432 2307 tua
2463 2272 2477 2307 :

1905 2344 2092 2411 Aleplt.‘
2142 2345 2459 2401 Gonlitebor
2517 2347 2657 2413 tibi,
2706 2349 2956 2412 Domine,
3004 2351 3057 2403 in
3099 2352 3401 2406 directione

1833 2437 2052 2501 cordis;
2090 2436 2143 2490 in
2170 2452 2236 2490 eo
2264 2438 2411 2506 quod
2444 2439 2606 2511 didici
2627 2441 2833 2507 judicia
2865 2442 3096 2509 justitia:
3136 2454 3261 2497 tuac.

1906 2527 2096 2597 Aleplt.
2142 2528 2580 2586 iustiﬁcationes
2640 2540 2761 2586 tuas
2804 2534 3148 2588 custodiam:
3182 2550 3287 2588 non
3320 2551 3407 2590 me

1836 2619 2186 2689 derelinquas
2217 2636 2631 2690 usquequaque.

1908 2713 2057 2768 Beth.
2087 2713 2147 2768 1n
2175 2729 2284 2784 quo
2311 2716 2541 2785 corrigit
2583 2717 2839 2785 juvenior
2900 2719 3039 2775 viam
3092 2722 3292 2776 suam?
3353 2724 3410 2778 in

1836 2804 2203 2859 custodiendo
2226 2820 2508 2860 sermones
2529 2814 2672 2861 tuos.

1906 2896 2055 2950 Betti.
2082 2896 2140 2949 ln
2181 2905 2295 2951 toto
2330 2897 2498 2951 corde
2529 2913 2651 2953 meo
2677 2899 2948 2969 exquisivi
2978 2911 3029 2957 te
3062 2920 3079 2959 :
3127 2917 3194 2957 ne
3230 2906 3409 2974 repela

1836 2984 1916 3040 las
1947 3000 2032 3039 me
2061 3000 2091 3038 a
2122 2988 2394 3043 mandatis
2442 2987 2571 3041 tuis.

1909 3078 2063 3133 Belli.
2106 3078 2163 3133 ln
2194 3079 2358 3134 corde
2395 3095 2518 3135 meo
2556 3081 2817 3136 abscondi
2846 3082 3064 3153 eloquia
3120 3094 3209 3141 tua
3276 3104 3291 3142 :
3353 3096 3413 3143 ut

1760 3157 1807 3219 C
1844 3186 1951 3224 non
1981 3185 2205 3239 peccem
2246 3172 2366 3227 tibi.

1926 3262 2082 3317 Betti.
2113 3262 2445 3319 Benedictus
2464 3280 2544 3330 es,
2592 3266 2818 3325 Domine
2854 3288 2869 3327 :
2904 3271 3041 3327 doce
3084 3289 3171 3328 me
3209 3274 3413 3346 justiti-

1838 3355 2088 3410 Catioues
2112 3363 2258 3411 tuas.

1912 3447 2064 3503 Belli.
2104 3448 2162 3503 lu
2189 3450 2348 3506 labiis
2382 3452 2542 3519 meis,
2575 3456 2974 3525 pronuntiavi‘
2998 3461 3180 3515 Ouinia
3202 3459 3411 3531 judicia

1838 3552 1951 3594 oris
1994 3552 2094 3598 tul.

1912 3634 2065 3691 Beth.
2117 3638 2174 3691 ln
2217 3639 2305 3694 via
2342 3642 2782 3696 testimoniorum
2828 3651 3049 3699 tuorum
3106 3648 3412 3706 delectatus

1839 3744 1983 3796 surn,
2018 3731 2163 3785 sicut
2188 3730 2239 3785 in
2262 3734 2519 3788 omnibus
2547 3735 2774 3790 divitiis.

1913 3817 2069 3876 Betti.
2098 3821 2154 3875 In
2179 3822 2451 3880 mandatis
2487 3824 2593 3880 tuis
2620 3840 2705 3881 me
2731 3826 2997 3883 exercebo
3030 3833 3046 3884 ξ
3074 3837 3130 3884 et
3150 3832 3410 3888 considas

1841 3910 1974 3965 rabo
2003 3912 2116 3966 vias
2159 3922 2302 3968 tuas.
2464 3897 2473 3904 ’

1905 4001 2055 4057 ΒειΙι.
2107 4002 2165 4057 1η
2207 4004 2317 4058 tuis
2348 4005 2835 4076 justilicationibus
2882 4010 3191 4068 meditabor
3226 4028 3243 4070 :
3299 4030 3411 4073 non

1841 4090 2139 4148 ()bllViSt’al'
2165 4110 2451 4152 sermones
2493 4108 2640 4154 tuos.

1912 4185 2138 4242 Ghimet.
2173 4188 2431 4243 Retribue
2461 4204 2617 4247 servo
2650 4194 2962 4255 tuo.Vivam
2990 4212 3003 4250 :
3032 4199 3409 4257 etcustodiam

1841 4295 2127 4335 sermones
2161 4290 2303 4336 1008.

1933 4370 2157 4427 Ghimel.
2191 4370 2389 4429 Revela
2412 4373 2600 4433 oculos
2626 4388 2774 4434 meos
2805 4382 2899 4437 :et
2924 4377 3283 4443 considerabo
3312 4380 3415 4443 ml-

1774 4498 1820 4554 ο
1848 4464 2041 4519 rabilia
2080 4465 2148 4519 de
2178 4467 2296 4537 lege
2320 4477 2431 4522 tua.

1919 4555 2142 4611 Gltimel.
2177 4557 2355 4612 lncola
2388 4560 2409 4592 ⁵
2436 4574 2538 4629 ego
2566 4575 2685 4617 sum
2714 4564 2766 4616 iu
2809 4574 2952 4620 terra
2989 4574 3003 4621 τ
3048 4581 3158 4623 non
3185 4571 3417 4627 abscon-

1846 4650 1942 4701 das
1962 4667 1991 4701 a
2021 4664 2106 4703 me
2142 4652 2391 4704 inundata
2420 4662 2528 4706 tua.

1846 4787 2118 4866 didicerim
2157 4788 2368 4866 judicia
2408 4790 2640 4866 Siustitia:
2681 4799 2806 4858 tum,
2860 4796 3269 4866 iustiﬁcationes
3296 4811 3417 4857 tuas

1844 4857 2247 4941 custodiant,ne
2275 4862 2605 4941 derelinquas
2653 4879 2735 4941 nte
2762 4857 2931 4941 usque
2975 4857 3148 4941 ualde.
3202 4870 3261 4924 In
3314 4889 3418 4941 quo

1845 4928 2059 4996 corrigit
2084 4929 2271 4996 junlor
2318 4931 2459 4984 ciant
2488 4928 2656 4985 suam
2684 4933 2711 4986 .’
2755 4935 2807 4988 in
2845 4928 3102 4993 'custodie
3126 4944 3209 4992 Λα
3263 4928 3419 4996 verba

1845 5010 1956 5051 tua.

1908 5068 1929 5097 ⁸
1960 5068 2251 5144 Augustin.
2279 5079 2334 5122 et
2366 5064 2667 5144 Veronens.
2701 5074 2839 5128 liber
2860 5078 3153 5141 enuntiavi,
3186 5088 3239 5133 et
3269 5095 3415 5144 mox.

1836 5137 2161 5217 jucundatus
2190 5155 2476 5217 su_m,_-pro
2508 5142 2837 5217 delectatus;
2902 5137 3201 5217 antiquarii
3232 5137 3416 5204 autem

1847 5208 1979 5261 vitio
2019 5209 2216 5261 desunt
2241 5210 2296 5263 in
2339 5208 2637 5266 Veroneusi
2667 5230 2768 5268 tns.
2802 5220 2971 5272 verba
2999 5208 3135 5271 sicut
3157 5222 3211 5272 in
3240 5222 3417 5273 omni-

1845 5278 1962 5330 bus.
1995 5276 2425 5357 'l‘um‘sequitur
2482 5299 2606 5357 cum
2654 5286 2983 5357 Augustino,
3020 5292 3275 5357 garriant,
3315 5304 3415 5356 pro

1846 5364 1924 5425 ine
1959 5350 2229 5425 exercebo.
2269 5351 2513 5425 Denique
2546 5353 2631 5425 In”
2652 5350 3124 5425 jusliﬁcaliOnibus
3174 5359 3276 5410 tuis
3308 5350 3416 5409 me-

1844 5418 2054 5497 ditabor
2082 5433 2101 5473 :
2139 5436 2241 5473 non
2269 5418 2546 5497 obliviscar
2573 5418 2901 5493 (veronens.
2937 5444 3036 5481 ms.
3058 5428 3411 5497 obliviscebor)

1844 5488 2120 5567 verborum
2171 5500 2402 5567 tuorum.
2458 5488 2706 5548 Retribue
2756 5514 2904 5550 servo
2944 5508 3052 5560 tuo,
3088 5510 3142 5549 at
3205 5488 3416 5567 (Augu-

1846 5559 1984 5612 stin.
2013 5569 2070 5611 ut
2110 5567 2274 5629 tacet)
2312 5566 2503 5628 vivam,
2540 5576 2585 5618 et
2615 5569 2884 5619 custodibo
2914 5559 3062 5620 verba
3086 5578 3201 5623 tua.

1920 5629 1940 5659 ⁸
1974 5630 2056 5705 ln_
2090 5628 2386 5705 Veroneusi
2472 5650 2574 5689 tns.
2633 5634 2937 5705 Inqailinas
2965 5677 2979 5701 ,
3038 5653 3137 5705 pro
3191 5638 3421 5695 lncola:

1847 5715 2010 5774 quam
2046 5700 2338 5774 lecrionem
2374 5704 2489 5773 ipse
2512 5700 3068 5774 laudat'Augustinus
3118 5710 3278 5765 initio
3306 5726 3428 5763 ser-

1846 5773 2026 5826 monis
2054 5772 2230 5823 octavi
2268 5771 2323 5824 in
2355 5771 2502 5827 liutic
2538 5771 2935 5844 psalmumilbi
2992 5796 3007 5834 :
3062 5798 3079 5830 ι
3122 5782 3305 5837 incola
3330 5791 3430 5849 ego

2969 5874 3039 5940 12
