3840 6176
382 330 487 397 307

1316 339 1378 399 S.
1417 337 1858 399 HIERONYMI
1906 338 2169 400 DlVINA
2212 338 2744 400 BlBLIOTHECA.
3494 332 3581 393 368

451 451 607 507 Zain.
631 452 752 509 Htec
783 457 928 524 facta
961 464 1033 508 est
1053 455 1180 509 mihi
1210 470 1227 509 :
1260 455 1805 527 quiajustiﬁcationes
1838 464 1957 508 tuas
1984 460 2035 523 Α
2132 448 2290 512 Zain.
2352 450 2479 512 llaec
2531 453 2664 509 mihi
2717 452 2857 505 facta
2905 458 2989 504 est
3016 466 3028 503 :
3060 448 3184 518 quia
3216 447 3329 520 [νη.
3373 448 3494 505 iacta
3523 460 3594 507 est

382 561 663 615 exquisivi.

454 639 655 693 llheth.
679 636 858 691 Portio
883 652 1020 701 mea,
1043 636 1267 691 Domine
1295 651 1319 691 :
1344 637 1477 703 dixi,
1508 638 1770 692 custodire
1801 638 1962 707 legem

385 742 555 785 tuam.

457 822 654 877 llheth.
701 819 1018 889 Deprecatus
1040 837 1156 874 sum
1178 822 1366 890 {aciem
1388 831 1536 875 tuam
1576 823 1629 875 in
1664 831 1771 875 toto
1810 823 1965 876 corde

388 926 449 967 -ξ-
484 930 597 967 meo
635 914 657 981 ζ
691 912 941 966 miserere
977 914 1078 966 mei
1096 914 1382 967 secundum
1413 913 1681 983 eloquium
1714 923 1887 968 tuum.

459 1003 665 1057 Hbeth.
701 1001 940 1072 Cogitavi
1000 1004 1113 1057 uias
1169 1020 1311 1058 meas
1348 1018 1367 1057 :
1402 1017 1448 1058 et
1485 1007 1713 1059 converti
1745 1005 1761 1036 ¹
1813 1007 1969 1077 pedes

390 1112 537 1150 meos
564 1097 617 1148 in
658 1096 956 1149 testimonia
985 1102 1100 1149 tua.

460 1187 659 1241 Ilheth.
692 1190 926 1240 Paratus
941 1204 1081 1254 sum,
1110 1195 1158 1241 et
1181 1199 1283 1242 non
1309 1204 1425 1242 sum
1455 1189 1697 1244 turbatus
1732 1205 1746 1244 :
1778 1200 1835 1244 ut
1865 1205 1969 1244 cu-

386 1280 617 1333 stodiam
642 1278 905 1332 mandata
939 1288 1053 1331 tua.

468 1372 675 1426 Hhelh.
708 1370 877 1425 Funes
909 1380 1242 1440 peccatorum
1267 1370 1611 1441 circumplexi
1631 1380 1753 1426 sunt
1783 1387 1885 1440 me,
1908 1384 1972 1428 4·

394 1473 443 1517 et
473 1464 496 1532 ζ
539 1463 698 1532 legem
730 1472 877 1517 tuam
910 1479 1011 1516 non
1041 1476 1155 1517 sum
1188 1462 1402 1519 oblitus.

470 1556 674 1611 Hheth.
702 1555 877 1609 Media
897 1568 1044 1609 nocte
1073 1556 1348 1625 surgebam
1377 1557 1446 1610 ad
1473 1557 1829 1625 conﬁtendum
1862 1554 1975 1621 tibi,

394 1648 774 1717 superjudicia
793 1648 1198 1716 jnsti/icationis
1237 1655 1362 1700 tute.

465 1739 673 1795 ‘Hhcth.
720 1738 991 1808 Particeps
1029 1757 1119 1809 ego
1151 1757 1266 1794 sum
1302 1740 1537 1793 omnium
1572 1741 1866 1794 timentium
1905 1750 1972 1806 te,

398 1842 447 1887 et
486 1832 893 1887 custodientium
939 1833 1192 1886 mandata
1230 1842 1340 1884 tua.

476 1925 678 1979 llheth.
700 1924 1063 1979 Misericordia
1084 1935 1198 1982 tua.
1225 1924 1464 1990 Domine,
1490 1926 1645 1996 plena
1667 1936 1741 1981 est
1763 1935 1903 1980 terra
1923 1926 1977 1981 ἐ

392 2012 805 2088 justiﬁcationes
828 2029 944 2071 tuas
973 2017 1095 2071 doce
1120 2034 1221 2071 me.

473 2112 634 2168 Teth.
664 2110 963 2165 Bonitatem
1022 2111 1189 2180 fecisti
1230 2126 1349 2164 cum
1391 2126 1539 2165 servo
1568 2121 1679 2171 tuo,
1713 2110 1976 2165 Domine:

399 2204 685 2258 secundum
711 2202 925 2256 verbum
956 2212 1125 2255 tuum.

473 2294 629 2349 Teth.
656 2294 954 2349 Bonitatem
980 2302 1029 2347 et
1062 2294 1434 2362 disciplinam,
1461 2304 1509 2348 et
1537 2295 1817 2358 scientiam
1846 2295 1973 2349 doce

404 2400 484 2439 me
511 2401 530 2440 :
562 2385 687 2453 quia
710 2385 973 2438 mandatis
996 2385 1099 2439 tuis
1130 2386 1351 2440 credidi.

475 2472 631 2532 Teth.
671 2474 990 2547 Priusquam
1026 2479 1339 2533 lmmiliarer
1372 2480 1495 2551 [ms.
1541 2478 1846 2550 humiliar],
1890 2495 1982 2550 ego

406 2570 603 2637 deliqui
630 2585 649 2624 :
683 2583 961 2640 propterea
987 2570 1253 2641 eloquium
1286 2580 1434 2626 tuum
1470 2574 1748 2627 custodivi.

485 2659 640 2717 Teth.
669 2662 846 2716 Bonus
876 2674 929 2717 es
962 2674 1058 2717 tu:
1098 2674 1144 2716 et
1174 2665 1226 2718 in
1261 2664 1283 2697 ⁸
1308 2667 1538 2720 bonitate
1581 2677 1675 2719 tua
1721 2666 1843 2719 doce
1904 2680 1985 2719 me

397 2753 811 2823 justiﬁcationes
847 2764 988 2806 tuas.

480 2843 642 2898 Teth.
672 2844 1025 2913 Multiplicata
1050 2856 1124 2900 est
1154 2862 1313 2917 super
1350 2862 1430 2900 me
1455 2848 1709 2916 iniquitas
1734 2848 1984 2916 superbo-

409 2951 684 3004 rum:ego
723 2947 897 2989 autent
936 2938 990 2990 in
1034 2946 1139 2990 toto
1187 2938 1345 2991 corde
1405 2938 1679 2992 scrutabor
1728 2943 1985 2993 mandata

412 3035 522 3081 tua.

481 3119 644 3173 Teth.
664 3119 1014 3190 Coagulatum
1034 3131 1111 3174 est
1126 3122 1257 3175 sicut
1281 3121 1363 3175 lac
1393 3137 1483 3176 cor
1507 3137 1685 3177 eorum
1712 3137 1736 3180 :
1769 3140 1862 3197 ego
1878 3125 1900 3157 ⁸
1920 3139 1984 3182 -θ-

410 3226 533 3265 vero
562 3211 583 3277 ζ
622 3211 783 3281 legem
810 3222 955 3266 tuam
984 3220 1270 3270 meditatus
1303 3233 1443 3271 sunt.

484 3303 644 3358 Teth.
685 3305 888 3359 Bonum
915 3308 1044 3361 mihi
1071 3311 1195 3377 quia
1221 3309 1511 3369 humiliasti
1534 3330 1614 3369 me
1642 3330 1660 3369 :
1700 3324 1757 3369 ut
1785 3317 1988 3371 discam

407 3396 817 3464 iustiﬁcationes
840 3407 983 3454 tuas.

487 3490 649 3544 Teth.
670 3489 878 3545 Bonum
909 3492 1036 3546 mihi
1076 3493 1161 3549 lex
1194 3498 1299 3551 oris
1330 3498 1424 3563 tui,
1454 3515 1613 3571 super
1653 3500 1825 3555 millia
1868 3503 1990 3556 auri

414 3587 465 3633 et
499 3583 725 3646 argenti.

490 3672 602 3727 lod.
642 3674 832 3730 Manus
854 3688 957 3731 tua:
986 3679 1219 3747 fecerunt
1246 3696 1325 3734 me
1348 3690 1395 3734 et
1427 3680 1831 3750 plasmaverunt
1867 3699 1986 3739 me:

418 3768 484 3819 da
512 3768 637 3820 mihi
664 3767 1014 3834 intellectum,
1040 3780 1091 3825 et
1120 3771 1317 3826 discam
1346 3774 1602 3828 mandata
1630 3784 1744 3829 tua.

497 3970 777 4056 ‘Sequior
809 3990 1006 4031 manus
1057 3977 1111 4031 in
1160 3977 1410 4033 Palatino
1460 3993 1563 4032 ms.
1622 3979 1889 4051 reposuit,
1941 3990 1991 4033 et

420 4055 610 4097 averti.

492 4116 511 4145 ⁸
536 4113 737 4188 Eadem
773 4115 862 4169 hic
888 4131 1081 4169 manus
1115 4119 1414 4188 rescripsit,
1466 4118 1835 4173 Misericordia
1880 4119 1986 4172 Do-

420 4185 549 4259 mini
585 4187 739 4259 plena
787 4194 863 4238 est
920 4197 1085 4259 terra,
1147 4185 1302 4255 etc.,'
1335 4189 1563 4259 propius
1620 4188 1686 4241 ad
1740 4190 1989 4243 Graecum

419 4255 846 4325 Alexandrinum
877 4257 1174 4325 exemplar.

493 4323 515 4355 ³
533 4324 813 4396 Palatinus
835 4342 934 4396 nus.
962 4328 1015 4378 in
1040 4323 1479 4395 praepositionem
1512 4328 1667 4381 ohelu
1694 4337 1981 4396 praenotat.

422 4408 531 4461 quo
568 4396 739 4448 satius
786 4394 998 4461 fuisset,
1034 4394 1180 4465 quod
1238 4401 1489 4465 sequitur
1540 4394 1837 4465 pronomen
1900 4407 1990 4452 tua

416 4485 675 4556 jugulari.
706 4486 762 4539 ιη
787 4486 1015 4539 Hebraeo
1063 4500 1147 4541 est
1183 4474 1349 4549 ἐγώ
1371 4496 1595 4556 mum,
1622 4492 1688 4545 ad
1739 4492 1988 4556 verbum,

344 4598 354 4611 .
420 4554 470 4606 et
492 4557 555 4605 de
583 4554 814 4609 bonitate
848 4560 973 4607 doce
1003 4573 1105 4608 me.

495 4622 761 4677 ‘Obelum
792 4626 938 4677 hunc
972 4623 1142 4678 Palat.
1173 4642 1278 4682 ms.
1321 4637 1377 4682 et
1416 4628 1607 4692 Carus,
1655 4642 1714 4685 ut
1762 4640 1817 4686 et
1865 4635 1988 4691 cod.

426 4693 778 4765 Alcsamlriui
814 4709 1020 4761 nupera
1058 4695 1259 4765 editio,
1298 4703 1743 4765 praetermittunt.

498 4762 517 4791 ⁸
539 4762 593 4815 In
626 4761 927 4843 V_ei'o_tietis_.
956 4777 1079 4843 Ilts.,
1114 4761 1435 4843 Pars__ntea:
1467 4768 1636 4843 ierme
1661 4785 1782 4843 cum
1813 4776 1995 4843 Augu-

424 4832 589 4912 stino.
624 4832 727 4885 nisi
765 4834 853 4884 hic
880 4831 1133 4912 Dominus
1166 4838 1370 4895 mallet.
1415 4853 1514 4912 pgo
1544 4839 1792 4912 Domine.
1827 4831 1987 4912 Tu‘in,

428 4900 683 4955 Precatns
717 4918 830 4975 sum
864 4901 1062 4975 cultum
1100 4915 1267 4971 tuum,
1310 4900 1429 4960 etc:
1450 4906 1587 4971 Quia
1627 4912 1850 4975 cogitavi
1881 4900 1993 4968 vias

425 4982 565 5033 tuas,
602 4984 706 5026 etc.
741 4972 825 5030 Et,
856 4972 1083 5026 Paratus
1113 4991 1253 5039 sum,
1279 4986 1327 5028 et
1358 4994 1461 5030 non
1491 4995 1606 5032 sum
1630 4972 1993 5040 conturbatus:

423 5043 493 5093 ad
522 5041 859 5120 custodienda
888 5046 1144 5096 mandata
1178 5058 1288 5112 tua,
1317 5048 1461 5118 quod
1489 5060 1825 5116 postremum
1863 5053 1998 5120 Ilip-

426 5113 685 5191 βυιιειιβίε
715 5112 1004 5180 episcopus
1042 5125 1262 5191 tantum
1289 5112 1429 5171 inter
1457 5112 1735 5191 variorum
1793 5112 1994 5191 glosse-

428 5192 570 5260 mata
602 5182 963 5260 interpretum
997 5195 1205 5260 censet.
1234 5186 1459 5260 Demum
1496 5190 1670 5243 altero
1701 5182 1994 5260 insEqucn-

428 5253 497 5304 tis
526 5252 778 5307 versiculi
807 5252 1174 5329 hemistichia,
1201 5268 1248 5329 et
1269 5257 1403 5329 legis
1432 5269 1537 5311 tua:
1582 5276 1686 5313 non
1726 5252 1998 5317 sum-obli-

428 5332 552 5375 tus:
594 5338 809 5376 rursum
844 5336 966 5374 cum
993 5325 1387 5392 Augustiniuua
1417 5328 1675 5383 lectione.

498 5393 682 5447 “Idem
719 5408 844 5452 ms.,
870 5392 1165 5456 Suavitate,
1200 5399 1344 5463 quod
1382 5414 1477 5465 pro
1520 5400 1752 5453 bonitate
1795 5417 1993 5456 nomen

426 5465 772 5536 continenter
801 5472 1133 5536 usut:pal.rut
1155 5474 1209 5518 ct
1238 5469 1438 5531 suavis,
1485 5484 1584 5536 pro
1606 5468 1790 5523 bonus.
1813 5474 1868 5524 ὃ.
1887 5473 1999 5525 Au-

428 5536 679 5601 gustinus
711 5535 783 5587 ibi
811 5552 825 5588 :
852 5551 869 5582 ‹
899 5531 1227 5605 Suavitatem
1243 5537 1411 5604 fecisti
1443 5531 1560 5590 cum
1586 5554 1732 5591 servo
1756 5552 1866 5605 tuo,
1896 5543 1998 5594 Uo-

431 5604 589 5676 mine,
621 5604 1131 5676 secnttdttntt'_erbttm
1166 5614 1313 5657 tuum
1337 5608 1463 5676 :‘vel
1493 5609 1692 5676 potius,
1711 5604 1996 5667 secundum

429 5672 693 5748 eloquium
726 5684 905 5748 tuum._
927 5672 1031 5724 Sed
1062 5677 1203 5748 quod
1242 5676 1317 5729 ait
1346 5672 1587 5748 Gradus,
1618 5683 1991 5748 χρηστότητα,

426 5742 720 5816 aliquando
758 5743 1090 5816 suavitatem,
1133 5745 1429 5814 aliquando
1493 5742 1781 5802 bottiiaterrt
1818 5742 1993 5805 nostri

426 5813 755 5878 interpretes
786 5813 1205 5880 transtulerunt,
1230 5813 1338 5871 etc.
1377 5835 1393 5868 ›
1430 5818 1565 5874 llinc
1597 5836 1724 5885 ms.,
1750 5819 1995 5875 Suarin-

2067 546 2199 600 mihi
2234 558 2247 600 :
2285 545 2572 617 quoniam]
2612 540 3038 615 iustiﬁcationes
3068 549 3188 594 tuas
3205 541 3472 609 exquisivi.

2119 638 2314 693 ﬂlzet/t.
2340 639 2531 693 Portio
2556 638 2737 701 mea',
2769 634 3021 700 Domine,
3059 631 3196 697 dixi,
3237 634 3487 689 custodire
3535 636 3600 690 le-

2068 746 2186 801 gem
2230 742 2400 784 tuam.

2148 822 2337 877 "belli.
2377 820 2720 891 Dcprecatus
2737 833 2856 874 sum
2878 818 3069 873 taciem
3094 825 3234 871 tuam
3262 815 3315 871 in
3340 825 3443 872 toto
3465 818 3603 874 cordo

2072 929 2195 969 meo
2230 931 2245 967 :
2285 916 2549 969 miserere
2582 915 2689 966 mel
2720 909 3019 966 secundum
3051 908 3320 977 eloquium
3358 918 3515 963 tuum.

2152 1006 2349 1061 lllteth.
2383 1003 2524 1071 Quia
2550 1003 2787 1073 cogitavi
2818 1001 2936 1056 vias
2968 1015 3117 1055 meas
3146 1016 3159 1051 :
3187 1010 3241 1054 et
3273 1000 3501 1054 converti
3528 1016 3607 1069 pe-

2074 1098 2171 1153 des
2195 1111 2350 1152 meos
2378 1095 2434 1149 in
2485 1094 2798 1149 testimonia
2830 1102 2949 1146 tua.

2142 1190 2333 1244 Hlteth.
2366 1189 2599 1244 Paratus
2630 1202 2779 1250 sum,
2799 1196 2981 1241 etnon
3009 1198 3131 1240 sum
3149 1182 3425 1239 turbatus:
3454 1190 3505 1237 ut
3530 1194 3611 1238 eu-

2076 1283 2308 1339 stodiam
2341 1280 2599 1335 mandata
2630 1290 2742 1334 tua.

2161 1375 2351 1429 Illietb.
2389 1373 2572 1427 Funes
2600 1381 2958 1440 peccatorum
2982 1368 3331 1439 circumplexi
3365 1378 3481 1423 sunt
3502 1383 3611 1424 me:

2080 1471 2255 1539 legem
2281 1474 2467 1520 autem
2499 1475 2646 1519 tuam
2682 1480 2791 1519 non
2821 1480 2942 1519 sum
2965 1464 3194 1517 oblitus.

2151 1556 2343 1611 Hiietlt.
2380 1554 2556 1610 Media
2595 1566 2759 1610 nocte
2815 1555 3103 1623 surgebam
3158 1553 3223 1607 ad
3280 1549 3616 1606 conﬁtendum

2082 1646 2204 1710 tibi,
2232 1660 2400 1716 super
2421 1645 2626 1717 judicia
2655 1644 2883 1715 iustitiae
2916 1657 3043 1700 tuae.

2161 1738 2350 1794 Hlteth.
2386 1738 2673 1806 Particeps
2711 1754 2831 1792 sum
2886 1754 2989 1807 ego
3022 1738 3283 1803 iomnium
3340 1738 3619 1791 timentium

2013 1845 2057 1900 Β
2086 1843 2160 1897 te,
2186 1839 2244 1886 et
2267 1830 2690 1886 custodientium
2725 1830 2982 1884 mandata
3018 1841 3131 1885 tua.

2149 1924 2346 1977 Hiieth.
2366 1922 2738 1977 Misericordia
2773 1932 2885 1983 tua.
2910 1922 3333 1991 Domine,plena
3361 1931 3442 1976 est
3463 1931 3623 1976 terra:

2076 2016 2500 2087 iustiﬁcationes
2533 2026 2656 2070 tuas
2684 2017 2816 2069 doce
2855 2031 2962 2071 me.

2164 2108 2316 2163 Tetti.
2339 2107 2646 2163 Bonitatem
2676 2110 2695 2140 °
2723 2108 2895 2163 fecisti
2928 2124 3049 2163 cum
3076 2121 3236 2162 servo
3269 2116 3379 2172 tuo,
3410 2105 3628 2169 Domine,

2081 2202 2385 2257 secundum
2422 2203 2648 2257 verbum
2684 2213 2861 2257 tuum.

2154 2292 2302 2349 Teth.
2330 2293 2640 2349 Bonitatem
2666 2304 2723 2349 et
2746 2295 3121 2363 disciplinam,
3137 2306 3194 2352 et
3216 2296 3494 2352 scientiam
3516 2295 3631 2349 doce

2085 2400 2173 2440 me
2202 2397 2217 2439 :
2251 2385 2381 2454 quia
2413 2387 2467 2440 in
2500 2386 2770 2441 mandatis
2793 2387 2901 2441 tuis
2930 2389 3168 2443 credidi.
3604 2392 3607 2395 λ

2162 2475 2314 2531 Teth.
2374 2477 2705 2547 Priusquam
2759 2480 3102 2547 humiliarer,
3132 2497 3236 2552 ego
3266 2481 3635 2552 deliqui:pro-

2086 2582 2273 2639 pterea
2303 2571 2589 2640 eloquium
2621 2578 2775 2625 tuum
2811 2587 2913 2643 ego
2941 2574 3217 2629 custodivi
3251 2576 3294 2630 ⁷.

2157 2661 2302 2717 Teth.
2340 2661 2523 2716 Bonus
2547 2676 2607 2717 es
2647 2671 2731 2727 tu,
2783 2662 3029 2730 Domine,
3061 2674 3119 2719 et
3178 2664 3235 2718 in
3280 2665 3516 2721 bonitate
3554 2672 3633 2718 tua

2088 2755 2225 2810 doce
2256 2769 2343 2811 me
2372 2754 2797 2826 iustiﬁcationes
2833 2767 2976 2811 tuas.

2160 2844 2307 2899 Teth.
2341 2843 2702 2914 Multiplicata
2732 2857 2822 2901 est
2848 2860 3016 2916 super
3060 2862 3150 2903 me
3183 2849 3447 2918 iniquitas
3468 2858 3642 2917 supcr-

2089 2937 2288 2992 borum
2324 2951 2338 2987 :
2368 2950 2472 3005 ego
2509 2947 2693 2992 autem
2726 2937 2780 2992 in
2822 2946 2935 2993 toto
2970 2941 3140 2996 corde
3183 2956 3307 2995 meo
3332 2938 3354 2970 ⁸
3387 2939 3645 2994 scrutabor

2089 3028 2343 3084 mandata
2375 3038 2485 3084 tua.

2165 3118 2316 3173 Teth.
2355 3120 2721 3191 Coagulatum
2748 3133 2835 3177 est
2865 3123 3009 3178 sicut
3048 3123 3140 3178 lac
3173 3137 3273 3177 cor
3299 3138 3486 3179 eorum
3520 3136 3647 3190 :ego

2014 3204 2058 3262 ο
2098 3228 2228 3268 vero
2258 3213 2432 3283 legem
2459 3225 2606 3268 tuam
2634 3214 2932 3269 meditatus
2962 3231 3111 3270 sum.

2164 3306 2313 3361 Teth.
2345 3306 2558 3360 Bonum
2586 3305 2722 3360 mihi
2767 3307 2914 3376 quod
2941 3306 3258 3362 humiliasti
3296 3321 3382 3362 me
3410 3323 3425 3359 :
3458 3315 3512 3361 ut
3556 3304 3655 3360 disc

2092 3413 2275 3455 cerem
2310 3397 2737 3467 iustiﬁcationes
2779 3411 2929 3453 tuas.

2164 3491 2316 3547 Teth.
2356 3491 2568 3546 Bonum
2593 3492 2725 3547 mihi
2755 3492 2843 3547 lex
2872 3494 2985 3549 oris
3004 3493 3106 3556 tui.
3138 3510 3315 3565 super
3349 3495 3517 3549 millia
3540 3493 3643 3546 auri

2092 3596 2151 3641 et
2179 3585 2416 3656 argenti.

2171 3676 2287 3733 lod.
2329 3677 2521 3734 Manus
2550 3678 2807 3737 fecerunt
2850 3696 2938 3735 me
2974 3690 3030 3736 et
3056 3682 3518 3751 plasmaverunt'
3543 3693 3654 3733 me:

2094 3771 2160 3825 da
2197 3772 2330 3825 mihi
2366 3771 2729 3836 intellectum,
2767 3780 2825 3827 ut
2875 3770 3002 3843 [ms.
3048 3771 3130 3843 et]
3168 3774 3381 3828 discam
3423 3772 3653 3827 mandata

2096 3874 2184 3917 tua
2221 3877 2240 3915 τ

2094 3986 2192 4031 tem
2226 3989 2275 4051 et
2306 3978 2649 4051 eruditionem
2675 3988 2757 4051 et”
2780 3982 3058 4035 scientiam
3099 3983 3234 4036 doce
3292 3998 3393 4048 me,
3431 3981 3657 4051 quoniam

2096 4050 2358 4102 mandatis
2416 4050 2518 4101 tuis
2562 4050 2779 4102 credidi.
2815 4052 2873 4103 In
2923 4062 3086 4119 quem
3143 4054 3333 4107 locum
3394 4050 3659 4106 recolenda

2096 4128 2225 4171 sunt
2261 4120 2377 4171 haec
2412 4120 2608 4172 iterum
2642 4135 2707 4173 ex
2741 4121 3047 4189 Augustino
3079 4138 3099 4178 ξ
3136 4141 3155 4173 ι
3204 4123 3436 4176 Addidit
3481 4132 3662 4180 autem,

2094 4200 2139 4259 et
2168 4189 2541 4259 eruditionem,
2569 4190 2651 4242 vel
2678 4190 2821 4243 sicut
2853 4192 3038 4259 plures
3071 4194 3309 4248 codices
3336 4190 3667 4255 habent,dis-

2094 4258 2381 4331 ciplinam;
2433 4257 2545 4331 sed
2567 4257 2905 4331 disciplinam
2957 4276 3129 4330 quam
3164 4265 3348 4318 (irasci
3411 4262 3666 4331 appellant

2099 4328 2374 4388 παιδείαν,
2410 4329 2481 4380 ibi
2514 4328 2810 4395 Scripturan
2842 4328 3042 4397 ponere
3098 4328 3550 4395 consueverunt,
3586 4329 3664 4379 ubi

2098 4398 2449 4467 intelligenda
2476 4408 2562 4451 est
2593 4413 2692 4464 per
2725 4401 3003 4453 molcStias
3038 4403 3300 4457 eruditio
3333 4419 3347 4455 :
3384 4402 3667 4457 secundum

2099 4467 2271 4542 illud;
2303 4467 2468 4533 Quem
2508 4469 2646 4521 enim
2680 4469 2849 4539 diligit
2886 4470 3174 4537 Dominus,
3210 4475 3435 4542 corripit
3461 4488 3477 4525 .'
3505 4470 3669 4542 ﬂagel-

2027 4546 2069 4599 ι)
2099 4538 2177 4593 lat
2214 4548 2413 4603 autem,
2442 4549 2552 4592 etc.

2172 4610 2275 4682 Tln
2288 4608 2479 4663 eodem
2514 4622 2640 4682 ms.,
2669 4606 2955 4682 Propterea
2980 4612 3203 4666 verbum
3227 4622 3382 4666 tuum
3405 4629 3495 4682 ego
3513 4616 3668 4682 custo-

2097 4680 2225 4745 divi,
2250 4679 2305 4731 in
2344 4692 2505 4746 quem
2529 4679 2709 4732 locum
2730 4681 2913 4733 denuo
2930 4683 3311 4748 Augustinus,
3337 4704 3355 4735 ι
3374 4679 3669 4749 \’el,iuquit,

2099 4752 2241 4804 sicut
2263 4750 2354 4802 alii
2381 4750 2698 4821 expressius
2717 4749 2941 4821 habent,
2962 4754 3245 4821 eloquium
3268 4763 3438 4807 tuum.
3456 4771 3473 4803 ι
3499 4755 3673 4818 “tequi-

2101 4829 2189 4873 tur
2215 4821 2271 4873 in
2307 4833 2433 4880 ms.,
2455 4816 2649 4872 Suavis
2669 4834 2743 4881 es,
2768 4819 3017 4883 Domine,
3046 4816 3099 4874 et
3127 4825 3411 4878 suavitate
3447 4824 3567 4875 doce
3586 4816 3672 4872 ine.

2098 4890 2422 4957 Augustin.,
2447 4889 2593 4952 «γει,
2621 4889 2818 4956 inquit,
2845 4892 2989 4943 sicut
3022 4893 3222 4958 plures
3254 4893 3482 4952 habent,
3504 4890 3673 4945 Suavis

2099 4976 2152 5012 es
2186 4969 2263 5023 tu,
2294 4958 2410 5030 vel,
2436 4960 2603 5030 bonus
2654 4968 2837 5030 esrtu.
2879 4978 2897 5011 ι
2942 4962 3127 5029 Atque
3191 4978 3309 5016 uno
3372 4961 3677 5030 interpositu

2099 5044 2261 5101 versu
2290 5029 2404 5097 (ubi
2437 5029 2602 5101 quod
2633 5029 2835 5101 dicitur
2865 5032 3023 5082 corde
3054 5048 3201 5096 meo,
3252 5029 3560 5101 pronai-ten
3601 5045 3679 5082 suo

2138 5098 2312 5153 eriluo
2346 5098 2617 5163 additum,
2644 5100 2798 5152 docet
2830 5101 2880 5152 in
2920 5103 3147 5167 epistol.
3207 5098 3278 5155 ad
3319 5102 3581 5156 Sui-niam
3632 5109 3680 5148 ct

2138 5114 2312 5153 eruuo
2346 5114 2617 5163 auditum,
2644 5114 2798 5152 uocet
2830 5115 2880 5152 III
2920 5114 3147 5167 epistol.
3207 5114 3278 5155 ad
3319 5114 3581 5156 buumam
3632 5114 3679 5148 ct

2099 5114 2370 5224 Bretelam
2406 5168 2812 5239 Hieronymus),
2838 5180 3030 5223 caetera
3058 5172 3147 5224 sic
3177 5174 3394 5227 habent
3428 5189 3481 5225 in
3504 5171 3679 5225 eodem

2099 5255 2203 5310 ius.
2231 5255 2245 5295 z
2280 5237 2758 5307 Coagulatunt'est,
2782 5248 2835 5290 ut
2860 5242 2961 5299 lac,
2995 5257 3086 5292 cor
3120 5258 3304 5295 meum
3330 5258 3348 5294 :
3398 5258 3490 5310 ego
3524 5252 3680 5291 autem

2102 5309 2262 5378 legem
2287 5319 2431 5361 tuam
2461 5310 2753 5381 meditabor
2793 5316 2913 5377 (pro
2947 5313 3305 5381 meditabar).
3336 5309 3541 5367 Bonum
3572 5316 3681 5362 nutu

2099 5382 2348 5447 quoniam
2388 5378 2683 5433 ltumiliasti
2732 5395 2811 5431 me
2837 5418 2851 5443 ,
2912 5389 2967 5431 ut
3023 5382 3235 5434 discam
3264 5378 3684 5452 'jnstiﬁcationcs

2100 5459 2238 5512 tuas,
2262 5461 2372 5504 etc.

2172 5541 2336 5615 °_|loc
2370 5542 2619 5615 modoin
2642 5541 2848 5615 Graecis
2870 5542 3165 5615 codicibus
3196 5545 3465 5615 legebant
3496 5540 3685 5599 Sunuia

2099 5621 2155 5682 et
2192 5609 2427 5677 Fretela,
2462 5614 2556 5667 sed
2588 5628 2699 5666 meo
2734 5612 2823 5667 hic
2853 5613 3209 5682 superﬂuum
3243 5609 3374 5670 csse
3398 5617 3581 5670 docuit
3602 5624 3687 5663 eos

2103 5680 2486 5752 Hieronymus.
2516 5684 2689 5737 Mam.

2173 5752 2193 5782 ⁹
2223 5751 2551 5807 Veronensis
2582 5770 2706 5817 ltts.,
2740 5753 3030 5821 finxerunt,
3059 5751 3136 5807 de
3163 5770 3284 5823 quo
3313 5758 3487 5812 verbo
3518 5756 3645 5821 Αιιε·
3676 5767 3686 5800 ε

2107 5840 2125 5873 ι
2170 5822 2442 5889 Quidam,
2502 5828 2699 5894 inquit,
2754 5826 3086 5895 interpretes
3144 5822 3461 5883 uulnerum
3516 5825 3684 5881 dicere
