3840 6176
376 344 473 408 3ῗ⁹1

1291 342 1347 402 S.
1385 338 1827 403 HIERONYMI
1870 339 2135 401 DlVlNA
2179 341 2711 405 BIBLIOTIIECA.
3502 338 3588 399 37?.

442 464 667 519 Lamed.
712 465 849 520 Tuus
880 482 989 517 sum
1024 480 1135 535 ego,
1176 461 1381 515 salvum
1414 479 1493 515 me
1547 462 1672 531 fac:
1704 460 1953 530 quoniam
1981 464 2028 523 Α
2138 459 2357 515 Lamed.
2402 462 2552 515 Tuus
2598 475 2719 515 sum
2768 472 2892 527 ego,
2941 456 3151 509 salvum
3204 465 3291 506 me
3329 448 3407 504 fac
3434 467 3447 503 :
3479 457 3591 521 quia

357 556 762 623 justiﬁeationes
791 567 908 611 tuas
939 557 1197 627 exquisivi
1226 558 1265 612 ¹.

440 648 661 704 Lamed.
702 649 784 703 Me
808 660 1236 718 exspectaverunt
1278 658 1577 719 peccatores
1603 688 1618 713 ,
1660 655 1715 700 ut
1758 645 1947 714 perde-

370 750 481 793 rent
511 757 591 793 me
612 759 629 793 .·
661 743 957 797 testimonia
985 751 1077 796 tua
1107 742 1368 796 intellexi.

438 830 866 888 Lamod.‘0mnis
894 835 1365 890 consummationis
1388 834 1492 890 vidi
1519 833 1676 900 finem
1702 846 1720 885 :
1776 831 1946 883 latum

366 927 677 980 mandarunt
710 935 855 980 tuum
892 929 1067 983 nimis.

437 1016 597 1073 Mem.
625 1018 892 1083 Quomodo
941 1022 1103 1077 dilexi
1161 1022 1323 1094 legem
1362 1030 1531 1088 luant,
1571 1034 1631 1076 -ι-
1665 1018 1885 1095 Domine
1919 1018 1941 1087 ζ

370 1115 477 1161 tota
508 1110 592 1163 die
624 1112 892 1166 meditatio
933 1131 1045 1167 mea
1076 1128 1134 1170 σι»
1171 1127 1245 1170 est
1278 1116 1300 1183 ζ

439 1198 596 1255 Mem.
640 1200 810 1274 Super
837 1205 1074 1259 inimicos
1108 1223 1244 1261 meos
1281 1206 1598 1277 prudentem
1652 1219 1731 1256 me
1777 1202 1946 1272 fecisti

367 1295 621 1348 mandato
653 1307 740 1350 tuo
761 1312 780 1351 :
808 1300 931 1368 quia
957 1301 1011 1353 in
1046 1308 1300 1353 a'ternum
1330 1298 1457 1351 mihi
1491 1306 1589 1349 est.

439 1385 577 1444 Mem
627 1386 796 1456 Super
825 1407 1000 1443 ontnes
1030 1392 1271 1445 docentes
1302 1407 1383 1443 me
1406 1388 1639 1443 intellexi
1668 1404 1685 1442 :
1714 1388 1837 1457 quia
1862 1399 1945 1443 te-

364 1479 615 1546 stimonia
648 1490 737 1533 tua
774 1484 1043 1537 meditatio
1075 1500 1187 1536 mea
1225 1496 1285 1537 -ι-
1318 1492 1390 1537 est
1424 1481 1446 1549 ζ

438 1569 600 1624 Mem.
651 1570 819 1641 Super
861 1589 1007 1628 senes
1058 1574 1341 1629 intellexi:
1370 1576 1498 1645 quia
1556 1573 1809 1645 mandata
1852 1581 1945 1627 tua

369 1664 606 1731 quatsivt'.

439 1753 600 1809 Mein.
630 1757 707 1809 Ab
734 1758 878 1810 omni
904 1756 987 1811 via
1021 1756 1161 1810 mala
1197 1757 1438 1826 prohibui
1468 1759 1620 1827 pedes
1660 1774 1799 1814 meos
1838 1773 1857 1810 :
1889 1766 1944 1811 ut

370 1849 659 1907 custodiam
699 1850 851 1907 verba
896 1859 1007 1907 tua.

441 1937 604 1992 Mem.
628 1941 671 1992 Α
693 1941 918 2009 judiciis
950 1942 1053 1995 tuis
1087 1959 1192 1996 non
1214 1942 1515 1998 declinavi:
1544 1943 1670 2014 quia
1702 1952 1759 1997 tu
1782 1943 1949 2015 legens

368 2032 591 2105 posuisti
621 2034 770 2086 milli.

439 2123 600 2177 Mem.
635 2122 810 2187 Quam
837 2123 1012 2178 dulcia
1044 2124 1281 2191 faucibus
1314 2126 1439 2195 meis
1466 2125 1675 2196 eloquia
1697 2135 1789 2179 tua
1811 2125 1831 2178 .¹
1852 2140 1945 2177 su-

367 2230 463 2289 per
479 2214 578 2267 mel
608 2217 687 2269 ori
720 2232 850 2275 meo.

440 2308 601 2364 Mem.
632 2309 673 2358 Α
709 2310 979 2364 mundatis
1019 2311 1121 2365 tuis
1159 2308 1439 2377 intellexi:
1473 2323 1752 2383 propterea
1808 2312 1947 2369 odivi

365 2416 573 2461 omnem
594 2402 731 2457 riam
757 2404 1068 2473 iniquitatis.

436 2580 578 2647 Non.
615 2579 854 2672 [κτίσει-τιτι
879 2583 1094 2652 pedibus
1124 2584 1249 2640 meis
1286 2585 1497 2653 uerbum
1524 2554 1723 2651 tuum;
1751 2594 1801 2639 et
1852 2585 1942 2641 lu-

368 2687 484 2723 men
514 2673 714 2726 semitis
740 2674 889 2728 meis.

437 2764 582 2821 Non.
636 2764 831 2825 Iurasti
882 2775 929 2821 et
968 2770 1138 2823 statui
1186 2768 1451 2823 custodire
1471 2770 1683 2837 judicia
1708 2770 1941 2839 justitite

362 2865 486 2911 tuae.

434 2968 581 3024 Non.
619 2968 952 3025 Humiliatus
975 2987 1089 3024 sum
1130 2986 1532 3042 usquequaque,
1559 2972 1783 3029 Domine
1808 2989 1829 3027 :
1862 2977 1939 3031 vi-

362 3060 515 3129 viﬁca
548 3078 629 3121 me
660 3062 945 3123 secundum
974 3062 1185 3117 verbum
1210 3072 1380 3117 tuum.

2053 552 2176 624 [ms.
2205 552 2495 622 quoniam]
2526 551 2953 623 iustiﬁcationes
2989 556 3113 599 tuas
3148 542 3437 612 exquisivi.

2128 646 2348 700 Lamed.
2396 645 2479 700 Me
2512 648 2975 713 exspectaverunt
3024 644 3359 707 peccatores,
3396 642 3449 687 ut
3485 650 3591 701 per-

2051 734 2249 791 derent
2282 753 2372 791 me
2409 754 2422 790 :
2453 734 2771 791 testimonia
2804 743 2895 786 tua
2928 726 3195 783 intellexi.

2123 829 2342 883 Lamed.
2376 828 2534 884 Omni
2567 822 3030 883 consummationi
3056 817 3169 873 vidi
3211 817 3411 871 linem:
3440 815 3591 871 latum

2053 922 2375 978 mandatum
2410 930 2566 975 tuum
2599 920 2787 973 nimis.

2122 1013 2559 1080 MemQuomodo
2599 1013 2762 1068 dilexi
2784 1012 2975 1083 _legem
3007 1022 3176 1079 tuam,
3201 1015 3423 1071 Domine
3455 1028 3468 1068 :
3499 1021 3595 1066 tota

2048 1104 2137 1160 die
2168 1104 2453 1159 meditatio
2482 1119 2599 1158 mea
2633 1114 2737 1158 est.

2120 1197 2274 1251 Mem.
2301 1196 2479 1265 Super
2507 1197 2762 1252 inimicos
2790 1213 2943 1252 meos
2974 1194 3301 1265 prudentem
3327 1207 3412 1249 me
3442 1189 3600 1245 iecisti

2052 1289 2314 1345 mandato
2345 1298 2437 1341 tuo
2476 1304 2489 1343 :
2521 1289 2648 1358 quia
2684 1289 2738 1342 in
2762 1299 3029 1342 aeternum
3056 1286 3190 1347 mihi
3234 1295 3339 1340 est.

2118 1381 2280 1436 Mem.
2314 1379 2495 1449 Super
2522 1395 2717 1435 omnes
2751 1380 3016 1434 docentes
3043 1394 3130 1433 me
3169 1373 3413 1431 inlellexi
3444 1390 3456 1425 :
3489 1373 3603 1442 quia

2052 1472 2172 1545 [ms.
2210 1470 2499 1544 quoniam]
2533 1472 2845 1528 testimonia
2892 1481 2984 1526 tua
3021 1468 3308 1529 meditatio
3353 1482 3469 1525 mea
3513 1474 3608 1520 cst.

2117 1564 2278 1617 Mem.
2321 1564 2503 1634 Super
2547 1563 2799 1619 seniores
2841 1561 3083 1618 intellexi
3125 1560 3298 1630 :quia
3330 1556 3451 1632 [ms.
3488 1572 3611 1628 quo-

2051 1654 2225 1727 niam]
2261 1654 2515 1709 mandata
2546 1666 2635 1710 tua
2667 1652 2963 1724 exquisivi.
3107 1648 3111 1651 ⁷

2125 1744 2289 1802 Hem.
2318 1746 2402 1802 Ab
2429 1749 2578 1801 omni
2609 1747 2694 1801 via
2737 1745 2878 1806 mala
2912 1744 3169 1815 prohibui
3208 1742 3376 1814 pedes
3421 1756 3566 1796 meos
3598 1751 3613 1797 :

2054 1846 2112 1889 ut
2140 1837 2446 1894 custodiam
2482 1838 2709 1893 verbum
2741 1846 2918 1891 tuum.

2129 1930 2291 1985 Mem.
2333 1935 2372 1985 Α
2410 1930 2632 2001 iudiciis
2677 1931 2786 1985 tuis
2826 1945 2934 1983 non
2982 1927 3255 1983 declinavi
3293 1926 3465 1996 :quia
3503 1922 3618 1996 [ms.

2053 2021 2341 2095 quoniam]
2368 2033 2423 2077 tu
2458 2023 2633 2093 legem
2667 2020 2896 2091 posuisti
2927 2020 3087 2074 mihi.

2127 2114 2289 2169 Mem.
2317 2115 2491 2182 Quam
2536 2114 2718 2170 dulcia
2761 2113 3014 2171 lancibus
3062 2110 3199 2169 meis
3232 2108 3457 2179 eloquia
3501 2104 3617 2162 tua!

2049 2223 2217 2277 super
2247 2209 2355 2263 mel
2382 2217 2436 2263 et
2469 2206 2652 2262 favum
2687 2206 2767 2259 ori
2794 2222 2938 2262 meo.

2120 2298 2283 2354 Mem.
2317 2299 2361 2363 Α
2387 2299 2661 2354 mandatis
2698 2299 2809 2353 tuis
2840 2295 3081 2351 intellexi
3124 2311 3137 2349 :
3172 2303 3473 2362 propterea
3498 2287 3620 2360 [ms.

2046 2402 2273 2463 propter
2299 2388 2427 2463 hoc]
2456 2389 2584 2444 odio
2621 2388 2784 2444 habui
2822 2403 3041 2441 onmem
3086 2385 3229 2447 viam
3273 2378 3610 2452 iniquitatis,

2047 2482 2305 2552 quoniam
2342 2489 2398 2535 tu
2429 2481 2603 2551 legem
2633 2478 2867 2550 posuisti
2907 2477 3063 2532 mibi.

2125 2573 2276 2629 Non.
2311 2573 2565 2630 Lucerna
2594 2573 2831 2644 pedibus
2858 2572 2995 2627 meis
3031 2568 3261 2623 verbum
3298 2574 3485 2630 tuum,
3528 2562 3628 2617 Βο-

2047 2668 2193 2723 mine
2230 2687 2243 2723 :
2282 2677 2337 2722 et
2362 2669 2549 2723 lumen
2582 2666 2794 2721 semitis
2824 2664 2963 2719 meis
2989 2662 3114 2736 [ms.
3148 2659 3300 2732 mei].

2118 2761 2267 2817 Non.
2303 2759 2497 2815 Juravi
2526 2770 2583 2814 et
2616 2759 2807 2823 statui,
2843 2754 3128 2819 custodire
3159 2752 3377 2827 judicia
3401 2745 3631 2823 iustitiae

2045 2862 2173 2909 tuae.

2116 2964 2267 3021 Nun.
2322 2963 2653 3027 Humiliatns
2698 2979 2825 3019 sum
2852 2975 3291 3033 usquequaque,
3338 2957 3623 3021 Domine:

2044 3056 2259 3112 viviﬁca
2290 3072 2376 3111 me
2410 3055 2715 3111 secundum
2751 3054 2976 3117 verbum
3015 3064 3193 3113 tuum.

434 3152 578 3207 Non.
646 3152 958 3206 Voluntaria
979 3156 1084 3206 oris
1116 3156 1218 3208 mei
1248 3155 1576 3229 beneplucita
1608 3159 1717 3228 fac,
1752 3158 1936 3214 Domi-
1964 3160 2011 3219 ο
2116 3150 2261 3206 Ντιη.
2302 3150 2621 3205 Voluntaria
2648 3148 2764 3203 oris
2789 3149 2895 3201 mei
2930 3147 3277 3216 beneplacita.
3301 3144 3418 3208 fac,
3450 3141 3611 3197 Domi

366 3260 429 3307 ne
456 3258 476 3298 :
507 3254 555 3297 et
577 3245 789 3313 judicia
822 3256 912 3299 tua
946 3248 1073 3299 doce
1100 3262 1200 3301 me.

438 3337 581 3391 Non.
616 3338 805 3391 Anima
838 3353 951 3391 mea
995 3353 1049 3395 sn
1096 3340 1338 3394 manibus
1388 3340 1567 3395 meis?
1613 3358 1855 3412 semper:
1887 3352 1965 3400 et.

364 3434 531 3503 legem
561 3440 704 3495 tuam
737 3445 839 3489 non
862 3430 1220 3500 sumloblitus.

432 3521 575 3574 Nnn.
620 3520 913 3574 Posuerunt
947 3531 1252 3589 peccatores
1283 3524 1553 3593 laqueum.
1593 3528 1767 3585 mihi:
1793 3540 1842 3582 et
1876 3530 1967 3591 de,

368 3612 636 3668 mandatis
687 3616 791 3671 tuis
823 3632 925 3668 non
956 3618 1153 3670 errati.

434 3709 578 3765 Non.
614 3708 931 3764 llwreditate
953 3711 1203 3779 acquisiui
1241 3704 1544 3775 testimonia
1582 3717 1760 3770 main
1779 3730 1939 3771 atter-

369 3821 490 3875 num
517 3821 537 3859 :
567 3805 695 3879 quia
727 3804 1012 3863 exsultatio
1042 3804 1215 3863 cordis
1245 3806 1343 3863 mei
1367 3818 1507 3860 sunt.

364 4098 543 4153 Omnis
584 4098 1050 4152 consummationis
1075 4097 1181 4150 vidi
1209 4098 1388 4165 finem.
1420 4099 1587 4153 latum
1624 4102 1937 4159 mandatum

364 4179 514 4243 tuum
543 4169 698 4222 valde
721 4183 741 4222 :
776 4168 1017 4237 itemque
1045 4169 1151 4227 alio
1188 4169 1478 4243 interiecto
1531 4185 1692 4243 versu
1718 4210 1735 4237 ,
1767 4173 1940 4243 Suer

364 4240 605 4292 inimicos
652 4254 789 4292 meos
838 4254 1024 4306 sapere
1058 4254 1137 4290 me
1184 4238 1352 4307 fecisti
1404 4242 1714 4295 mandatum
1770 4238 1938 4309 tuum,

364 4311 615 4377 quoniam
646 4310 699 4367 in
731 4310 981 4365 steculum
1016 4309 1141 4361 mihi
1174 4317 1270 4361 est.
1305 4308 1384 4362 lbi
1409 4312 1796 4378 Augustinus.t
1826 4308 1938 4367 Me?

366 4382 491 4443 bus,
526 4380 725 4447 inquit.
763 4379 1157 4432 intellexerunt
1195 4379 1289 4449 qui
1331 4379 1677 4449 interpretati
1721 4394 1851 4438 sunt
1882 4387 1935 4438 in

364 4460 641 4511 nitentum,
670 4464 832 4516 quam
865 4450 956 4515 qui
1015 4450 1068 4503 in
1098 4448 1372 4502 steculum.
1410 4468 1429 4501 τ
1484 4448 1554 4503 Et
1615 4463 1740 4520 post
1798 4454 1936 4507 duos

2044 3259 2111 3305 ne
2142 3258 2157 3300 :
2185 3254 2234 3297 et
2260 3242 2470 3313 judicia
2505 3251 2595 3299 tua
2645 3240 2783 3295 doce
2816 3255 2923 3295 Ille.

2117 3334 2265 3391 Nun.
2314 3334 2511 3395 Anima
2560 3348 2680 3387 mea
2737 3334 2793 3387 in
2834 3330 3292 3391 manibustuis,’
3340 3343 3572 3397 semper
3624 3340 3640 3385 ξ

2040 3437 2097 3485 et
2128 3430 2301 3501 legem
2337 3439 2485 3485 tuam
2521 3443 2631 3487 non
2666 3441 2788 3483 sum
2814 3424 3041 3487 oblitus.

2118 3522 2269 3579 Nun.
2303 3523 2614 3576 Posuerunt
2664 3532 2985 3589 peccatores
3017 3520 3246 3586 laqueos
3288 3517 3442 3572 mibi
3468 3531 3487 3570 :
3528 3522 3585 3569 et
3614 3529 3642 3565 a

2045 3613 2454 3677 ntatidatistuis
2484 3628 2588 3668 noo
2622 3611 2823 3670 erravi.

2116 3704 2266 3761 Nun.
2311 3706 2695 3765 ﬂareditatem
2744 3701 3011 3773 acquisivi
3062 3701 3395 3761 testimonia
3448 3709 3543 3753 tua
3590 3700 3644 3751 in

2040 3810 2347 3865 aeternum;
2386 3798 2512 3869 quia
2561 3796 2687 3861 [ms.
2745 3794 3037 3869 quoniam]
3087 3794 3412 3851 exsultatio
3455 3792 3651 3850 cordis

2041 3894 2147 3955 mei
2175 3904 2323 3951 sunt.

2042 4114 2251 4158 storum
2280 4101 2429 4155 enim
2460 4099 2656 4155 animae
2693 4099 2746 4153 in
2784 4112 2949 4153 manu
2982 4096 3076 4153 Dei
3114 4106 3265 4169 sunt.
3317 4115 3337 4151 s
3368 4098 3650 4169 Sequitur

2042 4176 2096 4229 in
2130 4175 2320 4227 eodem
2364 4186 2492 4235 τηε..
2527 4172 2591 4224 Et
2618 4172 2743 4239 legis
2764 4180 2871 4223 tute
2895 4185 3000 4223 non
3029 4186 3145 4223 sum
3170 4168 3407 4224 oblitus.
3447 4168 3647 4223 Posue-

2043 4254 2166 4297 runt
2212 4253 2507 4305 peccatores
2567 4239 2913 4305 muscipulam
2956 4240 3105 4300 mihi,
3155 4248 3204 4292 et
3251 4258 3321 4292 ar
3366 4245 3652 4293 mamtatis

2042 4316 2167 4378 tuis,
2201 4309 2447 4373 Domine.
2481 4327 2583 4364 non
2610 4310 2802 4363 erravi.
2835 4309 3163 4364 [hereditate
3179 4310 3409 4375 possedi
3442 4322 3649 4363 terram

2041 4396 2207 4445 tuam.
2239 4386 2383 4451 quod
2406 4382 2769 4451 manifestum
2806 4379 3013 4433 librarii
3051 4380 3331 4451 mendum
3392 4392 3487 4433 est
3555 4397 3653 4448 pro

2044 4453 2345 4508 testimonia
2365 4461 2478 4503 tua.
2498 4450 2768 4519 Caeterum
2791 4458 2847 4502 et
2870 4451 3175 4519 Augustino
3204 4450 3505 4519 probatur
3531 4467 3651 4502 Illa-

366 4520 524 4593 :nlios.
562 4519 639 4573 Ab
680 4520 824 4570 omni
854 4520 935 4571 via
967 4520 1187 4593 maligni
1225 4523 1348 4593 (pro
1399 4517 1656 4589 maligna)
1692 4524 1933 4592 prohibui
1969 4529 2010 4583 I)
2039 4526 2145 4593 gis,
2186 4534 2243 4578 ut
2275 4521 2503 4593 dicatur,
2534 4518 2839 4593 Hereditate
2870 4517 3106 4593 possedi,
3137 4517 3270 4593 sive'
3297 4519 3656 4593 ηωέ-εαὶτηιε

362 4591 516 4653 pedes
548 4605 707 4651 meos,
763 4597 820 4639 ut
880 4590 1171 4641 custodiam
1223 4589 1379 4645 verba
1414 4598 1504 4641 tua
1548 4606 1566 4642 :
1591 4607 1654 4644 ac
1693 4589 1931 4647 'demum

368 4659 555 4710 Dulcia
590 4658 829 4724 faucibus
859 4660 980 4710 meis
1019 4660 1174 4710 verba
1222 4667 1335 4720 tua,
1382 4674 1479 4726 pro
1532 4662 1763 4727 eloquia,
1798 4674 1904 4722 etc.

363 4729 508 4795 quod
541 4708 601 4780 δέ
628 4728 964 4799 Augustinus
990 4728 1135 4799 uicit
1163 4732 1226 4799 de
1257 4708 1443 4783 ϐέωὲο
1480 4708 1930 4799 εωρνὲεδίαξῘηη

441 4799 455 4826 ι
488 4798 806 4861 Ρτωῃοεὶιὶο
851 4798 999 4851 verbi
1054 4798 1311 4868 exquisivi
1374 4799 1427 4852 in
1484 4798 1677 4855 eOdeIn
1731 4820 1832 4857 ms.
1867 4806 1935 4859 tle

365 4884 517 4921 inore
541 4868 702 4920 obolo
738 4878 1094 4935 praenotatur.
1120 4872 1310 4922 Altero
1336 4869 1403 4923 ab
1433 4868 1535 4923 hoc
1561 4886 1743 4938 versu,
1777 4874 1935 4929 Omni

363 4938 806 5013 consummationi
835 4938 1037 5013 legitur
1058 4955 1114 4992 tn
1145 4938 1308 4993 dandi
1336 4954 1489 5013 casu,
1532 4951 1585 4995 et
1625 4942 1932 5013 insequenti

363 5010 470 5062 alio
502 5009 695 5079 obelus
725 5009 1035 5079 negligitur;
1063 5018 1189 5063 ante
1223 5026 1418 5064 nomen
1454 5011 1694 5066 Domine.
1761 5009 1777 5013 ”
1824 5070 1827 5073 _

436 5078 677 5139 “Veron,
714 5094 843 5142 Ins.,
887 5078 1057 5146 Usque
1092 5081 1262 5134 valde.
1290 5080 1451 5145 Tum,
1488 5081 1799 5137 Voluntaria
1828 5088 1933 5139 oris

362 5151 464 5203 mei
490 5148 727 5222 adprobo
752 5165 833 5212 me
864 5154 986 5219 (pro
1022 5152 1335 5222 adprobato.
1366 5153 1449 5205 vel
1462 5155 1706 5222 Aadproba
1733 5172 1931 5222 quaso,

362 5232 456 5274 aut
491 5220 638 5285 bene,
667 5230 761 5281 aut
793 5228 977 5289 nunc),
1016 5220 1274 5288 Domine,
1312 5231 1414 5275 etc.
1459 5220 1559 5275 Ubi
1588 5220 1786 5277 dicitur
1850 5228 1932 5279 in-

360 5291 611 5365 sequenti
644 5306 827 5355 versu,
869 5291 1115 5365 munibus
1156 5294 1276 5356 tuis,
1329 5307 1435 5365 pro
1486 5295 1634 5365 meis,
1694 5294 1749 5347 S.
1814 5296 1931 5365 ipse

360 5359 523 5416 Pater
558 5362 613 5414 in
647 5365 810 5429 epist.
845 5366 915 5412 ad
944 5359 1206 5423 Sunniam
1232 5371 1278 5413 et
1318 5362 1587 5418 l"retelam
1618 5363 1691 5416 ita
1722 5359 1933 5419 edisse-

362 5442 430 5483 t'll.
461 5448 477 5484 :
521 5450 539 5482 ε
577 5431 874 5495 Sciendum
903 5441 985 5511 “et
1019 5433 1159 5511 apum
1188 5432 1442 5485 llebrteos
1463 5440 1680 5511 etapud
1705 5432 1931 5511 Septua-

360 5512 534 5567 ginta.
568 5513 619 5554 et
646 5517 842 5557 onmes
866 5502 1003 5556 alios
1034 5506 1360 5569 interpretes
1390 5502 1656 5568 scriptum
1690 5502 1830 5570 esse,
1875 5508 1930 5559 in

361 5573 601 5630 manibus
630 5575 778 5633 meis,
811 5581 869 5624 et
904 5586 1010 5625 non
1064 5572 1119 5622 in
1174 5571 1411 5629 manibus
1467 5574 1572 5625 tuis
1600 5614 1614 5635 ,
1642 5573 1788 5638 quod
1822 5575 1930 5634 lle-

363 5643 544 5711 braicc
565 5642 768 5694 dicitur
807 5641 1119 5711 bekuphplti.
1144 5660 1161 5691 ι
1204 5642 1528 5699 Ecoutrario
1570 5642 1926 5710 Augustinus:

368 5730 385 5759 s
423 5710 701 5771 Nonnulli,
728 5715 822 5773 ait,
868 5710 1085 5766 codices
1118 5713 1337 5774 habent,
1368 5715 1419 5764 in
1487 5714 1728 5771 manibus
1779 5720 1925 5781 meis,

362 5783 455 5830 sed
494 5785 680 5845 plures
710 5782 761 5833 in
796 5785 920 5843 tuis,
949 5794 1003 5834 et
1040 5786 1140 5837 hoc
1165 5784 1382 5851 τιττειίριτι
1416 5784 1636 5856 planum
1668 5794 1751 5839 est
1779 5801 1794 5851 ;
1827 5787 1925 5846 Ju-

2041 4590 2291 4665 acquisivi
2314 4608 2331 4655 ;
2357 4606 2463 4644 non
2485 4591 2869 4665 htereditatent,
2890 4590 2981 4643 sed
3012 4590 3361 4665 litoredit‘ate.
3398 4591 3655 4644 Rursum

2041 4658 2181 4717 intra
2219 4666 2284 4717 ad
2310 4664 2538 4717 Samecb
2569 4661 2794 4714 alteram
2835 4662 3094 4721 litteram,
3138 4658 3420 4728 Defensor
3480 4677 3652 4723 meus,

2040 4745 2086 4791 et
2125 4742 2391 4801 susceptor
2413 4746 2555 4784 meus
2584 4746 2641 4801 es
2661 4738 2717 4783 tu
2741 4745 2761 4783 :
2788 4739 2835 4782 et
2868 4730 2923 4782 in
2955 4731 3166 4801 verbum
3201 4739 3374 4784 tuum
3412 4747 3655 4800 sperum.

2041 4798 2307 4857 Discedite
2340 4819 2373 4854 a
2404 4817 2505 4862 me,
2536 4799 2774 4869 maligni,
2799 4812 2931 4866 ctc.,
2959 4809 3034 4862 et,
3065 4798 3294 4868 Suxcipe
3322 4818 3418 4854 me
3444 4798 3657 4854 secun—

2037 4875 2162 4926 dum
2187 4874 2617 4952 verbumtuum;
2649 4872 2850 4952 quibus
2901 4871 3037 4923 locis
3072 4883 3359 4952 consonat
3390 4875 3653 4952 quidem

2038 4960 2179 5010 saepe
2200 4943 2506 5011 Augustino
2530 4955 2544 5004 ;
2566 4940 2741 4995 sedet
2776 4941 2845 4993 ab
2868 4954 2936 4999 eo
2964 4955 3107 5010 saepe
3149 4940 3460 4996 dissentit.

2108 5015 2129 5045 ⁸
2168 5012 2243 5073 Ita
2270 5014 2455 5082 legunt
2484 5011 2598 5064 edit
2626 5024 2691 5064 ac
2729 5024 2861 5082 mss.
2920 5010 3036 5082 libri
3082 5010 3455 5082 inﬂatuque
3502 5012 3659 5067 Psal-

2041 5084 2198 5145 terio,
2230 5078 2347 5137 nec'
2366 5097 2476 5157 non
2529 5079 2862 5150 exemplaria
2913 5079 3101 5135 Graeca
3133 5078 3283 5157 LXX
3347 5080 3657 5153 Interpre-

2038 5163 2176 5220 tum,
2232 5164 2340 5207 tam
2387 5152 2675 5220 impressa,
2735 5166 2898 5218 quam
2943 5152 3330 5217 manuscripta
3372 5158 3491 5204 :sv
3532 5152 3663 5217 sai;

2036 5227 2224 5295 χερσίν
2252 5239 2346 5274 σου
2367 5220 2752 5295 ;γδοιί›οἰιίοιιε
2772 5236 2921 5295 intus.
2949 5222 3120 5295 codex
3147 5220 3445 5295 editionis
3482 5223 3660 5287 LXX,

2036 5289 2116 5347 ἐπ’
2133 5306 2207 5347 tes
2231 5294 2436 5364 cltersin
2460 5308 2544 5345 stt.
2570 5289 2675 5344 Sed
2705 5292 3015 5364 sciendum.
3038 5290 3213 5359 inquit
3241 5289 3665 5364 Hieronymus

2035 5376 2091 5417 et
2114 5365 2259 5433 apud
2289 5362 2569 5425 Hebraeos,
2598 5369 2654 5413 et
2706 5358 3202 5433 Septuaginta,_et
3232 5376 3468 5417 omnes
3495 5358 3665 5418 'atios

2034 5429 2366 5503 interpretes
2387 5434 2655 5498 scriptum
2688 5429 2833 5503 esse,
2883 5429 2941 5483 in
2970 5429 3206 5503 manibus
3246 5433 3434 5493 meis.
3469 5446 3662 5487 etrnon

2033 5504 2088 5556 in
2114 5500 2355 5557 manibus
2419 5503 2546 5575 tuis.
2578 5501 2736 5566 Quod
2774 5500 3037 5555 llebraiee
3070 5501 3282 5557 dicitur
3332 5502 3663 5575 bekaphplti

2037 5578 2242 5645 (153:1),
2277 5584 2383 5627 etc.
2446 5574 2633 5641 Itaque
2660 5576 3515 5645 exemplariagraacaquibus
3562 5574 3673 5630 uti-

2032 5639 2273 5708 monet
2309 5658 2430 5711 qua:
2455 5639 2671 5696 essunt
2706 5643 2759 5695 in
2793 5642 3057 5699 Psalterio
3088 5639 3497 5711 triplicium.
3535 5647 3671 5701 Sur-

2035 5714 2261 5779 lionico,
2294 5709 2401 5767 non
2428 5724 2556 5768 sunt
2591 5715 2711 5785 puri
2742 5714 2960 5768 codices
3016 5710 3156 5768 LXX
3210 5709 3671 5785 lulerpmtum.

2033 5786 2204 5841 Mser.
