3840 6176
404 250 508 322 3ῗῦ

1281 259 1343 320 s.
1384 256 1824 321 HIERONYMI
1863 260 2128 325 DIVINA
2167 233 2704 327 BIBLIOTHECA:

3515 272 3606 335 316

476 363 609 419 l’lie.
649 364 930 426 Mirabilia
962 372 1263 428 testimonia
1297 382 1388 427 tua
1427 388 1445 427 :
1477 373 1592 429 ideo
1624 385 1866 431 scrutata
1904 387 1981 433 est
2010 385 2055 443 Α
2169 379 2300 437 Phe.
2344 380 2615 437 Mirabilia
2670 379 2991 438 testimonia
3022 378 3153 446 tua,
3210 377 3423 437 Domine
3448 422 3462 442 .
3510 384 3614 439 ideo

400 473 460 509 ea
487 454 669 511 anima
712 477 851 516 mea.

477 545 610 600 Plie.
642 547 953 604 Declaralio
990 568 1289 606 sermonum
1322 562 1529 606 tuorum
1564 552 1832 608 illuminat
1855 570 1874 609 :
1909 569 1973 612 σι-

402 650 450 693 et
478 656 495 694 :
521 642 843 696 intellectum
880 648 975 701 dat
1002 647 1262 713 parvulis.

461 732 600 791 Pbe.
637 732 709 787 Os
738 750 906 807 meum
934 736 1140 803 aperui,
1169 747 1218 790 et
1258 738 1464 792 attraxi
1521 738 1763 805 spiritum
1794 750 1813 790 :
1848 740 1974 809 quia

400 824 657 877 mandata
688 834 778 877 tua
806 826 1192 881 desiderabam.
1556 810 1559 815 ‘

473 918 605 973 Phe.
630 919 817 993 Aspice
843 921 894 975 in
917 938 1018 987 me,
1037 931 1086 977 et
1114 923 1358 999 miserere
1392 926 1513 989 mei,
1564 927 1851 988 secundum
1889 928 1977 993 iu-

397 1011 596 1064 dicium
625 1012 963 1081 diligentiam
990 1030 1176 1074 nomen
1203 1024 1373 1074 tuum.

467 1100 599 1154 Plre.
654 1098 879 1156 Crassus
946 1119 1086 1158 meos
1142 1103 1314 1175 dirige
1364 1107 1653 1173 secundum
1706 1106 1973 1177 eloquium

392 1201 540 1245 tuum
579 1207 598 1244 :
633 1206 802 1248 etnon
826 1196 1122 1249 dominetur
1153 1197 1253 1250 mei
1283 1199 1450 1254 omnis
1478 1198 1765 1267 iniustitia.

464 1283 599 1339 Plie.
626 1284 838 1341 Redime
868 1304 950 1342 me
979 1306 1009 1341 a
1032 1288 1312 1345 calumniis
1351 1289 1623 1346 hominum
1656 1308 1675 1348 .'
1708 1302 1763 1347 ut
1794 1302 1972 1352 custo-

391 1377 540 1439 diam
574 1380 826 1453 mandata
868 1390 983 1433 tua.

460 1468 594 1523 Plie.
623 1466 838 1539 Faciem
872 1481 1016 1526 tuam
1053 1472 1299 1527 illumina
1335 1488 1489 1541 super
1518 1490 1723 1529 servum
1771 1486 1918 1535 tuum
1950 1493 1969 1532 :

392 1571 441 1621 et
470 1562 596 1614 doce
636 1578 716 1615 me
737 1562 1154 1632 justiﬁcationes
1185 1576 1327 1620 tuas.

462 1653 599 1707 Plio.
626 1655 817 1711 Exitus
851 1674 1108 1727 aquarum
1153 1662 1481 1719 deduxerunt
1518 1662 1657 1716 oculi
1689 1666 1968 1734 meuquia

393 1757 496 1802 non
521 1747 881 1817 custodierunt
918 1749 1078 1820 iugem
1114 1760 1283 1805 tuam.

459 1835 619 1891 Sade.
663 1838 848 1895 Justus
890 1834 979 1905 es,‘
1021 1840 1241 1899 Domine
1280 1860 1301 1903 :
1347 1854 1395 1911 et
1457 1852 1653 1916 rectum
1704 1847 1963 1917 judicium

390 1937 563 1981 tuum.
951 1944 957 1950 “

451 2019 613 2073 Sade.
643 2020 1201 2093 Mandastijustitiam
1254 2026 1556 2082 testimonia
1592 2040 1682 2083 tua
1705 2046 1724 2085 :
1753 2043 1800 2085 et
1832 2034 1970 2087 veri—

390 2121 551 2162 tatem
592 2120 735 2165 tuam
756 2115 934 2167 nimis.

461 2202 618 2257 Sade.
653 2204 937 2261 Tabescere
968 2226 1047 2263 me
1077 2210 1093 2240 ¹
1113 2212 1237 2281 fecit
1278 2214 1423 2267 zelus
1449 2230 1592 2268 meus
1624 2229 1643 2273 :
1671 2217 1796 2285 quia
1821 2217 1969 2271 obliti

385 2306 507 2350 sunt
544 2301 695 2350 verba
726 2309 816 2353 tua
842 2302 1046 2355 inimici
1074 2305 1175 2356 mei

457 2390 621 2445 Sade.
681 2392 921 2463 Ignitum
972 2395 1242 2466 eloquium
1302 2408 1451 2453 tuum
1509 2400 1836 2457 vehementer
1868 2413 1889 2456 .'
1920 2413 1969 2458 et

386 2498 562 2539 servus
598 2498 715 2538 tuus
743 2486 926 2539 dilexit
958 2488 1111 2559 illud.

458 2575 622 2631 Sade.
656 2578 1087 2636 Adolescentulus
1121 2599 1236 2637 sum
1270 2601 1363 2655 ego
1390 2596 1436 2639 et
1463 2596 1786 2656 contemptus
1815 2590 1967 2658 :jus—

386 2668 704 2743 tiﬁcationes
744 2682 864 2727 tuas
894 2691 1001 2727 non
1032 2693 1147 2729 sum
1175 2679 1390 2736 oblitus.
1716 2658 1717 2665 γ
1864 2672 1867 2675 Ι

448 2760 607 2815 Sade.
634 2762 860 2827 Iustitia
893 2778 1006 2831 tua,
1025 2767 1239 2838 justitiu
1271 2772 1323 2824 in
1354 2783 1611 2836 teternunt
1644 2791 1661 2830 :
1694 2784 1742 2829 et
1768 2778 1851 2837 lex
1874 2787 1964 2832 tua

385 2869 606 2909 veritus.

450 2945 608 3000 Sade.
642 2947 933 3003 Tribulatio
959 2962 1008 3003 et
1040 2956 1289 3023 angustia
1318 2957 1629 3012 invenerunt
1658 2976 1738 3012 me
1771 2976 1965 3013 :man-

382 3040 511 3092 data
537 3049 625 3093 tua
660 3043 934 3096 meditatio
966 3060 1081 3099 mea
1112 3049 1131 3078 ²
1159 3060 1220 3102 +
1256 3059 1329 3102 est
1375 3049 1396 3116 ζ

447 3131 607 3186 Sade.
635 3133 883 3201 {Equitas
902 3137 1204 3190 testimonia
1236 3148 1328 3192 tua
1368 3140 1422 3192 in
1453 3153 1707 3194 wternum

386 3222 576 3275 lectum
604 3224 674 3277 da
706 3226 858 3288 mihi,
892 3237 939 3279 et
976 3229 1169 3282 vivam.

451 3315 628 3383 (Soph.
663 3316 905 3372 Clamavi
930 3320 982 3371 in
1014 3329 1121 3373 toto
1147 3324 1305 3375 corde
1328 3337 1386 3378 οι-
1414 3339 1527 3377 meo
1556 3325 1578 3391 ξ
1608 3326 1806 3381 exaudi
1858 3342 1957 3393 me,

388 3408 606 3461 Domine
628 3423 647 3462 :
671 3408 1080 3485 justiﬁcationes
1118 3426 1237 3469 tuas
1276 3415 1569 3486 requiram.

442 3504 618 3571 Copti.
656 3492 897 3557 Clamavi
941 3504 1009 3575 ad
1052 3514 1123 3583 te,
1156 3506 1360 3580 saluum
1396 3523 1475 3564 me
1506 3507 1639 3574 fac:
1677 3518 1734 3571 ut
1790 3520 1963 3581 custo-

389 3597 529 3647 diant
563 3596 815 3647 mandata
837 3607 953 3648 tua.

439 3686 611 3757 Copti.
676 3689 911 3743 Prwi-eni
954 3690 1008 3742 in
1063 3692 1395 3757 maturitate,
1455 3704 1503 3749 et
1564 3696 1793 3761 clamavi
1836 3711 1853 3748 :
1897 3710 1959 3751 σι-

382 3783 503 3847 quia
538 3785 557 3851 ζ
594 3782 613 3811 ³
636 3785 688 3834 in
708 3782 858 3836 verba
880 3792 970 3836 tua
986 3789 1378 3853 supersperaui.

1746 3158 1766 3199 :
1804 3142 1964 3196 intel-

449 3946 465 3977 ¹
499 3944 665 4019 Tacet
703 3945 933 4019 librarii,
972 3957 1031 4001 ut
1058 3948 1297 4010 videtur,
1337 3948 1629 4003 uscitantia
1654 3967 1733 4011 me
1759 3966 1962 4019 prono-

383 4032 505 4067 men
544 4016 596 4066 in
634 4016 886 4067 Palatino
922 4032 1024 4069 ms.

453 4089 472 4118 ⁸
517 4086 738 4139 ιὶυριίιιε
770 4086 820 4158 in
857 4086 1101 4142 Palatino
1134 4104 1233 4158 ms.
1256 4090 1469 4151 obelns,
1512 4089 1803 4158 ipsumque
1837 4110 1957 4146 vor-

383 4158 509 4208 lmm
542 4156 1170 4229 SI}bSl_.‘|ltliVlllll,_qu0d
1231 4176 1409 4229 neque
1477 4161 1530 4213 in
1569 4156 1798 4216 llebrmo
1855 4176 1959 4229 est,

383 4226 635 4292 iit-queiu
676 4224 887 4297 Graeco,
922 4224 1220 4281 inducitur.
1249 4228 1374 4282 Pari
1434 4240 1595 4297 pacto
1652 4231 1829 4285 altero
1885 4224 1961 4286 ali

383 4298 485 4347 hoc
510 4311 669 4348 versu
712 4295 921 4367 olielns,
959 4305 1013 4349 et
1046 4314 1158 4351 meo
1194 4295 1494 4366 pronomen
1529 4303 1954 4367 praetermissurus

379 4378 483 4441 est,
516 4366 819 4441 tametsi-iu
846 4364 1034 4441 Grafco
1070 4364 1299 4441 quidem
1336 4369 1441 4424 hoc
1475 4364 1717 4424 resonet.

455 4419 483 4473 δ’
507 4440 681 4503 Atque
708 4435 795 4488 hic
823 4419 1026 4491 rectius
1051 4419 1200 4493 ta'cet
1215 4419 1448 4494 ﬁala—tiu.
1611 4419 1950 4496 adverbium
1987 4419 2032 4475 θ

380 4505 503 4580 quia
536 4519 552 4557 ε
591 4506 734 4580 (ιωξύ
759 4516 949 4580 autem
982 4523 1080 4575 pro
1118 4524 1185 4563 eo
1210 4511 1591 4577 insequentem
1646 4512 1697 4563 in
1740 4528 1957 4580 przepo-

316 4632 322 4637 η
379 4577 628 4650 sitionem
648 4575 807 4650 obolo
835 4587 1126 4650 praenatat,
1186 4581 1328 4633 male
1351 4575 1527 4634 habet
1560 4597 1573 4633 :
1608 4575 1771 4649 atque
1815 4575 1955 4636 adeo

321 4700 325 4705 η
382 4646 536 4716 pejus
565 4646 686 4697 Cari
715 4644 906 4703 editio.
938 4662 1058 4713 quae
1091 4644 1381 4716 utramque
1444 4665 1631 4703 vocem
1676 4644 1956 4705 transver-

380 4714 527 4787 berat
557 4728 611 4768 οε-
641 4716 770 4787 quia
801 4717 853 4765 in
890 4716 911 4783 ζ
940 4716 1117 4779 verba,
1150 4728 1256 4772 etc.
1283 4714 1420 4781 Male
1474 4730 1736 4787 praeterea
1786 4722 1952 4775 iidem

380 4785 735 4851 subsequenti
765 4796 924 4839 versa
973 4787 1260 4855 praeﬁxum
1313 4785 1518 4843 vooulis
1552 4790 1621 4842 ad
1657 4801 1705 4843 te
1731 4791 1951 4847 obelum

380 4856 818 4923 prmtcrmittnnt.
1194 4856 1198 4861 ’

452 4924 473 4961 't
504 4924 730 4977 Pra-stat
761 4924 847 4977 hic
874 4940 1090 4994 quoque
1142 4927 1475 4985 Veronensis
1539 4930 1787 4984 Psalterii
1817 4947 1954 4986 con-

382 5006 589 5048 textum
622 4996 981 5071 «inscribere;
1018 4996 1125 5051 Per
1144 4999 1316 5053 exitus
1371 5002 1633 5071 aquarum
1667 5004 1949 5059 descende-

379 5076 501 5116 runt
539 5063 673 5138 oculi
697 5067 1069 5135 mei.quoniam
1106 5072 1220 5121 non
1241 5063 1624 5135 custodierunt,
1648 5082 1751 5126 etc.
1791 5088 1805 5138 ;
1834 5084 1946 5125 tum

379 5138 553 5187 aitoro
585 5135 653 5185 ab
681 5140 783 5188 hoc
819 5148 973 5188 Versu
1009 5140 1060 5191 in
1111 5138 1255 5203 'line,
1315 5143 1586 5196 veritatem
1647 5135 1819 5196 valde.
1862 5141 1947 5205 Et,

379 5204 615 5280 Cornedit
651 5208 894 5280 m_e_z_elus
915 5208 1100 5261 domus
1135 5220 1261 5279 tute,
1323 5211 1377 5263 in
1419 5229 1582 5280 quem
1619 5217 1800 5266 locum
1839 5204 1952 5265 Au;

376 5278 650 5343 gustinus,
687 5274 713 5324 «⁷
744 5276 972 5341 llabent,
1000 5274 1194 5346 inquit,
1228 5274 1473 5334 nonnulli
1505 5286 1670 5335 etiam
1695 5283 1944 5343 codices,

376 5347 715 5417 domustute.
761 5355 815 5398 et
854 5361 962 5400 non
994 5350 1240 5417 tabefeoit
1271 5354 1372 5413 me,
1424 5354 1519 5404 Sed
1577 5353 1798 5404 comedit
1846 5360 1947 5404 me.

376 5418 527 5477 Quod
564 5432 625 5467 ex
654 5415 761 5468 alio
792 5416 1025 5488 l’salnlo,
1061 5415 1326 5487 quttntum
1364 5423 1493 5473 milii
1531 5422 1767 5481 videtur.
1794 5429 1953 5488 puta-2

377 5495 488 5536 tum
526 5496 609 5537 est
641 5486 1085 5552 emendandum,
1112 5490 1212 5543 ubi
1237 5490 1500 5555 scriptum
1529 5490 1635 5556 est,
1664 5486 1821 5543 Zelus
1855 5492 1952 5543 doc

376 5571 487 5605 mus
512 5565 616 5607 tute
645 5558 865 5609 comedit
906 5574 1004 5620 me.
1062 5577 1079 5607 ι
1132 5571 1237 5613 etc.
1293 5560 1553 5626 Sequitur
1599 5562 1653 5613 in
1697 5577 1763 5615 eo
1810 5566 1945 5625 ’ms.,

374 5627 621 5687 quoniam
657 5628 955 5680 oblitisunt
993 5630 1267 5683 verborum
1326 5639 1536 5683 tuorum
1570 5632 1769 5683 inimici
1821 5633 1943 5684 mei.

378 5693 612 5756 lqnilunt
650 5702 857 5750 verbum
883 5708 1032 5752 tuum
1060 5699 1230 5760 valde.
1269 5709 1317 5755 et
1360 5702 1536 5757 servus
1585 5712 1705 5754 tuus
1757 5700 1945 5754 dilexit

2084 480 2327 528 scrutata
2362 483 2447 528 est
2469 489 2532 529 ea
2561 473 2743 528 anima
2776 488 2921 529 mea.

2164 560 2295 617 Phe.
2330 562 2637 618 Declaratio
2661 578 2980 619 sermonum
3007 572 3224 618 tuorum
3250 562 3495 620 illuminat
3521 582 3614 634 me,

2083 662 2138 710 et
2172 654 2514 711 intellectum
2551 656 2644 709 dat
2671 656 2937 726 parvulis.

2159 744 2295 811 Phe.
2321 746 2397 802 Os
2428 762 2608 802 meum
2661 748 2877 821 aperui.
2906 755 2959 801 et
2985 749 3185 800 attraxi
3212 749 3450 816 spiritum
3472 766 3484 803 :
3510 751 3621 821 quia

2083 839 2341 894 mandata
2380 849 2470 894 tua
2506 839 2911 903 desiderabam.

2168 932 2301 987 Plte.
2338 932 2538 1004 Aspice
2566 932 2620 987 in
2665 946 2775 999 me,
2808 941 2865 988 et
2896 932 3162 997 miserere
3192 933 3319 999 mei,
3347 935 3619 995 secundum

2082 1022 2347 1095 iudicium
2377 1025 2725 1096 diligentium
2752 1040 2955 1079 nomen
2992 1036 3170 1080 tuum.

2162 1115 2292 1186 Plte.
2327 1115 2559 1173 Gressus
2610 1132 2761 1172 meos
2810 1117 2987 1187 dirige
3040 1116 3340 1179 secundum
3370 1118 3622 1189 eloquium

2082 1215 2234 1264 tuum
2258 1225 2276 1265 :
2301 1220 2357 1265 et
2384 1224 2493 1264 non
2524 1209 2842 1266 dominetur
2872 1209 2975 1263 mei
3006 1208 3187 1273 omnis
3232 1208 3500 1280 injustitia.

2162 1297 2292 1355 Phe.
2328 1300 2557 1357 Redime
2596 1317 2685 1357 me
2732 1317 2763 1356 a
2802 1301 3097 1357 calumniis
3124 1300 3439 1356 hominum':
3462 1313 3517 1361 ut
3540 1319 3623 1367 cu-

2081 1392 2314 1461 stodiam
2348 1393 2606 1459 mandata
2637 1403 2750 1447 tua.

2166 1484 2291 1538 Plte.
2321 1484 2537 1540 Faciem
2573 1496 2719 1539 tuam
2751 1486 2998 1541 illumina
3023 1499 3191 1556 super
3216 1500 3432 1541 servum
3458 1495 3627 1542 tuum:

2079 1584 2135 1643 et
2170 1575 2306 1641 doce
2343 1592 2429 1631 me
2452 1577 2878 1647 iustiﬁcationes
2904 1584 3045 1632 tuas.

2153 1665 2286 1720 Plae.
2355 1667 2549 1722 Exitus
2597 1682 2865 1737 aquarum
2931 1667 3275 1737 transierunt
3324 1668 3470 1734 oculi,
3499 1669 3628 1726 mei:

2004 1733 2046 1789 Β
2076 1760 2205 1828 quia
2241 1774 2349 1813 non
2383 1759 2771 1813 custodierunt
2798 1759 2974 1830 legem
3012 1769 3162 1827 tuam
3204 1759 3251 1815 ‘.

2151 1847 2312 1904 Sade.
2354 1849 2541 1906 Justus
2581 1865 2662 1917 es,
2708 1850 2981 1913 Domine:
3024 1861 3081 1905 et
3119 1864 3332 1911 rectum
3356 1848 3476 1922 fma.
3517 1851 3630 1908 add.

2072 1941 2183 2017 est]
2216 1942 2479 2013 judicium
2527 1951 2703 2007 tuum.

2168 2033 2332 2090 Sade.
2364 2032 2631 2089 Mandasti
2656 2035 2931 2107 justitiam
2968 2035 3286 2092 testimonia
3320 2044 3411 2091 tua
3436 2051 3450 2088 :
3474 2045 3526 2092 et
3546 2050 3631 2092 ve-

2074 2128 2292 2181 ritatem
2321 2138 2475 2182 tuam
2508 2129 2693 2184 nimis.

2149 2217 2307 2272 Sade.
2338 2219 2642 2274 Tabescere
2672 2236 2760 2274 me
2784 2219 2912 2275 fecit
2940 2223 3092 2276 zelus
3123 2222 3325 2277 domus
3350 2232 3487 2277 tua):
3517 2222 3632 2293 quia

2071 2312 2225 2367 obliti
2253 2322 2384 2366 sunt
2418 2315 2581 2367 verba
2620 2322 2709 2366 tua
2743 2312 2951 2369 inimici
2987 2316 3118 2370 mei;

2142 2403 2303 2459 Sade.
2357 2403 2591 2473 Ignitum
2637 2406 2921 2475 eloquium
2967 2417 3121 2462 tuum
3165 2408 3634 2469 vehementerzet

2071 2511 2267 2551 servus
2302 2506 2428 2550 tuus
2459 2497 2651 2552 dilexit
2679 2498 2835 2553 illud.

2155 2587 2318 2645 Sade.
2358 2588 2773 2643 Adolescentior
2799 2604 2919 2643 sum
2946 2603 3047 2655 ego
3075 2599 3131 2642 et
3153 2599 3535 2660 contemptus;
3560 2587 3637 2658 itt-~

2069 2680 2435 2749 stillcationes
2470 2690 2594 2737 tuas
2630 2695 2736 2734 non
2775 2696 2895 2733 sum
2921 2680 3153 2745 oblitus.

2146 2770 2310 2825 Sade.
2355 2771 2579 2827 Justitia
2631 2783 2746 2841 tua,
2775 2772 2988 2842 justitia
3020 2772 3077 2827 in
3130 2785 3403 2831 aeternum
3433 2788 3448 2826 :
3476 2782 3528 2833 ct
3562 2772 3637 2828 lc:

2071 2873 2161 2917 tua
2196 2864 2423 2918 veritas.

2142 2955 2309 3010 Sade.
2363 2954 2672 3013 Tribulatio
2733 2965 2789 3009 et
2842 2954 3099 3023 angustia
3149 2954 3485 3011 invenerunt
3526 2970 3638 3017 me;

1994 3064 2039 3124 ε
2073 3048 2325 3102 mandata
2357 3058 2536 3101 autem
2573 3058 2662 3101 tua
2699 3046 2979 3101 meditatio
3012 3061 3133 3101 mea
3177 3056 3285 3101 est.

2143 3139 2300 3192 Sade.
2346 3139 2599 3208 IEquitas
2633 3138 2956 3193 testimonia
2994 3147 3088 3192 tua
3126 3139 3183 3191 in
3218 3148 3485 3195 aeternum
3517 3155 3531 3193 :
3565 3138 3643 3193 ine

2070 3230 2349 3285 tellectum
2382 3230 2448 3283 da
2480 3231 2637 3296 mihi,
2667 3238 2722 3284 et
2748 3230 2949 3282 Vitium.

2140 3322 2306 3393 Copti.
2356 3322 2595 3378 Clamavi
2635 3322 2688 3375 in
2725 3330 2839 3375 toto
2882 3320 3049 3376 corde
3080 3337 3211 3376 meo
3241 3324 3289 3388 ⁵,
3322 3321 3513 3376 exaudi
3546 3335 3642 3387 me,

2068 3416 2295 3472 Domine
2333 3433 2347 3469 :
2377 3413 2797 3484 iustiﬁcationes
2827 3422 2946 3466 tuas
2975 3415 3289 3483 requiram.

2138 3507 2301 3575 Copti.
2336 3507 2573 3561 Clamavi
2621 3505 2687 3559 ad
2720 3514 2791 3572 te,
2843 3504 3053 3558 salvum
3087 3521 3178 3560 me
3209 3506 3298 3560 l‘ac
3331 3520 3349 3559 :
3389 3513 3448 3559 ut
3478 3515 3649 3560 custo-

2066 3601 2211 3657 diam
2238 3603 2485 3653 mandata
2521 3610 2635 3655 tua.

2134 3693 2298 3762 Copti.
2354 3691 2598 3750 Praeveui
2633 3694 2685 3748 in
2738 3697 3076 3763 maturitate,
3112 3707 3175 3753 et
3206 3699 3440 3761 clamavi
3477 3716 3492 3754 :
3521 3696 3645 3753 etin

2068 3786 2235 3840 verbo
2268 3794 2361 3840 tuo
2394 3788 2631 3855 speravi.

2065 3947 2224 4001 illud.
2255 3947 2471 4001 Iuvenis
2504 3963 2596 4018 ego
2630 3963 2746 3999 sum
2796 3956 2846 4000 et
2877 3947 3176 4017 despectus,
3242 3959 3353 4004 etc.
3392 3948 3427 4017 ;'
3454 3957 3507 4003 et
3537 3956 3649 4018 post

2066 4019 2232 4071 alium
2274 4034 2517 4081 versum,
2556 4017 2849 4071 Tribulatio
2882 4026 2931 4070 et
2983 4023 3290 4073 necessitas
3347 4017 3647 4073 invenerunt

2065 4105 2168 4148 me,
2191 4089 2441 4140 mandata
2471 4098 2561 4139 tua
2591 4088 2860 4140 meditatio
2889 4104 3000 4140 mea
3020 4098 3122 4141 est.
3153 4090 3389 4142 Justitia
3425 4090 3649 4144 testimo-

2066 4159 2156 4210 nia
2191 4169 2304 4219 tua,
2340 4158 2662 4211 intellectum
2689 4159 2756 4210 da
2800 4159 2949 4220 mihi,
2967 4169 3013 4210 et
3042 4159 3264 4226 vivi/ica
3300 4175 3407 4213 me.

2135 4227 2363 4281 ‘Cotlex
2412 4227 2766 4288 Veronensis.
2830 4227 3157 4281 Exclamant
3216 4230 3276 4282 in
3335 4238 3445 4281 toto
3484 4228 3647 4289 corde,

2064 4306 2198 4369 etc,
2243 4306 2289 4349 et
2327 4298 2739 4369 justiﬁcationes
2802 4308 2921 4349 tuas
2952 4301 3268 4369 exquiram.
3325 4297 3646 4359 Exclamavi,

2063 4368 2267 4421 salvum
2297 4383 2376 4419 me
2412 4369 2495 4437 {ac
2521 4368 2661 4432 (sine
2690 4368 3031 4437 intermediis
3059 4369 3308 4426 vocibus
3328 4372 3398 4423 ad
3426 4378 3492 4433 te,
3525 4382 3650 4435 quas

2063 4439 2176 4505 ipse
2212 4438 2376 4490 etiam
2404 4436 2612 4490 dmittit
2646 4436 3007 4504 Augustinus,
3046 4439 3147 4493 ubi
3179 4439 3313 4493 aliis
3349 4440 3407 4501 in
3451 4438 3647 4492 codici-

2063 4504 2164 4561 bus
2204 4504 2408 4561 Graecis
2451 4506 2769 4573 Latinisque
2820 4507 3007 4561 haberi
3042 4518 3230 4571 notat.
3286 4508 3532 4565 Clamavi
3584 4517 3645 4565 te.

2060 4581 2216 4641 etc.),
2249 4586 2297 4648 et
2329 4577 2601 4631 custodtbo
2630 4579 2928 4648 testimonia
2960 4586 3078 4631 tua.
3114 4579 3371 4635 Prwveni
3407 4582 3651 4648 intempe-

2058 4657 2145 4701 sta
2174 4659 2222 4701 te
2248 4644 2417 4719 nocte,
2454 4656 2502 4700 et
2534 4645 2848 4707 exclamavi.
2877 4650 2931 4699 in
2958 4650 3121 4719 verba
3164 4659 3267 4701 tua
3320 4644 3647 4719 sperauiﬂn

2058 4733 2220 4786 quem
2244 4718 2423 4773 locum
2461 4719 2642 4771 denuo
2674 4726 2920 4769 notatum
2947 4714 3271 4785 Augustino
3312 4714 3402 4772 eSt
3435 4734 3449 4785 ξ
3492 4738 3508 4769 ι
3539 4716 3652 4772 Plu.

2060 4803 2150 4841 res
2181 4789 2543 4861 codicesnon
2567 4786 2769 4841 habent
2815 4788 3139 4861 intempesta
3173 4800 3360 4861 nocte,
3417 4788 3515 4861 sed
3555 4788 3649 4861 im-

2058 4866 2342 4911 muturate.
2375 4856 2474 4909 Vix
2507 4866 2692 4910 autem
2715 4873 2855 4927 unus
2883 4857 3149 4927 inventus
3184 4856 3303 4923 est,
3356 4856 3457 4927 qui
3499 4859 3650 4911 habe-

2058 4940 2137 5006 ret
2160 4925 2991 5015 geminatum.praepositionem,
3032 4927 3089 4980 id
3110 4922 3243 5015 est3
3308 4922 3646 5015 iri-impiatus

2055 4998 2270 5051 ritate.)
2311 4998 2550 5066 Etpaulo
2573 5008 2695 5068 post
2729 5012 2743 5049 :
2778 4997 2967 5060 tQuod
3004 5013 3146 5065 ergo
3200 4997 3403 5054 Grecae
3458 4999 3649 5051 dictum

2054 5078 2138 5123 est
2170 5069 2445 5144 évatoptq,
2479 5082 2585 5119 non
2636 5082 2744 5144 uno
2777 5069 2961 5144 verbo.
3020 5072 3123 5144 sed
3173 5068 3425 5131 duobus,
3495 5070 3543 5121 id
3577 5077 3654 5144 est

2057 5139 2443 5207 praepositione
2489 5147 2544 5191 et
2592 5137 2815 5192 nomine
2856 5153 2870 5189 :
2908 5139 3012 5190 hoc
3080 5138 3435 5208 interpretes
3491 5137 3651 5191 nostri

2052 5210 2271 5278 quidam
2301 5209 2579 5272 dixerunt,
2604 5208 2761 5259 intem
2778 5215 2922 5272 pesta
2942 5215 3093 5278 nocte
3122 5222 3141 5269 ;
3175 5210 3372 5274 plures
3408 5212 3654 5278 immatu-

2054 5266 2231 5342 nitate,
2258 5294 2365 5332 non
2400 5266 2625 5351 duobus
2649 5266 2851 5335 verbis,
2883 5277 2978 5351 sed
3003 5266 3147 5341 uno,
3175 5266 3189 5274 ’
3207 5283 3379 5351 cujus
3406 5266 3649 5351 vocabuli

2052 5350 2423 5402 nominativus
2479 5361 2563 5400 est
2615 5347 3036 5399 immaturitas:
3072 5347 3349 5409 nonnulli
3417 5364 3548 5402 Vero
3599 5350 3647 5398 in

2054 5420 2265 5472 duobus
2296 5419 2497 5482 verbis,
2529 5418 2668 5469 sicut
2693 5416 2918 5470 Graecus
2959 5418 3176 5487 posuit.
3240 5420 3299 5473 in
3353 5418 3651 5473 immaturi-

2053 5498 2195 5551 tate;
2228 5490 2404 5554 ὰωρίει
2433 5488 2635 5555 quippe
2663 5488 3044 5559 immaturitas
3075 5500 3193 5551 est,
3236 5492 3299 5542 ὲν
3349 5490 3554 5559 ampla,
3602 5488 3651 5559 in

2052 5561 2483 5611 immaturitate:
2538 5569 2793 5624 tanquam
2852 5557 2899 5610 si
2945 5556 3117 5611 vellet
3186 5563 3365 5614 etiam
3428 5556 3520 5614 ille
3566 5558 3651 5626 qui

2053 5631 2194 5683 dixit
2228 5633 2543 5696 intempesta
2573 5638 2744 5692 nocte,
2802 5626 3207 5697 praeposuione
3248 5632 3442 5684 dicere
3486 5628 3652 5699 gemi-

2054 5710 2179 5757 nata
2206 5701 2259 5755 in
2285 5704 2615 5760 intenwesta.
2638 5711 2695 5752 ut
2730 5714 2836 5751 una
2876 5699 3207 5761 praepositio
3270 5702 3574 5766 signiﬁcet.
3599 5701 3649 5763 in
