3840 6176
199 316 289 381 377

1412 326 1645 387 LIBER
1689 328 2187 393 PSALMORUM.
3308 337 3416 401 378

256 432 418 500 Copil.
483 430 850 493 Pra‘vencrnnt
878 435 1019 493 oculi
1054 439 1152 491 mei
1192 451 1253 496 οσ-
1302 441 1370 494 ad
1402 443 1497 510 te:
1542 439 1750 494 dilucu-
1782 448 1822 499 Α
1927 442 2086 509 Coph.
2128 446 2515 503 Praevenernnt
2548 446 2689 506 oculi
2729 446 2832 501 mei
2867 446 2932 501 ad
2967 456 3018 502 te
3053 446 3293 503 diluculo
3324 464 3338 502 :
3372 461 3431 505 ut

202 528 244 580 lo
270 541 286 579 :
317 535 367 577 ut
387 526 664 581 meditarer
694 524 902 593 eloquia
937 538 1047 588 tua.

257 619 419 687 Cupb.
452 615 630 669 Vocem
665 634 831 673 meum
855 620 983 672 nudi
1014 623 1298 683 secundum
1334 624 1747 685 misericordiam

204 722 348 773 ιηαηι,
403 708 661 762 Domine:
700 710 715 739 ¹
752 713 1036 769 secundum
1084 713 1349 790 judicium
1406 727 1553 778 tuum
1622 717 1751 769 vivi-

202 803 286 869 ,ἦτα
321 817 414 855 me.

262 891 422 961 Copi].
480 892 1050 962 Appropinquauerunt
1099 908 1462 967 persequentes
1511 918 1591 954 me
1650 902 1751 954 ini-

204 985 405 1054 quitati:
436 1001 466 1036 a
495 984 606 1053 lege
630 998 681 1039 σε
714 994 893 1037 autem
924 986 947 1055 ζ
978 996 1069 1038 tua
1112 988 1263 1065 longe
1283 990 1409 1059 facti
1442 1001 1585 1047 sunt.

260 1077 418 1146 Copli.
462 1075 633 1131 Prope
665 1094 719 1132 es
768 1090 847 1142 tu,
895 1079 1117 1135 Domine
1152 1097 1167 1140 ;
1198 1094 1245 1136 et
1309 1100 1485 1141 omnes
1508 1087 1605 1147 vim
1648 1095 1753 1139 tua:

206 1188 265 1222 ve:
278 1171 392 1222 itas.

255 1262 409 1328 Coph.
442 1258 605 1319 Initio
637 1264 852 1333 cognovi
874 1265 937 1316 de
959 1267 1270 1321 testimoniis
1301 1269 1404 1321 tuis
1426 1284 1444 1322 :
1466 1269 1588 1338 quia
1622 1268 1749 1341 [ως.

202 1352 439 1424 quoniam]
466 1356 518 1406 in
549 1366 805 1408 (uernum
840 1357 1081 1425 fundasti
1110 1375 1194 1411 ea.

248 1444 360 1497 Res.
403 1443 525 1496 Vide
552 1445 907 1507 humilitatem
957 1464 1144 1515 meam,
1192 1458 1242 1503 et
1284 1450 1426 1519 eripe
1449 1468 1527 1503 me
1572 1466 1588 1505 :
1629 1453 1753 1525 quia

202 1536 338 1604 legem
371 1548 510 1588 tuam
538 1554 644 1589 non
676 1556 792 1591 sum
818 1540 1034 1595 oblitus.

259 1628 365 1680 lies.
387 1628 578 1682 Judica
604 1632 871 1699 judicium
933 1652 1127 1694 meum.
1160 1645 1207 1687 et
1243 1638 1441 1697 redime
1476 1654 1554 1695 me
1588 1652 1607 1690 :
1631 1653 1755 1704 pro-

203 1736 295 1789 pter
321 1726 582 1793 eloquium
617 1735 766 1777 tuum
806 1726 1008 1789 viviﬁca
1046 1744 1145 1781 nte.

1854 536 2153 589 meditarer
2184 538 2399 606 eloquia
2440 550 2550 591 tua.

1925 627 2090 693 Coph.
2128 628 2324 683 Vocem
2358 646 2532 683 meam
2566 630 2787 695 exaudi,
2832 631 3083 694 Domine,
3130 630 3431 685 secundum

1854 720 2291 787 misericordiam
2327 732 2501 786 tuam,
2547 732 2603 778 et
2637 724 2943 777 secundum
2972 724 3244 792 judicium
3282 735 3431 778 tuum

1853 811 2066 865 viviﬁca
2104 828 2210 867 me.

1922 903 2087 970 Coph.
2118 907 2595 974 ApprOpiaverunt
2623 918 3017 977 persequentes
3052 924 3133 962 me
3166 908 3337 977 iniqui
3367 911 3387 939 ⁸
3414 926 3430 966 :

1854 1010 1882 1047 a
1912 996 2028 1065 lege
2058 1006 2236 1049 alitem
2270 1006 2358 1049 tua
2394 996 2551 1065 longe
2590 998 2715 1053 lacti
2754 1008 2903 1059 sunt.

1926 1086 2093 1156 Coph.
2141 1088 2317 1160 Prope
2346 1105 2407 1144 es
2437 1100 2516 1153 tu,
2556 1091 2781 1154 Domine
2809 1108 2824 1144 :
2855 1100 2910 1145 et
2945 1092 3134 1153 omnia
3178 1090 3431 1147 inundata

1858 1189 1952 1235 tua
1994 1182 2219 1235 veritas.

1926 1274 2086 1343 Coph.
2124 1276 2285 1329 Initio
2315 1278 2545 1347 cognovi
2578 1277 2644 1339 de
2681 1275 3008 1337 testimoniis
3038 1276 3143 1333 tuis
3171 1292 3185 1329 :
3219 1277 3344 1344 quia
3378 1275 3432 1329 in

1855 1376 2119 1419 aeternum
2151 1368 2389 1421 fundasti
2426 1375 2513 1425 e'a.
3124 1440 3127 1443 _

1920 1454 2038 1515 Res.
2072 1457 2205 1511 Vide
2235 1457 2603 1521 humilitatem
2637 1476 2835 1524 meam,
2861 1469 2916 1514 et
2946 1460 3099 1529 eripe
3135 1475 3220 1520 me
3256 1475 3271 1513 :
3304 1460 3432 1528 quia

1857 1546 2029 1614 legem
2064 1558 2209 1601 tuam
2236 1566 2342 1603 non
2372 1567 2487 1603 sum
2512 1552 2734 1606 oblitus.

1935 1637 2056 1690 Res.
2087 1638 2279 1692 iudica
2308 1640 2577 1709 judicium
2608 1656 2809 1699 meum.
2838 1651 2892 1694 et
2916 1641 3124 1694 redime
3150 1654 3233 1693 me
3262 1653 3277 1691 :
3312 1655 3435 1709 pro-

1862 1740 1980 1796 pter
2006 1730 2288 1797 eloquium
2322 1742 2476 1783 tuum
2509 1732 2720 1787 viviﬁca
2757 1748 2867 1785 me.

256 1814 364 1871 Res.
392 1787 567 1885 Longe
598 1833 630 1869 a
668 1787 1027 1885 peccatoribus
1092 1818 1240 1872 salus
1275 1824 1443 1889 :qu'a
1479 1821 1747 1895 justiﬁca-
1790 1787 1827 1847 Β
1862 1787 1874 1796 -
1929 1817 2049 1874 Res.
2086 1787 2267 1890 Longe
2300 1828 2385 1873 est
2415 1836 2443 1873 a
2481 1825 2864 1891 peccatoribus
2892 1825 3037 1876 salus
3072 1842 3085 1889 ς
3121 1824 3246 1893 quia
3271 1825 3433 1896 justi-

204 1910 339 1961 tiones
361 1922 475 1962 tuas
514 1924 625 1961 non
653 1910 1009 1978 exquisierunt
1044 1912 1087 1961 '.

259 2000 367 2055 Res.
410 1999 798 2059 Misericordiae
823 2010 929 2053 tua:
954 2000 1153 2068 multa',
1191 2001 1451 2057 Domine:
1470 2005 1754 2057 secundum

200 2092 418 2160 judicium
461 2102 618 2152 tuum
640 2092 845 2161 vivi/ica
880 2108 981 2147 me.

262 2188 371 2245 Res.
394 2188 551 2243 Multi
586 2190 683 2257 qui
706 2200 1095 2259 persequuntur
1129 2207 1230 2257 me,
1268 2200 1316 2244 et
1341 2192 1598 2244 tribulant
1632 2209 1753 2251 me:

206 2298 230 2332 υ
256 2282 547 2337 lcslimoniis
572 2281 679 2335 tuis
714 2298 817 2334 non
849 2282 1132 2336 declinavi.

252 2372 361 2430 Res.
397 2373 512 2427 Vidi
532 2376 971 2444 prwvaricantes,
1013 2386 1061 2429 et
1101 2375 1469 2437 tabescebam:
1497 2378 1621 2457 quia
1647 2378 1754 2433 elo-

204 2467 305 2533 quia
326 2476 407 2519 tua
433 2482 543 2518 non
566 2468 959 2519 custodierunt.
1018 2530 1021 2531 ν

258 2555 369 2609 καλε.
411 2555 557 2621 Vide,
593 2558 848 2626 quoniam
922 2558 1179 2612 mandata
1242 2565 1336 2610 tua
1392 2557 1580 2626 dilexi,
1650 2560 1746 2617 Do-

201 2648 346 2701 mine:
373 2647 423 2700 in
455 2648 821 2701 misericordia
842 2658 933 2701 tua
950 2649 1159 2713 viviﬁca
1182 2664 1283 2703 me.

259 2738 369 2793 Res.
407 2738 743 2805 Principium
775 2740 1049 2792 verborum
1072 2749 1279 2794 tuorum
1303 2742 1497 2795 veritas
1518 2756 1537 2795 :
1562 2747 1611 2794 et
1644 2741 1664 2772 ³
1692 2743 1748 2797 in

199 2841 414 2883 «ternum
434 2833 618 2885 omnia
642 2832 857 2900 judicia
873 2832 1107 2901 justitia:
1135 2843 1260 2887 lucc.

254 3006 355 3060 Sin.
392 3008 669 3080 Principes
702 3014 962 3078 persecuti
998 3022 1120 3066 sunt
1158 3030 1240 3068 me
1262 3015 1467 3082 gratis:
1496 3025 1544 3074 et
1573 3033 1602 3068 a
1636 3033 1748 3070 ver-

197 3096 259 3151 bis
291 3102 383 3153 tuis
416 3103 729 3166 formidavit
758 3104 885 3175 (ms,
923 3104 1260 3178 formidabitl
1299 3124 1389 3159 cor
1420 3124 1612 3161 meum.

255 3186 358 3242 Sin.
390 3189 640 3245 Lwtabor
667 3208 761 3260 ego
814 3208 971 3261 super
1018 3194 1226 3267 eloquia
1282 3205 1374 3250 tua
1408 3212 1426 3251 :
1461 3198 1598 3250 sicut
1656 3200 1746 3269 qui

196 3280 360 3333 invenit
388 3284 558 3349 spolia
602 3285 797 3338 multa.

244 3372 346 3429 Sin.
371 3375 720 3445 Iniquitatem
752 3377 872 3435 odio
895 3377 1076 3445 habui,
1129 3389 1180 3434 et
1228 3383 1563 3441 abominatus
1586 3400 1741 3453 sum;

199 3460 331 3531 legem
357 3476 529 3521 autem
557 3470 707 3521 tuam
735 3468 921 3524 dilexi.

254 3555 356 3611 Sin.
381 3558 581 3627 Septies
608 3561 664 3614 in
695 3561 782 3616 die
808 3560 1019 3617 laudem
1050 3564 1162 3618 dixi
1188 3567 1301 3628 tibi.
1336 3584 1494 3635 super
1543 3568 1739 3632 iudicia

194 3648 383 3714 jlslilitz
404 3662 529 3706 tute.

245 3738 345 3796 Sin.
390 3742 509 3809 Pax
536 3744 707 3799 multa
732 3743 1073 3815 diligentibus
1132 3747 1291 3818 legem
1353 3759 1497 3802 tuam
1524 3764 1543 3803 :
1567 3759 1616 3802 et
1639 3767 1741 3802 non

199 3844 259 3886 est
289 3834 385 3890 illis
405 3839 746 3892 scaitdalum.

251 3926 353 3979 Sin.
398 3928 792 3997 Exspectabam
862 3934 1098 3995 salutare
1152 3945 1325 4001 tuum,
1395 3937 1739 3995 Domine:et

199 4022 421 4073 mandata
460 4032 555 4077 tua
590 4024 777 4088 dileqt'.

259 4111 363 4167 Sin.
386 4113 685 4169 Custodivit
704 4118 887 4173 anima
914 4135 1028 4173 mea
1060 4120 1365 4180 testimonia
1401 4130 1492 4179 tua
1529 4139 1548 4177 :
1576 4133 1625 4177 et
1651 4124 1738 4182 rli-

197 4200 301 4256 lerit
333 4221 391 4258 ea
413 4208 762 4262 vehementer.

195 4421 280 4479 qua
314 4409 463 4470 hora.
515 4412 690 4464 altera
726 4412 996 4479 pertineat
1046 4411 1112 4465 ad
1145 4413 1603 4478 compositionem
1644 4431 1741 4469 no.

198 4478 356 4543 minis,
385 4490 543 4553 nete.
572 4478 794 4553 Demnin
822 4482 875 4535 in
911 4482 1103 4535 eodem
1136 4482 1326 4536 codice
1376 4486 1741 4553 subsequenti

196 4560 353 4613 versu,
374 4549 626 4605 Meditari
649 4552 803 4605 verba
823 4562 937 4617 tua,
970 4568 1067 4622 pro
1108 4568 1176 4609 υτ
1205 4554 1491 4607 meditarer
1517 4549 1749 4623 eloquia,

196 4625 283 4669 etc.

250 4686 656 4763 ng‘punximus
688 4699 751 4763 et
784 4690 1034 4763 copulam
1066 4692 1132 4746 ad
1166 4707 1268 4747 ms.
1302 4691 1531 4746 Palatini
1560 4692 1750 4763 ﬁdem,

197 4752 397 4831 Hebre}:
445 4774 571 4831 cum
616 4762 810 4830 primis
854 4752 911 4816 et
948 4761 1137 4816 Graeco
1168 4762 1613 4831 astipulantibus.

250 4824 733 4897 ‘Przpositionem
783 4831 935 4885 verbi
959 4824 1315 4901 exquisierurit
1368 4831 1601 4888 Palatio.
1642 4850 1746 4891 ms.

195 4894 421 4966 clampre
455 4909 723 4966 pra-notat
751 4916 906 4955 veru.

252 4963 272 4995 ⁸
301 4962 657 5031 Ervoculam,
688 4985 810 5037 quae
835 4971 1044 5033 deerat.
1096 4970 1348 5026 Palatino
1402 4986 1509 5027 ms.
1554 4973 1746 5029 admo-

196 5038 441 5150 pfrqﬁz‘zd
476 5038 688 5093 Hebraei
714 5038 997 5110 Gmcique
1020 5039 1191 5111 ipsius
1216 5052 1398 5097 textus
1425 5044 1585 5100 [idem
1628 5045 1746 5099 sul-

213 5118 426 5158 erimus.

252 5172 269 5207 ‘
290 5171 509 5229 Prml‘ert
538 5175 747 5252 veroo.
782 5191 887 5232 ms.
924 5178 1491 5252 Appropinquaveruut
1516 5200 1597 5237 me
1626 5200 1746 5252 per-

193 5253 445 5319 sequentes
471 5262 555 5299 me
590 5248 785 5317 inique,
834 5248 1013 5315 quam
1057 5259 1111 5304 et
1154 5251 1493 5319 Augustinus
1544 5248 1743 5308 lectio-

195 5325 304 5391 nem
330 5314 531 5391 laudat,
562 5314 809 5391 exceptp
859 5314 1303 5391 librariigmendo
1335 5322 1388 5373 in
1417 5338 1498 5374 me
1540 5338 1739 5391 prono-

194 5380 336 5433 minis
358 5386 681 5458 repetitione
708 5380 731 5439 ἱ
760 5386 1042 5455 Sequitur,
1069 5389 1242 5458 Prope
1272 5401 1347 5443 est
1375 5400 1451 5451 tu,
1495 5380 1737 5457 D'umine,

192 5458 232 5531 et
260 5465 427 5505 omnes
465 5456 568 5507 vite
621 5464 727 5531 tute
778 5459 994 5531 veritas.
1039 5460 1112 5512 Ab
1154 5456 1303 5513 initio
1335 5463 1573 5531 cognovi,
1627 5472 1735 5516 etc.

194 5515 240 5596 lu
274 5534 427 5587 quem
465 5539 657 5579 rursus
673 5527 851 5581 locum
870 5527 1209 5596 Augustinus
1241 5546 1255 5581 :
1305 5515 1487 5595 οριῖοιι
1518 5515 1739 5587 Graecus

192 5601 257 5668 ait
297 5595 810 5668 .thapld;,_IliqUI
834 5595 1006 5668 nostri
1040 5599 1105 5652 ab
1132 5602 1307 5663 initio,
1344 5601 1510 5668 aliqui
1545 5602 1597 5652 in
1627 5602 1736 5653 ini-

194 5660 635 5737 tiis‘interpretati
662 5660 807 5720 sunt.
840 5667 947 5723 Sed
981 5670 1075 5736 qui
1110 5660 1393 5737 pluraliter
1427 5660 1526 5723 l'ioc
1556 5671 1737 5725 dicere

195 5730 507 5799 maluerunt,
528 5734 769 5791 Graecam
798 5730 1133 5797 locutio—nem
1159 5741 1331 5793 secuti
1355 5747 1504 5794 sunt.
1532 5740 1734 5803 Latinae

1859 1908 2144 1963 licationes
2176 1921 2297 1963 tuas
2328 1927 2436 1963 non
2469 1912 2875 1978 exquisierunt.

1925 2000 2045 2064 Res.
2092 2002 2473 2063 Miserationes
2526 2013 2629 2058 tuae
2678 2006 2862 2067 multa:
2917 2006 3098 2070 nimis,
3146 2007 3370 2070 Domine
3413 2024 3429 2060 :

1858 2093 2162 2147 secundum
2193 2093 2461 2165 judicium
2496 2105 2649 2155 tuum
2679 2096 2890 2160 vivilica
2926 2113 3030 2160 tne,

1925 2183 2045 2238 Res.
2082 2184 2235 2238 Multi
2268 2197 2656 2255 persequentes
2704 2203 2811 2249 me,
2860 2198 2915 2242 et
2942 2190 3266 2243 tribulantes
3296 2206 3379 2243 mc
3410 2207 3428 2246 :

1856 2290 1886 2329 a
1916 2278 2246 2332 testimoniis
2282 2278 2391 2331 tuis
2423 2293 2528 2332 non
2558 2277 2849 2333 declinavi.

1921 2365 2042 2421 Res.
2082 2366 2200 2421 Vidi
2230 2382 2337 2420 non
2367 2376 2651 2421 servantes
2681 2376 2923 2436 pactum,
2953 2377 3007 2420 et
3038 2366 3380 2423 tabescebam
3414 2387 3429 2425 :

1855 2468 1981 2530 quia
2013 2460 2231 2530 eloquia
2265 2470 2355 2515 tua
2388 2475 2496 2513 non
2534 2462 2938 2515 custodierunt.

1924 2552 2039 2613 Res.
2070 2553 2224 2618 Vide,
2261 2555 2389 2623 quia
2426 2554 2679 2607 mandata
2717 2563 2808 2613 tua
2835 2554 3021 2617 dilexi,
3064 2554 3287 2608 Domine
3321 2572 3335 2608 :
3375 2555 3429 2607 in

1853 2652 1941 2698 tua
1981 2645 2352 2699 misericordia
2382 2646 2594 2702 vivilica
2626 2662 2734 2699 me.

1928 2734 2073 2789 lies»
2128 2734 2464 2804 Principium
2515 2737 2807 2789 verborum
2865 2746 3082 2789 tuorum
3140 2740 3343 2793 veritas
3406 2756 3421 2796 :

1851 2826 1905 2882 in
1983 2822 2105 2898 [ms.
2157 2834 2213 2879 ct
2262 2825 2366 2897 in]
2412 2834 2675 2879 mternum
2720 2826 2904 2880 omnia
2945 2827 3148 2895 judicia
3196 2828 3426 2897 jnsdtias

1852 2932 1977 2974 ῐυζῐὲ.

1923 3006 2041 3060 Sin.
2078 3007 2354 3073 Principes
2393 3006 2663 3075 persecuti
2701 3018 2831 3061 sunt
2882 3024 2967 3062 me
3017 3009 3182 3077 gratis
3236 3025 3250 3064 :
3298 3018 3352 3063 ct
3396 3025 3425 3063 a

1770 3113 1813 3171 α
1849 3100 2028 3151 verbis
2055 3100 2161 3151 tuis
2192 3099 2497 3152 formidavit
2527 3114 2622 3152 cor
2652 3115 2831 3152 meum
2862 3102 2906 3155 ⁵.

1923 3190 2035 3245 Sin.
2089 3190 2339 3243 l.;i-talmr
2380 3207 2478 3261 ego
2517 3207 2681 3260 super
2724 3193 2940 3262 eloquia
2978 3202 3069 3247 tua
3110 3208 3125 3247 :
3158 3195 3299 3247 sicut
3329 3194 3424 3262 qui

1852 3283 2065 3339 invenit
2093 3283 2265 3353 spolia
2298 3284 2491 3338 multa.

1920 3374 2032 3432 Sin.
2055 3375 2408 3445 iniquitatem
2436 3377 2565 3431 odio
2591 3378 2779 3442 habui,
2810 3387 2864 3432 et
2888 3376 3237 3433 abominatus
3261 3394 3382 3433 sum
3406 3398 3420 3435 :

1852 3468 2023 3536 legem
2055 3477 2237 3522 autem
2271 3476 2416 3521 tuam
2449 3468 2637 3525 dilexi.

1912 3558 2028 3613 Sin.
2056 3558 2270 3628 Septies
2296 3559 2350 3613 in
2377 3560 2465 3614 die
2493 3561 2707 3623 laudem
2739 3561 2847 3616 dixi
2878 3561 3001 3625 tibi,
3033 3576 3200 3633 super
3216 3560 3423 3637 judicia

1841 3649 2068 3719 jnstilia:
2108 3658 2234 3705 tute.

1916 3742 2030 3796 Sin.
2073 3743 2177 3795 Pax
2210 3743 2379 3797 multa
2417 3742 2765 3811 diligentibus
2815 3744 2985 3809 legem
3035 3756 3203 3811 tuam,
3234 3746 3418 3800 Domi-9

1845 3848 1954 3897 ne;
1986 3842 2042 3886 et
2076 3849 2183 3887 non
2217 3844 2298 3888 est
2325 3835 2433 3889 illis
2464 3838 2803 3891 scandalum.

1916 3923 2033 3979 Sin.
2086 3926 2476 3993 Exspectabam
2512 3930 2751 3984 salutare
2805 3938 2995 3998 tuum,
3058 3930 3284 3987 Domine
3318 3950 3333 3988 :
3365 3941 3422 3987 et

1846 4017 2097 4071 mandata
2127 4026 2214 4070 tua
2244 4018 2429 4071 dilexi.

1917 4106 2035 4171 Sin.
2061 4108 2370 4163 Custodivit
2396 4109 2577 4171 anima
2611 4126 2729 4174 mea
2753 4114 3064 4178 testimonia
3093 4126 3182 4171 tua
3207 4130 3223 4179 ζ
3253 4129 3311 4173 et
3337 4119 3420 4173 dio

1840 4200 1974 4262 lesit
2004 4220 2065 4255 ea
2094 4203 2471 4263 vehementer.

1846 4417 2029 4461 autem
2058 4408 2254 4476 lingua!
2300 4409 2429 4460 illud
2472 4410 2648 4479 potius
2679 4412 2939 4465 usitatum
2975 4422 3080 4475 est,
3120 4424 3177 4468 ut
3207 4418 3273 4470 ab
3312 4420 3421 4473 ini-

1782 4471 1823 4525 D
1853 4490 1948 4555 tto,
1984 4480 2065 4555 vel
2097 4471 2527 4555 ᾔιῖδιὶυειιιςειιιῂ·ξ
2548 4482 2692 4555 quod
2722 4486 3003 4555 κᾳταρχὰς
3027 4471 3235 4546 Graece.
3259 4471 3416 4555 quasi

1856 4549 2164 4616 pluraliter,
2183 4550 2277 4601 sed
2310 4552 2695 4602 adverbialiter
2726 4549 2951 4614 dicitur,
2988 4571 3007 4603 ι
3056 4565 3166 4608 etc.
3213 4549 3420 4615 Sit-bac,

1855 4620 2047 4690 quenti
2071 4631 2229 4670 versu
2259 4617 2400 4690 idem
2441 4633 2571 4681 ms.,
2616 4618 2740 4673 Vide
2767 4620 3121 4677 humilitatem
3152 4642 3345 4690 meam,
3370 4638 3420 4682 et

1855 4688 2050 4739 redime
2072 4702 2176 4759 me.
2232 4688 2499 4759 quoniam,
2553 4701 2665 4742 etc.
2702 4690 2866 4754 Tum,
2918 4692 3143 4759 Proliter
3203 4688 3416 4753 verbum

1854 4765 2001 4835 tuum
2033 4756 2363 4835 vivificante.
2396 4756 2571 4827 Longe
2598 4776 2639 4835 et
2655 4763 3011 4835 peccatoribus
3031 4756 3039 4759 ’
3062 4765 3230 4831 salus,
3286 4784 3416 4835 quo-

1851 4827 2441 4900 niamjustiﬁcationes,
2465 4838 2572 4880 etc.
2602 4829 2686 4892 Et,
2709 4833 3075 4886 Miserationes
3095 4827 3420 4900 tuwmultw,

1850 4895 2095 4969 Domine.
2120 4898 2409 4952 secundum
2413 4897 2620 4969 judicia
2637 4910 2730 4951 tua
2748 4902 2947 4969 vivi/ica
2970 4919 3069 4967 me,
3095 4906 3172 4958 Ac
3199 4895 3420 4961 demum

1848 4967 2021 5042 altera
2046 4968 2114 5019 ab
2149 4970 2251 5042 hoc
2279 4971 2459 5033 versu,
2498 4967 2615 5021 Vidi
2641 4967 2957 5037 insensatos’.
2992 4983 3039 5025 et
3065 4975 3418 5042 tabescebam,

1848 5039 2099 5116 quoniam
2128 5037 2281 5115 verba
2329 5047 2419 5089 tua
2469 5052 2571 5117 non
2630 5043 3014 5097 custodierunt.
3074 5047 3204 5117 Qua:
3252 5037 3420 5102 lectio

1846 5106 2153 5171 Augustino
2192 5108 2359 5159 etiam
2394 5107 2679 5174 probatur.

1900 5176 2016 5228 "In
2066 5176 2258 5229 eodem
2312 5191 2440 5240 ms.,
2478 5175 2776 5243 Trepidavit
2826 5197 2919 5234 cor
2971 5199 3165 5237 meum.
3192 5182 3417 5239 Exsulta

1844 5260 1938 5320 ego
1968 5247 2021 5320 in
2057 5246 2209 5320 verba
2245 5254 2359 5320 tua,
2393 5257 2509 5320 etc.
2542 5247 2855 5316 lnjustitias
2903 5254 3026 5307 odio
3082 5256 3264 5320 habui,
3304 5268 3414 5309 etc.

1846 5315 1931 5378 Et,
1962 5315 2157 5393 Septies
2190 5316 2241 5367 in
2270 5317 2354 5369 die
2385 5315 2615 5375 laudabo
2635 5328 2685 5371 te
2714 5324 3114 5393 superjudicia,
3140 5315 3416 5378 etciSub-

1842 5390 2292 5461 sequenti__versu
2332 5397 2485 5461 tacet
2540 5402 2739 5461 nomen
2782 5390 2987 5445 Donine
3034 5408 3053 5447 :
3101 5396 3413 5461 insequenti

1842 5460 2025 5508 autem
2056 5456 2165 5508 alio
2185 5458 2437 5525 exquisivi
2473 5457 2657 5519 habet.
2691 5475 2791 5527 pro
2817 5462 3002 5515 dilexi.
3036 5462 3197 5526 Tum,
3222 5456 3415 5515 Custo-

1842 5529 1973 5601 divit
2007 5528 2189 5601 anima
2218 5543 2367 5601 pica,
2400 5537 2532 5591 etc.,
2558 5540 2604 5581 et
2640 5532 2805 5584 dilexi
2829 5534 2921 5584 illa
2970 5532 3143 5597 valde,
3206 5547 3303 5601 pro
3328 5534 3418 5583 di-

1845 5596 1995 5665 lexit,
2025 5600 2170 5663 quod
2215 5596 2277 5650 S.
2304 5599 2644 5665 Augustinus
2689 5602 2741 5652 in
2798 5602 3075 5655 nonnullis
3126 5596 3419 5659 Codicibus

1842 5664 2027 5718 haberi
2076 5676 2329 5731 testatur,
2366 5664 2423 5719 ut
2447 5670 2820 5735 subaudiatur,
2850 5671 3031 5722 anima
3064 5688 3201 5729 mea.
3250 5671 3418 5727 Deni-

1838 5751 1965 5803 que,
1996 5738 2255 5801 Quoniam
2285 5755 2461 5792 omnes
2502 5742 2597 5793 viae
2628 5755 2756 5795 mea:
2798 5755 2975 5796 coram
3002 5751 3069 5809 te,
3106 5744 3349 5802 Domine.
