  <div class='ocr_page' id='page_1' title='image "/cluster/home/n/w/nwhite01/storage/ocr_20150623/29/hvd.32044096580519/207.png"; bbox 0 0 3840 6176; ppageno 0'>
   <div class='ocr_carea' id='block_1_1' title="bbox 341 405 449 467">
    <p class='ocr_par' dir='ltr' id='par_1_1' title="bbox 341 405 449 467">
     <span class='ocr_line' id='line_1_1' title="bbox 341 405 449 467; baseline -0.019 0"><span class='ocrx_word' id='word_1_1' title='bbox 341 405 449 467; x_wconf 63' lang='lat'><strong><em>&#39;58}</em></strong></span> 
     </span>
    </p>
   </div>
   <div class='ocr_carea' id='block_1_2' title="bbox 1250 401 2670 467">
    <p class='ocr_par' dir='ltr' id='par_1_2' title="bbox 1250 401 2670 467">
     <span class='ocr_line' id='line_1_2' title="bbox 1250 401 2670 467; baseline 0.003 -4"><span class='ocrx_word' id='word_1_2' title='bbox 1250 404 1314 463; x_wconf 92' lang='lat' dir='ltr'><strong><em>S.</em></strong></span> <span class='ocrx_word' id='word_1_3' title='bbox 1349 401 1785 463; x_wconf 73' lang='lat' dir='ltr'><strong>HIERONYMI</strong></span> <span class='ocrx_word' id='word_1_4' title='bbox 1832 402 2095 460; x_wconf 74' lang='lat' dir='ltr'><strong>DIVINA</strong></span> <span class='ocrx_word' id='word_1_5' title='bbox 2144 403 2670 467; x_wconf 70' lang='lat' dir='ltr'><strong><em>BIBIJOTHECA.</em></strong></span> 
     </span>
    </p>
   </div>
   <div class='ocr_carea' id='block_1_3' title="bbox 3445 410 3539 472">
    <p class='ocr_par' dir='ltr' id='par_1_3' title="bbox 3445 410 3539 472">
     <span class='ocr_line' id='line_1_3' title="bbox 3445 410 3539 472; baseline 0 0"><span class='ocrx_word' id='word_1_6' title='bbox 3445 410 3539 472; x_wconf 58' lang='lat'><strong><em>384</em></strong></span> 
     </span>
    </p>
   </div>
   <div class='ocr_carea' id='block_1_4' title="bbox 1616 521 2289 585">
    <p class='ocr_par' dir='ltr' id='par_1_4' title="bbox 1616 521 2289 585">
     <span class='ocr_line' id='line_1_4' title="bbox 1616 521 2289 585; baseline 0.006 -5"><span class='ocrx_word' id='word_1_7' title='bbox 1616 521 1971 582; x_wconf 82' lang='lat' dir='ltr'><strong><em>PSALMUS</em></strong></span> <span class='ocrx_word' id='word_1_8' title='bbox 2018 522 2289 585; x_wconf 82' lang='lat' dir='ltr'><strong>CXXIII.</strong></span> 
     </span>
    </p>
   </div>
   <div class='ocr_carea' id='block_1_5' title="bbox 802 624 1390 666">
    <p class='ocr_par' dir='ltr' id='par_1_5' title="bbox 802 624 1390 666">
     <span class='ocr_line' id='line_1_5' title="bbox 802 624 1390 666; baseline -0.003 -1"><span class='ocrx_word' id='word_1_9' title='bbox 802 627 1065 666; x_wconf 67' lang='lat' dir='ltr'><strong><em>CANTICUM</em></strong></span> <span class='ocrx_word' id='word_1_10' title='bbox 1119 624 1287 665; x_wconf 73' lang='lat' dir='ltr'><strong><em>GRADU</em></strong></span> <span class='ocrx_word' id='word_1_11' title='bbox 1300 626 1390 663; x_wconf 71' lang='grc' dir='ltr'><strong><em>υὶί.</em></strong></span> 
     </span>
    </p>
   </div>
   <div class='ocr_carea' id='block_1_6' title="bbox 406 704 1910 775">
    <p class='ocr_par' dir='ltr' id='par_1_6' title="bbox 406 704 1910 775">
     <span class='ocr_line' id='line_1_6' title="bbox 406 704 1910 775; baseline -0.002 -16"><span class='ocrx_word' id='word_1_12' title='bbox 406 705 527 760; x_wconf 88' lang='lat' dir='ltr'><strong><em>Nisi</em></strong></span> <span class='ocrx_word' id='word_1_13' title='bbox 550 718 610 762; x_wconf 66' lang='grc' dir='ltr'><strong><em>-ιν</em></strong></span> <span class='ocrx_word' id='word_1_14' title='bbox 632 706 753 775; x_wconf 88' lang='lat' dir='ltr'><strong><em>quia</em></strong></span> <span class='ocrx_word' id='word_1_15' title='bbox 786 706 800 734; x_wconf 89' lang='grc'>¹</span> <span class='ocrx_word' id='word_1_16' title='bbox 846 706 869 773; x_wconf 70' lang='grc' dir='ltr'>ζ</span> <span class='ocrx_word' id='word_1_17' title='bbox 910 704 1163 757; x_wconf 76' lang='lat' dir='ltr'><strong><em>Dominus</em></strong></span> <span class='ocrx_word' id='word_1_18' title='bbox 1192 714 1305 757; x_wconf 87' lang='lat' dir='ltr'><strong><em>erat</em></strong></span> <span class='ocrx_word' id='word_1_19' title='bbox 1333 706 1385 756; x_wconf 88' lang='lat' dir='ltr'><strong><em>in</em></strong></span> <span class='ocrx_word' id='word_1_20' title='bbox 1410 704 1579 765; x_wconf 89' lang='lat' dir='ltr'><strong><em>nobis,</em></strong></span> <span class='ocrx_word' id='word_1_21' title='bbox 1605 704 1743 755; x_wconf 78' lang='lat' dir='ltr'><strong><em>dicat</em></strong></span> <span class='ocrx_word' id='word_1_22' title='bbox 1775 720 1910 757; x_wconf 89' lang='lat' dir='ltr'><strong><em>nunc</em></strong></span> 
     </span>
    </p>
   </div>
   <div class='ocr_carea' id='block_1_7' title="bbox 338 796 1695 866">
    <p class='ocr_par' dir='ltr' id='par_1_7' title="bbox 338 796 1695 866">
     <span class='ocr_line' id='line_1_7' title="bbox 338 796 1695 866; baseline -0.005 -13"><span class='ocrx_word' id='word_1_23' title='bbox 338 799 546 853; x_wconf 78' lang='lat' dir='ltr'><strong><em>Israel:</em></strong></span> <span class='ocrx_word' id='word_1_24' title='bbox 584 799 685 850; x_wconf 89' lang='lat' dir='ltr'><strong><em>nisi</em></strong></span> <span class='ocrx_word' id='word_1_25' title='bbox 706 811 763 851; x_wconf 56' lang='grc' dir='ltr'><strong><em>-εν</em></strong></span> <span class='ocrx_word' id='word_1_26' title='bbox 793 799 917 866; x_wconf 80' lang='lat' dir='ltr'><strong><em>quia</em></strong></span> <span class='ocrx_word' id='word_1_27' title='bbox 946 796 969 865; x_wconf 68' lang='grc' dir='ltr'>ζ</span> <span class='ocrx_word' id='word_1_28' title='bbox 1004 796 1255 851; x_wconf 76' lang='lat' dir='ltr'><strong><em>Dominus</em></strong></span> <span class='ocrx_word' id='word_1_29' title='bbox 1284 806 1397 851; x_wconf 85' lang='lat' dir='ltr'><strong><em>erat</em></strong></span> <span class='ocrx_word' id='word_1_30' title='bbox 1428 797 1483 849; x_wconf 91' lang='lat' dir='ltr'><strong><em>in</em></strong></span> <span class='ocrx_word' id='word_1_31' title='bbox 1527 797 1695 849; x_wconf 86' lang='lat' dir='ltr'><strong><em>nobis.</em></strong></span> 
     </span>
    </p>
   </div>
   <div class='ocr_carea' id='block_1_8' title="bbox 411 977 1914 1046">
    <p class='ocr_par' dir='ltr' id='par_1_8' title="bbox 411 977 1914 1046">
     <span class='ocr_line' id='line_1_8' title="bbox 411 977 1914 1046; baseline 0.002 -14"><span class='ocrx_word' id='word_1_32' title='bbox 411 978 545 1032; x_wconf 83' lang='lat' dir='ltr'><strong><em>Cum</em></strong></span> <span class='ocrx_word' id='word_1_33' title='bbox 570 984 907 1046; x_wconf 74' lang='lat' dir='ltr'><strong><em>exsurgerent</em></strong></span> <span class='ocrx_word' id='word_1_34' title='bbox 939 977 1169 1029; x_wconf 87' lang='lat' dir='ltr'><strong><em>homines</em></strong></span> <span class='ocrx_word' id='word_1_35' title='bbox 1196 978 1247 1030; x_wconf 92' lang='lat' dir='ltr'><strong><em>in</em></strong></span> <span class='ocrx_word' id='word_1_36' title='bbox 1280 994 1372 1030; x_wconf 88' lang='lat' dir='ltr'><strong><em>nos</em></strong></span> <span class='ocrx_word' id='word_1_37' title='bbox 1419 994 1437 1031; x_wconf 93' lang='lat'><strong><em>:</em></strong></span> <span class='ocrx_word' id='word_1_38' title='bbox 1475 977 1610 1046; x_wconf 82' lang='lat' dir='ltr'><strong><em>forte</em></strong></span> <span class='ocrx_word' id='word_1_39' title='bbox 1660 979 1798 1031; x_wconf 83' lang='lat' dir='ltr'><strong><em>vivos</em></strong></span> <span class='ocrx_word' id='word_1_40' title='bbox 1822 977 1914 1035; x_wconf 71' lang='lat' dir='ltr'><strong><em>dt-</em></strong></span> 
     </span>
    </p>
   </div>
   <div class='ocr_carea' id='block_1_9' title="bbox 335 1071 769 1142">
    <p class='ocr_par' dir='ltr' id='par_1_9' title="bbox 335 1071 769 1142">
     <span class='ocr_line' id='line_1_9' title="bbox 335 1071 769 1142; baseline -0.007 -20"><span class='ocrx_word' id='word_1_41' title='bbox 335 1071 611 1142; x_wconf 72' lang='lat' dir='ltr'><strong><em>glutissent</em></strong></span> <span class='ocrx_word' id='word_1_42' title='bbox 654 1084 769 1121; x_wconf 90' lang='lat' dir='ltr'><strong><em>nos.</em></strong></span> 
     </span>
    </p>
   </div>
   <div class='ocr_carea' id='block_1_10' title="bbox 432 1160 1913 1231">
    <p class='ocr_par' dir='ltr' id='par_1_10' title="bbox 432 1160 1913 1231">
     <span class='ocr_line' id='line_1_10' title="bbox 432 1160 1913 1231; baseline 0.003 -20"><span class='ocrx_word' id='word_1_43' title='bbox 432 1160 553 1220; x_wconf 77' lang='lat' dir='ltr'><strong><em>Cum</em></strong></span> <span class='ocrx_word' id='word_1_44' title='bbox 578 1164 899 1215; x_wconf 75' lang='lat' dir='ltr'><strong><em>irasceretur</em></strong></span> <span class='ocrx_word' id='word_1_45' title='bbox 918 1164 1063 1231; x_wconf 80' lang='lat' dir='ltr'><strong><em>furor</em></strong></span> <span class='ocrx_word' id='word_1_46' title='bbox 1091 1178 1269 1215; x_wconf 83' lang='lat' dir='ltr'><strong><em>eorum</em></strong></span> <span class='ocrx_word' id='word_1_47' title='bbox 1288 1163 1341 1214; x_wconf 91' lang='lat' dir='ltr'><strong><em>in</em></strong></span> <span class='ocrx_word' id='word_1_48' title='bbox 1366 1179 1457 1217; x_wconf 90' lang='lat' dir='ltr'><strong><em>nos</em></strong></span> <span class='ocrx_word' id='word_1_49' title='bbox 1483 1178 1501 1215; x_wconf 95' lang='lat'><strong><em>:</em></strong></span> <span class='ocrx_word' id='word_1_50' title='bbox 1522 1161 1750 1231; x_wconf 77' lang='lat' dir='ltr'><strong><em>forsitan</em></strong></span> <span class='ocrx_word' id='word_1_51' title='bbox 1775 1178 1913 1229; x_wconf 86' lang='lat' dir='ltr'><strong><em>aqua</em></strong></span> 
     </span>
    </p>
   </div>
   <div class='ocr_carea' id='block_1_11' title="bbox 337 1257 836 1310">
    <p class='ocr_par' dir='ltr' id='par_1_11' title="bbox 337 1257 836 1310">
     <span class='ocr_line' id='line_1_11' title="bbox 337 1257 836 1310; baseline 0 -1"><span class='ocrx_word' id='word_1_52' title='bbox 337 1257 559 1309; x_wconf 87' lang='lat' dir='ltr'><strong><em>absorbn</em></strong></span> <span class='ocrx_word' id='word_1_53' title='bbox 569 1257 688 1309; x_wconf 81' lang='lat' dir='ltr'><strong><em>isset</em></strong></span> <span class='ocrx_word' id='word_1_54' title='bbox 723 1273 836 1310; x_wconf 91' lang='lat' dir='ltr'><strong><em>nos.</em></strong></span> 
     </span>
    </p>
   </div>
   <div class='ocr_carea' id='block_1_12' title="bbox 424 1345 1915 1416">
    <p class='ocr_par' dir='ltr' id='par_1_12' title="bbox 424 1345 1915 1416">
     <span class='ocr_line' id='line_1_12' title="bbox 424 1345 1915 1416; baseline -0.001 -18"><span class='ocrx_word' id='word_1_55' title='bbox 424 1345 725 1398; x_wconf 73' lang='lat' dir='ltr'><strong><em>Torrentem</em></strong></span> <span class='ocrx_word' id='word_1_56' title='bbox 752 1348 1095 1415; x_wconf 84' lang='lat' dir='ltr'><strong><em>pertransivit</em></strong></span> <span class='ocrx_word' id='word_1_57' title='bbox 1134 1351 1154 1381; x_wconf 84' lang='grc'>¹</span> <span class='ocrx_word' id='word_1_58' title='bbox 1180 1348 1361 1399; x_wconf 88' lang='lat' dir='ltr'><strong><em>anima</em></strong></span> <span class='ocrx_word' id='word_1_59' title='bbox 1413 1358 1596 1399; x_wconf 90' lang='lat' dir='ltr'><strong><em>nostra</em></strong></span> <span class='ocrx_word' id='word_1_60' title='bbox 1635 1362 1651 1401; x_wconf 91' lang='lat'><strong><em>:</em></strong></span> <span class='ocrx_word' id='word_1_61' title='bbox 1687 1345 1915 1416; x_wconf 73' lang='lat' dir='ltr'><strong><em>forsitan</em></strong></span> 
     </span>
    </p>
   </div>
   <div class='ocr_carea' id='block_1_13' title="bbox 338 1439 1810 1509">
    <p class='ocr_par' dir='ltr' id='par_1_13' title="bbox 338 1439 1810 1509">
     <span class='ocr_line' id='line_1_13' title="bbox 338 1439 1810 1509; baseline 0.001 -20"><span class='ocrx_word' id='word_1_62' title='bbox 338 1439 719 1508; x_wconf 82' lang='lat' dir='ltr'><strong><em>pertransisset</em></strong></span> <span class='ocrx_word' id='word_1_63' title='bbox 747 1443 927 1492; x_wconf 85' lang='lat' dir='ltr'><strong><em>anima</em></strong></span> <span class='ocrx_word' id='word_1_64' title='bbox 960 1448 1144 1493; x_wconf 86' lang='lat' dir='ltr'><strong><em>nostra</em></strong></span> <span class='ocrx_word' id='word_1_65' title='bbox 1176 1456 1373 1509; x_wconf 87' lang='lat' dir='ltr'><strong><em>aquam</em></strong></span> <span class='ocrx_word' id='word_1_66' title='bbox 1399 1439 1810 1492; x_wconf 85' lang='lat' dir='ltr'><strong><em>intolerabilem.</em></strong></span> 
     </span>
    </p>
   </div>
   <div class='ocr_carea' id='block_1_14' title="bbox 422 1530 1920 1602">
    <p class='ocr_par' dir='ltr' id='par_1_14' title="bbox 422 1530 1920 1602">
     <span class='ocr_line' id='line_1_14' title="bbox 422 1530 1920 1602; baseline -0.001 -17"><span class='ocrx_word' id='word_1_67' title='bbox 422 1531 729 1585; x_wconf 75' lang='lat' dir='ltr'><strong><em>Benedictus</em></strong></span> <span class='ocrx_word' id='word_1_68' title='bbox 781 1530 1085 1586; x_wconf 85' lang='lat' dir='ltr'><strong><em>Dominus:</em></strong></span> <span class='ocrx_word' id='word_1_69' title='bbox 1118 1534 1208 1602; x_wconf 86' lang='lat' dir='ltr'><strong><em>qui</em></strong></span> <span class='ocrx_word' id='word_1_70' title='bbox 1260 1549 1364 1587; x_wconf 91' lang='lat' dir='ltr'><strong><em>non</em></strong></span> <span class='ocrx_word' id='word_1_71' title='bbox 1415 1532 1555 1585; x_wconf 90' lang='lat' dir='ltr'><strong><em>dedit</em></strong></span> <span class='ocrx_word' id='word_1_72' title='bbox 1591 1548 1683 1585; x_wconf 90' lang='lat' dir='ltr'><strong><em>nos</em></strong></span> <span class='ocrx_word' id='word_1_73' title='bbox 1733 1531 1786 1584; x_wconf 90' lang='lat' dir='ltr'><strong><em>in</em></strong></span> <span class='ocrx_word' id='word_1_74' title='bbox 1825 1546 1920 1583; x_wconf 90' lang='lat' dir='ltr'><strong><em>ca-</em></strong></span> 
     </span>
    </p>
   </div>
   <div class='ocr_carea' id='block_1_15' title="bbox 340 1626 1073 1694">
    <p class='ocr_par' dir='ltr' id='par_1_15' title="bbox 340 1626 1073 1694">
     <span class='ocr_line' id='line_1_15' title="bbox 340 1626 1073 1694; baseline 0.008 -17"><span class='ocrx_word' id='word_1_75' title='bbox 340 1626 566 1694; x_wconf 87' lang='lat' dir='ltr'><strong><em>ptionem</em></strong></span> <span class='ocrx_word' id='word_1_76' title='bbox 597 1627 840 1681; x_wconf 75' lang='lat' dir='ltr'><strong><em>dentibus</em></strong></span> <span class='ocrx_word' id='word_1_77' title='bbox 872 1644 1073 1691; x_wconf 82' lang='lat' dir='ltr'><strong><em>eorum.</em></strong></span> 
     </span>
    </p>
   </div>
   <div class='ocr_carea' id='block_1_16' title="bbox 409 1718 1919 1791">
    <p class='ocr_par' dir='ltr' id='par_1_16' title="bbox 409 1718 1919 1791">
     <span class='ocr_line' id='line_1_16' title="bbox 409 1718 1919 1791; baseline 0 -21"><span class='ocrx_word' id='word_1_78' title='bbox 409 1720 604 1771; x_wconf 82' lang='lat' dir='ltr'><strong><em>Anima</em></strong></span> <span class='ocrx_word' id='word_1_79' title='bbox 631 1729 833 1785; x_wconf 85' lang='lat' dir='ltr'><strong><em>nostra,</em></strong></span> <span class='ocrx_word' id='word_1_80' title='bbox 894 1722 1030 1773; x_wconf 90' lang='lat' dir='ltr'><strong><em>sicut</em></strong></span> <span class='ocrx_word' id='word_1_81' title='bbox 1061 1737 1261 1790; x_wconf 86' lang='lat' dir='ltr'><strong><em>passer,</em></strong></span> <span class='ocrx_word' id='word_1_82' title='bbox 1307 1731 1486 1791; x_wconf 86' lang='lat' dir='ltr'><strong><em>erepta</em></strong></span> <span class='ocrx_word' id='word_1_83' title='bbox 1538 1730 1614 1775; x_wconf 86' lang='lat' dir='ltr'><strong><em>est</em></strong></span> <span class='ocrx_word' id='word_1_84' title='bbox 1645 1720 1706 1773; x_wconf 91' lang='lat' dir='ltr'><strong><em>de</em></strong></span> <span class='ocrx_word' id='word_1_85' title='bbox 1732 1718 1919 1791; x_wconf 79' lang='lat' dir='ltr'><strong><em>laqueo</em></strong></span> 
     </span>
    </p>
   </div>
   <div class='ocr_carea' id='block_1_17' title="bbox 344 1813 675 1863">
    <p class='ocr_par' dir='ltr' id='par_1_17' title="bbox 344 1813 675 1863">
     <span class='ocr_line' id='line_1_17' title="bbox 344 1813 675 1863; baseline 0 0"><span class='ocrx_word' id='word_1_86' title='bbox 344 1813 675 1863; x_wconf 79' lang='lat' dir='ltr'><strong><em>venantium.</em></strong></span> 
     </span>
    </p>
   </div>
   <div class='ocr_carea' id='block_1_18' title="bbox 423 1901 1778 1968">
    <p class='ocr_par' dir='ltr' id='par_1_18' title="bbox 423 1901 1778 1968">
     <span class='ocr_line' id='line_1_18' title="bbox 423 1901 1778 1968; baseline 0.003 -15"><span class='ocrx_word' id='word_1_87' title='bbox 423 1901 661 1968; x_wconf 79' lang='lat' dir='ltr'><strong><em>Laqueus</em></strong></span> <span class='ocrx_word' id='word_1_88' title='bbox 687 1903 945 1956; x_wconf 78' lang='lat' dir='ltr'><strong><em>contritus</em></strong></span> <span class='ocrx_word' id='word_1_89' title='bbox 987 1913 1082 1967; x_wconf 89' lang='lat' dir='ltr'><strong><em>est,</em></strong></span> <span class='ocrx_word' id='word_1_90' title='bbox 1109 1912 1159 1957; x_wconf 90' lang='lat' dir='ltr'><strong><em>et</em></strong></span> <span class='ocrx_word' id='word_1_91' title='bbox 1190 1920 1281 1957; x_wconf 92' lang='lat' dir='ltr'><strong><em>nos</em></strong></span> <span class='ocrx_word' id='word_1_92' title='bbox 1317 1904 1528 1957; x_wconf 85' lang='lat' dir='ltr'><strong><em>liberati</em></strong></span> <span class='ocrx_word' id='word_1_93' title='bbox 1575 1919 1778 1957; x_wconf 86' lang='lat' dir='ltr'><strong><em>sumus.</em></strong></span> 
     </span>
    </p>
   </div>
   <div class='ocr_carea' id='block_1_19' title="bbox 2513 626 3095 666">
    <p class='ocr_par' dir='ltr' id='par_1_19' title="bbox 2513 626 3095 666">
     <span class='ocr_line' id='line_1_19' title="bbox 2513 626 3095 666; baseline 0 0"><span class='ocrx_word' id='word_1_94' title='bbox 2513 626 2772 666; x_wconf 72' lang='lat' dir='ltr'><strong><em>CANTICUM</em></strong></span> <span class='ocrx_word' id='word_1_95' title='bbox 2827 626 3095 666; x_wconf 75' lang='grc' dir='ltr'><strong><em>οιυωυυιι.</em></strong></span> 
     </span>
    </p>
   </div>
   <div class='ocr_carea' id='block_1_20' title="bbox 2081 702 3548 777">
    <p class='ocr_par' dir='ltr' id='par_1_20' title="bbox 2081 702 3548 777">
     <span class='ocr_line' id='line_1_20' title="bbox 2081 702 3548 777; baseline 0.005 -19"><span class='ocrx_word' id='word_1_96' title='bbox 2081 703 2198 760; x_wconf 83' lang='lat' dir='ltr'><strong><em>Nisi</em></strong></span> <span class='ocrx_word' id='word_1_97' title='bbox 2231 704 2378 773; x_wconf 88' lang='lat' dir='ltr'><strong><em>quod</em></strong></span> <span class='ocrx_word' id='word_1_98' title='bbox 2422 703 2546 775; x_wconf 80' lang='lat' dir='ltr'><strong><em>Ims.</em></strong></span> <span class='ocrx_word' id='word_1_99' title='bbox 2594 702 2748 775; x_wconf 79' lang='lat' dir='ltr'><strong><em>quia]</em></strong></span> <span class='ocrx_word' id='word_1_100' title='bbox 2808 704 3075 761; x_wconf 88' lang='lat' dir='ltr'><strong><em>Dominus</em></strong></span> <span class='ocrx_word' id='word_1_101' title='bbox 3115 714 3235 759; x_wconf 85' lang='lat' dir='ltr'><strong><em>erat</em></strong></span> <span class='ocrx_word' id='word_1_102' title='bbox 3287 706 3337 761; x_wconf 90' lang='lat' dir='ltr'><strong><em>in</em></strong></span> <span class='ocrx_word' id='word_1_103' title='bbox 3392 710 3548 777; x_wconf 89' lang='lat' dir='ltr'><strong><em>nobis,</em></strong></span> 
     </span>
    </p>
   </div>
   <div class='ocr_carea' id='block_1_21' title="bbox 2014 793 3550 871">
    <p class='ocr_par' dir='ltr' id='par_1_21' title="bbox 2014 793 3550 871">
     <span class='ocr_line' id='line_1_21' title="bbox 2014 793 3550 871; baseline 0.006 -21"><span class='ocrx_word' id='word_1_104' title='bbox 2014 796 2164 851; x_wconf 87' lang='lat' dir='ltr'><strong><em>dicat</em></strong></span> <span class='ocrx_word' id='word_1_105' title='bbox 2197 811 2346 850; x_wconf 89' lang='lat' dir='ltr'><strong><em>nunc</em></strong></span> <span class='ocrx_word' id='word_1_106' title='bbox 2372 794 2498 871; x_wconf 88' lang='lat' dir='ltr'><strong><em>[ms.</em></strong></span> <span class='ocrx_word' id='word_1_107' title='bbox 2528 793 2690 867; x_wconf 86' lang='lat' dir='ltr'><strong><em>vero]</em></strong></span> <span class='ocrx_word' id='word_1_108' title='bbox 2724 795 2895 850; x_wconf 86' lang='lat' dir='ltr'><strong><em>Israel</em></strong></span> <span class='ocrx_word' id='word_1_109' title='bbox 2934 814 2948 852; x_wconf 87' lang='lat'><strong>:</strong></span> <span class='ocrx_word' id='word_1_110' title='bbox 2996 795 3101 851; x_wconf 89' lang='lat' dir='ltr'><strong><em>nisi</em></strong></span> <span class='ocrx_word' id='word_1_111' title='bbox 3160 799 3283 866; x_wconf 86' lang='lat' dir='ltr'><strong><em>quia</em></strong></span> <span class='ocrx_word' id='word_1_112' title='bbox 3319 798 3550 859; x_wconf 85' lang='lat' dir='ltr'><strong><em>Dominus</em></strong></span> 
     </span>
    </p>
   </div>
   <div class='ocr_carea' id='block_1_22' title="bbox 2012 887 2434 942">
    <p class='ocr_par' dir='ltr' id='par_1_22' title="bbox 2012 887 2434 942">
     <span class='ocr_line' id='line_1_22' title="bbox 2012 887 2434 942; baseline -0.002 0"><span class='ocrx_word' id='word_1_113' title='bbox 2012 896 2135 942; x_wconf 87' lang='lat' dir='ltr'><strong><em>erat</em></strong></span> <span class='ocrx_word' id='word_1_114' title='bbox 2166 888 2220 941; x_wconf 88' lang='lat' dir='ltr'><strong><em>in</em></strong></span> <span class='ocrx_word' id='word_1_115' title='bbox 2255 887 2434 941; x_wconf 90' lang='lat' dir='ltr'><strong><em>nobis.</em></strong></span> 
     </span>
    </p>
   </div>
   <div class='ocr_carea' id='block_1_23' title="bbox 2090 977 3554 1049">
    <p class='ocr_par' dir='ltr' id='par_1_23' title="bbox 2090 977 3554 1049">
     <span class='ocr_line' id='line_1_23' title="bbox 2090 977 3554 1049; baseline 0.004 -14"><span class='ocrx_word' id='word_1_116' title='bbox 2090 979 2228 1036; x_wconf 87' lang='lat' dir='ltr'><strong><em>Dum</em></strong></span> <span class='ocrx_word' id='word_1_117' title='bbox 2261 979 2615 1049; x_wconf 78' lang='lat' dir='ltr'><strong><em>insurgerent</em></strong></span> <span class='ocrx_word' id='word_1_118' title='bbox 2639 977 2895 1033; x_wconf 85' lang='lat' dir='ltr'><strong><em>homines</em></strong></span> <span class='ocrx_word' id='word_1_119' title='bbox 2924 979 2979 1033; x_wconf 91' lang='lat' dir='ltr'><strong><em>in</em></strong></span> <span class='ocrx_word' id='word_1_120' title='bbox 3009 994 3110 1034; x_wconf 86' lang='lat' dir='ltr'><strong><em>nos</em></strong></span> <span class='ocrx_word' id='word_1_121' title='bbox 3140 996 3154 1035; x_wconf 89' lang='lat'><strong>:</strong></span> <span class='ocrx_word' id='word_1_122' title='bbox 3182 978 3397 1036; x_wconf 82' lang='lat' dir='ltr'><strong><em>forsitan</em></strong></span> <span class='ocrx_word' id='word_1_123' title='bbox 3422 984 3554 1041; x_wconf 81' lang='lat' dir='ltr'><strong><em>vivos</em></strong></span> 
     </span>
    </p>
   </div>
   <div class='ocr_carea' id='block_1_24' title="bbox 2016 1070 2601 1139">
    <p class='ocr_par' dir='ltr' id='par_1_24' title="bbox 2016 1070 2601 1139">
     <span class='ocr_line' id='line_1_24' title="bbox 2016 1070 2601 1139; baseline 0 -14"><span class='ocrx_word' id='word_1_124' title='bbox 2016 1070 2379 1139; x_wconf 85' lang='lat' dir='ltr'><strong><em>deglutissent</em></strong></span> <span class='ocrx_word' id='word_1_125' title='bbox 2419 1086 2519 1124; x_wconf 89' lang='lat' dir='ltr'><strong><em>nos</em></strong></span> <span class='ocrx_word' id='word_1_126' title='bbox 2556 1070 2601 1125; x_wconf 72' lang='grc'><strong>⁵.</strong></span> 
     </span>
    </p>
   </div>
   <div class='ocr_carea' id='block_1_25' title="bbox 2091 1162 3555 1225">
    <p class='ocr_par' dir='ltr' id='par_1_25' title="bbox 2091 1162 3555 1225">
     <span class='ocr_line' id='line_1_25' title="bbox 2091 1162 3555 1225; baseline 0.005 -8"><span class='ocrx_word' id='word_1_127' title='bbox 2091 1163 2231 1217; x_wconf 87' lang='lat' dir='ltr'><strong><em>Dum</em></strong></span> <span class='ocrx_word' id='word_1_128' title='bbox 2282 1163 2619 1217; x_wconf 80' lang='lat' dir='ltr'><strong><em>irasceretur</em></strong></span> <span class='ocrx_word' id='word_1_129' title='bbox 2649 1162 2867 1217; x_wconf 89' lang='lat' dir='ltr'><strong><em>animus</em></strong></span> <span class='ocrx_word' id='word_1_130' title='bbox 2902 1177 3095 1217; x_wconf 89' lang='lat' dir='ltr'><strong><em>eorum</em></strong></span> <span class='ocrx_word' id='word_1_131' title='bbox 3142 1162 3397 1219; x_wconf 81' lang='lat' dir='ltr'><strong><em>adversus</em></strong></span> <span class='ocrx_word' id='word_1_132' title='bbox 3426 1183 3555 1225; x_wconf 85' lang='lat' dir='ltr'><strong><em>nos:</em></strong></span> 
     </span>
    </p>
   </div>
   <div class='ocr_carea' id='block_1_26' title="bbox 2020 1253 3210 1324">
    <p class='ocr_par' dir='ltr' id='par_1_26' title="bbox 2020 1253 3210 1324">
     <span class='ocr_line' id='line_1_26' title="bbox 2020 1253 3210 1324; baseline 0 -15"><span class='ocrx_word' id='word_1_133' title='bbox 2020 1253 2252 1309; x_wconf 74' lang='lat' dir='ltr'><strong><em>forsitan</em></strong></span> <span class='ocrx_word' id='word_1_134' title='bbox 2282 1255 2432 1309; x_wconf 83' lang='lat' dir='ltr'><strong><em>velut</em></strong></span> <span class='ocrx_word' id='word_1_135' title='bbox 2461 1271 2601 1324; x_wconf 91' lang='lat' dir='ltr'><strong><em>aqua</em></strong></span> <span class='ocrx_word' id='word_1_136' title='bbox 2635 1253 3053 1309; x_wconf 87' lang='lat' dir='ltr'><strong><em>absorbuisseut</em></strong></span> <span class='ocrx_word' id='word_1_137' title='bbox 3091 1270 3210 1309; x_wconf 90' lang='lat' dir='ltr'><strong><em>nos.</em></strong></span> 
     </span>
    </p>
   </div>
   <div class='ocr_carea' id='block_1_27' title="bbox 2093 1345 3559 1416">
    <p class='ocr_par' dir='ltr' id='par_1_27' title="bbox 2093 1345 3559 1416">
     <span class='ocr_line' id='line_1_27' title="bbox 2093 1345 3559 1416; baseline 0.004 -18"><span class='ocrx_word' id='word_1_138' title='bbox 2093 1347 2418 1401; x_wconf 84' lang='lat' dir='ltr'><strong><em>Torrentem</em></strong></span> <span class='ocrx_word' id='word_1_139' title='bbox 2460 1345 2821 1416; x_wconf 85' lang='lat' dir='ltr'><strong><em>pertransivit</em></strong></span> <span class='ocrx_word' id='word_1_140' title='bbox 2856 1345 3036 1399; x_wconf 84' lang='lat' dir='ltr'><strong><em>anima</em></strong></span> <span class='ocrx_word' id='word_1_141' title='bbox 3088 1355 3274 1400; x_wconf 87' lang='lat' dir='ltr'><strong><em>nostra</em></strong></span> <span class='ocrx_word' id='word_1_142' title='bbox 3308 1363 3321 1407; x_wconf 86' lang='lat'><strong>;</strong></span> <span class='ocrx_word' id='word_1_143' title='bbox 3358 1347 3559 1405; x_wconf 81' lang='lat' dir='ltr'><strong><em>forsitan</em></strong></span> 
     </span>
    </p>
   </div>
   <div class='ocr_carea' id='block_1_28' title="bbox 2021 1438 3558 1509">
    <p class='ocr_par' dir='ltr' id='par_1_28' title="bbox 2021 1438 3558 1509">
     <span class='ocr_line' id='line_1_28' title="bbox 2021 1438 3558 1509; baseline 0.003 -16"><span class='ocrx_word' id='word_1_144' title='bbox 2021 1441 2411 1509; x_wconf 80' lang='lat' dir='ltr'><strong><em>pertransisset</em></strong></span> <span class='ocrx_word' id='word_1_145' title='bbox 2459 1438 2641 1492; x_wconf 88' lang='lat' dir='ltr'><strong><em>anima</em></strong></span> <span class='ocrx_word' id='word_1_146' title='bbox 2696 1446 2883 1492; x_wconf 89' lang='lat' dir='ltr'><strong><em>nostra</em></strong></span> <span class='ocrx_word' id='word_1_147' title='bbox 2921 1452 3116 1505; x_wconf 84' lang='lat' dir='ltr'><strong><em>aquam</em></strong></span> <span class='ocrx_word' id='word_1_148' title='bbox 3169 1439 3558 1497; x_wconf 86' lang='lat' dir='ltr'><strong><em>intolerabilem.</em></strong></span> 
     </span>
    </p>
   </div>
   <div class='ocr_carea' id='block_1_29' title="bbox 2096 1529 3560 1602">
    <p class='ocr_par' dir='ltr' id='par_1_29' title="bbox 2096 1529 3560 1602">
     <span class='ocr_line' id='line_1_29' title="bbox 2096 1529 3560 1602; baseline 0.002 -15"><span class='ocrx_word' id='word_1_149' title='bbox 2096 1530 2435 1587; x_wconf 84' lang='lat' dir='ltr'><strong><em>Benedictus</em></strong></span> <span class='ocrx_word' id='word_1_150' title='bbox 2469 1529 2733 1584; x_wconf 89' lang='lat' dir='ltr'><strong><em>Dominus</em></strong></span> <span class='ocrx_word' id='word_1_151' title='bbox 2774 1546 2789 1584; x_wconf 88' lang='lat'><strong>:</strong></span> <span class='ocrx_word' id='word_1_152' title='bbox 2828 1530 2921 1599; x_wconf 86' lang='lat' dir='ltr'><strong><em>qui</em></strong></span> <span class='ocrx_word' id='word_1_153' title='bbox 2958 1546 3067 1587; x_wconf 91' lang='lat' dir='ltr'><strong><em>non</em></strong></span> <span class='ocrx_word' id='word_1_154' title='bbox 3102 1529 3252 1584; x_wconf 85' lang='lat' dir='ltr'><strong><em>dedit</em></strong></span> <span class='ocrx_word' id='word_1_155' title='bbox 3285 1544 3379 1602; x_wconf 86' lang='lat' dir='ltr'><strong><em>nos</em></strong></span> <span class='ocrx_word' id='word_1_156' title='bbox 3404 1533 3454 1585; x_wconf 88' lang='lat' dir='ltr'><strong><em>in</em></strong></span> <span class='ocrx_word' id='word_1_157' title='bbox 3480 1549 3560 1590; x_wconf 78' lang='lat' dir='ltr'><strong><em>ca-</em></strong></span> 
     </span>
    </p>
   </div>
   <div class='ocr_carea' id='block_1_30' title="bbox 2022 1621 2820 1695">
    <p class='ocr_par' dir='ltr' id='par_1_30' title="bbox 2022 1621 2820 1695">
     <span class='ocr_line' id='line_1_30' title="bbox 2022 1621 2820 1695; baseline -0.004 -16"><span class='ocrx_word' id='word_1_158' title='bbox 2022 1626 2263 1695; x_wconf 89' lang='lat' dir='ltr'><strong><em>ptionem</em></strong></span> <span class='ocrx_word' id='word_1_159' title='bbox 2308 1621 2572 1677; x_wconf 85' lang='lat' dir='ltr'><strong><em>dentibus</em></strong></span> <span class='ocrx_word' id='word_1_160' title='bbox 2600 1636 2820 1676; x_wconf 86' lang='lat' dir='ltr'><strong><em>eorum.</em></strong></span> 
     </span>
    </p>
   </div>
   <div class='ocr_carea' id='block_1_31' title="bbox 2093 1714 3564 1784">
    <p class='ocr_par' dir='ltr' id='par_1_31' title="bbox 2093 1714 3564 1784">
     <span class='ocr_line' id='line_1_31' title="bbox 2093 1714 3564 1784; baseline -0.001 -15"><span class='ocrx_word' id='word_1_161' title='bbox 2093 1718 2288 1779; x_wconf 78' lang='lat' dir='ltr'><strong><em>Anima</em></strong></span> <span class='ocrx_word' id='word_1_162' title='bbox 2313 1723 2523 1783; x_wconf 83' lang='lat' dir='ltr'><strong><em>nostra,</em></strong></span> <span class='ocrx_word' id='word_1_163' title='bbox 2546 1715 2689 1775; x_wconf 82' lang='lat' dir='ltr'><strong><em>sicut</em></strong></span> <span class='ocrx_word' id='word_1_164' title='bbox 2716 1729 2927 1784; x_wconf 84' lang='lat' dir='ltr'><strong><em>passer,</em></strong></span> <span class='ocrx_word' id='word_1_165' title='bbox 2959 1722 3149 1782; x_wconf 87' lang='lat' dir='ltr'><strong><em>erepta</em></strong></span> <span class='ocrx_word' id='word_1_166' title='bbox 3176 1722 3259 1770; x_wconf 72' lang='lat' dir='ltr'><strong><em>eat</em></strong></span> <span class='ocrx_word' id='word_1_167' title='bbox 3294 1714 3357 1768; x_wconf 84' lang='lat' dir='ltr'><strong><em>de</em></strong></span> <span class='ocrx_word' id='word_1_168' title='bbox 3392 1715 3564 1783; x_wconf 87' lang='lat' dir='ltr'><strong><em>laqueo</em></strong></span> 
     </span>
    </p>
   </div>
   <div class='ocr_carea' id='block_1_32' title="bbox 2024 1808 2367 1861">
    <p class='ocr_par' dir='ltr' id='par_1_32' title="bbox 2024 1808 2367 1861">
     <span class='ocr_line' id='line_1_32' title="bbox 2024 1808 2367 1861; baseline -0.012 0"><span class='ocrx_word' id='word_1_169' title='bbox 2024 1808 2367 1861; x_wconf 73' lang='lat' dir='ltr'><strong><em>venantium.</em></strong></span> 
     </span>
    </p>
   </div>
   <div class='ocr_carea' id='block_1_33' title="bbox 2100 1894 3567 1971">
    <p class='ocr_par' dir='ltr' id='par_1_33' title="bbox 2100 1894 3567 1971">
     <span class='ocr_line' id='line_1_33' title="bbox 2100 1894 3567 1971; baseline -0.003 -19"><span class='ocrx_word' id='word_1_170' title='bbox 2100 1899 2356 1971; x_wconf 82' lang='lat' dir='ltr'><strong><em>Laqueus</em></strong></span> <span class='ocrx_word' id='word_1_171' title='bbox 2396 1896 2668 1953; x_wconf 87' lang='lat' dir='ltr'><strong><em>contritus</em></strong></span> <span class='ocrx_word' id='word_1_172' title='bbox 2708 1904 2838 1951; x_wconf 87' lang='lat' dir='ltr'><strong><em>est:</em></strong></span> <span class='ocrx_word' id='word_1_173' title='bbox 2887 1904 2939 1948; x_wconf 89' lang='lat' dir='ltr'><strong><em>et</em></strong></span> <span class='ocrx_word' id='word_1_174' title='bbox 2989 1910 3089 1949; x_wconf 87' lang='lat' dir='ltr'><strong><em>nos</em></strong></span> <span class='ocrx_word' id='word_1_175' title='bbox 3124 1894 3336 1949; x_wconf 83' lang='lat' dir='ltr'><strong><em>liberati</em></strong></span> <span class='ocrx_word' id='word_1_176' title='bbox 3377 1910 3567 1948; x_wconf 89' lang='lat' dir='ltr'><strong><em>sumus.</em></strong></span> 
     </span>
    </p>
   </div>
   <div class='ocr_carea' id='block_1_34' title="bbox 420 1964 3569 2063">
    <p class='ocr_par' dir='ltr' id='par_1_34' title="bbox 420 1964 3569 2063">
     <span class='ocr_line' id='line_1_34' title="bbox 420 1964 3569 2063; baseline -0.001 -24"><span class='ocrx_word' id='word_1_177' title='bbox 420 1988 764 2055; x_wconf 75' lang='lat' dir='ltr'><strong><em>Adjutor‘ium</em></strong></span> <span class='ocrx_word' id='word_1_178' title='bbox 794 2001 1029 2044; x_wconf 89' lang='lat' dir='ltr'><strong><em>nostrum</em></strong></span> <span class='ocrx_word' id='word_1_179' title='bbox 1059 1993 1112 2045; x_wconf 87' lang='lat' dir='ltr'><strong><em>in</em></strong></span> <span class='ocrx_word' id='word_1_180' title='bbox 1132 1994 1341 2047; x_wconf 87' lang='lat' dir='ltr'><strong><em>nomine</em></strong></span> <span class='ocrx_word' id='word_1_181' title='bbox 1380 1993 1635 2049; x_wconf 85' lang='lat' dir='ltr'><strong><em>Domini:</em></strong></span> <span class='ocrx_word' id='word_1_182' title='bbox 1668 1995 1758 2063; x_wconf 91' lang='lat' dir='ltr'><strong><em>qui</em></strong></span> <span class='ocrx_word' id='word_1_183' title='bbox 1800 1993 1920 2061; x_wconf 77' lang='lat' dir='ltr'><strong><em>fecit</em></strong></span> <span class='ocrx_word' id='word_1_184' title='bbox 1952 1964 1997 2019; x_wconf 63' lang='grc' dir='ltr'><strong>ῃ</strong></span> <span class='ocrx_word' id='word_1_185' title='bbox 2101 1989 2453 2059; x_wconf 83' lang='lat' dir='ltr'><strong><em>Atljutorium</em></strong></span> <span class='ocrx_word' id='word_1_186' title='bbox 2510 1998 2756 2041; x_wconf 85' lang='lat' dir='ltr'><strong><em>nostrum</em></strong></span> <span class='ocrx_word' id='word_1_187' title='bbox 2810 1987 2863 2040; x_wconf 88' lang='lat' dir='ltr'><strong><em>in</em></strong></span> <span class='ocrx_word' id='word_1_188' title='bbox 2923 1985 3151 2045; x_wconf 81' lang='lat' dir='ltr'><strong><em>nomine</em></strong></span> <span class='ocrx_word' id='word_1_189' title='bbox 3201 1984 3403 2043; x_wconf 87' lang='lat' dir='ltr'><strong><em>Domini</em></strong></span> <span class='ocrx_word' id='word_1_190' title='bbox 3438 2003 3449 2038; x_wconf 94' lang='lat'><strong>:</strong></span> <span class='ocrx_word' id='word_1_191' title='bbox 3485 1985 3569 2054; x_wconf 88' lang='lat' dir='ltr'><strong><em>qui</em></strong></span> 
     </span>
    </p>
   </div>
   <div class='ocr_carea' id='block_1_35' title="bbox 348 2079 866 2143">
    <p class='ocr_par' dir='ltr' id='par_1_35' title="bbox 348 2079 866 2143">
     <span class='ocr_line' id='line_1_35' title="bbox 348 2079 866 2143; baseline 0.004 -11"><span class='ocrx_word' id='word_1_192' title='bbox 348 2079 531 2133; x_wconf 69' lang='lat' dir='ltr'><strong><em>caelum</em></strong></span> <span class='ocrx_word' id='word_1_193' title='bbox 561 2091 611 2143; x_wconf 84' lang='lat' dir='ltr'><strong><em>et</em></strong></span> <span class='ocrx_word' id='word_1_194' title='bbox 642 2091 866 2139; x_wconf 84' lang='lat' dir='ltr'><strong><em>terram.</em></strong></span> 
     </span>
    </p>
   </div>
   <div class='ocr_carea' id='block_1_36' title="bbox 2030 2082 2749 2139">
    <p class='ocr_par' dir='ltr' id='par_1_36' title="bbox 2030 2082 2749 2139">
     <span class='ocr_line' id='line_1_36' title="bbox 2030 2082 2749 2139; baseline -0.006 -2"><span class='ocrx_word' id='word_1_195' title='bbox 2030 2083 2165 2137; x_wconf 84' lang='lat' dir='ltr'><strong><em>fecit</em></strong></span> <span class='ocrx_word' id='word_1_196' title='bbox 2209 2082 2407 2139; x_wconf 68' lang='lat' dir='ltr'><strong><em>malum</em></strong></span> <span class='ocrx_word' id='word_1_197' title='bbox 2435 2090 2491 2137; x_wconf 87' lang='lat' dir='ltr'><strong><em>et</em></strong></span> <span class='ocrx_word' id='word_1_198' title='bbox 2526 2091 2749 2139; x_wconf 86' lang='lat' dir='ltr'><strong><em>terram.</em></strong></span> 
     </span>
    </p>
   </div>
   <div class='ocr_carea' id='block_1_37' title="bbox 1636 2250 2302 2319">
    <p class='ocr_par' dir='ltr' id='par_1_37' title="bbox 1636 2250 2302 2319">
     <span class='ocr_line' id='line_1_37' title="bbox 1636 2250 2302 2319; baseline -0.002 -7"><span class='ocrx_word' id='word_1_199' title='bbox 1636 2250 1987 2312; x_wconf 77' lang='lat' dir='ltr'><strong><em>PSALMUS</em></strong></span> <span class='ocrx_word' id='word_1_200' title='bbox 2038 2250 2302 2319; x_wconf 78' lang='lat' dir='ltr'><strong>CXXIV.</strong></span> 
     </span>
    </p>
   </div>
   <div class='ocr_carea' id='block_1_38' title="bbox 825 2353 1423 2396">
    <p class='ocr_par' dir='ltr' id='par_1_38' title="bbox 825 2353 1423 2396">
     <span class='ocr_line' id='line_1_38' title="bbox 825 2353 1423 2396; baseline 0.007 -4"><span class='ocrx_word' id='word_1_201' title='bbox 825 2353 1092 2395; x_wconf 48' lang='lat' dir='ltr'><strong><em>CADTICUI</em></strong></span> <span class='ocrx_word' id='word_1_202' title='bbox 1152 2354 1423 2396; x_wconf 67' lang='grc' dir='ltr'><strong><em>αηλυυωι.</em></strong></span> 
     </span>
    </p>
   </div>
   <div class='ocr_carea' id='block_1_39' title="bbox 421 2425 1925 2495">
    <p class='ocr_par' dir='ltr' id='par_1_39' title="bbox 421 2425 1925 2495">
     <span class='ocr_line' id='line_1_39' title="bbox 421 2425 1925 2495; baseline 0.003 -15"><span class='ocrx_word' id='word_1_203' title='bbox 421 2425 814 2495; x_wconf 80' lang='lat' dir='ltr'><strong><em>Quieonﬁdunt</em></strong></span> <span class='ocrx_word' id='word_1_204' title='bbox 849 2429 904 2481; x_wconf 89' lang='lat' dir='ltr'><strong><em>in</em></strong></span> <span class='ocrx_word' id='word_1_205' title='bbox 958 2431 1184 2485; x_wconf 87' lang='lat' dir='ltr'><strong><em>Domino</em></strong></span> <span class='ocrx_word' id='word_1_206' title='bbox 1226 2432 1363 2484; x_wconf 88' lang='lat' dir='ltr'><strong><em>sicut</em></strong></span> <span class='ocrx_word' id='word_1_207' title='bbox 1418 2446 1567 2485; x_wconf 88' lang='lat' dir='ltr'><strong><em>mons</em></strong></span> <span class='ocrx_word' id='word_1_208' title='bbox 1618 2430 1925 2485; x_wconf 84' lang='lat' dir='ltr'><strong><em>Sion:non</em></strong></span> 
     </span>
    </p>
   </div>
   <div class='ocr_carea' id='block_1_40' title="bbox 350 2522 1926 2597">
    <p class='ocr_par' dir='ltr' id='par_1_40' title="bbox 350 2522 1926 2597">
     <span class='ocr_line' id='line_1_40' title="bbox 350 2522 1926 2597; baseline 0.004 -25"><span class='ocrx_word' id='word_1_209' title='bbox 350 2522 755 2574; x_wconf 82' lang='lat' dir='ltr'><strong><em>commovebitur</em></strong></span> <span class='ocrx_word' id='word_1_210' title='bbox 779 2523 834 2575; x_wconf 90' lang='lat' dir='ltr'><strong><em>in</em></strong></span> <span class='ocrx_word' id='word_1_211' title='bbox 863 2533 1118 2577; x_wconf 66' lang='lat' dir='ltr'><strong><em>aeternum</em></strong></span> <span class='ocrx_word' id='word_1_212' title='bbox 1153 2526 1244 2595; x_wconf 89' lang='lat' dir='ltr'><strong><em>qui</em></strong></span> <span class='ocrx_word' id='word_1_213' title='bbox 1274 2525 1524 2579; x_wconf 71' lang='lat' dir='ltr'><strong><em>habitat’</em></strong></span> <span class='ocrx_word' id='word_1_214' title='bbox 1555 2539 1574 2579; x_wconf 89' lang='lat'><strong><em>:</em></strong></span> <span class='ocrx_word' id='word_1_215' title='bbox 1602 2538 1659 2581; x_wconf 64' lang='grc' dir='ltr'><strong><em>σι-</em></strong></span> <span class='ocrx_word' id='word_1_216' title='bbox 1690 2527 1745 2579; x_wconf 92' lang='lat' dir='ltr'><strong><em>in</em></strong></span> <span class='ocrx_word' id='word_1_217' title='bbox 1780 2526 1803 2597; x_wconf 70' lang='grc' dir='ltr'>ζ</span> <span class='ocrx_word' id='word_1_218' title='bbox 1833 2526 1926 2579; x_wconf 83' lang='lat' dir='ltr'><strong><em>Je-</em></strong></span> 
     </span>
    </p>
   </div>
   <div class='ocr_carea' id='block_1_41' title="bbox 351 2613 609 2666">
    <p class='ocr_par' dir='ltr' id='par_1_41' title="bbox 351 2613 609 2666">
     <span class='ocr_line' id='line_1_41' title="bbox 351 2613 609 2666; baseline 0.008 -2"><span class='ocrx_word' id='word_1_219' title='bbox 351 2613 609 2666; x_wconf 87' lang='lat' dir='ltr'><strong><em>rusulem.</em></strong></span> 
     </span>
    </p>
   </div>
   <div class='ocr_carea' id='block_1_42' title="bbox 437 2705 1930 2780">
    <p class='ocr_par' dir='ltr' id='par_1_42' title="bbox 437 2705 1930 2780">
     <span class='ocr_line' id='line_1_42' title="bbox 437 2705 1930 2780; baseline 0.005 -23"><span class='ocrx_word' id='word_1_220' title='bbox 437 2705 634 2766; x_wconf 79' lang='lat' dir='ltr'><strong><em>Montes</em></strong></span> <span class='ocrx_word' id='word_1_221' title='bbox 662 2708 714 2760; x_wconf 90' lang='lat' dir='ltr'><strong><em>in</em></strong></span> <span class='ocrx_word' id='word_1_222' title='bbox 740 2708 965 2761; x_wconf 87' lang='lat' dir='ltr'><strong><em>circuitu</em></strong></span> <span class='ocrx_word' id='word_1_223' title='bbox 992 2709 1127 2774; x_wconf 78' lang='lat' dir='ltr'><strong><em>ejus,</em></strong></span> <span class='ocrx_word' id='word_1_224' title='bbox 1157 2720 1205 2763; x_wconf 89' lang='lat' dir='ltr'><strong><em>et</em></strong></span> <span class='ocrx_word' id='word_1_225' title='bbox 1233 2708 1491 2764; x_wconf 88' lang='lat' dir='ltr'><strong><em>Dominus</em></strong></span> <span class='ocrx_word' id='word_1_226' title='bbox 1524 2710 1573 2763; x_wconf 89' lang='lat' dir='ltr'><strong><em>in</em></strong></span> <span class='ocrx_word' id='word_1_227' title='bbox 1593 2712 1813 2764; x_wconf 87' lang='lat' dir='ltr'><strong><em>circuitu</em></strong></span> <span class='ocrx_word' id='word_1_228' title='bbox 1838 2727 1930 2780; x_wconf 85' lang='lat' dir='ltr'><strong><em>po-</em></strong></span> 
     </span>
    </p>
   </div>
   <div class='ocr_carea' id='block_1_43' title="bbox 352 2801 1620 2873">
    <p class='ocr_par' dir='ltr' id='par_1_43' title="bbox 352 2801 1620 2873">
     <span class='ocr_line' id='line_1_43' title="bbox 352 2801 1620 2873; baseline 0.006 -22"><span class='ocrx_word' id='word_1_229' title='bbox 352 2801 465 2869; x_wconf 82' lang='lat' dir='ltr'><strong><em>puli</em></strong></span> <span class='ocrx_word' id='word_1_230' title='bbox 493 2802 618 2854; x_wconf 82' lang='lat' dir='ltr'><strong><em>sui:</em></strong></span> <span class='ocrx_word' id='word_1_231' title='bbox 644 2817 707 2853; x_wconf 78' lang='lat' dir='ltr'><strong><em>ex</em></strong></span> <span class='ocrx_word' id='word_1_232' title='bbox 740 2802 834 2855; x_wconf 85' lang='lat' dir='ltr'><strong><em>hoc</em></strong></span> <span class='ocrx_word' id='word_1_233' title='bbox 856 2818 992 2855; x_wconf 89' lang='lat' dir='ltr'><strong><em>nunc</em></strong></span> <span class='ocrx_word' id='word_1_234' title='bbox 1017 2812 1064 2857; x_wconf 91' lang='lat' dir='ltr'><strong><em>et</em></strong></span> <span class='ocrx_word' id='word_1_235' title='bbox 1094 2804 1325 2873; x_wconf 89' lang='lat' dir='ltr'><strong><em>usquein</em></strong></span> <span class='ocrx_word' id='word_1_236' title='bbox 1348 2803 1620 2858; x_wconf 84' lang='lat' dir='ltr'><strong><em>steculnm.</em></strong></span> 
     </span>
    </p>
   </div>
   <div class='ocr_carea' id='block_1_44' title="bbox 424 2892 1926 2963">
    <p class='ocr_par' dir='ltr' id='par_1_44' title="bbox 424 2892 1926 2963">
     <span class='ocr_line' id='line_1_44' title="bbox 424 2892 1926 2963; baseline 0.003 -20"><span class='ocrx_word' id='word_1_237' title='bbox 424 2892 564 2955; x_wconf 79' lang='lat' dir='ltr'><strong><em>Quia</em></strong></span> <span class='ocrx_word' id='word_1_238' title='bbox 603 2909 704 2945; x_wconf 88' lang='lat' dir='ltr'><strong><em>non</em></strong></span> <span class='ocrx_word' id='word_1_239' title='bbox 740 2892 993 2960; x_wconf 84' lang='lat' dir='ltr'><strong><em>relinquet</em></strong></span> <span class='ocrx_word' id='word_1_240' title='bbox 1024 2893 1277 2947; x_wconf 88' lang='lat' dir='ltr'><strong><em>Dominus</em></strong></span> <span class='ocrx_word' id='word_1_241' title='bbox 1334 2896 1535 2963; x_wconf 87' lang='lat' dir='ltr'><strong><em>virgam</em></strong></span> <span class='ocrx_word' id='word_1_242' title='bbox 1595 2904 1926 2962; x_wconf 87' lang='lat' dir='ltr'><strong><em>peccatorum</em></strong></span> 
     </span>
    </p>
   </div>
   <div class='ocr_carea' id='block_1_45' title="bbox 354 2985 1927 3055">
    <p class='ocr_par' dir='ltr' id='par_1_45' title="bbox 354 2985 1927 3055">
     <span class='ocr_line' id='line_1_45' title="bbox 354 2985 1927 3055; baseline 0.004 -18"><span class='ocrx_word' id='word_1_243' title='bbox 354 3000 508 3044; x_wconf 82' lang='lat' dir='ltr'><strong><em>super</em></strong></span> <span class='ocrx_word' id='word_1_244' title='bbox 529 2993 715 3037; x_wconf 89' lang='lat' dir='ltr'><strong><em>sortem</em></strong></span> <span class='ocrx_word' id='word_1_245' title='bbox 739 2985 1009 3051; x_wconf 87' lang='lat' dir='ltr'><strong><em>justorum</em></strong></span> <span class='ocrx_word' id='word_1_246' title='bbox 1036 2999 1056 3038; x_wconf 90' lang='lat'><strong><em>:</em></strong></span> <span class='ocrx_word' id='word_1_247' title='bbox 1091 2994 1273 3037; x_wconf 89' lang='lat' dir='ltr'><strong><em>utnon</em></strong></span> <span class='ocrx_word' id='word_1_248' title='bbox 1326 2987 1608 3039; x_wconf 76' lang='lat' dir='ltr'><strong><em>extendant</em></strong></span> <span class='ocrx_word' id='word_1_249' title='bbox 1666 2988 1805 3055; x_wconf 90' lang='lat' dir='ltr'><strong><em>justi</em></strong></span> <span class='ocrx_word' id='word_1_250' title='bbox 1858 2987 1927 3043; x_wconf 83' lang='lat' dir='ltr'><strong><em>ad</em></strong></span> 
     </span>
    </p>
   </div>
   <div class='ocr_carea' id='block_1_46' title="bbox 356 3077 1088 3144">
    <p class='ocr_par' dir='ltr' id='par_1_46' title="bbox 356 3077 1088 3144">
     <span class='ocr_line' id='line_1_46' title="bbox 356 3077 1088 3144; baseline -0.003 -13"><span class='ocrx_word' id='word_1_251' title='bbox 356 3077 692 3144; x_wconf 86' lang='lat' dir='ltr'><strong><em>iniquitatem</em></strong></span> <span class='ocrx_word' id='word_1_252' title='bbox 721 3092 910 3128; x_wconf 89' lang='lat' dir='ltr'><strong><em>manus</em></strong></span> <span class='ocrx_word' id='word_1_253' title='bbox 940 3092 1088 3129; x_wconf 90' lang='lat' dir='ltr'><strong><em>suas.</em></strong></span> 
     </span>
    </p>
   </div>
   <div class='ocr_carea' id='block_1_47' title="bbox 420 3166 1601 3235">
    <p class='ocr_par' dir='ltr' id='par_1_47' title="bbox 420 3166 1601 3235">
     <span class='ocr_line' id='line_1_47' title="bbox 420 3166 1601 3235; baseline 0.003 -15"><span class='ocrx_word' id='word_1_254' title='bbox 420 3166 669 3235; x_wconf 80' lang='lat' dir='ltr'><strong><em>Benefac,</em></strong></span> <span class='ocrx_word' id='word_1_255' title='bbox 699 3166 942 3231; x_wconf 87' lang='lat' dir='ltr'><strong><em>Domine,</em></strong></span> <span class='ocrx_word' id='word_1_256' title='bbox 979 3166 1126 3220; x_wconf 85' lang='lat' dir='ltr'><strong><em>bonis</em></strong></span> <span class='ocrx_word' id='word_1_257' title='bbox 1155 3176 1202 3220; x_wconf 81' lang='lat' dir='ltr'><strong><em>et</em></strong></span> <span class='ocrx_word' id='word_1_258' title='bbox 1236 3171 1389 3223; x_wconf 85' lang='lat' dir='ltr'><strong><em>rectis</em></strong></span> <span class='ocrx_word' id='word_1_259' title='bbox 1428 3170 1601 3222; x_wconf 88' lang='lat' dir='ltr'><strong><em>corde.</em></strong></span> 
     </span>
    </p>
   </div>
   <div class='ocr_carea' id='block_1_48' title="bbox 390 3260 1927 3329">
    <p class='ocr_par' dir='ltr' id='par_1_48' title="bbox 390 3260 1927 3329">
     <span class='ocr_line' id='line_1_48' title="bbox 390 3260 1927 3329; baseline 0.001 -16"><span class='ocrx_word' id='word_1_260' title='bbox 390 3260 760 3314; x_wconf 32' lang='lat' dir='ltr'><strong><em>&#39;Dcclinantes</em></strong></span> <span class='ocrx_word' id='word_1_261' title='bbox 797 3270 974 3313; x_wconf 86' lang='lat' dir='ltr'><strong><em>autem</em></strong></span> <span class='ocrx_word' id='word_1_262' title='bbox 1028 3260 1097 3314; x_wconf 87' lang='lat' dir='ltr'><strong><em>ad</em></strong></span> <span class='ocrx_word' id='word_1_263' title='bbox 1156 3260 1520 3329; x_wconf 88' lang='lat' dir='ltr'><strong><em>obligationes,</em></strong></span> <span class='ocrx_word' id='word_1_264' title='bbox 1562 3261 1782 3315; x_wconf 83' lang='lat' dir='ltr'><strong><em>adducet</em></strong></span> <span class='ocrx_word' id='word_1_265' title='bbox 1814 3260 1927 3315; x_wconf 82' lang='lat' dir='ltr'><strong><em>Do-</em></strong></span> 
     </span>
    </p>
   </div>
   <div class='ocr_carea' id='block_1_49' title="bbox 360 3351 1930 3423">
    <p class='ocr_par' dir='ltr' id='par_1_49' title="bbox 360 3351 1930 3423">
     <span class='ocr_line' id='line_1_49' title="bbox 360 3351 1930 3423; baseline 0.003 -19"><span class='ocrx_word' id='word_1_266' title='bbox 360 3354 533 3411; x_wconf 85' lang='lat' dir='ltr'><strong><em>minus</em></strong></span> <span class='ocrx_word' id='word_1_267' title='bbox 572 3367 689 3405; x_wconf 89' lang='lat' dir='ltr'><strong><em>eum</em></strong></span> <span class='ocrx_word' id='word_1_268' title='bbox 764 3351 1101 3423; x_wconf 85' lang='lat' dir='ltr'><strong><em>operantibus</em></strong></span> <span class='ocrx_word' id='word_1_269' title='bbox 1171 3352 1508 3421; x_wconf 86' lang='lat' dir='ltr'><strong><em>iniquitatem</em></strong></span> <span class='ocrx_word' id='word_1_270' title='bbox 1554 3368 1574 3406; x_wconf 89' lang='lat'><strong><em>:</em></strong></span> <span class='ocrx_word' id='word_1_271' title='bbox 1616 3368 1724 3420; x_wconf 61' lang='grc' dir='ltr'><strong><em>ραι</em></strong></span> <span class='ocrx_word' id='word_1_272' title='bbox 1770 3370 1930 3423; x_wconf 80' lang='lat' dir='ltr'><strong><em>super</em></strong></span> 
     </span>
    </p>
   </div>
   <div class='ocr_carea' id='block_1_50' title="bbox 362 3441 556 3507">
    <p class='ocr_par' dir='ltr' id='par_1_50' title="bbox 362 3441 556 3507">
     <span class='ocr_line' id='line_1_50' title="bbox 362 3441 556 3507; baseline 0.015 -13"><span class='ocrx_word' id='word_1_273' title='bbox 362 3441 556 3507; x_wconf 69' lang='lat' dir='ltr'><strong><em>Israel.</em></strong></span> 
     </span>
    </p>
   </div>
   <div class='ocr_carea' id='block_1_51' title="bbox 1952 3220 2001 3283">
    <p class='ocr_par' dir='ltr' id='par_1_51' title="bbox 1952 3220 2001 3283">
     <span class='ocr_line' id='line_1_51' title="bbox 1952 3220 2001 3283; baseline 0 0"><span class='ocrx_word' id='word_1_274' title='bbox 1952 3220 2001 3283; x_wconf 88' lang='lat' dir='ltr'>C</span> 
     </span>
    </p>
   </div>
   <div class='ocr_carea' id='block_1_52' title="bbox 2525 2354 3093 2397">
    <p class='ocr_par' dir='ltr' id='par_1_52' title="bbox 2525 2354 3093 2397">
     <span class='ocr_line' id='line_1_52' title="bbox 2525 2354 3093 2397; baseline 0.005 -3"><span class='ocrx_word' id='word_1_275' title='bbox 2525 2354 2793 2395; x_wconf 69' lang='lat' dir='ltr'><strong><em>CAITICUII</em></strong></span> <span class='ocrx_word' id='word_1_276' title='bbox 2825 2355 3093 2397; x_wconf 68' lang='lat' dir='ltr'><strong><em>GRADUUI.</em></strong></span> 
     </span>
    </p>
   </div>
   <div class='ocr_carea' id='block_1_53' title="bbox 2094 2432 3579 2499">
    <p class='ocr_par' dir='ltr' id='par_1_53' title="bbox 2094 2432 3579 2499">
     <span class='ocr_line' id='line_1_53' title="bbox 2094 2432 3579 2499; baseline 0.001 -15"><span class='ocrx_word' id='word_1_277' title='bbox 2094 2434 2197 2499; x_wconf 80' lang='lat' dir='ltr'><strong><em>Qui</em></strong></span> <span class='ocrx_word' id='word_1_278' title='bbox 2224 2434 2510 2488; x_wconf 83' lang='lat' dir='ltr'><strong><em>conﬁdunt</em></strong></span> <span class='ocrx_word' id='word_1_279' title='bbox 2542 2434 2597 2486; x_wconf 92' lang='lat' dir='ltr'><strong><em>in</em></strong></span> <span class='ocrx_word' id='word_1_280' title='bbox 2639 2434 2869 2488; x_wconf 87' lang='lat' dir='ltr'><strong><em>Domino</em></strong></span> <span class='ocrx_word' id='word_1_281' title='bbox 2910 2436 3053 2489; x_wconf 90' lang='lat' dir='ltr'><strong><em>sicut</em></strong></span> <span class='ocrx_word' id='word_1_282' title='bbox 3083 2449 3247 2489; x_wconf 88' lang='lat' dir='ltr'><strong><em>mons</em></strong></span> <span class='ocrx_word' id='word_1_283' title='bbox 3276 2432 3402 2487; x_wconf 81' lang='lat' dir='ltr'><strong><em>Sion</em></strong></span> <span class='ocrx_word' id='word_1_284' title='bbox 3434 2451 3449 2487; x_wconf 90' lang='lat'><strong>:</strong></span> <span class='ocrx_word' id='word_1_285' title='bbox 3484 2447 3579 2486; x_wconf 89' lang='lat' dir='ltr'><strong><em>non</em></strong></span> 
     </span>
    </p>
   </div>
   <div class='ocr_carea' id='block_1_54' title="bbox 2018 2522 3577 2595">
    <p class='ocr_par' dir='ltr' id='par_1_54' title="bbox 2018 2522 3577 2595">
     <span class='ocr_line' id='line_1_54' title="bbox 2018 2522 3577 2595; baseline -0.003 -15"><span class='ocrx_word' id='word_1_286' title='bbox 2018 2527 2454 2580; x_wconf 83' lang='lat' dir='ltr'><strong><em>commovebitur</em></strong></span> <span class='ocrx_word' id='word_1_287' title='bbox 2492 2524 2546 2578; x_wconf 89' lang='lat' dir='ltr'><strong><em>in</em></strong></span> <span class='ocrx_word' id='word_1_288' title='bbox 2582 2534 2848 2578; x_wconf 67' lang='lat' dir='ltr'><strong><em>aeternum</em></strong></span> <span class='ocrx_word' id='word_1_289' title='bbox 2878 2564 2893 2590; x_wconf 87' lang='lat'><strong><em>,</em></strong></span> <span class='ocrx_word' id='word_1_290' title='bbox 2937 2526 3031 2595; x_wconf 91' lang='lat' dir='ltr'><strong><em>qui</em></strong></span> <span class='ocrx_word' id='word_1_291' title='bbox 3094 2525 3310 2578; x_wconf 84' lang='lat' dir='ltr'><strong><em>habitat</em></strong></span> <span class='ocrx_word' id='word_1_292' title='bbox 3347 2524 3398 2576; x_wconf 92' lang='lat' dir='ltr'><strong><em>in</em></strong></span> <span class='ocrx_word' id='word_1_293' title='bbox 3434 2522 3577 2576; x_wconf 85' lang='lat' dir='ltr'><strong><em>Jeru-</em></strong></span> 
     </span>
    </p>
   </div>
   <div class='ocr_carea' id='block_1_55' title="bbox 2022 2620 2259 2675">
    <p class='ocr_par' dir='ltr' id='par_1_55' title="bbox 2022 2620 2259 2675">
     <span class='ocr_line' id='line_1_55' title="bbox 2022 2620 2259 2675; baseline -0.013 0"><span class='ocrx_word' id='word_1_294' title='bbox 2022 2620 2192 2675; x_wconf 83' lang='lat' dir='ltr'><strong><em>salem</em></strong></span> <span class='ocrx_word' id='word_1_295' title='bbox 2217 2620 2259 2672; x_wconf 86' lang='grc'><strong>⁵.</strong></span> 
     </span>
    </p>
   </div>
   <div class='ocr_carea' id='block_1_56' title="bbox 2098 2710 3581 2781">
    <p class='ocr_par' dir='ltr' id='par_1_56' title="bbox 2098 2710 3581 2781">
     <span class='ocr_line' id='line_1_56' title="bbox 2098 2710 3581 2781; baseline -0.002 -14"><span class='ocrx_word' id='word_1_296' title='bbox 2098 2713 2307 2767; x_wconf 78' lang='lat' dir='ltr'><strong><em>Montes</em></strong></span> <span class='ocrx_word' id='word_1_297' title='bbox 2342 2711 2395 2764; x_wconf 92' lang='lat' dir='ltr'><strong><em>in</em></strong></span> <span class='ocrx_word' id='word_1_298' title='bbox 2428 2711 2663 2766; x_wconf 90' lang='lat' dir='ltr'><strong><em>circuitu</em></strong></span> <span class='ocrx_word' id='word_1_299' title='bbox 2696 2712 2839 2781; x_wconf 85' lang='lat' dir='ltr'><strong><em>ejus,</em></strong></span> <span class='ocrx_word' id='word_1_300' title='bbox 2872 2720 2927 2763; x_wconf 91' lang='lat' dir='ltr'><strong><em>et</em></strong></span> <span class='ocrx_word' id='word_1_301' title='bbox 2961 2711 3232 2764; x_wconf 86' lang='lat' dir='ltr'><strong><em>Dominus</em></strong></span> <span class='ocrx_word' id='word_1_302' title='bbox 3280 2712 3332 2764; x_wconf 91' lang='lat' dir='ltr'><strong><em>in</em></strong></span> <span class='ocrx_word' id='word_1_303' title='bbox 3365 2710 3581 2765; x_wconf 86' lang='lat' dir='ltr'><strong><em>circuitu</em></strong></span> 
     </span>
    </p>
   </div>
   <div class='ocr_carea' id='block_1_57' title="bbox 2034 2803 3583 2873">
    <p class='ocr_par' dir='ltr' id='par_1_57' title="bbox 2034 2803 3583 2873">
     <span class='ocr_line' id='line_1_57' title="bbox 2034 2803 3583 2873; baseline -0.001 -17"><span class='ocrx_word' id='word_1_304' title='bbox 2034 2804 2219 2873; x_wconf 89' lang='lat' dir='ltr'><strong><em>populi</em></strong></span> <span class='ocrx_word' id='word_1_305' title='bbox 2272 2805 2399 2859; x_wconf 90' lang='lat' dir='ltr'><strong><em>sui:</em></strong></span> <span class='ocrx_word' id='word_1_306' title='bbox 2432 2820 2496 2856; x_wconf 76' lang='lat' dir='ltr'><strong><em>ex</em></strong></span> <span class='ocrx_word' id='word_1_307' title='bbox 2539 2805 2643 2856; x_wconf 86' lang='lat' dir='ltr'><strong><em>hoc</em></strong></span> <span class='ocrx_word' id='word_1_308' title='bbox 2684 2819 2830 2856; x_wconf 90' lang='lat' dir='ltr'><strong><em>nunc</em></strong></span> <span class='ocrx_word' id='word_1_309' title='bbox 2885 2816 2940 2857; x_wconf 89' lang='lat' dir='ltr'><strong><em>et</em></strong></span> <span class='ocrx_word' id='word_1_310' title='bbox 2995 2818 3171 2871; x_wconf 83' lang='lat' dir='ltr'><strong><em>usque</em></strong></span> <span class='ocrx_word' id='word_1_311' title='bbox 3224 2803 3277 2857; x_wconf 89' lang='lat' dir='ltr'><strong><em>in</em></strong></span> <span class='ocrx_word' id='word_1_312' title='bbox 3325 2803 3583 2855; x_wconf 61' lang='lat' dir='ltr'><strong><em>saeculum.</em></strong></span> 
     </span>
    </p>
   </div>
   <div class='ocr_carea' id='block_1_58' title="bbox 2094 2895 3590 2965">
    <p class='ocr_par' dir='ltr' id='par_1_58' title="bbox 2094 2895 3590 2965">
     <span class='ocr_line' id='line_1_58' title="bbox 2094 2895 3590 2965; baseline -0.001 -16"><span class='ocrx_word' id='word_1_313' title='bbox 2094 2896 2232 2963; x_wconf 86' lang='lat' dir='ltr'><strong><em>Quia</em></strong></span> <span class='ocrx_word' id='word_1_314' title='bbox 2264 2912 2374 2949; x_wconf 90' lang='lat' dir='ltr'><strong><em>non</em></strong></span> <span class='ocrx_word' id='word_1_315' title='bbox 2410 2895 2759 2962; x_wconf 80' lang='lat' dir='ltr'><strong><em>tlerelinquet</em></strong></span> <span class='ocrx_word' id='word_1_316' title='bbox 2800 2896 3066 2949; x_wconf 88' lang='lat' dir='ltr'><strong><em>Dominus</em></strong></span> <span class='ocrx_word' id='word_1_317' title='bbox 3112 2896 3321 2965; x_wconf 77' lang='lat' dir='ltr'><strong><em>virgam</em></strong></span> <span class='ocrx_word' id='word_1_318' title='bbox 3361 2906 3590 2964; x_wconf 82' lang='lat' dir='ltr'><strong><em>peccato-</em></strong></span> 
     </span>
    </p>
   </div>
   <div class='ocr_carea' id='block_1_59' title="bbox 2023 2988 2927 3056">
    <p class='ocr_par' dir='ltr' id='par_1_59' title="bbox 2023 2988 2927 3056">
     <span class='ocr_line' id='line_1_59' title="bbox 2023 2988 2927 3056; baseline -0.003 -12"><span class='ocrx_word' id='word_1_319' title='bbox 2023 3006 2171 3051; x_wconf 87' lang='lat' dir='ltr'><strong><em>rum,</em></strong></span> <span class='ocrx_word' id='word_1_320' title='bbox 2198 3002 2365 3055; x_wconf 83' lang='lat' dir='ltr'><strong><em>super</em></strong></span> <span class='ocrx_word' id='word_1_321' title='bbox 2396 2998 2601 3041; x_wconf 86' lang='lat' dir='ltr'><strong><em>sortem</em></strong></span> <span class='ocrx_word' id='word_1_322' title='bbox 2627 2988 2927 3056; x_wconf 88' lang='lat' dir='ltr'><strong><em>jnstorum.</em></strong></span> 
     </span>
    </p>
   </div>
   <div class='ocr_carea' id='block_1_60' title="bbox 2096 3080 3590 3153">
    <p class='ocr_par' dir='ltr' id='par_1_60' title="bbox 2096 3080 3590 3153">
     <span class='ocr_line' id='line_1_60' title="bbox 2096 3080 3590 3153; baseline -0.003 -17"><span class='ocrx_word' id='word_1_323' title='bbox 2096 3082 2165 3137; x_wconf 92' lang='lat' dir='ltr'><strong><em>Ut</em></strong></span> <span class='ocrx_word' id='word_1_324' title='bbox 2213 3096 2320 3135; x_wconf 90' lang='lat' dir='ltr'><strong><em>non</em></strong></span> <span class='ocrx_word' id='word_1_325' title='bbox 2358 3080 2663 3135; x_wconf 78' lang='lat' dir='ltr'><strong><em>extendant</em></strong></span> <span class='ocrx_word' id='word_1_326' title='bbox 2714 3081 2849 3153; x_wconf 86' lang='lat' dir='ltr'><strong><em>justi</em></strong></span> <span class='ocrx_word' id='word_1_327' title='bbox 2897 3081 2962 3133; x_wconf 89' lang='lat' dir='ltr'><strong><em>ad</em></strong></span> <span class='ocrx_word' id='word_1_328' title='bbox 3004 3080 3360 3151; x_wconf 84' lang='lat' dir='ltr'><strong><em>iniquitatem</em></strong></span> <span class='ocrx_word' id='word_1_329' title='bbox 3412 3093 3590 3133; x_wconf 88' lang='lat' dir='ltr'><strong><em>manus</em></strong></span> 
     </span>
    </p>
   </div>
   <div class='ocr_carea' id='block_1_61' title="bbox 2028 3170 3499 3237">
    <p class='ocr_par' dir='ltr' id='par_1_61' title="bbox 2028 3170 3499 3237">
     <span class='ocr_line' id='line_1_61' title="bbox 2028 3170 3499 3237; baseline -0.005 -7"><span class='ocrx_word' id='word_1_330' title='bbox 2028 3186 2194 3231; x_wconf 84' lang='lat' dir='ltr'><strong><em>suas:</em></strong></span> <span class='ocrx_word' id='word_1_331' title='bbox 2240 3170 2490 3234; x_wconf 76' lang='lat' dir='ltr'><strong><em>benefac,</em></strong></span> <span class='ocrx_word' id='word_1_332' title='bbox 2522 3171 2769 3237; x_wconf 87' lang='lat' dir='ltr'><strong><em>Domine,</em></strong></span> <span class='ocrx_word' id='word_1_333' title='bbox 2801 3172 2962 3225; x_wconf 89' lang='lat' dir='ltr'><strong><em>bonis</em></strong></span> <span class='ocrx_word' id='word_1_334' title='bbox 3008 3183 3064 3225; x_wconf 92' lang='lat' dir='ltr'><strong><em>ct</em></strong></span> <span class='ocrx_word' id='word_1_335' title='bbox 3103 3173 3272 3227; x_wconf 87' lang='lat' dir='ltr'><strong><em>rectis</em></strong></span> <span class='ocrx_word' id='word_1_336' title='bbox 3319 3172 3499 3225; x_wconf 86' lang='lat' dir='ltr'><strong><em>corde.</em></strong></span> 
     </span>
    </p>
   </div>
   <div class='ocr_carea' id='block_1_62' title="bbox 2106 3259 3597 3330">
    <p class='ocr_par' dir='ltr' id='par_1_62' title="bbox 2106 3259 3597 3330">
     <span class='ocr_line' id='line_1_62' title="bbox 2106 3259 3597 3330; baseline -0.003 -12"><span class='ocrx_word' id='word_1_337' title='bbox 2106 3262 2453 3317; x_wconf 89' lang='lat' dir='ltr'><strong><em>Declinantes</em></strong></span> <span class='ocrx_word' id='word_1_338' title='bbox 2522 3270 2706 3314; x_wconf 89' lang='lat' dir='ltr'><strong><em>autem</em></strong></span> <span class='ocrx_word' id='word_1_339' title='bbox 2757 3262 2823 3313; x_wconf 89' lang='lat' dir='ltr'><strong><em>ad</em></strong></span> <span class='ocrx_word' id='word_1_340' title='bbox 2882 3262 3284 3330; x_wconf 82' lang='lat' dir='ltr'><strong><em>obligationem</em></strong></span> <span class='ocrx_word' id='word_1_341' title='bbox 3320 3299 3337 3325; x_wconf 88' lang='lat'><strong><em>,</em></strong></span> <span class='ocrx_word' id='word_1_342' title='bbox 3375 3259 3597 3313; x_wconf 87' lang='lat' dir='ltr'><strong><em>adducet</em></strong></span> 
     </span>
    </p>
   </div>
   <div class='ocr_carea' id='block_1_63' title="bbox 2036 3353 3598 3427">
    <p class='ocr_par' dir='ltr' id='par_1_63' title="bbox 2036 3353 3598 3427">
     <span class='ocr_line' id='line_1_63' title="bbox 2036 3353 3598 3427; baseline -0.004 -16"><span class='ocrx_word' id='word_1_343' title='bbox 2036 3358 2306 3411; x_wconf 83' lang='lat' dir='ltr'><strong><em>Dominus</em></strong></span> <span class='ocrx_word' id='word_1_344' title='bbox 2334 3367 2455 3409; x_wconf 86' lang='lat' dir='ltr'><strong><em>cum</em></strong></span> <span class='ocrx_word' id='word_1_345' title='bbox 2483 3353 2841 3427; x_wconf 85' lang='lat' dir='ltr'><strong><em>operantibus</em></strong></span> <span class='ocrx_word' id='word_1_346' title='bbox 2870 3353 3229 3425; x_wconf 86' lang='lat' dir='ltr'><strong><em>iniquitatem</em></strong></span> <span class='ocrx_word' id='word_1_347' title='bbox 3266 3369 3282 3408; x_wconf 84' lang='lat'><strong>:</strong></span> <span class='ocrx_word' id='word_1_348' title='bbox 3319 3368 3418 3423; x_wconf 79' lang='lat' dir='ltr'><strong><em>pax</em></strong></span> <span class='ocrx_word' id='word_1_349' title='bbox 3448 3364 3598 3420; x_wconf 79' lang='lat' dir='ltr'><strong><em>super</em></strong></span> 
     </span>
    </p>
   </div>
   <div class='ocr_carea' id='block_1_64' title="bbox 2040 3447 2229 3503">
    <p class='ocr_par' dir='ltr' id='par_1_64' title="bbox 2040 3447 2229 3503">
     <span class='ocr_line' id='line_1_64' title="bbox 2040 3447 2229 3503; baseline -0.016 0"><span class='ocrx_word' id='word_1_350' title='bbox 2040 3447 2229 3503; x_wconf 84' lang='lat' dir='ltr'><strong><em>Israel.</em></strong></span> 
     </span>
    </p>
   </div>
   <div class='ocr_carea' id='block_1_65' title="bbox 1682 3604 2296 3675">
    <p class='ocr_par' dir='ltr' id='par_1_65' title="bbox 1682 3604 2296 3675">
     <span class='ocr_line' id='line_1_65' title="bbox 1682 3604 2296 3675; baseline 0.01 -11"><span class='ocrx_word' id='word_1_351' title='bbox 1682 3604 2032 3673; x_wconf 80' lang='lat' dir='ltr'><strong><em>PSALMUS</em></strong></span> <span class='ocrx_word' id='word_1_352' title='bbox 2069 3608 2296 3675; x_wconf 77' lang='lat' dir='ltr'><strong>CXXV.</strong></span> 
     </span>
    </p>
   </div>
   <div class='ocr_carea' id='block_1_66' title="bbox 856 3705 1441 3747">
    <p class='ocr_par' dir='ltr' id='par_1_66' title="bbox 856 3705 1441 3747">
     <span class='ocr_line' id='line_1_66' title="bbox 856 3705 1441 3747; baseline 0.005 -4"><span class='ocrx_word' id='word_1_353' title='bbox 856 3705 1123 3744; x_wconf 71' lang='lat' dir='ltr'><strong><em>CANTICU)!</em></strong></span> <span class='ocrx_word' id='word_1_354' title='bbox 1173 3705 1441 3747; x_wconf 69' lang='lat' dir='ltr'><strong><em>CRADIIUH.</em></strong></span> 
     </span>
    </p>
   </div>
   <div class='ocr_carea' id='block_1_67' title="bbox 432 3783 1939 3854">
    <p class='ocr_par' dir='ltr' id='par_1_67' title="bbox 432 3783 1939 3854">
     <span class='ocr_line' id='line_1_67' title="bbox 432 3783 1939 3854; baseline -0.001 -15"><span class='ocrx_word' id='word_1_355' title='bbox 432 3784 499 3839; x_wconf 90' lang='lat' dir='ltr'><strong><em>In</em></strong></span> <span class='ocrx_word' id='word_1_356' title='bbox 531 3784 877 3838; x_wconf 88' lang='lat' dir='ltr'><strong><em>convertendo</em></strong></span> <span class='ocrx_word' id='word_1_357' title='bbox 899 3783 1151 3843; x_wconf 84' lang='lat' dir='ltr'><strong><em>Dominus</em></strong></span> <span class='ocrx_word' id='word_1_358' title='bbox 1175 3785 1529 3853; x_wconf 72' lang='lat' dir='ltr'><strong><em>captivitatem</em></strong></span> <span class='ocrx_word' id='word_1_359' title='bbox 1584 3783 1714 3839; x_wconf 88' lang='lat' dir='ltr'><strong><em>Sion</em></strong></span> <span class='ocrx_word' id='word_1_360' title='bbox 1743 3798 1762 3840; x_wconf 81' lang='lat'><strong><em>.&#39;</em></strong></span> <span class='ocrx_word' id='word_1_361' title='bbox 1806 3786 1939 3854; x_wconf 81' lang='lat' dir='ltr'><strong><em>[acti</em></strong></span> 
     </span>
    </p>
   </div>
   <div class='ocr_carea' id='block_1_68' title="bbox 366 3876 998 3931">
    <p class='ocr_par' dir='ltr' id='par_1_68' title="bbox 366 3876 998 3931">
     <span class='ocr_line' id='line_1_68' title="bbox 366 3876 998 3931; baseline 0 -1"><span class='ocrx_word' id='word_1_362' title='bbox 366 3895 543 3931; x_wconf 90' lang='lat' dir='ltr'><strong><em>sumus</em></strong></span> <span class='ocrx_word' id='word_1_363' title='bbox 562 3879 696 3930; x_wconf 83' lang='lat' dir='ltr'><strong><em>sicut</em></strong></span> <span class='ocrx_word' id='word_1_364' title='bbox 721 3876 998 3930; x_wconf 79' lang='lat' dir='ltr'><strong><em>consolati.</em></strong></span> 
     </span>
    </p>
   </div>
   <div class='ocr_carea' id='block_1_69' title="bbox 437 3969 1935 4043">
    <p class='ocr_par' dir='ltr' id='par_1_69' title="bbox 437 3969 1935 4043">
     <span class='ocr_line' id='line_1_69' title="bbox 437 3969 1935 4043; baseline 0.001 -21"><span class='ocrx_word' id='word_1_365' title='bbox 437 3970 584 4023; x_wconf 84' lang='lat' dir='ltr'><strong><em>Tunc</em></strong></span> <span class='ocrx_word' id='word_1_366' title='bbox 613 3970 863 4040; x_wconf 86' lang='lat' dir='ltr'><strong><em>repletum</em></strong></span> <span class='ocrx_word' id='word_1_367' title='bbox 900 3978 974 4022; x_wconf 91' lang='lat' dir='ltr'><strong><em>est</em></strong></span> <span class='ocrx_word' id='word_1_368' title='bbox 1000 3969 1196 4040; x_wconf 87' lang='lat' dir='ltr'><strong><em>gaudio</em></strong></span> <span class='ocrx_word' id='word_1_369' title='bbox 1249 3985 1306 4022; x_wconf 86' lang='lat' dir='ltr'><strong><em>os</em></strong></span> <span class='ocrx_word' id='word_1_370' title='bbox 1335 3982 1566 4022; x_wconf 84' lang='lat' dir='ltr'><strong><em>nostrum</em></strong></span> <span class='ocrx_word' id='word_1_371' title='bbox 1598 3983 1615 4022; x_wconf 89' lang='lat'><strong><em>:</em></strong></span> <span class='ocrx_word' id='word_1_372' title='bbox 1645 3979 1695 4022; x_wconf 90' lang='lat' dir='ltr'><strong><em>et</em></strong></span> <span class='ocrx_word' id='word_1_373' title='bbox 1754 3969 1935 4043; x_wconf 84' lang='lat' dir='ltr'><strong><em>lingua</em></strong></span> 
     </span>
    </p>
   </div>
   <div class='ocr_carea' id='block_1_70' title="bbox 371 4064 949 4125">
    <p class='ocr_par' dir='ltr' id='par_1_70' title="bbox 371 4064 949 4125">
     <span class='ocr_line' id='line_1_70' title="bbox 371 4064 949 4125; baseline -0.002 -9"><span class='ocrx_word' id='word_1_374' title='bbox 371 4077 549 4125; x_wconf 81' lang='lat' dir='ltr'><strong><em>nostra</em></strong></span> <span class='ocrx_word' id='word_1_375' title='bbox 583 4064 949 4117; x_wconf 77' lang='lat' dir='ltr'><strong><em>exsultatione.</em></strong></span> 
     </span>
    </p>
   </div>
   <div class='ocr_carea' id='block_1_71' title="bbox 430 4151 1943 4225">
    <p class='ocr_par' dir='ltr' id='par_1_71' title="bbox 430 4151 1943 4225">
     <span class='ocr_line' id='line_1_71' title="bbox 430 4151 1943 4225; baseline -0.005 -16"><span class='ocrx_word' id='word_1_376' title='bbox 430 4155 574 4209; x_wconf 70' lang='lat' dir='ltr'><strong><em>Tunc</em></strong></span> <span class='ocrx_word' id='word_1_377' title='bbox 594 4159 762 4209; x_wconf 86' lang='lat' dir='ltr'><strong><em>dicent</em></strong></span> <span class='ocrx_word' id='word_1_378' title='bbox 796 4158 929 4208; x_wconf 86' lang='lat' dir='ltr'><strong><em>inter</em></strong></span> <span class='ocrx_word' id='word_1_379' title='bbox 958 4164 1157 4225; x_wconf 82' lang='lat' dir='ltr'><strong><em>gentes,</em></strong></span> <span class='ocrx_word' id='word_1_380' title='bbox 1191 4151 1552 4222; x_wconf 75' lang='lat' dir='ltr'><strong><em>Magni/icarit</em></strong></span> <span class='ocrx_word' id='word_1_381' title='bbox 1582 4151 1831 4205; x_wconf 89' lang='lat' dir='ltr'><strong><em>Dominus</em></strong></span> <span class='ocrx_word' id='word_1_382' title='bbox 1858 4154 1943 4223; x_wconf 65' lang='lat' dir='ltr'><strong><em>fa,-</em></strong></span> 
     </span>
    </p>
   </div>
   <div class='ocr_carea' id='block_1_72' title="bbox 370 4249 743 4302">
    <p class='ocr_par' dir='ltr' id='par_1_72' title="bbox 370 4249 743 4302">
     <span class='ocr_line' id='line_1_72' title="bbox 370 4249 743 4302; baseline 0.003 -1"><span class='ocrx_word' id='word_1_383' title='bbox 370 4265 482 4301; x_wconf 79' lang='lat' dir='ltr'><strong><em>cere</em></strong></span> <span class='ocrx_word' id='word_1_384' title='bbox 508 4264 622 4300; x_wconf 86' lang='lat' dir='ltr'><strong><em>cum</em></strong></span> <span class='ocrx_word' id='word_1_385' title='bbox 648 4249 743 4302; x_wconf 89' lang='lat' dir='ltr'><strong><em>eis.</em></strong></span> 
     </span>
    </p>
   </div>
   <div class='ocr_carea' id='block_1_73' title="bbox 438 4337 1941 4410">
    <p class='ocr_par' dir='ltr' id='par_1_73' title="bbox 438 4337 1941 4410">
     <span class='ocr_line' id='line_1_73' title="bbox 438 4337 1941 4410; baseline -0.007 -15"><span class='ocrx_word' id='word_1_386' title='bbox 438 4341 800 4410; x_wconf 79' lang='lat' dir='ltr'><strong><em>Magni/ienuit</em></strong></span> <span class='ocrx_word' id='word_1_387' title='bbox 838 4338 1091 4397; x_wconf 87' lang='lat' dir='ltr'><strong><em>Dominus</em></strong></span> <span class='ocrx_word' id='word_1_388' title='bbox 1120 4337 1297 4407; x_wconf 78' lang='lat' dir='ltr'><strong><em>facere</em></strong></span> <span class='ocrx_word' id='word_1_389' title='bbox 1331 4338 1598 4392; x_wconf 85' lang='lat' dir='ltr'><strong><em>nobiscum</em></strong></span> <span class='ocrx_word' id='word_1_390' title='bbox 1644 4351 1665 4391; x_wconf 89' lang='lat'><strong><em>:</em></strong></span> <span class='ocrx_word' id='word_1_391' title='bbox 1689 4337 1819 4405; x_wconf 81' lang='lat' dir='ltr'><strong><em>facti</em></strong></span> <span class='ocrx_word' id='word_1_392' title='bbox 1848 4350 1941 4388; x_wconf 53' lang='lat' dir='ltr'><strong><em>su.</em></strong></span> 
     </span>
    </p>
   </div>
   <div class='ocr_carea' id='block_1_74' title="bbox 378 4437 782 4490">
    <p class='ocr_par' dir='ltr' id='par_1_74' title="bbox 378 4437 782 4490">
     <span class='ocr_line' id='line_1_74' title="bbox 378 4437 782 4490; baseline -0.01 0"><span class='ocrx_word' id='word_1_393' title='bbox 378 4454 490 4490; x_wconf 79' lang='lat' dir='ltr'><strong><em>inus</em></strong></span> <span class='ocrx_word' id='word_1_394' title='bbox 522 4437 782 4490; x_wconf 83' lang='lat' dir='ltr'><strong><em>ltetantes.</em></strong></span> 
     </span>
    </p>
   </div>
   <div class='ocr_carea' id='block_1_75' title="bbox 2534 3709 3092 3752">
    <p class='ocr_par' dir='ltr' id='par_1_75' title="bbox 2534 3709 3092 3752">
     <span class='ocr_line' id='line_1_75' title="bbox 2534 3709 3092 3752; baseline -0.005 0"><span class='ocrx_word' id='word_1_395' title='bbox 2534 3711 2796 3752; x_wconf 71' lang='lat' dir='ltr'><strong><em>CANTICUII</em></strong></span> <span class='ocrx_word' id='word_1_396' title='bbox 2827 3709 3092 3750; x_wconf 65' lang='grc' dir='ltr'><strong><em>ϐηλυυυκ.</em></strong></span> 
     </span>
    </p>
   </div>
   <div class='ocr_carea' id='block_1_76' title="bbox 2113 3784 3594 3857">
    <p class='ocr_par' dir='ltr' id='par_1_76' title="bbox 2113 3784 3594 3857">
     <span class='ocr_line' id='line_1_76' title="bbox 2113 3784 3594 3857; baseline -0.005 -13"><span class='ocrx_word' id='word_1_397' title='bbox 2113 3790 2172 3845; x_wconf 88' lang='grc' dir='ltr'><strong><em>1η</em></strong></span> <span class='ocrx_word' id='word_1_398' title='bbox 2203 3794 2575 3844; x_wconf 78' lang='lat' dir='ltr'><strong><em>convertenda</em></strong></span> <span class='ocrx_word' id='word_1_399' title='bbox 2618 3789 2639 3821; x_wconf 79' lang='lat'><strong>&#39;</strong></span> <span class='ocrx_word' id='word_1_400' title='bbox 2692 3789 2955 3843; x_wconf 87' lang='lat' dir='ltr'><strong><em>Dominus</em></strong></span> <span class='ocrx_word' id='word_1_401' title='bbox 3000 3785 3385 3857; x_wconf 85' lang='lat' dir='ltr'><strong><em>captivitatem</em></strong></span> <span class='ocrx_word' id='word_1_402' title='bbox 3428 3784 3594 3841; x_wconf 77' lang='lat' dir='ltr'><strong><em>Sion:</em></strong></span> 
     </span>
    </p>
   </div>
   <div class='ocr_carea' id='block_1_77' title="bbox 2047 3881 2897 3937">
    <p class='ocr_par' dir='ltr' id='par_1_77' title="bbox 2047 3881 2897 3937">
     <span class='ocr_line' id='line_1_77' title="bbox 2047 3881 2897 3937; baseline -0.002 -1"><span class='ocrx_word' id='word_1_403' title='bbox 2047 3884 2169 3936; x_wconf 82' lang='lat' dir='ltr'><strong><em>lacti</em></strong></span> <span class='ocrx_word' id='word_1_404' title='bbox 2210 3897 2400 3936; x_wconf 88' lang='lat' dir='ltr'><strong><em>sumus</em></strong></span> <span class='ocrx_word' id='word_1_405' title='bbox 2432 3883 2577 3937; x_wconf 88' lang='lat' dir='ltr'><strong><em>sicut</em></strong></span> <span class='ocrx_word' id='word_1_406' title='bbox 2609 3881 2897 3936; x_wconf 88' lang='lat' dir='ltr'><strong><em>consolati.</em></strong></span> 
     </span>
    </p>
   </div>
   <div class='ocr_carea' id='block_1_78' title="bbox 2111 3970 3596 4044">
    <p class='ocr_par' dir='ltr' id='par_1_78' title="bbox 2111 3970 3596 4044">
     <span class='ocr_line' id='line_1_78' title="bbox 2111 3970 3596 4044; baseline 0 -17"><span class='ocrx_word' id='word_1_407' title='bbox 2111 3976 2266 4029; x_wconf 90' lang='lat' dir='ltr'><strong><em>&#39;l‘unc</em></strong></span> <span class='ocrx_word' id='word_1_408' title='bbox 2306 3976 2573 4044; x_wconf 86' lang='lat' dir='ltr'><strong><em>repletum</em></strong></span> <span class='ocrx_word' id='word_1_409' title='bbox 2599 3982 2685 4028; x_wconf 85' lang='lat' dir='ltr'><strong><em>est</em></strong></span> <span class='ocrx_word' id='word_1_410' title='bbox 2714 3974 2909 4044; x_wconf 86' lang='lat' dir='ltr'><strong><em>gaudio</em></strong></span> <span class='ocrx_word' id='word_1_411' title='bbox 2929 3987 2991 4028; x_wconf 87' lang='lat' dir='ltr'><strong><em>os</em></strong></span> <span class='ocrx_word' id='word_1_412' title='bbox 3021 3984 3275 4028; x_wconf 89' lang='lat' dir='ltr'><strong><em>nostrum</em></strong></span> <span class='ocrx_word' id='word_1_413' title='bbox 3312 3983 3402 4027; x_wconf 85' lang='lat' dir='ltr'><strong><em>:et</em></strong></span> <span class='ocrx_word' id='word_1_414' title='bbox 3429 3970 3596 4038; x_wconf 69' lang='lat' dir='ltr'><strong><em>lingua</em></strong></span> 
     </span>
    </p>
   </div>
   <div class='ocr_carea' id='block_1_79' title="bbox 2050 4068 2662 4122">
    <p class='ocr_par' dir='ltr' id='par_1_79' title="bbox 2050 4068 2662 4122">
     <span class='ocr_line' id='line_1_79' title="bbox 2050 4068 2662 4122; baseline -0.002 0"><span class='ocrx_word' id='word_1_415' title='bbox 2050 4076 2235 4122; x_wconf 87' lang='lat' dir='ltr'><strong><em>nostra</em></strong></span> <span class='ocrx_word' id='word_1_416' title='bbox 2268 4068 2662 4121; x_wconf 80' lang='lat' dir='ltr'><strong><em>exsultatione.</em></strong></span> 
     </span>
    </p>
   </div>
   <div class='ocr_carea' id='block_1_80' title="bbox 2117 4155 3610 4226">
    <p class='ocr_par' dir='ltr' id='par_1_80' title="bbox 2117 4155 3610 4226">
     <span class='ocr_line' id='line_1_80' title="bbox 2117 4155 3610 4226; baseline -0.002 -14"><span class='ocrx_word' id='word_1_417' title='bbox 2117 4158 2270 4212; x_wconf 84' lang='lat' dir='ltr'><strong><em>Tunc</em></strong></span> <span class='ocrx_word' id='word_1_418' title='bbox 2301 4158 2487 4212; x_wconf 81' lang='lat' dir='ltr'><strong><em>dicent</em></strong></span> <span class='ocrx_word' id='word_1_419' title='bbox 2523 4158 2668 4211; x_wconf 87' lang='lat' dir='ltr'><strong><em>inter</em></strong></span> <span class='ocrx_word' id='word_1_420' title='bbox 2701 4164 2912 4226; x_wconf 77' lang='lat' dir='ltr'><strong><em>gentes,</em></strong></span> <span class='ocrx_word' id='word_1_421' title='bbox 2954 4155 3323 4225; x_wconf 74' lang='lat' dir='ltr'><strong><em>Magnificavit</em></strong></span> <span class='ocrx_word' id='word_1_422' title='bbox 3364 4155 3610 4210; x_wconf 79' lang='lat' dir='ltr'><strong><em>Dominus</em></strong></span> 
     </span>
    </p>
   </div>
   <div class='ocr_carea' id='block_1_81' title="bbox 2051 4249 3609 4317">
    <p class='ocr_par' dir='ltr' id='par_1_81' title="bbox 2051 4249 3609 4317">
     <span class='ocr_line' id='line_1_81' title="bbox 2051 4249 3609 4317; baseline -0.003 -12"><span class='ocrx_word' id='word_1_423' title='bbox 2051 4251 2232 4305; x_wconf 81' lang='lat' dir='ltr'><strong><em>facere</em></strong></span> <span class='ocrx_word' id='word_1_424' title='bbox 2258 4265 2382 4303; x_wconf 89' lang='lat' dir='ltr'><strong><em>cum</em></strong></span> <span class='ocrx_word' id='word_1_425' title='bbox 2443 4250 2551 4302; x_wconf 86' lang='lat' dir='ltr'><strong><em>illis</em></strong></span> <span class='ocrx_word' id='word_1_426' title='bbox 2585 4264 2599 4304; x_wconf 86' lang='lat'><strong>:</strong></span> <span class='ocrx_word' id='word_1_427' title='bbox 2632 4249 2997 4317; x_wconf 82' lang='lat' dir='ltr'><strong><em>magnilicavit</em></strong></span> <span class='ocrx_word' id='word_1_428' title='bbox 3029 4249 3297 4303; x_wconf 85' lang='lat' dir='ltr'><strong><em>Dominus</em></strong></span> <span class='ocrx_word' id='word_1_429' title='bbox 3324 4250 3497 4303; x_wconf 80' lang='lat' dir='ltr'><strong><em>facere</em></strong></span> <span class='ocrx_word' id='word_1_430' title='bbox 3518 4262 3609 4301; x_wconf 85' lang='lat' dir='ltr'><strong><em>no-</em></strong></span> 
     </span>
    </p>
   </div>
   <div class='ocr_carea' id='block_1_82' title="bbox 2053 4341 2948 4408">
    <p class='ocr_par' dir='ltr' id='par_1_82' title="bbox 2053 4341 2948 4408">
     <span class='ocr_line' id='line_1_82' title="bbox 2053 4341 2948 4408; baseline -0.007 -5"><span class='ocrx_word' id='word_1_431' title='bbox 2053 4344 2286 4408; x_wconf 80' lang='lat' dir='ltr'><strong><em>biscum,</em></strong></span> <span class='ocrx_word' id='word_1_432' title='bbox 2311 4342 2441 4397; x_wconf 82' lang='lat' dir='ltr'><strong><em>iacti</em></strong></span> <span class='ocrx_word' id='word_1_433' title='bbox 2472 4356 2664 4395; x_wconf 87' lang='lat' dir='ltr'><strong><em>sumus</em></strong></span> <span class='ocrx_word' id='word_1_434' title='bbox 2683 4341 2948 4397; x_wconf 55' lang='lat' dir='ltr'><strong><em>laetantes.</em></strong></span> 
     </span>
    </p>
   </div>
   <div class='ocr_carea' id='block_1_83' title="bbox 449 4562 2751 4655">
    <p class='ocr_par' dir='ltr' id='par_1_83' title="bbox 449 4562 2751 4655">
     <span class='ocr_line' id='line_1_83' title="bbox 449 4562 2751 4655; baseline -0.001 -15"><span class='ocrx_word' id='word_1_435' title='bbox 449 4590 463 4620; x_wconf 85' lang='grc'>¹</span> <span class='ocrx_word' id='word_1_436' title='bbox 506 4587 645 4640; x_wconf 85' lang='lat' dir='ltr'><strong><em>Tum</em></strong></span> <span class='ocrx_word' id='word_1_437' title='bbox 690 4588 825 4651; x_wconf 74' lang='lat' dir='ltr'><strong><em>lucc,</em></strong></span> <span class='ocrx_word' id='word_1_438' title='bbox 854 4602 976 4641; x_wconf 87' lang='lat' dir='ltr'><strong><em>cum</em></strong></span> <span class='ocrx_word' id='word_1_439' title='bbox 1017 4600 1137 4655; x_wconf 75' lang='lat' dir='ltr'><strong><em>qua:</em></strong></span> <span class='ocrx_word' id='word_1_440' title='bbox 1164 4584 1418 4649; x_wconf 85' lang='lat' dir='ltr'><strong><em>sequitur</em></strong></span> <span class='ocrx_word' id='word_1_441' title='bbox 1464 4584 1571 4655; x_wconf 82' lang='lat' dir='ltr'><strong><em>hoc</em></strong></span> <span class='ocrx_word' id='word_1_442' title='bbox 1613 4582 1734 4648; x_wconf 85' lang='lat' dir='ltr'><strong><em>ipso</em></strong></span> <span class='ocrx_word' id='word_1_443' title='bbox 1769 4581 1938 4635; x_wconf 85' lang='lat' dir='ltr'><strong><em>versi-</em></strong></span> <span class='ocrx_word' id='word_1_444' title='bbox 1971 4562 2019 4623; x_wconf 74' lang='grc' dir='ltr'><strong>θ</strong></span> <span class='ocrx_word' id='word_1_445' title='bbox 2051 4571 2405 4655; x_wconf 44' lang='lat' dir='ltr'><strong><em>sitP-libri)?“</em></strong></span> <span class='ocrx_word' id='word_1_446' title='bbox 2442 4580 2523 4625; x_wconf 71' lang='grc' dir='ltr'><strong><em>σει</em></strong></span> <span class='ocrx_word' id='word_1_447' title='bbox 2546 4570 2751 4653; x_wconf 47' lang='lat' dir='ltr'><strong><em>Ialm&quot;:</em></strong></span> 
     </span>
    </p>
   </div>
   <div class='ocr_carea' id='block_1_84' title="bbox 380 4653 1840 4727">
    <p class='ocr_par' dir='ltr' id='par_1_84' title="bbox 380 4653 1840 4727">
     <span class='ocr_line' id='line_1_84' title="bbox 380 4653 1840 4727; baseline -0.005 -14"><span class='ocrx_word' id='word_1_448' title='bbox 380 4662 500 4719; x_wconf 82' lang='lat' dir='ltr'><strong><em>culo</em></strong></span> <span class='ocrx_word' id='word_1_449' title='bbox 530 4675 628 4710; x_wconf 79' lang='lat' dir='ltr'><strong><em>vox</em></strong></span> <span class='ocrx_word' id='word_1_450' title='bbox 653 4661 797 4727; x_wconf 80' lang='lat' dir='ltr'><strong><em>quia,</em></strong></span> <span class='ocrx_word' id='word_1_451' title='bbox 829 4660 880 4711; x_wconf 91' lang='lat' dir='ltr'><strong><em>in</em></strong></span> <span class='ocrx_word' id='word_1_452' title='bbox 907 4653 1149 4727; x_wconf 82' lang='lat' dir='ltr'><strong><em>Palatino</em></strong></span> <span class='ocrx_word' id='word_1_453' title='bbox 1192 4664 1501 4727; x_wconf 81' lang='lat' dir='ltr'><strong><em>Ins_.carent</em></strong></span> <span class='ocrx_word' id='word_1_454' title='bbox 1524 4653 1666 4727; x_wconf 84' lang='lat' dir='ltr'><strong><em>obeli</em></strong></span> <span class='ocrx_word' id='word_1_455' title='bbox 1695 4661 1840 4727; x_wconf 77' lang='lat' dir='ltr'><strong><em>nota.</em></strong></span> 
     </span>
    </p>
   </div>
   <div class='ocr_carea' id='block_1_85' title="bbox 453 4723 1947 4796">
    <p class='ocr_par' dir='ltr' id='par_1_85' title="bbox 453 4723 1947 4796">
     <span class='ocr_line' id='line_1_85' title="bbox 453 4723 1947 4796; baseline 0.001 -23"><span class='ocrx_word' id='word_1_456' title='bbox 453 4733 471 4759; x_wconf 78' lang='grc' dir='ltr'>ι</span> <span class='ocrx_word' id='word_1_457' title='bbox 496 4723 1020 4796; x_wconf 19' lang='lat' dir='ltr'><strong><em>Vorlti&#39;pxertranstvit</em></strong></span> <span class='ocrx_word' id='word_1_458' title='bbox 1047 4724 1356 4793; x_wconf 75' lang='lat' dir='ltr'><strong><em>praepositio</em></strong></span> <span class='ocrx_word' id='word_1_459' title='bbox 1375 4724 1429 4796; x_wconf 80' lang='lat' dir='ltr'><strong><em>in</em></strong></span> <span class='ocrx_word' id='word_1_460' title='bbox 1450 4724 1639 4796; x_wconf 81' lang='lat' dir='ltr'><strong><em>eodem</em></strong></span> <span class='ocrx_word' id='word_1_461' title='bbox 1661 4738 1762 4775; x_wconf 90' lang='lat' dir='ltr'><strong><em>ms.</em></strong></span> <span class='ocrx_word' id='word_1_462' title='bbox 1780 4723 1947 4793; x_wconf 82' lang='lat' dir='ltr'><strong><em>jugu-</em></strong></span> 
     </span>
    </p>
   </div>
   <div class='ocr_carea' id='block_1_86' title="bbox 382 4792 1696 4863">
    <p class='ocr_par' dir='ltr' id='par_1_86' title="bbox 382 4792 1696 4863">
     <span class='ocr_line' id='line_1_86' title="bbox 382 4792 1696 4863; baseline -0.007 -10"><span class='ocrx_word' id='word_1_463' title='bbox 382 4804 562 4863; x_wconf 84' lang='lat' dir='ltr'><strong><em>latur:</em></strong></span> <span class='ocrx_word' id='word_1_464' title='bbox 590 4792 811 4849; x_wconf 80' lang='lat' dir='ltr'><strong><em>additur</em></strong></span> <span class='ocrx_word' id='word_1_465' title='bbox 835 4807 889 4848; x_wconf 84' lang='lat' dir='ltr'><strong><em>et</em></strong></span> <span class='ocrx_word' id='word_1_466' title='bbox 917 4799 969 4847; x_wconf 91' lang='lat' dir='ltr'><strong><em>in</em></strong></span> <span class='ocrx_word' id='word_1_467' title='bbox 999 4792 1104 4847; x_wconf 82' lang='lat' dir='ltr'><strong><em>[ine</em></strong></span> <span class='ocrx_word' id='word_1_468' title='bbox 1142 4792 1329 4847; x_wconf 54' lang='lat' dir='ltr'><strong><em>verius</em></strong></span> <span class='ocrx_word' id='word_1_469' title='bbox 1365 4792 1696 4863; x_wconf 84' lang='lat' dir='ltr'><strong><em>Diapsalma.</em></strong></span> 
     </span>
    </p>
   </div>
   <div class='ocr_carea' id='block_1_87' title="bbox 451 4862 1948 4920">
    <p class='ocr_par' dir='ltr' id='par_1_87' title="bbox 451 4862 1948 4920">
     <span class='ocr_line' id='line_1_87' title="bbox 451 4862 1948 4920; baseline -0.005 0"><span class='ocrx_word' id='word_1_470' title='bbox 451 4872 471 4901; x_wconf 84' lang='grc'>⁸</span> <span class='ocrx_word' id='word_1_471' title='bbox 510 4868 785 4920; x_wconf 80' lang='lat' dir='ltr'><strong><em>Palatinus</em></strong></span> <span class='ocrx_word' id='word_1_472' title='bbox 817 4881 919 4919; x_wconf 88' lang='lat' dir='ltr'><strong><em>ms.</em></strong></span> <span class='ocrx_word' id='word_1_473' title='bbox 958 4876 1013 4918; x_wconf 90' lang='lat' dir='ltr'><strong><em>et</em></strong></span> <span class='ocrx_word' id='word_1_474' title='bbox 1038 4864 1160 4918; x_wconf 79' lang='lat' dir='ltr'><strong><em>Cari</em></strong></span> <span class='ocrx_word' id='word_1_475' title='bbox 1190 4864 1359 4915; x_wconf 65' lang='lat' dir='ltr'><strong><em>editio</em></strong></span> <span class='ocrx_word' id='word_1_476' title='bbox 1393 4863 1611 4917; x_wconf 83' lang='lat' dir='ltr'><strong><em>onelum</em></strong></span> <span class='ocrx_word' id='word_1_477' title='bbox 1659 4862 1804 4913; x_wconf 87' lang='lat' dir='ltr'><strong><em>hunc</em></strong></span> <span class='ocrx_word' id='word_1_478' title='bbox 1857 4876 1948 4913; x_wconf 79' lang='lat' dir='ltr'><strong><em>ne-</em></strong></span> 
     </span>
    </p>
   </div>
   <div class='ocr_carea' id='block_1_88' title="bbox 385 4931 1948 4997">
    <p class='ocr_par' dir='ltr' id='par_1_88' title="bbox 385 4931 1948 4997">
     <span class='ocr_line' id='line_1_88' title="bbox 385 4931 1948 4997; baseline -0.009 -2"><span class='ocrx_word' id='word_1_479' title='bbox 385 4942 585 4995; x_wconf 81' lang='lat' dir='ltr'><strong><em>sciunt.</em></strong></span> <span class='ocrx_word' id='word_1_480' title='bbox 622 4939 811 4988; x_wconf 80' lang='lat' dir='ltr'><strong><em>Altero</em></strong></span> <span class='ocrx_word' id='word_1_481' title='bbox 836 4938 903 4990; x_wconf 89' lang='lat' dir='ltr'><strong><em>ab</em></strong></span> <span class='ocrx_word' id='word_1_482' title='bbox 937 4939 1038 4988; x_wconf 85' lang='lat' dir='ltr'><strong><em>hoc</em></strong></span> <span class='ocrx_word' id='word_1_483' title='bbox 1066 4949 1221 4987; x_wconf 81' lang='lat' dir='ltr'><strong><em>versu</em></strong></span> <span class='ocrx_word' id='word_1_484' title='bbox 1257 4948 1453 4985; x_wconf 80' lang='lat' dir='ltr'><strong><em>nomen</em></strong></span> <span class='ocrx_word' id='word_1_485' title='bbox 1499 4932 1749 4983; x_wconf 89' lang='lat' dir='ltr'><strong><em>Dominus</em></strong></span> <span class='ocrx_word' id='word_1_486' title='bbox 1801 4931 1948 4997; x_wconf 87' lang='lat' dir='ltr'><strong><em>quod</em></strong></span> 
     </span>
    </p>
   </div>
   <div class='ocr_carea' id='block_1_89' title="bbox 385 5001 1946 5079">
    <p class='ocr_par' dir='ltr' id='par_1_89' title="bbox 385 5001 1946 5079">
     <span class='ocr_line' id='line_1_89' title="bbox 385 5001 1946 5079; baseline -0.008 -15"><span class='ocrx_word' id='word_1_487' title='bbox 385 5024 561 5079; x_wconf 78' lang='lat' dir='ltr'><strong><em>neque</em></strong></span> <span class='ocrx_word' id='word_1_488' title='bbox 589 5009 642 5065; x_wconf 91' lang='lat' dir='ltr'><strong><em>in</em></strong></span> <span class='ocrx_word' id='word_1_489' title='bbox 671 5005 894 5079; x_wconf 68' lang='lat' dir='ltr'><strong><em>Hebraeo</em></strong></span> <span class='ocrx_word' id='word_1_490' title='bbox 930 5014 1013 5079; x_wconf 77' lang='lat' dir='ltr'><strong><em>est</em></strong></span> <span class='ocrx_word' id='word_1_491' title='bbox 1054 5013 1225 5069; x_wconf 86' lang='lat' dir='ltr'><strong><em>textu,</em></strong></span> <span class='ocrx_word' id='word_1_492' title='bbox 1255 5002 1520 5079; x_wconf 66' lang='lat' dir='ltr'><strong><em>nequein</em></strong></span> <span class='ocrx_word' id='word_1_493' title='bbox 1554 5001 1742 5079; x_wconf 72' lang='lat' dir='ltr'><strong><em>Grch</em></strong></span> <span class='ocrx_word' id='word_1_494' title='bbox 1803 5001 1946 5070; x_wconf 80' lang='lat' dir='ltr'><strong><em>ipso,</em></strong></span> 
     </span>
    </p>
   </div>
   <div class='ocr_carea' id='block_1_90' title="bbox 385 5072 1951 5155">
    <p class='ocr_par' dir='ltr' id='par_1_90' title="bbox 385 5072 1951 5155">
     <span class='ocr_line' id='line_1_90' title="bbox 385 5072 1951 5155; baseline -0.007 -22"><span class='ocrx_word' id='word_1_495' title='bbox 385 5072 503 5155; x_wconf 59' lang='lat' dir='ltr'><strong><em>,ura</em></strong></span> <span class='ocrx_word' id='word_1_496' title='bbox 535 5078 730 5155; x_wconf 68' lang='lat' dir='ltr'><strong><em>merito</em></strong></span> <span class='ocrx_word' id='word_1_497' title='bbox 767 5077 820 5137; x_wconf 89' lang='lat' dir='ltr'><strong><em>in</em></strong></span> <span class='ocrx_word' id='word_1_498' title='bbox 849 5074 1041 5155; x_wconf 79' lang='lat' dir='ltr'><strong><em>eodem</em></strong></span> <span class='ocrx_word' id='word_1_499' title='bbox 1074 5090 1179 5155; x_wconf 62' lang='lat' dir='ltr'><strong><em>nis.</em></strong></span> <span class='ocrx_word' id='word_1_500' title='bbox 1220 5072 1555 5155; x_wconf 64' lang='lat' dir='ltr'><strong><em>expungitur</em></strong></span> <span class='ocrx_word' id='word_1_501' title='bbox 1619 5075 1737 5155; x_wconf 31' lang='lat' dir='ltr'><strong><em>“in;</em></strong></span> <span class='ocrx_word' id='word_1_502' title='bbox 1789 5084 1951 5147; x_wconf 69' lang='lat' dir='ltr'><strong><em>cujus</em></strong></span> 
     </span>
    </p>
   </div>
   <div class='ocr_carea' id='block_1_91' title="bbox 388 5141 1951 5211">
    <p class='ocr_par' dir='ltr' id='par_1_91' title="bbox 388 5141 1951 5211">
     <span class='ocr_line' id='line_1_91' title="bbox 388 5141 1951 5211; baseline -0.007 -7"><span class='ocrx_word' id='word_1_503' title='bbox 388 5141 550 5204; x_wconf 66' lang='lat' dir='ltr'><strong><em>&#39;ettam</em></strong></span> <span class='ocrx_word' id='word_1_504' title='bbox 594 5150 698 5207; x_wconf 79' lang='lat' dir='ltr'><strong><em>line</em></strong></span> <span class='ocrx_word' id='word_1_505' title='bbox 752 5146 1010 5201; x_wconf 77' lang='lat' dir='ltr'><strong><em>versiculi</em></strong></span> <span class='ocrx_word' id='word_1_506' title='bbox 1054 5141 1647 5211; x_wconf 34' lang='lat' dir='ltr'><strong><em>atlditur&#39;Diapsalma.</em></strong></span> <span class='ocrx_word' id='word_1_507' title='bbox 1703 5142 1951 5209; x_wconf 81' lang='lat' dir='ltr'><strong><em>Denique</em></strong></span> 
     </span>
    </p>
   </div>
   <div class='ocr_carea' id='block_1_92' title="bbox 387 5213 1761 5287">
    <p class='ocr_par' dir='ltr' id='par_1_92' title="bbox 387 5213 1761 5287">
     <span class='ocr_line' id='line_1_92' title="bbox 387 5213 1761 5287; baseline -0.009 -12"><span class='ocrx_word' id='word_1_508' title='bbox 387 5234 440 5275; x_wconf 82' lang='lat' dir='ltr'><strong><em>et</em></strong></span> <span class='ocrx_word' id='word_1_509' title='bbox 472 5236 525 5272; x_wconf 87' lang='lat' dir='ltr'><strong><em>tn</em></strong></span> <span class='ocrx_word' id='word_1_510' title='bbox 551 5219 895 5287; x_wconf 75' lang='lat' dir='ltr'><strong><em>obligationes</em></strong></span> <span class='ocrx_word' id='word_1_511' title='bbox 936 5216 1132 5287; x_wconf 76' lang='lat' dir='ltr'><strong><em>legitur</em></strong></span> <span class='ocrx_word' id='word_1_512' title='bbox 1168 5228 1265 5284; x_wconf 86' lang='lat' dir='ltr'><strong><em>pro</em></strong></span> <span class='ocrx_word' id='word_1_513' title='bbox 1287 5214 1355 5266; x_wconf 84' lang='lat' dir='ltr'><strong><em>ad</em></strong></span> <span class='ocrx_word' id='word_1_514' title='bbox 1390 5213 1761 5287; x_wconf 65' lang='lat' dir='ltr'><strong><em>obligationes.</em></strong></span> 
     </span>
    </p>
   </div>
   <div class='ocr_carea' id='block_1_93' title="bbox 454 5279 1953 5357">
    <p class='ocr_par' dir='ltr' id='par_1_93' title="bbox 454 5279 1953 5357">
     <span class='ocr_line' id='line_1_93' title="bbox 454 5279 1953 5357; baseline -0.009 -14"><span class='ocrx_word' id='word_1_515' title='bbox 454 5291 476 5321; x_wconf 75' lang='grc'><strong><em>⁵</em></strong></span> <span class='ocrx_word' id='word_1_516' title='bbox 507 5279 846 5357; x_wconf 58' lang='lat' dir='ltr'><strong><em>Augustinus</em></strong></span> <span class='ocrx_word' id='word_1_517' title='bbox 885 5296 940 5339; x_wconf 92' lang='lat' dir='ltr'><strong><em>et</em></strong></span> <span class='ocrx_word' id='word_1_518' title='bbox 969 5279 1272 5338; x_wconf 73' lang='lat' dir='ltr'><strong><em>Veronéns.</em></strong></span> <span class='ocrx_word' id='word_1_519' title='bbox 1299 5279 1693 5357; x_wconf 24' lang='lat' dir='ltr'><strong><em>codex‘.‘Super</em></strong></span> <span class='ocrx_word' id='word_1_520' title='bbox 1718 5296 1810 5332; x_wconf 88' lang='lat' dir='ltr'><strong><em>nos</em></strong></span> <span class='ocrx_word' id='word_1_521' title='bbox 1837 5279 1953 5346; x_wconf 76' lang='lat' dir='ltr'><strong><em>for-</em></strong></span> 
     </span>
    </p>
   </div>
   <div class='ocr_carea' id='block_1_94' title="bbox 388 5354 1953 5421">
    <p class='ocr_par' dir='ltr' id='par_1_94' title="bbox 388 5354 1953 5421">
     <span class='ocr_line' id='line_1_94' title="bbox 388 5354 1953 5421; baseline -0.01 -6"><span class='ocrx_word' id='word_1_522' title='bbox 388 5364 525 5415; x_wconf 84' lang='lat' dir='ltr'><strong><em>sitan</em></strong></span> <span class='ocrx_word' id='word_1_523' title='bbox 560 5354 695 5412; x_wconf 77' lang='lat' dir='ltr'><strong><em>vinos</em></strong></span> <span class='ocrx_word' id='word_1_524' title='bbox 728 5357 1117 5421; x_wconf 72' lang='lat' dir='ltr'><strong><em>absorbuissent</em></strong></span> <span class='ocrx_word' id='word_1_525' title='bbox 1144 5372 1259 5408; x_wconf 89' lang='lat' dir='ltr'><strong><em>nos.</em></strong></span> <span class='ocrx_word' id='word_1_526' title='bbox 1299 5354 1364 5407; x_wconf 85' lang='lat' dir='ltr'><strong><em>Et</em></strong></span> <span class='ocrx_word' id='word_1_527' title='bbox 1398 5371 1412 5407; x_wconf 88' lang='lat'><strong><em>:</em></strong></span> <span class='ocrx_word' id='word_1_528' title='bbox 1448 5354 1583 5404; x_wconf 84' lang='lat' dir='ltr'><strong><em>Dum</em></strong></span> <span class='ocrx_word' id='word_1_529' title='bbox 1636 5354 1953 5404; x_wconf 83' lang='lat' dir='ltr'><strong><em>irasceretur</em></strong></span> 
     </span>
    </p>
   </div>
   <div class='ocr_carea' id='block_1_95' title="bbox 388 5421 1951 5501">
    <p class='ocr_par' dir='ltr' id='par_1_95' title="bbox 388 5421 1951 5501">
     <span class='ocr_line' id='line_1_95' title="bbox 388 5421 1951 5501; baseline -0.01 -17"><span class='ocrx_word' id='word_1_530' title='bbox 388 5436 534 5501; x_wconf 81' lang='lat' dir='ltr'><strong><em>[uror</em></strong></span> <span class='ocrx_word' id='word_1_531' title='bbox 575 5433 806 5499; x_wconf 84' lang='lat' dir='ltr'><strong><em>ipsorum</em></strong></span> <span class='ocrx_word' id='word_1_532' title='bbox 835 5442 995 5496; x_wconf 83' lang='lat' dir='ltr'><strong><em>super</em></strong></span> <span class='ocrx_word' id='word_1_533' title='bbox 1034 5442 1166 5501; x_wconf 48' lang='lat' dir='ltr'><strong><em>nos,</em></strong></span> <span class='ocrx_word' id='word_1_534' title='bbox 1197 5426 1422 5501; x_wconf 73' lang='lat' dir='ltr'><strong><em>forsitan</em></strong></span> <span class='ocrx_word' id='word_1_535' title='bbox 1463 5438 1602 5501; x_wconf 81' lang='lat' dir='ltr'><strong><em>aqua</em></strong></span> <span class='ocrx_word' id='word_1_536' title='bbox 1627 5421 1951 5501; x_wconf 67' lang='lat' dir='ltr'><strong><em>deitiersisset</em></strong></span> 
     </span>
    </p>
   </div>
   <div class='ocr_carea' id='block_1_96' title="bbox 390 5493 1953 5567">
    <p class='ocr_par' dir='ltr' id='par_1_96' title="bbox 390 5493 1953 5567">
     <span class='ocr_line' id='line_1_96' title="bbox 390 5493 1953 5567; baseline -0.009 -15"><span class='ocrx_word' id='word_1_537' title='bbox 390 5493 501 5559; x_wconf 72' lang='lat' dir='ltr'><strong><em>nos.</em></strong></span> <span class='ocrx_word' id='word_1_538' title='bbox 553 5493 854 5556; x_wconf 73' lang='lat' dir='ltr'><strong><em>Torrentem</em></strong></span> <span class='ocrx_word' id='word_1_539' title='bbox 883 5493 1189 5567; x_wconf 73' lang='lat' dir='ltr'><strong><em>pertransiit</em></strong></span> <span class='ocrx_word' id='word_1_540' title='bbox 1247 5494 1429 5567; x_wconf 81' lang='lat' dir='ltr'><strong><em>anima</em></strong></span> <span class='ocrx_word' id='word_1_541' title='bbox 1486 5498 1685 5567; x_wconf 74' lang='lat' dir='ltr'><strong><em>uestra,</em></strong></span> <span class='ocrx_word' id='word_1_542' title='bbox 1728 5493 1953 5567; x_wconf 66' lang='lat' dir='ltr'><strong><em>forsitan</em></strong></span> 
     </span>
    </p>
   </div>
   <div class='ocr_carea' id='block_1_97' title="bbox 393 5560 1951 5638">
    <p class='ocr_par' dir='ltr' id='par_1_97' title="bbox 393 5560 1951 5638">
     <span class='ocr_line' id='line_1_97' title="bbox 393 5560 1951 5638; baseline -0.012 -13"><span class='ocrx_word' id='word_1_543' title='bbox 393 5575 679 5638; x_wconf 80' lang='lat' dir='ltr'><strong><em>pertransit</em></strong></span> <span class='ocrx_word' id='word_1_544' title='bbox 708 5560 895 5623; x_wconf 73' lang='lat' dir='ltr'><strong><em>anima</em></strong></span> <span class='ocrx_word' id='word_1_545' title='bbox 920 5578 1105 5621; x_wconf 85' lang='lat' dir='ltr'><strong><em>nostra</em></strong></span> <span class='ocrx_word' id='word_1_546' title='bbox 1153 5579 1347 5638; x_wconf 70' lang='lat' dir='ltr'><strong><em>aquam</em></strong></span> <span class='ocrx_word' id='word_1_547' title='bbox 1377 5563 1514 5638; x_wconf 59' lang='lat' dir='ltr'><strong><em>(ius.</em></strong></span> <span class='ocrx_word' id='word_1_548' title='bbox 1538 5560 1674 5612; x_wconf 81' lang='lat' dir='ltr'><strong><em>adtl.</em></strong></span> <span class='ocrx_word' id='word_1_549' title='bbox 1709 5574 1825 5638; x_wconf 68' lang='lat' dir='ltr'><strong><em>quin</em></strong></span> <span class='ocrx_word' id='word_1_550' title='bbox 1850 5565 1951 5624; x_wconf 88' lang='lat' dir='ltr'><strong><em>est)</em></strong></span> 
     </span>
    </p>
   </div>
   <div class='ocr_carea' id='block_1_98' title="bbox 394 5632 1954 5698">
    <p class='ocr_par' dir='ltr' id='par_1_98' title="bbox 394 5632 1954 5698">
     <span class='ocr_line' id='line_1_98' title="bbox 394 5632 1954 5698; baseline -0.012 -3"><span class='ocrx_word' id='word_1_551' title='bbox 394 5632 503 5695; x_wconf 56' lang='lat' dir='ltr'><strong><em>Sine</em></strong></span> <span class='ocrx_word' id='word_1_552' title='bbox 540 5644 858 5694; x_wconf 85' lang='lat' dir='ltr'><strong><em>substantia.</em></strong></span> <span class='ocrx_word' id='word_1_553' title='bbox 917 5639 1079 5698; x_wconf 85' lang='lat' dir='ltr'><strong><em>Tum,</em></strong></span> <span class='ocrx_word' id='word_1_554' title='bbox 1143 5633 1297 5687; x_wconf 85' lang='lat' dir='ltr'><strong><em>Dedit</em></strong></span> <span class='ocrx_word' id='word_1_555' title='bbox 1352 5647 1444 5689; x_wconf 78' lang='lat' dir='ltr'><strong><em>nos</em></strong></span> <span class='ocrx_word' id='word_1_556' title='bbox 1497 5632 1552 5683; x_wconf 91' lang='lat' dir='ltr'><strong><em>in</em></strong></span> <span class='ocrx_word' id='word_1_557' title='bbox 1603 5632 1954 5683; x_wconf 86' lang='lat' dir='ltr'><strong><em>uenationem.</em></strong></span> 
     </span>
    </p>
   </div>
   <div class='ocr_carea' id='block_1_99' title="bbox 396 5702 1954 5777">
    <p class='ocr_par' dir='ltr' id='par_1_99' title="bbox 396 5702 1954 5777">
     <span class='ocr_line' id='line_1_99' title="bbox 396 5702 1954 5777; baseline -0.011 -13"><span class='ocrx_word' id='word_1_558' title='bbox 396 5715 585 5764; x_wconf 77' lang='lat' dir='ltr'><strong><em>Anima</em></strong></span> <span class='ocrx_word' id='word_1_559' title='bbox 611 5722 810 5775; x_wconf 88' lang='lat' dir='ltr'><strong><em>nostra,</em></strong></span> <span class='ocrx_word' id='word_1_560' title='bbox 837 5710 969 5763; x_wconf 88' lang='lat' dir='ltr'><strong><em>sicut</em></strong></span> <span class='ocrx_word' id='word_1_561' title='bbox 998 5720 1202 5777; x_wconf 65' lang='lat' dir='ltr'><strong><em>passer.</em></strong></span> <span class='ocrx_word' id='word_1_562' title='bbox 1234 5703 1459 5777; x_wconf 77' lang='lat' dir='ltr'><strong><em>liberata</em></strong></span> <span class='ocrx_word' id='word_1_563' title='bbox 1496 5703 1653 5777; x_wconf 72' lang='lat' dir='ltr'><strong><em>(Aug.</em></strong></span> <span class='ocrx_word' id='word_1_564' title='bbox 1674 5702 1849 5765; x_wconf 87' lang='lat' dir='ltr'><strong><em>eruta)</em></strong></span> <span class='ocrx_word' id='word_1_565' title='bbox 1881 5704 1954 5747; x_wconf 86' lang='lat' dir='ltr'><strong><em>est</em></strong></span> 
     </span>
    </p>
   </div>
   <div class='ocr_carea' id='block_1_100' title="bbox 395 5771 1952 5845">
    <p class='ocr_par' dir='ltr' id='par_1_100' title="bbox 395 5771 1952 5845">
     <span class='ocr_line' id='line_1_100' title="bbox 395 5771 1952 5845; baseline -0.011 -12"><span class='ocrx_word' id='word_1_566' title='bbox 395 5782 455 5841; x_wconf 69' lang='lat' dir='ltr'><strong><em>tle</em></strong></span> <span class='ocrx_word' id='word_1_567' title='bbox 483 5782 768 5843; x_wconf 86' lang='lat' dir='ltr'><strong><em>muscipula</em></strong></span> <span class='ocrx_word' id='word_1_568' title='bbox 794 5771 1122 5831; x_wconf 62' lang='lat' dir='ltr'><strong><em>cenantium.</em></strong></span> <span class='ocrx_word' id='word_1_569' title='bbox 1156 5771 1451 5845; x_wconf 84' lang='lat' dir='ltr'><strong><em>Muscipula</em></strong></span> <span class='ocrx_word' id='word_1_570' title='bbox 1474 5772 1698 5845; x_wconf 83' lang='lat' dir='ltr'><strong><em>contrita</em></strong></span> <span class='ocrx_word' id='word_1_571' title='bbox 1724 5778 1818 5832; x_wconf 69' lang='lat' dir='ltr'><strong><em>est,</em></strong></span> <span class='ocrx_word' id='word_1_572' title='bbox 1846 5779 1952 5845; x_wconf 74' lang='lat' dir='ltr'><strong><em>etc.</em></strong></span> 
     </span>
    </p>
   </div>
   <div class='ocr_carea' id='block_1_101' title="bbox 398 5841 1954 5918">
    <p class='ocr_par' dir='ltr' id='par_1_101' title="bbox 398 5841 1954 5918">
     <span class='ocr_line' id='line_1_101' title="bbox 398 5841 1954 5918; baseline -0.01 -13"><span class='ocrx_word' id='word_1_573' title='bbox 398 5866 522 5905; x_wconf 87' lang='lat' dir='ltr'><strong><em>nam</em></strong></span> <span class='ocrx_word' id='word_1_574' title='bbox 546 5841 688 5918; x_wconf 82' lang='lat' dir='ltr'><strong><em>quod</em></strong></span> <span class='ocrx_word' id='word_1_575' title='bbox 717 5857 837 5902; x_wconf 84' lang='lat' dir='ltr'><strong><em>sunt</em></strong></span> <span class='ocrx_word' id='word_1_576' title='bbox 870 5850 923 5901; x_wconf 88' lang='lat' dir='ltr'><strong><em>in</em></strong></span> <span class='ocrx_word' id='word_1_577' title='bbox 960 5846 1253 5903; x_wconf 81' lang='lat' dir='ltr'><strong><em>Vcronensi</em></strong></span> <span class='ocrx_word' id='word_1_578' title='bbox 1310 5862 1409 5897; x_wconf 83' lang='lat' dir='ltr'><strong><em>ms.</em></strong></span> <span class='ocrx_word' id='word_1_579' title='bbox 1443 5842 1663 5912; x_wconf 83' lang='lat' dir='ltr'><strong><em>legitur,</em></strong></span> <span class='ocrx_word' id='word_1_580' title='bbox 1725 5841 1954 5893; x_wconf 75' lang='lat' dir='ltr'><strong><em>manne-</em></strong></span> 
     </span>
    </p>
   </div>
   <div class='ocr_carea' id='block_1_102' title="bbox 2119 4634 3615 4700">
    <p class='ocr_par' dir='ltr' id='par_1_102' title="bbox 2119 4634 3615 4700">
     <span class='ocr_line' id='line_1_102' title="bbox 2119 4634 3615 4700; baseline -0.008 -4"><span class='ocrx_word' id='word_1_581' title='bbox 2119 4645 2140 4675; x_wconf 87' lang='grc'><strong><em>⁸</em></strong></span> <span class='ocrx_word' id='word_1_582' title='bbox 2184 4643 2423 4700; x_wconf 80' lang='lat' dir='ltr'><strong><em>Plurium</em></strong></span> <span class='ocrx_word' id='word_1_583' title='bbox 2464 4634 2695 4695; x_wconf 84' lang='lat' dir='ltr'><strong><em>numero</em></strong></span> <span class='ocrx_word' id='word_1_584' title='bbox 2746 4642 2799 4695; x_wconf 92' lang='lat' dir='ltr'><strong><em>in</em></strong></span> <span class='ocrx_word' id='word_1_585' title='bbox 2828 4636 3131 4697; x_wconf 80' lang='lat' dir='ltr'><strong><em>Veronensi</em></strong></span> <span class='ocrx_word' id='word_1_586' title='bbox 3169 4653 3277 4691; x_wconf 86' lang='lat' dir='ltr'><strong><em>ms.</em></strong></span> <span class='ocrx_word' id='word_1_587' title='bbox 3346 4634 3615 4688; x_wconf 78' lang='lat' dir='ltr'><strong><em>Nuncaut-</em></strong></span> 
     </span>
    </p>
   </div>
   <div class='ocr_carea' id='block_1_103' title="bbox 2050 4707 3614 4780">
    <p class='ocr_par' dir='ltr' id='par_1_103' title="bbox 2050 4707 3614 4780">
     <span class='ocr_line' id='line_1_103' title="bbox 2050 4707 3614 4780; baseline -0.006 -15"><span class='ocrx_word' id='word_1_588' title='bbox 2050 4714 2389 4767; x_wconf 82' lang='lat' dir='ltr'><strong><em>movebuntur</em></strong></span> <span class='ocrx_word' id='word_1_589' title='bbox 2413 4713 2465 4763; x_wconf 92' lang='lat' dir='ltr'><strong><em>in</em></strong></span> <span class='ocrx_word' id='word_1_590' title='bbox 2481 4722 2731 4763; x_wconf 72' lang='lat' dir='ltr'><strong><em>attentum</em></strong></span> <span class='ocrx_word' id='word_1_591' title='bbox 2755 4712 2841 4780; x_wconf 87' lang='lat' dir='ltr'><strong><em>qui</em></strong></span> <span class='ocrx_word' id='word_1_592' title='bbox 2865 4709 3126 4769; x_wconf 81' lang='lat' dir='ltr'><strong><em>habitant.</em></strong></span> <span class='ocrx_word' id='word_1_593' title='bbox 3153 4720 3289 4771; x_wconf 86' lang='lat' dir='ltr'><strong><em>etc.,</em></strong></span> <span class='ocrx_word' id='word_1_594' title='bbox 3317 4707 3485 4759; x_wconf 79' lang='lat' dir='ltr'><strong><em>ferme</em></strong></span> <span class='ocrx_word' id='word_1_595' title='bbox 3503 4716 3614 4757; x_wconf 87' lang='lat' dir='ltr'><strong><em>eum</em></strong></span> 
     </span>
    </p>
   </div>
   <div class='ocr_carea' id='block_1_104' title="bbox 2050 4779 3620 4852">
    <p class='ocr_par' dir='ltr' id='par_1_104' title="bbox 2050 4779 3620 4852">
     <span class='ocr_line' id='line_1_104' title="bbox 2050 4779 3620 4852; baseline -0.008 -17"><span class='ocrx_word' id='word_1_596' title='bbox 2050 4783 2354 4852; x_wconf 77' lang='lat' dir='ltr'><strong><em>Augustino</em></strong></span> <span class='ocrx_word' id='word_1_597' title='bbox 2385 4796 2398 4835; x_wconf 94' lang='lat'><strong>:</strong></span> <span class='ocrx_word' id='word_1_598' title='bbox 2428 4791 2485 4834; x_wconf 88' lang='lat' dir='ltr'><strong><em>ut</em></strong></span> <span class='ocrx_word' id='word_1_599' title='bbox 2516 4782 2731 4849; x_wconf 89' lang='lat' dir='ltr'><strong><em>etquod</em></strong></span> <span class='ocrx_word' id='word_1_600' title='bbox 2758 4779 3003 4847; x_wconf 71' lang='lat' dir='ltr'><strong><em>Sequitur</em></strong></span> <span class='ocrx_word' id='word_1_601' title='bbox 3033 4779 3196 4852; x_wconf 76' lang='lat' dir='ltr'><strong><em>plebis</em></strong></span> <span class='ocrx_word' id='word_1_602' title='bbox 3227 4793 3362 4852; x_wconf 56' lang='lat' dir='ltr'><strong><em>sure,</em></strong></span> <span class='ocrx_word' id='word_1_603' title='bbox 3421 4791 3517 4843; x_wconf 86' lang='lat' dir='ltr'><strong><em>pro</em></strong></span> <span class='ocrx_word' id='word_1_604' title='bbox 3538 4788 3620 4841; x_wconf 86' lang='lat' dir='ltr'><strong><em>po-</em></strong></span> 
     </span>
    </p>
   </div>
   <div class='ocr_carea' id='block_1_105' title="bbox 2050 4848 3617 4921">
    <p class='ocr_par' dir='ltr' id='par_1_105' title="bbox 2050 4848 3617 4921">
     <span class='ocr_line' id='line_1_105' title="bbox 2050 4848 3617 4921; baseline -0.003 -16"><span class='ocrx_word' id='word_1_605' title='bbox 2050 4848 2161 4921; x_wconf 79' lang='lat' dir='ltr'><strong><em>puli</em></strong></span> <span class='ocrx_word' id='word_1_606' title='bbox 2189 4854 2295 4905; x_wconf 90' lang='lat' dir='ltr'><strong><em>sui.</em></strong></span> <span class='ocrx_word' id='word_1_607' title='bbox 2334 4848 2699 4921; x_wconf 78' lang='lat' dir='ltr'><strong><em>Subsequenti</em></strong></span> <span class='ocrx_word' id='word_1_608' title='bbox 2726 4858 2906 4921; x_wconf 87' lang='lat' dir='ltr'><strong><em>autem</em></strong></span> <span class='ocrx_word' id='word_1_609' title='bbox 2938 4864 3098 4903; x_wconf 84' lang='lat' dir='ltr'><strong><em>versu</em></strong></span> <span class='ocrx_word' id='word_1_610' title='bbox 3122 4851 3280 4903; x_wconf 73' lang='lat' dir='ltr'><strong><em>solus</em></strong></span> <span class='ocrx_word' id='word_1_611' title='bbox 3302 4848 3617 4921; x_wconf 57' lang='lat' dir='ltr'><strong><em>Veronensa</em></strong></span> 
     </span>
    </p>
   </div>
   <div class='ocr_carea' id='block_1_106' title="bbox 2052 4914 3621 4991">
    <p class='ocr_par' dir='ltr' id='par_1_106' title="bbox 2052 4914 3621 4991">
     <span class='ocr_line' id='line_1_106' title="bbox 2052 4914 3621 4991; baseline -0.008 -16"><span class='ocrx_word' id='word_1_612' title='bbox 2052 4914 2322 4988; x_wconf 61' lang='lat' dir='ltr'><strong><em>&#39;Quoniam</em></strong></span> <span class='ocrx_word' id='word_1_613' title='bbox 2358 4938 2464 4974; x_wconf 91' lang='lat' dir='ltr'><strong><em>non</em></strong></span> <span class='ocrx_word' id='word_1_614' title='bbox 2487 4914 2803 4991; x_wconf 74' lang='lat' dir='ltr'><strong><em>derelinquet</em></strong></span> <span class='ocrx_word' id='word_1_615' title='bbox 2834 4919 3002 4991; x_wconf 81' lang='lat' dir='ltr'><strong><em>virga,</em></strong></span> <span class='ocrx_word' id='word_1_616' title='bbox 3039 4922 3107 4973; x_wconf 88' lang='lat' dir='ltr'><strong><em>de</em></strong></span> <span class='ocrx_word' id='word_1_617' title='bbox 3141 4932 3324 4983; x_wconf 88' lang='lat' dir='ltr'><strong><em>more,</em></strong></span> <span class='ocrx_word' id='word_1_618' title='bbox 3377 4930 3476 4985; x_wconf 87' lang='lat' dir='ltr'><strong><em>pro</em></strong></span> <span class='ocrx_word' id='word_1_619' title='bbox 3518 4914 3621 4991; x_wconf 61' lang='lat' dir='ltr'><strong><em>viro</em></strong></span> 
     </span>
    </p>
   </div>
   <div class='ocr_carea' id='block_1_107' title="bbox 2051 4984 3623 5064">
    <p class='ocr_par' dir='ltr' id='par_1_107' title="bbox 2051 4984 3623 5064">
     <span class='ocr_line' id='line_1_107' title="bbox 2051 4984 3623 5064; baseline -0.011 -16"><span class='ocrx_word' id='word_1_620' title='bbox 2051 4984 2196 5064; x_wconf 66' lang='lat' dir='ltr'><strong><em>gum,</em></strong></span> <span class='ocrx_word' id='word_1_621' title='bbox 2238 4992 2359 5045; x_wconf 87' lang='lat' dir='ltr'><strong><em>sine</em></strong></span> <span class='ocrx_word' id='word_1_622' title='bbox 2401 4984 2733 5064; x_wconf 79' lang='lat' dir='ltr'><strong><em>interposito</em></strong></span> <span class='ocrx_word' id='word_1_623' title='bbox 2767 4984 3023 5064; x_wconf 72' lang='lat' dir='ltr'><strong><em>Dominus</em></strong></span> <span class='ocrx_word' id='word_1_624' title='bbox 3050 5004 3069 5041; x_wconf 91' lang='lat'><strong><em>:</em></strong></span> <span class='ocrx_word' id='word_1_625' title='bbox 3110 4997 3165 5041; x_wconf 89' lang='lat' dir='ltr'><strong><em>et</em></strong></span> <span class='ocrx_word' id='word_1_626' title='bbox 3192 4984 3500 5064; x_wconf 74' lang='lat' dir='ltr'><strong><em>postremo.</em></strong></span> <span class='ocrx_word' id='word_1_627' title='bbox 3528 4984 3623 5035; x_wconf 87' lang='lat' dir='ltr'><strong><em>De-</em></strong></span> 
     </span>
    </p>
   </div>
   <div class='ocr_carea' id='block_1_108' title="bbox 2052 5057 3623 5129">
    <p class='ocr_par' dir='ltr' id='par_1_108' title="bbox 2052 5057 3623 5129">
     <span class='ocr_line' id='line_1_108' title="bbox 2052 5057 3623 5129; baseline -0.01 -14"><span class='ocrx_word' id='word_1_628' title='bbox 2052 5057 2309 5120; x_wconf 67' lang='lat' dir='ltr'><strong><em>clinantes</em></strong></span> <span class='ocrx_word' id='word_1_629' title='bbox 2339 5076 2515 5119; x_wconf 85' lang='lat' dir='ltr'><strong><em>autem</em></strong></span> <span class='ocrx_word' id='word_1_630' title='bbox 2545 5057 2600 5112; x_wconf 87' lang='lat' dir='ltr'><strong><em>in</em></strong></span> <span class='ocrx_word' id='word_1_631' title='bbox 2642 5060 3088 5129; x_wconf 85' lang='lat' dir='ltr'><strong><em>strangulatione,</em></strong></span> <span class='ocrx_word' id='word_1_632' title='bbox 3119 5057 3267 5129; x_wconf 82' lang='lat' dir='ltr'><strong><em>quod</em></strong></span> <span class='ocrx_word' id='word_1_633' title='bbox 3323 5065 3407 5129; x_wconf 83' lang='lat' dir='ltr'><strong><em>est</em></strong></span> <span class='ocrx_word' id='word_1_634' title='bbox 3457 5065 3623 5104; x_wconf 84' lang='lat' dir='ltr'><strong><em>tamen</em></strong></span> 
     </span>
    </p>
   </div>
   <div class='ocr_carea' id='block_1_109' title="bbox 2052 5125 3523 5199">
    <p class='ocr_par' dir='ltr' id='par_1_109' title="bbox 2052 5125 3523 5199">
     <span class='ocr_line' id='line_1_109' title="bbox 2052 5125 3523 5199; baseline -0.009 -12"><span class='ocrx_word' id='word_1_635' title='bbox 2052 5148 2116 5187; x_wconf 76' lang='lat' dir='ltr'><strong><em>ex</em></strong></span> <span class='ocrx_word' id='word_1_636' title='bbox 2144 5132 2449 5199; x_wconf 83' lang='lat' dir='ltr'><strong><em>Augustino</em></strong></span> <span class='ocrx_word' id='word_1_637' title='bbox 2491 5125 2893 5199; x_wconf 66' lang='lat' dir='ltr'><strong><em>etnetitlatidittit</em></strong></span> <span class='ocrx_word' id='word_1_638' title='bbox 2928 5131 2984 5181; x_wconf 90' lang='lat' dir='ltr'><strong><em>in</em></strong></span> <span class='ocrx_word' id='word_1_639' title='bbox 3018 5125 3523 5199; x_wconf 84' lang='lat' dir='ltr'><strong><em>strangulationem.</em></strong></span> 
     </span>
    </p>
   </div>
   <div class='ocr_carea' id='block_1_110' title="bbox 2121 5193 3618 5263">
    <p class='ocr_par' dir='ltr' id='par_1_110' title="bbox 2121 5193 3618 5263">
     <span class='ocr_line' id='line_1_110' title="bbox 2121 5193 3618 5263; baseline -0.008 -10"><span class='ocrx_word' id='word_1_640' title='bbox 2121 5203 2142 5233; x_wconf 84' lang='grc'><strong>⁸</strong></span> <span class='ocrx_word' id='word_1_641' title='bbox 2183 5193 2332 5259; x_wconf 63' lang='lat' dir='ltr'><strong><em>lieni</em></strong></span> <span class='ocrx_word' id='word_1_642' title='bbox 2389 5217 2489 5254; x_wconf 90' lang='lat' dir='ltr'><strong><em>ms.</em></strong></span> <span class='ocrx_word' id='word_1_643' title='bbox 2529 5198 2657 5251; x_wconf 80' lang='lat' dir='ltr'><strong><em>Cum</em></strong></span> <span class='ocrx_word' id='word_1_644' title='bbox 2702 5200 2952 5251; x_wconf 83' lang='lat' dir='ltr'><strong><em>convertit</em></strong></span> <span class='ocrx_word' id='word_1_645' title='bbox 3002 5213 3021 5251; x_wconf 86' lang='lat'><strong><em>:</em></strong></span> <span class='ocrx_word' id='word_1_646' title='bbox 3077 5193 3278 5251; x_wconf 78' lang='lat' dir='ltr'><strong><em>melius</em></strong></span> <span class='ocrx_word' id='word_1_647' title='bbox 3329 5193 3618 5263; x_wconf 84' lang='lat' dir='ltr'><strong><em>Augustin.</em></strong></span> 
     </span>
    </p>
   </div>
   <div class='ocr_carea' id='block_1_111' title="bbox 2052 5267 3625 5335">
    <p class='ocr_par' dir='ltr' id='par_1_111' title="bbox 2052 5267 3625 5335">
     <span class='ocr_line' id='line_1_111' title="bbox 2052 5267 3625 5335; baseline -0.01 -10"><span class='ocrx_word' id='word_1_648' title='bbox 2052 5280 2358 5335; x_wconf 86' lang='lat' dir='ltr'><strong><em>convertet,</em></strong></span> <span class='ocrx_word' id='word_1_649' title='bbox 2422 5280 2517 5323; x_wconf 85' lang='lat' dir='ltr'><strong><em>aut</em></strong></span> <span class='ocrx_word' id='word_1_650' title='bbox 2578 5270 2855 5325; x_wconf 57' lang='lat' dir='ltr'><strong><em>convertit.</em></strong></span> <span class='ocrx_word' id='word_1_651' title='bbox 2928 5269 3115 5321; x_wconf 85' lang='lat' dir='ltr'><strong><em>Altero</em></strong></span> <span class='ocrx_word' id='word_1_652' title='bbox 3171 5267 3242 5319; x_wconf 84' lang='lat' dir='ltr'><strong><em>ab</em></strong></span> <span class='ocrx_word' id='word_1_653' title='bbox 3298 5267 3437 5335; x_wconf 21' lang='lat' dir='ltr'><strong><em>boc‘</em></strong></span> <span class='ocrx_word' id='word_1_654' title='bbox 3476 5273 3625 5335; x_wconf 75' lang='lat' dir='ltr'><strong><em>versu</em></strong></span> 
     </span>
    </p>
   </div>
   <div class='ocr_carea' id='block_1_112' title="bbox 2057 5332 3626 5411">
    <p class='ocr_par' dir='ltr' id='par_1_112' title="bbox 2057 5332 3626 5411">
     <span class='ocr_line' id='line_1_112' title="bbox 2057 5332 3626 5411; baseline -0.008 -16"><span class='ocrx_word' id='word_1_655' title='bbox 2057 5336 2227 5395; x_wconf 82' lang='lat' dir='ltr'><strong><em>verba</em></strong></span> <span class='ocrx_word' id='word_1_656' title='bbox 2248 5332 2608 5409; x_wconf 74' lang='lat' dir='ltr'><strong><em>magni/ienuit</em></strong></span> <span class='ocrx_word' id='word_1_657' title='bbox 2631 5340 2881 5411; x_wconf 86' lang='lat' dir='ltr'><strong><em>Dominus</em></strong></span> <span class='ocrx_word' id='word_1_658' title='bbox 2907 5339 3077 5411; x_wconf 80' lang='lat' dir='ltr'><strong><em>facere</em></strong></span> <span class='ocrx_word' id='word_1_659' title='bbox 3096 5334 3372 5411; x_wconf 68' lang='lat' dir='ltr'><strong><em>cumillis,</em></strong></span> <span class='ocrx_word' id='word_1_660' title='bbox 3392 5332 3626 5411; x_wconf 73' lang='lat' dir='ltr'><strong><em>ejusdem</em></strong></span> 
     </span>
    </p>
   </div>
   <div class='ocr_carea' id='block_1_113' title="bbox 2057 5406 3629 5480">
    <p class='ocr_par' dir='ltr' id='par_1_113' title="bbox 2057 5406 3629 5480">
     <span class='ocr_line' id='line_1_113' title="bbox 2057 5406 3629 5480; baseline -0.011 -15"><span class='ocrx_word' id='word_1_661' title='bbox 2057 5426 2291 5469; x_wconf 83' lang='lat' dir='ltr'><strong><em>occursu</em></strong></span> <span class='ocrx_word' id='word_1_662' title='bbox 2320 5406 2493 5473; x_wconf 48' lang='lat' dir='ltr'><strong><em>uerbi,</em></strong></span> <span class='ocrx_word' id='word_1_663' title='bbox 2522 5413 2664 5480; x_wconf 75' lang='lat' dir='ltr'><strong><em>sive__</em></strong></span> <span class='ocrx_word' id='word_1_664' title='bbox 2692 5410 2858 5463; x_wconf 85' lang='lat' dir='ltr'><strong><em>etiam</em></strong></span> <span class='ocrx_word' id='word_1_665' title='bbox 2893 5410 3062 5480; x_wconf 87' lang='lat' dir='ltr'><strong><em>totius</em></strong></span> <span class='ocrx_word' id='word_1_666' title='bbox 3093 5406 3433 5459; x_wconf 85' lang='lat' dir='ltr'><strong><em>hemistichii</em></strong></span> <span class='ocrx_word' id='word_1_667' title='bbox 3482 5406 3629 5480; x_wconf 72' lang='lat' dir='ltr'><strong><em>siun—</em></strong></span> 
     </span>
    </p>
   </div>
   <div class='ocr_carea' id='block_1_114' title="bbox 2063 5474 3629 5547">
    <p class='ocr_par' dir='ltr' id='par_1_114' title="bbox 2063 5474 3629 5547">
     <span class='ocr_line' id='line_1_114' title="bbox 2063 5474 3629 5547; baseline -0.01 -12"><span class='ocrx_word' id='word_1_668' title='bbox 2063 5482 2298 5544; x_wconf 83' lang='lat' dir='ltr'><strong><em>litudine</em></strong></span> <span class='ocrx_word' id='word_1_669' title='bbox 2327 5481 2588 5547; x_wconf 77' lang='lat' dir='ltr'><strong><em>deceptus</em></strong></span> <span class='ocrx_word' id='word_1_670' title='bbox 2628 5477 2962 5533; x_wconf 80' lang='lat' dir='ltr'><strong><em>Veronensis</em></strong></span> <span class='ocrx_word' id='word_1_671' title='bbox 3018 5479 3197 5531; x_wconf 87' lang='lat' dir='ltr'><strong><em>scriba</em></strong></span> <span class='ocrx_word' id='word_1_672' title='bbox 3242 5474 3629 5547; x_wconf 42' lang='lat' dir='ltr'><strong><em>praetenuis“;</em></strong></span> 
     </span>
    </p>
   </div>
   <div class='ocr_carea' id='block_1_115' title="bbox 2056 5545 3630 5621">
    <p class='ocr_par' dir='ltr' id='par_1_115' title="bbox 2056 5545 3630 5621">
     <span class='ocr_line' id='line_1_115' title="bbox 2056 5545 3630 5621; baseline -0.011 -16"><span class='ocrx_word' id='word_1_673' title='bbox 2056 5552 2188 5621; x_wconf 77' lang='lat' dir='ltr'><strong><em>legit</em></strong></span> <span class='ocrx_word' id='word_1_674' title='bbox 2213 5567 2343 5602; x_wconf 85' lang='lat' dir='ltr'><strong><em>vero</em></strong></span> <span class='ocrx_word' id='word_1_675' title='bbox 2391 5545 2753 5621; x_wconf 10' lang='lat' dir='ltr'><strong><em>mositet&#39;umr</em></strong></span> <span class='ocrx_word' id='word_1_676' title='bbox 2810 5562 2934 5601; x_wconf 84' lang='lat' dir='ltr'><strong><em>cum</em></strong></span> <span class='ocrx_word' id='word_1_677' title='bbox 2964 5551 3295 5621; x_wconf 41' lang='lat' dir='ltr'><strong><em>“Augustino</em></strong></span> <span class='ocrx_word' id='word_1_678' title='bbox 3323 5545 3630 5621; x_wconf 59' lang='lat' dir='ltr'><strong><em>jucundatt’.</em></strong></span> 
     </span>
    </p>
   </div>
   <div class='ocr_carea' id='block_1_116' title="bbox 2056 5614 3626 5691">
    <p class='ocr_par' dir='ltr' id='par_1_116' title="bbox 2056 5614 3626 5691">
     <span class='ocr_line' id='line_1_116' title="bbox 2056 5614 3626 5691; baseline -0.01 -16"><span class='ocrx_word' id='word_1_679' title='bbox 2056 5614 2156 5691; x_wconf 67' lang='grc' dir='ltr'><strong><em>ι)τῦ</em></strong></span> <span class='ocrx_word' id='word_1_680' title='bbox 2183 5622 2444 5679; x_wconf 64' lang='lat' dir='ltr'><strong><em>nutantes.</em></strong></span> <span class='ocrx_word' id='word_1_681' title='bbox 2505 5620 2610 5672; x_wconf 85' lang='lat' dir='ltr'><strong><em>Sed</em></strong></span> <span class='ocrx_word' id='word_1_682' title='bbox 2640 5620 2702 5691; x_wconf 82' lang='lat' dir='ltr'><strong><em>in</em></strong></span> <span class='ocrx_word' id='word_1_683' title='bbox 2730 5620 2858 5679; x_wconf 87' lang='lat' dir='ltr'><strong><em>line,</em></strong></span> <span class='ocrx_word' id='word_1_684' title='bbox 2899 5614 3087 5691; x_wconf 79' lang='lat' dir='ltr'><strong><em>t_ollens</em></strong></span> <span class='ocrx_word' id='word_1_685' title='bbox 3109 5614 3316 5691; x_wconf 83' lang='lat' dir='ltr'><strong><em>gremia</em></strong></span> <span class='ocrx_word' id='word_1_686' title='bbox 3345 5620 3626 5691; x_wconf 39' lang='grc' dir='ltr'><strong><em>ωιτη-εις..</em></strong></span> 
     </span>
    </p>
   </div>
   <div class='ocr_carea' id='block_1_117' title="bbox 2058 5683 3634 5761">
    <p class='ocr_par' dir='ltr' id='par_1_117' title="bbox 2058 5683 3634 5761">
     <span class='ocr_line' id='line_1_117' title="bbox 2058 5683 3634 5761; baseline -0.006 -21"><span class='ocrx_word' id='word_1_687' title='bbox 2058 5683 2201 5761; x_wconf 62' lang='lat' dir='ltr'><strong><em>illisu,</em></strong></span> <span class='ocrx_word' id='word_1_688' title='bbox 2230 5701 2287 5743; x_wconf 89' lang='lat' dir='ltr'><strong><em>ut</em></strong></span> <span class='ocrx_word' id='word_1_689' title='bbox 2329 5692 2464 5743; x_wconf 84' lang='lat' dir='ltr'><strong><em>bene</em></strong></span> <span class='ocrx_word' id='word_1_690' title='bbox 2496 5688 2733 5761; x_wconf 87' lang='lat' dir='ltr'><strong><em>potuerit</em></strong></span> <span class='ocrx_word' id='word_1_691' title='bbox 2778 5702 2845 5740; x_wconf 80' lang='lat' dir='ltr'><strong><em>ex</em></strong></span> <span class='ocrx_word' id='word_1_692' title='bbox 2894 5686 3084 5761; x_wconf 59' lang='lat' dir='ltr'><strong><em>Greco</em></strong></span> <span class='ocrx_word' id='word_1_693' title='bbox 3111 5683 3518 5750; x_wconf 61' lang='lat' dir='ltr'><strong><em>interpretatio</em></strong></span> <span class='ocrx_word' id='word_1_694' title='bbox 3546 5694 3634 5758; x_wconf 65' lang='lat' dir='ltr'><strong><em>etv</em></strong></span> 
     </span>
    </p>
   </div>
   <div class='ocr_carea' id='block_1_118' title="bbox 2058 5752 3627 5825">
    <p class='ocr_par' dir='ltr' id='par_1_118' title="bbox 2058 5752 3627 5825">
     <span class='ocr_line' id='line_1_118' title="bbox 2058 5752 3627 5825; baseline -0.007 -9"><span class='ocrx_word' id='word_1_695' title='bbox 2058 5752 2207 5825; x_wconf 71' lang='lat' dir='ltr'><strong><em>cudi,</em></strong></span> <span class='ocrx_word' id='word_1_696' title='bbox 2242 5762 2376 5814; x_wconf 89' lang='lat' dir='ltr'><strong><em>nulli</em></strong></span> <span class='ocrx_word' id='word_1_697' title='bbox 2418 5752 2599 5817; x_wconf 81' lang='lat' dir='ltr'><strong><em>tamen</em></strong></span> <span class='ocrx_word' id='word_1_698' title='bbox 2618 5760 2866 5812; x_wconf 83' lang='lat' dir='ltr'><strong><em>codicum</em></strong></span> <span class='ocrx_word' id='word_1_699' title='bbox 2919 5757 3266 5819; x_wconf 83' lang='lat' dir='ltr'><strong><em>Latinorum,</em></strong></span> <span class='ocrx_word' id='word_1_700' title='bbox 3308 5770 3452 5822; x_wconf 85' lang='lat' dir='ltr'><strong><em>quos</em></strong></span> <span class='ocrx_word' id='word_1_701' title='bbox 3499 5752 3627 5816; x_wconf 75' lang='lat' dir='ltr'><strong><em>scio.</em></strong></span> 
     </span>
    </p>
   </div>
   <div class='ocr_carea' id='block_1_119' title="bbox 2060 5826 3461 5899">
    <p class='ocr_par' dir='ltr' id='par_1_119' title="bbox 2060 5826 3461 5899">
     <span class='ocr_line' id='line_1_119' title="bbox 2060 5826 3461 5899; baseline -0.007 -12"><span class='ocrx_word' id='word_1_702' title='bbox 2060 5841 2328 5887; x_wconf 72' lang='lat' dir='ltr'><strong><em>Consonat</em></strong></span> <span class='ocrx_word' id='word_1_703' title='bbox 2360 5847 2374 5883; x_wconf 88' lang='lat'><strong>:</strong></span> <span class='ocrx_word' id='word_1_704' title='bbox 2405 5842 2596 5899; x_wconf 78' lang='lat' dir='ltr'><strong><em>estque</em></strong></span> <span class='ocrx_word' id='word_1_705' title='bbox 2630 5830 2874 5883; x_wconf 84' lang='lat' dir='ltr'><strong><em>omnium</em></strong></span> <span class='ocrx_word' id='word_1_706' title='bbox 2900 5836 3086 5882; x_wconf 82' lang='lat' dir='ltr'><strong><em>uolatu</em></strong></span> <span class='ocrx_word' id='word_1_707' title='bbox 3114 5826 3461 5892; x_wconf 79' lang='lat' dir='ltr'><strong><em>dignissima.</em></strong></span> 
     </span>
    </p>
   </div>
  </div>
