3840 6176
421 349 522 411 $.81

1311 345 1370 407 S.
1414 342 1847 405 HIERONYMI
1895 344 2162 406 DIVINA
2210 347 2735 411 BlBlJOTllECA.
3536 358 3622 418 35:8

500 460 565 518 Et
611 465 787 521 uideas
819 462 958 536 ﬁlios
1015 456 1251 541 ﬁliorum
1298 470 1537 528 tuorum,
1595 477 1777 531 pacem
1832 477 1992 530 super
2026 468 2069 524 Δ
2175 463 2237 517 Et
2259 465 2445 520 videas
2464 466 2602 521 ﬁlios
2630 466 2867 520 llliorum
2894 473 3148 523 tuorum:
3179 469 3623 541 paxsupcrleracl.

429 556 628 617 Israel.

1709 649 1954 708 PSALM
1969 647 2062 707 US
2108 647 2412 709 CXXVIII

942 770 1198 817 CANTICUH
1226 774 1495 815 GRADUUI.

495 854 649 926 Stepe
677 863 1108 925 expugnaverunt
1136 867 1215 906 me
1264 867 1301 906 α
1320 852 1594 922 juoentute
1659 867 1799 916 mea,
1848 851 1996 904 dicat

424 962 560 1005 nunc
589 946 777 1003 Israel.

498 1041 645 1108 Sa'pe
683 1047 1107 1107 expugnaverunt
1132 1052 1210 1090 me
1241 1054 1273 1089 a
1293 1037 1567 1104 iuuentute
1610 1050 1729 1088 mea
1759 1049 1780 1090 :
1806 1036 1995 1088 etenim

425 1151 527 1187 non
555 1142 836 1202 potuerunt
879 1130 1028 1183 mihi.

492 1226 664 1293 Supra
700 1226 714 1255 ί
748 1225 961 1276 dorsum
1004 1236 1177 1275 meum
1214 1219 1606 1290 fabricaverunt
1634 1227 1935 1287 peccatores
1972 1233 1990 1272 :

418 1318 865 1384 prolongaverunt
896 1314 1228 1382 iniquitatem
1250 1326 1426 1364 suam.

483 1411 735 1461 Omninns
754 1407 931 1473 justus
966 1403 1189 1457 concidit
1217 1403 1437 1457 cervices
1464 1410 1797 1467 peccatorum
1828 1414 1848 1453 :
1871 1415 1998 1453 con-

421 1498 718 1572 fundantur
744 1510 793 1551 et
820 1505 1197 1552 convertantur
1243 1504 1532 1549 retrorsum
1561 1508 1740 1548 omnes
1768 1495 1861 1561 qui
1876 1495 1998 1547 ode-

420 1605 544 1646 runt
572 1586 721 1646 Sion.

498 1673 546 1737 Ρ
552 1686 659 1736 iant
707 1685 842 1737 sicut
894 1684 1072 1750 fenum
1128 1689 1385 1735 tectorum
1430 1692 1449 1734 :

425 1777 705 1838 avellatur,
732 1776 960 1829 exaruit.

491 1871 565 1922 De
598 1885 698 1938 quo
732 1884 836 1922 non
884 1865 1116 1935 impleuit
1152 1880 1370 1918 manum
1400 1879 1554 1917 suam
1578 1863 1669 1934 qui
1705 1865 1852 1918 metit
1898 1879 1917 1919 :
1956 1872 2005 1916 et

424 1965 602 2015 sinum
626 1978 779 2014 suum
810 1960 899 2029 qui
932 1958 1231 2025 ntanipulos
1266 1956 1496 2025 colligit.

1500 1680 1640 1748 quod
1683 1679 1996 1749 priusquam

508 2054 572 2106 Et
609 2050 1088 2119 nondixeruntqui
1114 2047 1516 2118 praeteribant:
1551 2045 1842 2099 benedictio
1897 2042 2007 2096 Do-

429 2145 557 2197 mini
584 2160 740 2211 super
774 2159 898 2199 uos:
929 2141 1290 2196 benediximus
1313 2139 1457 2194 vobis
1526 2137 1582 2189 in
1642 2138 1851 2189 nomine
1898 2135 2006 2189 Do-

426 2252 580 2291 mtnt.

2586 775 2855 816 CANTICUII
2889 772 3154 816 GRADL‘UII.

2168 852 2325 922 Szpe
2347 864 2802 924 expugnaverunt
2836 869 2921 907 me
2950 870 2978 906 a
3001 853 3287 921 juventnte
3317 869 3449 918 mea,
3504 854 3627 911 dicat

2102 961 2250 999 nunc
2278 947 2444 1001 Israel
2465 947 2485 977 ‘
2518 960 2533 998 :
2560 962 2703 1015 saepe
2733 952 3184 1014 expugnaverunt
3215 962 3299 1001 me
3323 961 3351 1001 a
3376 948 3629 1016 iuventute

2103 1053 2246 1103 mea,
2276 1039 2482 1092 etenim
2518 1054 2625 1092 non
2659 1048 2957 1107 potuerunt
2986 1040 3144 1092 mihi.

2170 1217 2347 1286 Supra
2400 1216 2521 1286 Irus.
2553 1214 2753 1287 Super]
2787 1214 3009 1268 dorsum
3064 1228 3243 1268 meum
3267 1215 3632 1270 fabricaverunt

2105 1320 2423 1379 peccatores
2450 1326 2466 1364 :
2498 1310 2965 1379 prolongaverunt
2991 1308 3309 1375 iniquitates
3340 1320 3478 1361 suas.

2171 1398 2438 1455 Dominus
2462 1402 2643 1471 justus
2662 1400 2924 1457 concidet
2982 1401 3226 1454 cervices
3277 1410 3591 1468 peccatorum
3620 1421 3629 1453 :

2106 1495 2517 1551 confundantur
2569 1502 2627 1549 et
2675 1501 3038 1550 revereantur
3063 1507 3255 1548 omnes
3304 1494 3392 1562 qui
3429 1493 3634 1548 oderunt

2106 1574 2262 1641 Sion.

2168 1677 2330 1732 Fiant
2360 1680 2504 1734 sicut
2535 1675 2723 1733 fenum
2759 1677 3145 1743 aediﬁciorum,
3179 1675 3323 1746 quod
3354 1677 3634 1747 priusquam

2033 1747 2074 1802 Β
2100 1770 2219 1823 evel
2229 1769 2335 1824 latu
2345 1786 2390 1836 r,
2430 1771 2654 1824 arescit.

2166 1862 2242 1916 De
2292 1877 2400 1930 quo
2450 1876 2558 1916 non
2596 1859 2844 1930 implevit
2874 1875 3096 1914 manum
3155 1874 3307 1914 suam
3342 1860 3429 1928 qui
3472 1868 3635 1923 metet,

2107 1969 2209 2010 nec
2234 1956 2416 2009 sinum
2454 1969 2614 2009 suum
2647 1955 2742 2024 qui
2769 1954 3080 2023 manipulos
3112 1952 3347 2021 colliget.

2174 2045 2240 2099 Et
2269 2059 2377 2099 non
2405 2045 2666 2100 dixerunt
2694 2044 2788 2114 qui
2816 2044 3201 2115 preteribant,
3230 2040 3522 2098 benedictio
3550 2042 3637 2096 Do-

2110 2138 2243 2191 mini
2268 2152 2434 2207 super
2452 2153 2550 2193 vos
2574 2155 2589 2192 :
2611 2138 2989 2193 beneditimus
3010 2136 3137 2208 lius.
3165 2135 3542 2207 benediciurus]
3563 2153 3640 2189 vos

2110 2231 2165 2284 in
2193 2231 2419 2285 nomine
2451 2231 2691 2285 Domini.

1720 2392 1854 2451 PSA
1868 2392 1964 2451 LM
1977 2392 2072 2451 US
2121 2392 2389 2454 CXXIX.

906 2497 1165 2537 CANTICIJI
1214 2494 1491 2535 GBADUUH.

512 2577 583 2631 De
622 2576 894 2645 profundis
948 2575 1173 2628 clamavi
1205 2580 1272 2627 ad
1306 2584 1373 2637 te,
1448 2572 1673 2627 Domine
1705 2586 1724 2625 :
1756 2570 1999 2636 Domine,

428 2673 617 2725 cavendi
647 2673 666 2701 ⁸
698 2685 865 2722 vocem
900 2684 1088 2721 meam.

503 2762 661 2816 Fiant
695 2777 849 2814 num
889 2772 994 2815 tute
1013 2760 1340 2814 intendentes
1373 2759 1425 2811 in
1471 2773 1644 2813 vocent
1667 2758 2000 2828 deprecatio-

430 2858 509 2909 nis
540 2872 689 2909 metu.

499 2947 561 3001 Si
584 2945 889 3015 iniquitates
913 2942 1290 3006 observaveris,
1325 2940 1546 2995 Domine
1575 2957 1594 2996 :
1626 2941 1866 3005 Domine,
1885 2944 2001 3015 quis

428 3037 702 3090 sustinebit
728 3035 753 3088 7

500 3126 642 3190 Quia
671 3125 811 3191 apud
856 3133 905 3177 te
952 3121 1259 3192 propitiutio
1321 3129 1419 3175 est.
1488 3130 1536 3174 et
1578 3130 1789 3191 prapter
1840 3120 2004 3191 legem

429 3227 574 3269 tuam
606 3217 837 3269 sustinui
865 3225 934 3277 te,
965 3214 1205 3267 Domine.

491 3307 752 3361 Sustinuit
781 3309 963 3360 anima
991 3322 1106 3360 mea
1128 3307 1181 3360 in
1221 3306 1372 3360 verba
1402 3305 1520 3373 ejus
1550 3319 1571 3361 :
1611 3306 1842 3374 speravit
1876 3307 2003 3360 aui-

430 3418 517 3452 ma
549 3416 663 3452 mea
686 3400 741 3452 in
777 3399 1019 3452 Domino.

499 3493 538 3543 Α
574 3492 814 3544 custodia
862 3489 1130 3543 matutina
1185 3504 1352 3559 usque
1399 3490 1469 3545 ad
1532 3502 1756 3557 noctem,
1829 3499 2001 3557 speret

433 3581 607 3637 Israel
636 3584 687 3633 in
726 3582 964 3634 Domino.

494 3677 629 3737 Quia
681 3674 819 3743 apud
874 3672 1158 3726 Dominum
1213 3674 1625 3729 misericordia:
1681 3683 1733 3726 et
1795 3676 2005 3743 capiosa

428 3768 567 3832 apud
600 3783 719 3818 cum
745 3764 1058 3835 redemptio.

509 3856 571 3904 Lt
612 3855 721 3918 ipse
751 3855 966 3907 redimet
1007 3853 1206 3921 Israel,
1243 3870 1315 3923 ea:
1367 3856 1605 3913 omnibus
1637 3859 2004 3929 iniquitatibus

427 3960 556 4012 qus.

2629 2497 2688 2535 CA
2700 2496 2768 2534 ΝΤ
2778 2495 2899 2534 ιεωί
2930 2493 3199 2534 GRADUUM.

2169 2570 2246 2625 De
2300 2572 2583 2641 profundis
2614 2573 2846 2627 clamavi
2899 2572 2966 2626 ad
3001 2582 3073 2636 te,
3113 2571 3340 2626 Domine
3376 2586 3391 2625 :
3423 2568 3638 2634 Domine,

2111 2664 2311 2719 exaudi
2341 2666 2649 2718 orationem
2684 2680 2883 2720 meam.

2174 2757 2336 2810 Fiant
2388 2770 2550 2812 aures
2581 2768 2687 2812 tuae
2713 2758 3062 2813 intendentes
3095 2758 3152 2814 in
3203 2759 3493 2813 orationem
3519 2756 3639 2812 servi

2111 2849 2190 2902 tui
2235 2849 2277 2902 ⁸.

2181 2943 2236 2998 Si
2292 2942 2609 3011 iniquitates
2661 2944 3071 3010 observaveris,
3135 2937 3640 3006 Domine:Domine,

2030 3012 2074 3068 ο
2104 3034 2229 3104 quis
2248 3035 2548 3090 sustinebit
2578 3035 2601 3089 'l

2167 3127 2306 3194 Quia
2368 3128 2512 3196 apud
2549 3137 2600 3183 te
2652 3126 2971 3198 propitiatio
3001 3137 3127 3185 est:
3155 3140 3210 3185 et
3238 3140 3451 3200 propter
3492 3129 3641 3198 legem

2108 3229 2255 3275 tuam
2287 3221 2528 3275 sustinui
2560 3231 2634 3286 te,
2672 3221 2930 3276 Domine.

2174 3309 2452 3367 Sustinuit
2478 3313 2658 3365 nlnta
2692 3326 2809 3367 mea
2830 3312 3057 3368 verbum
3075 3321 3235 3368 tuum
3269 3312 3526 3383 :speravit
3546 3310 3642 3365 auio

2111 3419 2198 3459 ma
2231 3420 2348 3459 mea
2382 3404 2438 3458 in
2473 3405 2726 3459 Domino.

2166 3495 2482 3550 Acustodia
2534 3497 2800 3553 matutina
2859 3513 3033 3569 usque
3068 3498 3140 3553 ad
3194 3509 3430 3566 noctem,
3482 3508 3639 3567 speret

2110 3584 2274 3641 Israel
2300 3587 2353 3642 in
2394 3587 2644 3641 Domino.

2169 3680 2315 3746 Quia.
2339 3680 2493 3750 apud.
2514 3680 2801 3735 Dominum
2829 3682 3349 3739 miser'icordiscst':
3376 3691 3428 3738 et
3451 3682 3635 3751 copiosa

2109 3772 2250 3840 apud
2279 3785 2404 3826 eum
2434 3771 2760 3841 redemptio.

2178 3862 2242 3915 Et
2265 3864 2383 3932 ipse
2411 3863 2644 3919 redimet
2690 3862 2879 3928 Israel,
2916 3880 2982 3920 ex
3016 3867 3275 3922 omnibus
3302 3865 3638 3937 iniquitatibus

2109 3968 2250 4023 eius.
3178 3976 3181 3979 λ

1740 4112 1989 4173 PSALM
2002 4111 2092 4174 US
2132 4114 2359 4179 CXXX.

741 4239 1003 4282 CANTICUI
1033 4239 1286 4282 GBADIIUI
1324 4239 1389 4282 -ιι-
1417 4241 1571 4282 sum
1602 4227 1626 4298 ζ
1660 4225 1681 4258 ³

503 4314 741 4382 Domine,
798 4334 900 4370 non
959 4327 1035 4370 est
1089 4316 1389 4372 exaltatum
1445 4334 1537 4372 cor
1566 4334 1739 4373 meum
1776 4336 1797 4377 :
1836 4334 2000 4389 neque

427 4412 554 4461 Lati
582 4419 704 4462 sunt
744 4407 883 4462 oculi
916 4408 1039 4461 mei.

493 4567 509 4596 ¹
537 4567 594 4618 ln
626 4563 796 4619 Palat.
830 4579 934 4618 ms.
972 4563 1161 4631 Super,
1195 4564 1247 4615 in
1278 4562 1437 4631 cujus
1470 4563 1574 4618 line
1608 4566 1867 4619 versiculi
1891 4565 1991 4618 ad-

427 4635 575 4688 ditur
609 4636 942 4699 I)iapsatma.
976 4629 1118 4685 Tum
1167 4629 1397 4704 concidet
1426 4649 1525 4702 pro
1555 4636 1784 4687 concidit
1814 4635 1943 4704 legit
1973 4654 1986 4688 :

428 4706 571 4757 unde
602 4714 657 4757 et
687 4718 809 4771 qua:
852 4712 1159 4768 sequuntur
1202 4702 1254 4754 in
1306 4702 1493 4771 futuro
1543 4705 1765 4771 sequior
1798 4702 1989 4759 manus

428 4769 729 4839 resoripsit,
779 4772 1034 4837 implebit,
1080 4779 1253 4835 metet,
1311 4769 1540 4841 colliget,
1596 4769 1699 4842 pro
1741 4773 1991 4843 implevit,

432 4845 675 4903 messuit,
688 4892 689 4895 η
702 4852 811 4894 etc.

493 4914 511 4942 ¹
539 4910 858 4979 Praepositio
884 4908 1031 4965 verbi
1055 4913 1252 4965 exaudi
1291 4915 1345 4967 in
1371 4909 1564 4965 eodem
1593 4925 1695 4965 ms.
1735 4912 1804 4968 de
1839 4929 1992 4969 more

426 4980 726 5047 iugulatur.
780 4982 966 5035 Altero
997 4982 1065 5034 ab
1128 4985 1229 5037 hoc
1275 4996 1468 5035 versu-
1513 4982 1769 5036 secundis
1847 4986 1995 5039 curis

432 5054 729 5123 repositum
763 5061 844 5104 est
880 5052 1174 5107 observabis
1236 5068 1334 5123 pro
1363 5051 1748 5123 observaveris;
1801 5056 1995 5108 subse-

426 5121 614 5193 qucnti
645 5120 750 5193 alio
803 5123 1064 5193 reticetur
1091 5133 1138 5175 et
1170 5120 1397 5193 copulzr,
1431 5122 1672 5189 denique
1701 5124 1813 5175 alio
1849 5125 1990 5177 inse-

425 5191 614 5258 quenti
650 5192 797 5258 prior
824 5192 875 5243 in
904 5194 1213 5259 praepositio
1237 5191 1772 5258 obeloprzenotatur,
1800 5209 1991 5261 quent-

423 5263 719 5315 admodum
783 5271 839 5314 et
876 5276 1064 5329 penes
1117 5266 1319 5316 (larum
1365 5263 1548 5314 anima
1620 5278 1737 5316 mea
1809 5277 1873 5317 σε-
1939 5264 1992 5316 in

425 5337 574 5385 verba
603 5330 717 5398 ejus
744 5347 763 5388 ε
794 5331 941 5385 haud
961 5334 1217 5399 equidem
1247 5343 1411 5387 recte.

468 5403 503 5465 7'
524 5402 713 5469 Neque
763 5403 1012 5456 asterisci
1046 5412 1192 5464 nota,
1252 5417 1432 5469 neque
1464 5401 1639 5470 ipsum
1689 5402 1861 5455 David
1892 5419 1993 5456 no-

420 5483 545 5524 men
574 5474 625 5523 in
659 5471 907 5524 Palatino
959 5480 1044 5526 est
1075 5487 1176 5525 tus.
1209 5474 1263 5525 ln
1289 5482 1547 5542 contextu
1582 5483 1761 5526 autem
1794 5483 1993 5542 quarto

422 5541 693 5593 versiculo
751 5542 935 5605 ἁπλῶς
995 5545 1213 5612 legitur,
1247 5543 1397 5595 Sicut
1457 5541 1996 5613 ablactatumsupur

426 5621 619 5673 matre,
652 5620 761 5663 etc.

493 5680 512 5705 ⁸
538 5680 876 5746 Augustinus
906 5690 959 5734 et
988 5681 1289 5736 Veroncns.
1311 5696 1438 5746 ms.,
1474 5682 1613 5736 dicat
1645 5700 1761 5738 vero
1780 5684 1951 5739 Israel
1975 5702 1993 5740 .'

422 5754 474 5796 et
495 5751 849 5815 subsequenti
872 5766 1029 5805 versu
1052 5773 1063 5806 :
1085 5753 1258 5823 Lange
1272 5756 1503 5823 fecerunt
1522 5755 1796 5823 injustiam
1812 5771 1993 5812 suam:

2574 4245 2843 4288 csurncuu
2870 4246 3127 4289 GRADUUI
3159 4236 3198 4289 '.

2181 4326 2430 4390 Domine,
2466 4342 2576 4381 non
2625 4337 2709 4381 est
2740 4327 3040 4382 exaltatum
3095 4340 3195 4381 cor
3252 4339 3634 4397 uteumzneque

2027 4443 2075 4499 ι)
2106 4416 2235 4471 elati
2267 4428 2395 4473 sunt
2417 4419 2559 4474 oculi
2589 4419 2716 4473 mei.

2096 4589 2160 4628 ac
2188 4576 2409 4645 deinde;
2426 4576 2838 4645 Confundautur
2854 4585 2903 4631 et
2928 4585 3239 4630 avertantur
3259 4588 3529 4631 retrorsum
3544 4592 3636 4627 om-

2096 4656 2335 4717 nes,_etc.
2367 4641 2681 4717 Fiant'sicnt
2702 4647 2877 4715 fenum
2904 4656 3184 4717 tectorum,
3204 4653 3339 4717 quod
3362 4652 3629 4714 priusquam

2094 4714 2377 4780 evellatur,
2410 4716 2581 4770 aruit.
2618 4714 2826 4785 Dequo
2862 4734 2961 4769 non
2998 4714 3232 4780 implevit
3271 4734 3474 4770 manum
3502 4732 3629 4768 suam

2096 4800 2315 4849 messor,
2363 4794 2411 4837 et
2445 4787 2614 4838 sinum
2666 4803 2819 4838 suum
2856 4791 2944 4854 qui
2976 4786 3278 4850 manipulos
3319 4788 3524 4854 colligit.
3577 4786 3631 4834 Et

2099 4856 2469 4929 audiueram
2493 4865 2827 4929 transeuntes
2852 4860 3102 4929 (August.
3132 4858 3282 4911 audit
3302 4859 3475 4922 uiam),
3499 4855 3633 4907 Bene-

2096 4925 2259 4976 dictio
2290 4924 2525 4982 Domini.
2560 4935 2669 4980 etc.

2166 4996 2186 5027 ⁵
2205 4992 2675 5047 SolusVeronens.
2692 5011 2819 5056 ms.,
2842 4997 2907 5050 In
2930 5014 3096 5052 vocem
3120 4999 3483 5051 obsecrationis
3503 5008 3629 5049 mur.

2096 5071 2170 5137 et,
2192 5066 2305 5131 quis
2332 5064 2618 5137 tolerabit?
2641 5064 2904 5129 Quoniam
2925 5076 3066 5137 apud
3086 5081 3159 5130 te,
3180 5080 3285 5121 ctc.
3319 5068 3511 5120 Deinde
3526 5078 3628 5115 cum

2096 5136 2419 5201 Augustino.
2445 5134 2710 5188 Sustinuit
2737 5140 2918 5199 anima
2962 5134 3085 5191 mea
3118 5142 3173 5191 in
3226 5142 3429 5191 verum"
3458 5148 3584 5187 mum
3614 5147 3627 5181 ,-

2095 5207 2321 5265 speravit
2349 5206 2526 5254 anima
2556 5222 2670 5258 mea
2697 5208 2748 5257 in
2771 5207 3078 5261 Dominum.
3121 5210 3164 5260 Α
3190 5209 3367 5276 vigilia
3398 5206 3629 5276 περιμένω

2098 5288 2257 5346 usque
2288 5280 2354 5327 ad
2380 5283 2603 5346 noctem,
2642 5294 2673 5328 a
2704 5278 2886 5346 vigilia
2910 5281 3178 5331 matutina
3197 5273 3362 5339 speret
3389 5273 3561 5346 Israel
3584 5274 3627 5322 iu

2101 5342 2406 5414 Dominum.
2440 5342 2702 5406 Quoniam
2744 5342 2884 5414 apud
2943 5348 3228 5401 Dominum
3278 5345 3629 5401 misericordia,

2095 5421 2143 5463 et
2167 5413 2333 5484 multa
2369 5415 2511 5484 apud
2533 5414 2682 5467 illam
2720 5413 3030 5484 redemptio.

2169 5482 2189 5509 ‘
2220 5482 2383 5536 Addit
2407 5479 2414 5481 “
2435 5480 2766 5538 Veronensis
2817 5479 3067 5543 Psalterii
3093 5488 3278 5543 editor
3336 5486 3400 5539 ad
3432 5479 3630 5545 codicis

2099 5552 2182 5604 sui
2217 5552 2377 5605 lidetn
2415 5551 2529 5621 Ipsi
2574 5554 2740 5608 David
2773 5572 2790 5606 :
2816 5558 2871 5611 in
2902 5559 3146 5612 subnexa
3174 5568 3356 5610 autetn
3392 5556 3461 5610 ibi
3482 5565 3631 5606 anno-

2101 5623 2397 5697 tatiuncula
2432 5633 2592 5697 negat
2623 5627 2755 5678 Illud
2814 5634 2990 5697 ipsum
3047 5629 3215 5681 David
3252 5641 3441 5681 nonn-n
3494 5626 3541 5675 iu
3574 5633 3630 5669 eo

2101 5691 2313 5744 haberi.
2358 5691 2597 5745 νοτε-ὀίω
2625 5706 2769 5748 textu
2810 5691 2981 5751 l‘ermc
3029 5713 3154 5751 cum
3198 5699 3491 5766 Augustino
3539 5704 3626 5766 ms.

2105 5778 2269 5829 neque
2321 5768 2372 5815 in
2425 5771 2593 5816 altum
2642 5769 2824 5819 elocuti
2884 5774 3094 5838 (monet
3152 5764 3330 5823 editor
3376 5764 3630 5833 legendum
