3840 6176
312 364 413 429 391
1247 368 1304 430 S.
1351 362 1787 427 lllEllONYMI
1834 364 2102 429 DIVINA
2145 359 2673 425 BIBLIOTHECA.

395 484 523 538 "ccc
552 486 751 554 requies
776 501 886 538 utea
922 488 973 539 in
1001 485 1249 539 stecttlnm
1275 498 1336 540 -ι-
1360 485 1539 538 sceculi
1573 484 1593 551 ζ
1624 484 1707 535 hic
1739 484 1885 535 Itabi-
1915 492 1961 548 Α

318 577 463 637 tabo,
489 579 738 641 quoniam
766 578 896 644 elegi
924 594 1063 629 eam.

402 668 621 720 Viduam
652 668 762 737 ejus
789 668 1090 720 benedicens
1120 667 1419 722 benedicam
1444 682 1462 723 :
1490 672 1744 735 pauperes
1777 666 1889 732 ejus

319 760 575 812 saturabo
608 760 852 828 panibus.
1598 768 1601 771 '

390 849 697 903 Sacerdotes
733 850 845 911 ejus
879 851 1100 903 induam
1150 851 1380 904 salutari
1411 863 1430 903 :
1482 856 1527 903 et
1568 848 1739 903 sancti
1782 847 1894 917 ejus

324 942 681 1003 exsultatione
711 943 1079 997 exsultubunt.

396 1033 534 1085 Illuc
561 1035 574 1063 ¹
604 1034 891 1100 produtam
938 1051 1099 1088 cornu
1133 1034 1297 1088 David
1326 1050 1345 1090 :
1394 1036 1579 1104 paravi
1625 1026 1900 1085 lucernam

324 1127 520 1177 christo
551 1142 685 1181 meo.

399 1215 656 1269 Inimicos
711 1218 824 1283 eius
871 1220 1090 1272 induam
1145 1219 1493 1288 confusione:
1527 1235 1684 1287 super
1729 1219 1902 1285 ipsum

329 1316 504 1361 autem
537 1309 780 1378 eﬂlorebit
804 1310 1161 1379 sanctiﬁcatio
1198 1329 1333 1366 mea.

3464 346 3571 420 392

2063 482 2189 536 "me
2222 481 2440 550 requies
2476 494 2596 533 mea
2632 477 2686 531 in
2715 475 2975 531 saeculum
3008 472 3193 528 saeculi
3229 487 3241 525 :
3275 471 3363 523 hic
3411 471 3573 524 habi-

1990 577 2140 638 tabo,
2170 574 2431 643 quoniam
2468 569 2718 642 pra‘elegi
2749 583 2896 623 eam.

2071 657 2306 722 Viduam
2347 665 2467 735 ejus
2510 662 2848 717 benedicens
2881 658 3207 714 benedicam
3244 670 3258 713 :
3295 672 3577 728 pauperes

1992 762 2111 833 ejus
2139 759 2397 814 saturabo
2431 757 2666 827 panibus
2692 770 2710 812 :

2064 852 2389 907 Sacerdotes
2426 852 2545 920 ejus
2581 849 2804 902 induam
2843 846 3087 901 salutare
3118 844 3243 915 lius.
3271 839 3538 913 salutari]
3568 858 3584 896 :

1999 952 2055 1000 et
2082 945 2253 1000 sancti
2279 944 2399 1012 eius
2432 941 2799 996 exsultatione
2829 939 3213 996 exsultabant.

2073 1030 2193 1092 lllic
2227 1026 2528 1107 producam
2574 1050 2745 1090 cornu
2794 1034 2962 1089 David
3008 1051 3023 1088 :
3061 1030 3248 1103 paravi
3294 1030 3591 1084 lucernam

1999 1127 2210 1183 cliristo
2240 1143 2382 1182 meo.

2080 1220 2338 1274 Inimicos
2364 1220 2483 1288 ejus
2512 1218 2734 1272 induam
2762 1216 3142 1273 confusionem
3168 1232 3184 1273 :
3207 1228 3377 1284 sopor
3401 1213 3595 1283 ipsum

2003 1323 2185 1367 autem
2222 1314 2443 1369 ﬂorebit
2467 1311 2833 1369 sanctiﬁcatio
2864 1326 3010 1367 mea.

1586 1472 1723 1531 PSA
1735 1474 1831 1532 LM
1846 1474 1888 1533 U
1904 1474 1943 1534 S
2018 1472 2113 1531 CX
2126 1473 2317 1536 XXII.

613 1596 882 1644 ῦλῃτιουιι
920 1594 1185 1655 ςκλουωι,
1220 1591 1285 1657 31(
1317 1605 1472 1644 num
1503 1592 1523 1621 ¹
1561 1586 1585 1659 ζ

405 1674 538 1735 Ecce
565 1698 721 1749 quam
757 1683 947 1735 bonum
998 1691 1046 1735 et
1096 1698 1255 1750 quam
1295 1682 1618 1750 jucundum,
1659 1681 1903 1734 habitare

335 1776 533 1843 fratres
562 1776 614 1827 in
643 1791 824 1828 unum.

406 1867 553 1920 Sicut
584 1878 909 1935 unguentum
944 1869 997 1919 in
1038 1868 1209 1936 capite
1238 1866 1374 1937 quod
1401 1864 1669 1919 descendit
1698 1864 1749 1916 in
1780 1862 1903 1917 bar-

338 1960 481 2022 bam,
506 1959 718 2012 barbam
750 1959 953 2012 Aaron.

411 2052 561 2114 Quod
592 2051 853 2104 descendit
893 2052 947 2104 in
990 2067 1141 2104 oram
1175 2051 1195 2082 ³
1232 2050 1523 2105 vestimenti
1568 2048 1677 2117 ejus
1719 2063 1738 2102 :

336 2160 421 2194 ros
446 2142 695 2208 llermon,
719 2146 809 2213 qui
840 2145 1101 2197 descendit
1136 2145 1189 2196 in
1211 2153 1437 2196 montem
1472 2142 1623 2195 Sion.

408 2234 670 2301 Quoniam
698 2236 811 2289 illic
840 2237 1108 2290 mandavit
1142 2235 1396 2289 Dominus
1416 2232 1821 2287 benedictionem
1848 2234 1868 2264 ⁸
1888 2250 1907 2287 .'

340 2343 400 2384 es
437 2339 484 2382 et
516 2330 540 2399 ζ
571 2331 732 2383 vitam
765 2345 927 2399 usque
959 2331 1015 2383 in
1042 2326 1315 2385 siccatum.

1775 2049 1910 2101 εἱειιε

2477 1605 2740 1646 ελκτιεωι
2796 1603 3042 1645 cmouuu
3065 1584 3108 1643 '.

2077 1670 2215 1738 Ecce
2243 1696 2407 1751 quam
2434 1682 2637 1735 bonum
2675 1690 2732 1734 et
2762 1696 2926 1749 quam
2959 1677 3290 1748 jucundum,
3320 1676 3600 1732 habitat-0

1937 1807 1974 1857 Β
2005 1774 2203 1829 fratres
2235 1775 2289 1828 in
2327 1790 2521 1827 unum.

2082 1869 2239 1925 Sicut
2292 1878 2627 1935 unguentum
2685 1866 2740 1920 in
2781 1866 2959 1936 capite
3003 1865 3148 1935 quod
3190 1862 3498 1919 descendit
3546 1863 3601 1915 in

2012 1960 2260 2025 barbam,
2287 1958 2512 2013 barbam
2544 1960 2724 2011 Aaron
2737 1999 2751 2013 .

2088 2051 2245 2116 Quod
2283 2049 2574 2103 descendit
2609 2050 2663 2102 in
2712 2063 2861 2103 oram
2894 2047 3206 2103 vestimenti
3233 2047 3354 2115 eius
3389 2063 3406 2099 :
3451 2046 3608 2100 sicut

2014 2159 2102 2197 ros
2136 2144 2403 2208 Hermon,
2435 2142 2528 2211 qui
2554 2141 2840 2195 descendit
2869 2141 2921 2193 in
2954 2150 3195 2193 montem
3229 2137 3389 2191 Sion.

2089 2233 2358 2299 Quoniam
2385 2234 2498 2288 illic
2518 2232 2797 2287 mandavit
2820 2231 3085 2286 Dominus
3104 2229 3565 2285 benedictionem
3586 2243 3607 2283 :

2013 2335 2070 2381 et
2105 2330 2269 2381 vitam
2300 2341 2473 2394 usque
2500 2326 2555 2380 iu
2587 2326 2871 2381 saeculum.

1610 2544 1959 2605 PSALMUS
1996 2540 2337 2606 CXXXIII.

839 2689 1102 2740 cturtcuu
1143 2690 1414 2738 GRADUUM.

417 2785 547 2838 Ecce
575 2782 596 2813 ¹¹
617 2795 677 2838 -ι-
708 2795 847 2833 nunc
880 2780 903 2850 ζ
932 2776 1212 2830 benedicite
1247 2774 1546 2840 Dominum,
1580 2789 1756 2826 omnes
1776 2775 1911 2827 serui

341 2876 571 2929 Domini.

413 2970 515 3032 Qui
542 2967 695 3021 statis
725 2965 780 3019 in
804 2965 957 3019 domo
988 2962 1224 3026 Domini,
1249 2973 1311 3017 ot-
1337 2961 1391 3014 in
1425 2960 1579 3013 atriis
1603 2958 1786 3011 domus
1816 2957 1913 3011 Dei

342 3062 509 3114 nostri
537 3059 559 3127 ζ

413 3153 477 3207 In
508 3153 743 3205 noctibus
769 3164 829 3205 -ιν
858 3164 921 3203 ea:
961 3149 984 3218 ζ
1036 3147 1202 3201 tollite
1238 3161 1423 3199 manus
1458 3153 1657 3199 vestras
1702 3145 1756 3197 in
1789 3157 1917 3198 san-

342 3257 428 3298 eta
458 3258 477 3295 :
511 3256 559 3297 et
586 3244 867 3297 benedicite
896 3242 1200 3296 Dominum.

420 3337 697 3389 Benedicat
740 3344 789 3387 te
822 3333 1074 3388 Dominus
1109 3349 1172 3386 ea:
1212 3331 1338 3387 Sion
1369 3346 1388 3387 ε
1437 3333 1525 3402 qui
1556 3330 1679 3400 fecit
1725 3331 1913 3386 coelum

343 3440 386 3479 ε.
426 3438 648 3480 terram.

2517 2690 2783 2737 caurtcuu
2824 2687 3101 2737 canobon.

2089 2776 2229 2829 Ecce
2276 2790 2423 2830 nunc
2470 2774 2778 2829 benedicitc
2840 2774 3150 2837 Dominum,
3192 2782 3393 2828 omnes
3451 2775 3613 2829 servi

2021 2869 2262 2926 Domhﬁ.

2106 2960 2210 3026 Qui
2239 2958 2398 3015 statis
2434 2958 2487 3012 iu
2520 2958 2684 3013 domo
2716 2957 2955 3023 Domini,
2984 2958 3039 3012 in
3074 2960 3235 3012 atriis
3262 2960 3476 3014 domus
3510 2959 3615 3014 Dei

2028 3054 2219 3108 nostri.

2106 3142 2165 3196 lu
2197 3142 2449 3197 noctibus
2478 3141 2722 3196 extollite
2771 3157 2965 3196 manus
3001 3150 3209 3195 vestras
3252 3142 3307 3193 in
3350 3150 3559 3195 sancta
3599 3154 3616 3195 :

1951 3257 1995 3312 ε
2026 3244 2080 3289 et
2110 3234 2416 3288 benedicite
2445 3236 2752 3288 Dominum.

2100 3326 2390 3381 Benedicat
2423 3336 2476 3382 te
2508 3327 2768 3383 Dominus
2792 3342 2855 3382 es
2893 3325 3025 3381 Sion
3055 3339 3074 3380 :
3109 3324 3202 3395 qui
3229 3323 3362 3380 fecit
3395 3328 3621 3381 cmlum

2022 3429 2079 3475 et
2105 3430 2327 3474 terram.

1605 3608 1740 3668 PSA
1752 3607 1852 3666 LM
1866 3606 1960 3667 US
2022 3604 2317 3670 CXXXIV

989 3759 1263 3802 ALLELUIA.

417 3835 655 3895 Laudato
698 3855 882 3893 nomen
946 3838 1201 3894 Domini:
1259 3837 1497 3902 laudate,
1526 3837 1684 3903 serui,
1733 3837 1920 3891 Domi-

349 3943 503 3990 hum.

424 4028 528 4093 Qui
567 4029 721 4081 statis
765 4029 821 4081 in
871 4033 1023 4081 domo
1070 4026 1304 4091 Domini,
1339 4026 1393 4079 in
1424 4026 1579 4080 atriis
1611 4025 1795 4079 domus
1821 4022 1919 4079 Dei

350 4125 540 4177 Nostri.

419 4218 655 4270 Laudate
690 4215 993 4276 Dominum,
1023 4214 1148 4283 quia
1188 4214 1355 4269 bonus
1380 4213 1632 4267 Dominus
1661 4229 1678 4267 :
1710 4211 1924 4283 psallite

350 4308 551 4362 nomini
584 4306 721 4376 ejus,
754 4306 1000 4374 quoniam
1025 4318 1204 4357 suave.

414 4401 678 4465 Quoniam
696 4397 857 4452 Jacob
877 4395 1147 4467 elegitsibi
1181 4397 1434 4451 Dominus
1498 4392 1673 4449 Israel
1716 4395 1771 4449 in
1801 4411 1926 4465 pos-

349 4494 633 4545 sessionem
661 4490 782 4545 sibi.

435 4668 709 4736 ’Sequior
742 4667 830 4720 hic
870 4680 1064 4738 manus
1116 4667 1399 4736 rescripsit
1450 4664 1573 4722 illic
1616 4677 1719 4738 pro
1753 4667 1913 4721 Illuc.

356 4739 429 4808 lie
454 4754 601 4808 more
628 4746 812 4789 autent
844 4737 1201 4803 subsequenti
1229 4752 1389 4791 versu
1412 4737 1731 4808 praepositio
1759 4738 1915 4793 verbi

351 4807 595 4876 emorebit
627 4816 958 4874 praenotatur
990 4822 1146 4860 veru.

424 4880 443 4907 ¹
477 4874 611 4947 Cum
639 4876 884 4929 asterisci
916 4885 1043 4929 uota
1069 4877 1245 4947 ipsum
1265 4875 1437 4931 David
1454 4891 1655 4933 nomen
1680 4876 1916 4934 Palatia.

354 4961 456 4999 ins.
494 4944 725 5012 ignorat.

425 5017 445 5047 ³
478 5015 706 5086 l’alatin.
741 5030 846 5070 ms.
880 5016 936 5069 in
968 5031 1089 5082 ora,
1136 5017 1596 5086 quemadmodum
1631 5026 1687 5073 et
1719 5018 1774 5073 in
1813 5019 1919 5075 Ve-

354 5085 573 5156 ronensi
607 5086 842 5140 diximus
873 5087 999 5154 legi.
1029 5085 1217 5156 Neque
1240 5089 1343 5141 hoc
1365 5098 1542 5143 tanton
1572 5088 1782 5144 librarii
1820 5102 1915 5143 ll't-

355 5155 634 5227 linendum
677 5163 760 5208 est
794 5156 968 5210 vitio:
1020 5155 1235 5227 tametsi
1265 5158 1410 5227 quod
1449 5160 1502 5211 in
1529 5157 1720 5215 Graeco
1752 5160 1918 5214 habe-

356 5236 443 5279 tur
470 5222 606 5295 ῷιν,
636 5234 827 5293 estque
860 5227 972 5287 cui;
1010 5226 1155 5281 LXX
1188 5222 1464 5297 pec—uliare
1494 5229 1582 5283 hic
1612 5231 1716 5283 loci
1759 5246 1921 5284 voca-

355 5297 564 5360 bulum,
609 5296 687 5365 ab
709 5297 823 5349 oris
866 5296 1263 5364 signiﬁcatione
1310 5313 1536 5365 prorsus
1567 5299 1815 5362 abludat,
1851 5315 1917 5355 ac

356 5355 576 5435 proprie
606 5355 760 5421 umet
788 5382 855 5420 ex
878 5355 1070 5432 eorum
1097 5382 1261 5421 sensu
1294 5355 1587 5432 limbriam,
1620 5371 1733 5423 sive
1763 5355 1917 5422 oram

358 5440 666 5490 vestimenti
703 5452 765 5489 ex
797 5436 960 5490 ovina
1010 5439 1169 5506 pelle.
1224 5435 1381 5500 Quod
1418 5439 1581 5506 ,enitu
1608 5441 1921 5493 econtrario

352 5517 437 5559 est
464 5508 517 5558 in
553 5507 784 5561 Hebraeo
818 5514 898 5569 τε,
929 5490 1045 5561 sive
1069 5490 1269 5566 uni-:25
1322 5490 1520 5569 ἐδ-’ἠέ
1580 5490 1659 5560 os
1686 5490 1921 5576 ipr0prie

356 5585 531 5639 sntiat,
595 5579 646 5629 id
702 5586 808 5639 est,
867 5593 1024 5644 super
1058 5594 1112 5630 os
1163 5578 1355 5628 talaris
1402 5579 1560 5644 ejus:
1611 5586 1669 5630 ut
1694 5593 1834 5645 scapo
1867 5582 1920 5632 in

358 5647 655 5717 Set-ipturis
682 5653 745 5699 de
782 5650 1121 5701 vestimentis
1160 5646 1411 5717 dicatur;
1442 5648 1558 5716 ipso
1593 5648 1921 5717 Hieronymo

358 5715 642 5789 interpret.
683 5718 735 5768 in
767 5720 928 5785 epist.
971 5718 1039 5769 64
1062 5717 1133 5769 ad
1168 5713 1476 5779 Fabiolam,
1499 5718 1735 5789 nonut,
1768 5713 1924 5787 supe-

358 5788 556 5836 rtorem
599 5802 716 5839 eam
752 5798 958 5851 partem
988 5789 1184 5842 tunica:
1216 5796 1399 5853 notat,
1433 5803 1538 5857 qua
1575 5788 1709 5841 collo
1744 5792 1921 5843 inuui-

2666 3754 2955 3803 Attetbtt.

2666 3754 2731 3802 At.
2767 3763 2831 3802 ει.
2880 3758 2955 3803 I‘.

2102 3830 2341 3893 Laudale
2370 3853 2572 3894 nomen
2602 3751 2874 3897 Dominit:
2900 3764 3167 3904 Alaudate,
3204 3844 3372 3911 servi,
3411 3831 3625 3904 Domi.

2028 3946 2184 3986 num.

2094 4026 2203 4091 Qui
2231 4025 2393 4081 statis
2417 4025 2472 4079 in
2501 4024 2666 4080 domo
2699 4026 2938 4089 Domini,
2990 4026 3045 4081 in
3075 4028 3231 4083 atriis
3267 4031 3477 4085 domus
3518 4028 3624 4089 Dei

2026 4120 2228 4174 nostri.

2094 4208 2339 4266 Laudato
2374 4210 2686 4276 Dominum,
2736 4212 2998 4283 quoniam
3050 4214 3320 4285 benignus
3352 4226 3448 4270 est
3506 4218 3623 4272 Do.

2028 4303 2211 4357 minus
2239 4304 2258 4335 '
2290 4319 2304 4356 :
2341 4304 2559 4374 psallite
2586 4306 2788 4358 nomini
2816 4307 2957 4375 ejus,
2987 4306 3249 4374 quoniam
3280 4310 3481 4363 suavis
3509 4321 3624 4364 est.

2109 4396 2378 4461 QuOniam
2409 4396 2582 4453 Jacob
2612 4399 2775 4468 elegit
2822 4400 2928 4455 sibi
2983 4399 3253 4455 Dominus
3312 4401 3503 4458 Israel
3564 4404 3625 4457 in

1958 4511 2003 4565 ι)
2030 4488 2433 4557 possessionem
2459 4490 2587 4545 sibi.

2033 4679 2140 4747 ipf,
2169 4680 2375 4747 aperta,
2413 4671 2551 4739 quod
2586 4672 2740 4740 vulgo
2769 4675 3022 4743 capitium
3068 4687 3255 4747 uocant
3280 4690 3302 4733 .'
3334 4691 3623 4747 apertura

2034 4740 2124 4793 illa
2148 4742 2396 4815 scilicet,_
2420 4755 2514 4809 per
2542 4757 2702 4812 quau;
2733 4740 2898 4815 caput
2933 4746 3216 4808 inseritur,
3253 4740 3388 4815 qua;
3415 4752 3488 4802 ad
3530 4753 3625 4805 in-

2032 4820 2146 4891 star
2190 4819 2277 4864 est
2317 4810 2451 4874 oris,
2503 4810 2666 4882 atque
2697 4828 2760 4868 os
2791 4810 2965 4882 ipsius
2994 4817 3158 4871 vestis
3187 4810 3461 4886 appellari
3497 4837 3624 4876 non

2032 4895 2332 4947 incongrue
2365 4891 2559 4948 potest.

2107 4948 2129 5020 ξ
2161 4949 2295 5004 Male
2325 4950 2468 5004 idem
2494 4967 2596 5005 ms.
2625 4951 2745 5005 sine
2777 4952 2936 5007 obelo
2970 4954 3062 5008 hic
3089 4953 3241 5020 legit.

2092 5018 2334 5101 fiatque
2372 5021 2460 5074 hic
2519 5021 2661 5077 niale
2730 5022 2873 5078 idem
2934 5039 3035 5078 ms.
3091 5018 3309 5078 obelum
3370 5037 3633 5096 prseter-

2034 5097 2219 5143 mittit.

2100 5161 2121 5191 ⁸
2152 5159 2383 5232 Additur
2414 5163 2467 5213 In
2502 5158 2803 5217 Veronensi
2845 5177 2972 5228 ms.,
2998 5163 3100 5232 ipsi
3127 5163 3310 5219 David.
3350 5164 3409 5219 In
3454 5176 3631 5224 textu

2070 5228 2336 5307 cnultimo
2363 5246 2522 5307 versu
2564 5228 3143 5307 legitur_inpra,_'pro
3175 5250 3323 5307 orata
3348 5253 3366 5299 ;
3401 5239 3474 5290 de
3502 5246 3631 5307 qua

2053 5299 2265 5373 cctiQne
2297 5316 2418 5373 mox
2448 5299 2715 5373 dicemus.
2750 5302 2836 5365 Et,
2856 5300 2960 5367 Qui
2985 5299 3247 5357 descendit
3269 5321 3427 5373 super
3457 5299 3633 5361 inbu-

2032 5381 2131 5422 tem
2149 5367 2295 5424 Sion.
2319 5370 2581 5436 Quoniam
2612 5374 2739 5426 milti
2774 5374 2897 5443 (pro
2930 5374 3025 5443 ibi)
3052 5377 3287 5428 manavit
3313 5367 3626 5441 Dominus,

2032 5454 2141 5494 Clt'.

2101 5512 2117 5541 ⁷
2143 5511 2447 5586 Veronens.
2484 5526 2613 5571 ms.,
2642 5512 2903 5577 Quoniam
2932 5512 3092 5567 bonus
3125 5514 3398 5569 Dominus.
3423 5518 3633 5586 Atque

2033 5583 2207 5637 altero
2236 5588 2303 5637 ab
2330 5585 2432 5636 boc
2465 5598 2646 5647 versu,
2671 5586 2930 5648 Quoniam
2950 5599 3043 5653 ego
3075 5588 3314 5653 cognovi,
3349 5583 3633 5654 quoniam

2033 5669 2254 5773 Ztagnus
2291 5655 2564 5720 Dominus,
2613 5664 2662 5708 et
2712 5654 2965 5709 Dominus
3008 5669 3182 5709 noster
3215 5671 3374 5723 super
3421 5671 3638 5714 attines

2071 5740 2175 5773 00).

2071 5740 2175 5775 806.
