3840 6176
214 296 304 364 393

1406 298 1644 361 LIBER
1689 297 2191 360 PSALMOBUM.

3309 297 3419 362 394

266 410 388 478 Quia
416 424 499 481 ego
528 414 745 485 iunoni
767 413 905 481 quod
937 424 1160 484 magnus
1187 422 1245 467 -’-:—-
1270 422 1345 468 est
1380 415 1402 482 ζ
1441 413 1696 468 Dominus
1726 430 1742 465 :
1774 418 1822 476 Α
1922 410 2059 478 Quia
2089 425 2191 481 ego
2223 409 2451 480 cognovi
2480 410 2624 479 quod
2661 423 2894 479 magnus
2924 419 3005 465 est
3030 408 3337 468 Dominus:
3364 423 3420 468 et

201 515 246 560 et
270 505 391 559 Deus
412 514 574 557 noster
601 521 715 573 pra:
742 507 981 560 omnibus
1009 507 1133 560 diis.

262 601 429 657 Omnia
460 616 564 669 qua
602 614 662 655 σε·
686 616 907 671 cumque
940 600 963 670 ζ
1012 599 1172 654 voluit
1210 599 1483 663 Dominus,
1534 600 1653 669 fecit
1685 599 1739 651 in

200 693 305 749 culo
329 702 371 745 et
401 697 449 744 in
482 700 627 746 terra
663 708 680 744 :
713 692 770 745 in
794 692 952 758 mari,
984 699 1033 745 et
1064 692 1119 744 in
1147 692 1388 745 omnibus
1418 691 1638 760 abyssis.

260 787 469 839 Educens
493 788 653 837 nubes
689 782 752 836 ab
780 792 1014 837 extremo
1050 792 1206 838 terra:
1238 799 1257 836 :
1285 783 1500 854 fulgura
1536 784 1589 836 in
1617 782 1736 852 pln-

199 885 311 934 rimn
337 879 465 946 fecit.

255 975 337 1037 Qui
366 970 602 1039 producit
641 976 819 1023 uentos
872 969 936 1022 de
982 969 1239 1022 thesauris
1290 970 1440 1024 suis:
1493 969 1583 1037 qui
1615 984 1738 1038 per-

198 1068 328 1118 (Ussit
381 1065 729 1135 primogenita
784 1061 1009 1134 Egypti
1056 1062 1121 1117 ab
1178 1062 1385 1116 homine
1428 1078 1595 1131 usque
1666 1062 1737 1115 ad

196 1175 339 1224 pecus.

256 1264 307 1303 σξ-
342 1246 454 1317 Et:
515 1248 656 1300 misit
706 1247 861 1317 signa
919 1254 971 1300 et
1026 1246 1264 1315 prodigia
1319 1244 1376 1297 in
1425 1245 1594 1297 medio
1632 1244 1734 1307 tui,

201 1342 388 1412 .-Egypte
418 1356 433 1392 :
466 1341 522 1392 in
564 1339 924 1399 Pharaonem,
962 1346 1009 1390 et
1037 1338 1089 1391 in
1116 1353 1291 1390 omnes
1323 1353 1496 1390 servos
1529 1337 1663 1404 ejus.
1728 1388 1729 1391 η

254 1433 337 1497 Qui
364 1432 615 1501 percussit
642 1439 819 1500 gentes
854 1426 1049 1480 multas
1073 1441 1092 1479 :
1125 1426 1312 1480 occidit
1347 1442 1487 1494 reges
1515 1427 1696 1493 fortes.

252 1612 394 1667 Sehon
427 1628 606 1682 regem
642 1610 1073 1663 Amorrhteorstm
1128 1617 1178 1660 et
1210 1605 1287 1675 0g
1329 1622 1500 1677 regem
1532 1606 1735 1671 Busan,

194 1716 232 1758 et
256 1708 410 1759 omnia
435 1721 599 1773 regna
636 1702 916 1757 Chanaan.

1849 505 1994 560 Deus
2025 515 2211 559 noster
2242 518 2353 572 prie
2383 501 2642 557 omnibus
2674 502 2803 558 diis.

1917 596 2112 650 Omnia
2175 609 2516 664 quaecunque
2563 593 2740 647 voluit
2814 594 3105 658 Dominus,
3164 594 3297 651 fecit
3355 597 3413 651 in

1845 689 2008 753 coelo,
2037 697 2091 741 et
2123 688 2176 741 in
2211 698 2379 753 terra,
2415 687 2469 741 in
2500 686 2639 740 mari
2672 695 2728 739 et
2760 685 2813 739 in
2845 685 3064 756 abys‘sis
3092 690 3147 740 ³.·

1920 781 1984 835 Et
2012 781 2254 834 edocens
2276 779 2452 833 nubes
2473 779 2541 832 ab
2570 778 2837 833 extremis
2870 787 3029 833 terra.-
3066 795 3082 832 :
3117 779 3330 850 fulgura
3362 781 3417 836 in

1848 870 2088 940 pluviam
2122 870 2277 923 fecit.

1916 962 2019 1027 Qui
2058 961 2318 1032 producit
2352 969 2547 1015 ventos
2570 959 2638 1014 de
2671 959 2948 1014 thesauris
2977 961 3089 1015 suis
3120 970 3136 1013 ξ
3163 962 3254 1031 qui
3293 978 3420 1033 per-

1847 1058 2019 1109 cussit
2074 1054 2433 1125 primogenita
2476 1052 2829 1124 Egypti,vab
2870 1054 3094 1109 homine
3144 1071 3317 1126 usque
3350 1056 3419 1111 ad

1838 1163 2036 1215 ‘pecus.

1920 1239 2066 1294 Misit
2094 1241 2247 1311 signa
2272 1247 2329 1294 et
2359 1238 2611 1310 prodigia
2646 1239 2702 1294 in
2735 1238 2919 1295 medio
2949 1240 3050 1306 tui,
3078 1239 3329 1311 Egypte,
3361 1241 3416 1295 in

1838 1332 2212 1396 i’haraonem,
2242 1331 2382 1386 etin
2412 1346 2603 1386 omnes
2631 1345 2819 1386 servos
2845 1332 2983 1402 ejus.

1915 1425 2018 1489 Qui
2040 1427 2314 1495 percussit
2340 1434 2529 1496 gentes
2552 1424 2785 1483 inultas:
2816 1432 2871 1478 et
2892 1424 3086 1478 occidit
3120 1438 3275 1494 reges
3309 1425 3420 1481 for-

1842 1523 1949 1571 tes.

1916 1611 2060 1663 Seon
2092 1623 2273 1680 regem
2298 1610 2768 1672 Amorrhaeorum,
2808 1617 2863 1663 et
2890 1607 2972 1678 0g
3002 1624 3183 1680 regem
3205 1610 3376 1664 Busan
3405 1626 3422 1666 :

1840 1701 2098 1754 etomnia
2130 1716 2294 1771 regna
2353 1702 2612 1756 Chanaan
2660 1701 2933 1756 occidit”.

246 1795 297 1848 Et
326 1797 459 1848 dedit
494 1763 707 1848 terrain
732 1809 918 1847 eorum
948 1789 1331 1853 hareditatem,
1369 1786 1734 1840 hmreditatem
1764 1763 1814 1825 Β
1915 1793 1979 1846 Et
1997 1792 2149 1847 dedit
2176 1763 2379 1847 tim-am
2406 1807 2596 1847 eorum
2620 1792 3013 1856 hereditatem,
3046 1791 3420 1849 hagrcditatcm

191 1886 341 1941 Israel
368 1886 565 1955 populo
591 1902 711 1939 suo.

249 1982 465 2046 Domine,
508 1996 700 2033 nomen
734 1987 885 2031 tuum
906 1978 970 2031 in
1020 1984 1271 2030 aeternum
1308 1990 1324 2025 :
1357 1974 1595 2036 Domine,
1633 1987 1740 2029 me-

192 2076 377 2128 moriale
407 2084 561 2127 tuum
592 2076 649 2126 in
672 2073 1065 2141 generationem
1087 2080 1136 2123 et
1167 2069 1583 2140 generationem.

248 2166 365 2233 Quia
387 2168 653 2238 judicabit
686 2167 941 2220 Dominus
958 2165 1216 2235 populum
1246 2179 1401 2216 suum
1430 2172 1519 2216 :et
1546 2164 1599 2215 in
1630 2177 1741 2214 ser-

189 2263 250 2313 vis
277 2262 373 2314 suis
394 2260 790 2331 deprecabitur.

251 2353 530 2406 Simulacra
588 2354 824 2422 gentium
880 2362 1155 2419 argentum
1211 2356 1261 2399 et
1302 2362 1516 2410 aurum,
1574 2359 1738 2413 opera

192 2459 409 2495 manuum
443 2443 743 2496 hominum.

246 2532 310 2585 0s
354 2533 565 2596 habent,
600 2541 651 2585 et
703 2547 805 2585 non
861 2533 1186 2601 loquentur:
1223 2528 1400 2582 oculos
1441 2530 1652 2594 habent,
1690 2537 1741 2582 et

185 2643 271 2679 non
311 2628 570 2679 videbunt.

248 2720 393 2768 .tures
440 2716 657 2779 habent,
696 2723 745 2766 et
797 2728 902 2767 non
952 2713 1165 2767 audient
1198 2728 1217 2770 :
1256 2728 1422 2781 neque
1475 2713 1614 2767 enim
1664 2722 1742 2767 est

182 2811 370 2875 spiritus
396 2810 448 2861 in
471 2824 565 2861 ore
587 2794 852 2876 ipsorum.

229 3266 425 3325 Similes
453 3272 568 3324 illis
592 3246 725 3339 ﬁant
745 3272 835 3340 qui
858 3269 1061 3339 faciunt
1089 3284 1174 3332 ea,
1196 3276 1325 3324 +et
1356 3268 1418 3337 ίζ
1446 3282 1625 3320 omnes
1646 3266 1743 3337 qui

173 3365 413 3432 conﬁdunt
437 3369 493 3421 in
528 3367 627 3420 eis.

232 3457 414 3513 Domus
452 3458 655 3520 Israel,
690 3458 970 3529 benedipite
996 3456 1219 3511 Domino
1249 3473 1268 3511 :
1301 3457 1491 3510 domus
1525 3456 1731 3517 Aaron,

173 3549 432 3607 tenedicite
466 3552 717 3606 Domino.

232 3644 412 3699 Domus
449 3646 594 3709 Levi,
629 3646 909 3700 benedicile
941 3645 1167 3699 Domino
1200 3662 1216 3704 :
1270 3646 1361 3717 qui
1395 3646 1590 3699 timetis
1626 3645 1735 3698 Do-

174 3739 367 3801 minum,
394 3740 684 3794 benedicite
715 3738 965 3793 Domino.

229 3828 534 3887 Benedictus
562 3833 815 3887 Dominus
849 3848 913 3887 ea:
945 3832 1073 3888 Sion
1101 3849 1120 3888 :
1150 3833 1242 3903 qui
1265 3832 1471 3885 habitat
1497 3832 1549 3885 in
1572 3830 1733 3884 Jeru-

167 3923 337 3977 salem.

1841 1884 2008 1941 lsrael
2044 1885 2245 1955 pupnlo
2275 1900 2395 1940 suo.

1915 1977 2165 2043 Domine,
2199 1991 2401 2030 nomen
2433 1988 2583 2031 tuum
2610 1977 2664 2031 in
2691 1984 2957 2031 aeternum
2990 1975 3278 2044 :Domine,
3311 1994 3427 2035 me-

1838 2069 2072 2123 moriale
2102 2080 2253 2123 tuum
2278 2069 2337 2123 in
2366 2070 2631 2124 saeculum
2690 2070 2900 2125 saeculi.

1914 2158 2053 2225 Qnia
2079 2159 2348 2228 iudicabit
2375 2159 2642 2217 Dominus
2666 2164 2929 2233 populum
2994 2180 3156 2221 suum
3209 2174 3306 2221 :et
3367 2166 3425 2221 in

1840 2250 2019 2305 servis
2059 2251 2175 2304 suis
2197 2251 2597 2305 eonsolabitur.

1917 2344 2224 2400 Simulacra
2277 2346 2526 2415 gentium
2563 2353 2850 2416 argentum
2892 2357 2949 2404 et
2987 2364 3202 2418 aurum,
3256 2366 3423 2422 opera

1843 2450 2104 2490 manuum
2141 2437 2449 2491 hominum.

1916 2528 1989 2580 Us
2016 2526 2238 2590 habent,
2268 2535 2326 2580 et
2347 2541 2455 2581 non
2491 2527 2785 2596 loquentur
2833 2545 2849 2583 :
2885 2532 3076 2586 oculos
3113 2531 3335 2599 habent,
3368 2542 3425 2588 et

1845 2634 1955 2673 non
1986 2619 2279 2674 videbunt.

1915 2714 2092 2766 Aures
2116 2712 2342 2775 habent,
2370 2721 2427 2767 et
2450 2729 2555 2767 non
2591 2714 2818 2769 audient
2853 2730 3051 2772 :nares
3069 2716 3274 2773 habent
3297 2717 3340 2786 ⁸,
3366 2728 3422 2775 et

1844 2819 1954 2859 non
1992 2805 2324 2860 odorabunt.

1914 2896 2105 2952 Manus
2136 2898 2359 2963 habent,
2394 2907 2449 2953 et
2480 2915 2588 2954 non
2623 2899 2922 2971 palpabunt
2948 2918 2965 2958 :
2997 2902 3165 2972 pedes
3192 2904 3419 2970 habent,

1841 3002 1900 3045 et
1931 3005 2038 3043 non
2070 2992 2451 3048 ambulabunt.

1768 3109 1810 3164 ρ
1915 3078 2034 3134 Non
2064 3082 2377 3136 clamabunt
2411 3085 2463 3136 in
2497 3091 2718 3153 gutture
2749 3099 2850 3140 suo
2882 3100 2898 3138 :
2956 3101 3137 3159 neque
3166 3092 3313 3146 enim
3336 3102 3423 3148 est

1847 3173 2077 3241 spiritus
2104 3175 2157 3227 in
2198 3190 2293 3229 ore
2323 3179 2589 3244 ipsorum.

1917 3266 2135 3321 Similes
2176 3268 2282 3322 illis
2314 3270 2445 3323 (iant
2474 3270 2567 3339 qui
2618 3270 2833 3328 iaciunt
2868 3288 2954 3342 ea,
2986 3283 3042 3330 et
3101 3292 3295 3336 omnes
3319 3284 3417 3353 qui

1836 3360 2126 3413 confidunt
2154 3361 2209 3415 in
2235 3365 2337 3417 eis.

1912 3453 2119 3508 Domus
2169 3456 2354 3519 Israel,
2407 3458 2717 3515 benedicite
2784 3463 3070 3518 Dominum
3124 3482 3140 3521 :
3218 3468 3413 3526 domus

1844 3549 2052 3612 Aaron.
2092 3550 2399 3606 benedicite
2433 3550 2729 3606 Dominum
2763 3568 2779 3611 :
2810 3555 3005 3611 domus
3030 3556 3183 3625 Levi,
3243 3561 3416 3618 bene-

1843 3642 2008 3696 dicite
2055 3642 2370 3697 Dominum.

1917 3735 2019 3803 Qui
2055 3736 2260 3789 timetis
2279 3736 2594 3801 Doiiiinum,
2625 3739 2934 3795 benedicite
2961 3741 3291 3803 Dominum:
3322 3748 3422 3803 be-

1846 3830 2099 3885 nedictus
2132 3829 2396 3884 Dominus
2440 3844 2509 3884 ex
2548 3830 2703 3897 Sion,
2744 3833 2840 3902 qui
2875 3832 3091 3892 habitat
3115 3838 3170 3893 in
3194 3838 3415 3896 Jerusa-

1847 3924 1976 3976 lem.
2444 3926 2452 3936 '

1493 4043 1836 4106 PSALMUS
1871 4045 2146 4107 CXXXV.

802 4156 1083 4195 Αιιειυιλ.

227 4231 559 4301 Conﬁtemini
593 4231 840 4296 Domino,
870 4232 1122 4301 quoniam
1153 4231 1315 4283 bonus
1346 4245 1364 4282 :
1400 4230 1648 4300 quoniam
1675 4232 1733 4282 in

164 4330 399 4376 eternum
434 4322 808 4377 misericordia
839 4323 953 4391 ejus

221 4414 557 4483 Conﬁtemini
612 4416 718 4469 Deo
764 4415 983 4468 deorum
1013 4430 1032 4468 :
1068 4415 1322 4484 quoniam
1372 4415 1427 4467 in
1469 4425 1725 4467 aeternum

164 4506 514 4560 misericordia
537 4504 673 4572 ejus.

218 4596 555 4664 Conﬁtemini
586 4598 809 4651 Domino
832 4596 1162 4651 dominorum
1186 4611 1202 4654 ;
1230 4597 1477 4665 quoniam
1503 4597 1554 4647 in
1578 4606 1730 4649 icter-

162 4705 273 4742 nam
304 4692 674 4745 misericordia
703 4690 841 4759 ejus.

217 4804 232 4834 ‘
267 4804 376 4860 Nos
402 4806 651 4867 obelum,
681 4805 776 4873 qui
817 4803 1005 4857 deerat
1034 4811 1182 4865 ante,
1218 4809 1272 4852 et
1310 4802 1589 4868 c0pnlam,
1624 4801 1725 4854 ad-

160 4886 403 4928 monente
458 4873 705 4929 Palatiuo
755 4889 884 4937 ms...
943 4875 1011 4927 ad
1051 4873 1263 4926 Hebraei
1319 4882 1499 4925 textus
1559 4873 1719 4925 Iidem

158 4944 485 4998 suﬂeeimus.

214 5016 255 5044 ¹·
290 5015 595 5069 Veronens.
633 5030 737 5068 ms.
768 5014 831 5067 In
866 5013 1007 5066 mari
1033 5022 1079 5066 et
1113 5016 1167 5065 in
1218 5013 1455 5067 omnibus
1496 5010 1719 5080 abyssis.

154 5080 412 5137 Suscita'ns
444 5086 600 5138 nubes
634 5086 697 5137 ab
740 5095 971 5137 extremo
1022 5094 1196 5147 tet-rw,
1235 5100 1341 5138 etc.
1399 5082 1500 5145 Qui
1544 5087 1722 5134 eduxit

152 5163 336 5217 sentos,
358 5168 508 5219 etc.;
544 5159 789 5209 demum.
816 5154 1042 5208 Immisit
1070 5156 1243 5223 signa,
1280 5164 1414 5216 etc.,
1438 5157 1550 5204 lere
1583 5170 1727 5205 sent-

152 5243 237 5289 per
266 5241 393 5278 cum
434 5228 771 5294 Augustino,
806 5240 983 5292 eoque
1015 5230 1214 5293 smptus
1252 5241 1385 5276 uno.

211 5296 229 5324 ⁸
262 5294 506 5349 Verbum
532 5292 746 5358 occidit,
780 5295 927 5364 quod
952 5306 1007 5349 et
1032 5292 1369 5363 Augustinus
1396 5292 1612 5364 videtur
1640 5310 1727 5347 re-

148 5366 391 5429 tinuisse,
425 5382 532 5419 ius.
570 5363 873 5420 Veroneus.
907 5376 1070 5419 tacet.
1120 5369 1257 5419 'l‘utn
1301 5366 1431 5432 legit
1464 5379 1482 5417 :
1529 5363 1597 5416 Et
1629 5366 1723 5415 de-

147 5437 211 5484 dit
243 5450 448 5488 terrain
470 5452 647 5488 eorum
670 5438 724 5490 in
748 5436 1133 5500 hwreditutem,
1158 5437 1520 5488 hwreditatem
1546 5434 1722 5488 Israel

145 5518 279 5557 servo
313 5524 437 5558 suo.
494 5506 735 5571 Domine,
769 5524 958 5560 nomen
991 5516 1137 5559 tuum
1183 5508 1238 5559 in
1268 5506 1483 5565 sa'culn.
1518 5522 1721 5558 memo-

144 5577 267 5647 t'tale
296 5590 459 5630 tuum
492 5582 541 5629 in
572 5584 903 5645 generatione
933 5587 980 5630 et
1002 5578 1416 5647 generationem.
1453 5574 1719 5640 Quoniam

140 5642 389 5707 iudicarit
459 5642 709 5701 Dominus
762 5649 964 5719 plebem
1002 5642 1182 5711 suam,
1219 5660 1350 5708 etc.,
1383 5648 1719 5700 adumussim

148 5726 263 5768 cuiu
285 5720 646 5788 Augustino;
683 5718 1003 5773 nouantem
1039 5734 1159 5785 qua:
1192 5718 1335 5772 intra
1371 5728 1505 5773 sunt
1530 5720 1630 5771 tria
1666 5720 1719 5771 in

474 5816 742 5875 PATROL.
786 5817 1006 5879 XXIX.

2483 4153 2760 4192 ALLELIZIA.

1912 4228 2263 4286 Conﬁtemiui
2307 4228 2553 4288 Domino.
2621 4231 2879 4298 quoniam
2915 4232 3094 4286 bonus
3127 4233 3251 4305 [ms.
3290 4236 3421 4293 add.

1838 4321 1943 4393 est]
1966 4337 1982 4376 :
2006 4338 2265 4392 quoniam
2298 4323 2349 4375 in
2384 4324 2642 4376 Saeculum
2671 4327 3045 4381 misericordia
3095 4331 3236 4398 ejus.

1912 4415 2260 4468 Conlitetniui
2299 4415 2410 4469 Deo
2436 4417 2667 4469 deorum
2717 4435 2731 4471 :
2778 4420 3036 4486 quoniam
3068 4420 3121 4474 in
3155 4421 3415 4476 saeculum

1840 4506 2218 4560 misericordia
2253 4509 2393 4577 ejus.

1908 4586 2258 4652 conﬁtemini
2279 4601 2503 4653 Domino
2526 4600 2876 4656 dominorum
2905 4619 2920 4656 :
2954 4604 3212 4673 quoniam
3236 4604 3290 4657 in
3318 4619 3419 4660 sce-

1834 4690 2023 4744 culum
2068 4692 2445 4746 misericordia
2482 4694 2627 4763 ejus.

1833 4805 2063 4880 instanti
2101 4808 2287 4870 verba,
2321 4825 2425 4861 non
2458 4809 2768 4880 loquuntur,
2807 4829 2914 4864 non
2948 4813 3143 4876 vident,
3179 4831 3281 4867 non
3320 4834 3419 4868 au-

1832 4878 2009 4948 diunt,
2044 4887 2233 4930 contra
2267 4895 2429 4945 «piant
2455 4878 2655 4948 saepius
2683 4884 2902 4934 laudato
2926 4885 3125 4935 editori
3162 4896 3415 4939 notatum

1830 4956 1952 5021 est.‘
1997 4947 2192 4999 Notum
2246 4964 2406 5016 porro
2462 4947 2567 5003 huic
2623 4956 2822 5005 ascitos
2864 4968 2985 5005 esse
3045 4970 3108 5005 ex
3145 4958 3418 5021 superiori

1836 5014 2049 5093 i’saltno
2080 5032 2218 5070 cxm
2247 5014 2578 5081 versiculos,
2612 5024 2704 5086 qui
2739 5022 2937 5075 exinde
2961 5014 3415 5093 subsequuntur;

1834 5088 1885 5138 in
1920 5088 2354 5163 φμιῲιιειηιθιηεηΔ
2380 5106 2479 5141 non
2509 5096 2927 5156 contrectabnnt,
2962 5110 3060 5162 pro
3093 5088 3413 5163 palpabunt,

1831 5167 1884 5233 et
1912 5160 1964 5207 in
2000 5157 2247 5233 faucibus
2272 5159 2401 5219 suis.
2423 5176 2527 5233 pro,
2553 5171 2765 5230 gutture
2795 5180 2889 5215 suo
2917 5157 3137 5232 legitur.
3169 5157 3415 5233 Denique

1833 5228 2028 5303 iterum
2065 5243 2189 5303 cum
2228 5231 2454 5297 August,
2492 5228 2700 5285 Similes
2736 5234 2854 5303 illis
2898 5228 3032 5301 [iant
3082 5250 3260 5287 omnes
3301 5228 3416 5303 qui,

1829 5299 2048 5371 etc.,_in
2109 5296 2216 5371 line
2270 5311 2452 5371 autem
2486 5304 2553 5355 de
2597 5319 2697 5356 suo
2724 5296 3011 5359 Benedicat
3054 5314 3102 5356 te
3135 5296 3413 5371 Dominus,

1832 5383 1928 5435 pro
1959 5368 2259 5423 benedictus
2292 5369 2567 5425 Dominus.

1895 5436 1917 5466 ⁸
1959 5440 2264 5506 δείιυριιιεδ
2305 5444 2561 5497 versiculi
2622 5445 2731 5500 huc
2762 5445 3006 5499 translati
3039 5452 3166 5497 sunt
3215 5445 3266 5496 in
3307 5441 3418 5496 Ro-

1830 5523 1992 5563 mano
2025 5509 2315 5575 Psalterio,
2347 5523 2401 5565 et
2428 5518 2637 5582 psalmo
2666 5517 2935 5584 superiori
2971 5529 3103 5568 cxut
3134 5529 3149 5568 :
3191 5514 3271 5566 sic
3311 5528 3413 5582 pro

1830 5584 2108 5655 voluntate
2163 5584 2500 5655 scriptorum
2543 5588 2697 5655 plura
2740 5583 3017 5639 habemus
3063 5583 3415 5655 adtnistionis

1828 5664 2028 5729 genera
2077 5654 2132 5706 in
2190 5653 2362 5709 veteri
2418 5652 2642 5725 Vulgata
2706 5655 2912 5713 Graeca.
2966 5661 3133 5722 atque
3195 5652 3413 5710 Latina.

1827 5734 2005 5773 MART.

2992 5815 3065 5880 13
