3840 6176
431 322 538 388 395

1362 313 1421 373 S.
1459 305 1902 371 HIERONYMI
1945 301 2208 365 DIVINA
2249 291 2780 356 BIBLIOTHECA.

3516 279 3610 346 306

499 444 603 510 Qui
661 443 782 514 facit
831 436 1098 494 mirabilia
1161 447 1354 501 magna
1409 425 1554 482 solus
1586 441 1602 479 :
1638 425 1890 496 quoniam
1941 423 1999 476 in
2025 429 2076 484 Α
2172 417 2277 484 Qui
2315 415 2443 470 facit
2471 407 2742 466 mirabilia
2769 414 2964 472 magna
2998 399 3147 456 solus
3175 415 3187 452 :
3216 397 3450 468 quoniam
3474 403 3617 458 inste-

425 547 682 591 teternum
716 531 1075 586 misericordia
1105 527 1241 594 ejus.
1496 589 1498 591 j

497 623 598 692 Qui
627 624 746 692 fecit
772 623 924 674 caelos
951 620 1004 670 in
1034 615 1298 670 intellectu
1331 628 1350 667 :
1379 611 1631 683 quoniam
1665 610 1722 662 in
1749 615 2004 662 externum

427 714 788 770 misericordia
818 712 953 775 eius.

508 809 608 874 Qui
653 806 887 878 ﬁrmavit
939 811 1138 856 terram
1191 813 1351 868 super
1400 809 1617 867 aquas:
1665 793 1915 862 quoniam
1951 790 2006 842 itt

432 917 686 962 wternum
717 893 1080 951 misericordia
1103 891 1252 962 ejus.

503 996 603 1062 Qui
630 994 749 1061 fecit
773 988 1067 1043 luminaria
1090 961 1299 1054 'magna
1326 998 1345 1036 :
1383 979 1634 1051 quoniam
1661 977 1717 1031 in
1749 985 2008 1030 internum

434 1083 797 1142 misericordia
825 1081 962 1151 ejus.

498 1179 672 1234 Solem
709 1178 765 1230 in
795 1183 1103 1244 potestatem
1150 1169 1296 1223 diei:
1351 1166 1600 1236 quoniam
1651 1165 1706 1216 in
1756 1172 2010 1216 teternum

438 1267 797 1326 misericordia
829 1267 963 1335 ejus.

509 1356 736 1420 Lunam,
786 1366 837 1412 et
869 1356 1050 1410 stellas
1089 1356 1146 1409 in
1175 1363 1486 1424 potestatem
1513 1351 1725 1407 noctis:
1757 1345 2011 1417 quoniam

436 1457 489 1508 in
526 1463 781 1507 internum
812 1447 1174 1503 misericordia
1206 1445 1320 1514 ejus
1354 1446 1396 1497 ¹.

508 1547 608 1609 Qui
634 1544 888 1614 percussit
920 1539 1210 1609 ﬁgyptunt
1242 1554 1361 1590 cum
1388 1532 1746 1606 primoqenitis
1775 1541 2001 1590 eorum;

439 1636 684 1705 quoniam
717 1635 769 1685 itt
799 1642 1050 1686 retentum
1087 1627 1448 1681 misericordia
1485 1624 1623 1690 ejus.

2103 511 2286 567 culum
2323 502 2698 562 misericordia
2729 501 2872 565 ejus.

2174 601 2281 668 Qui
2317 598 2446 653 fecit
2471 595 2641 650 ett-los
2671 595 2724 644 in
2765 587 3043 642 intellectu
3074 583 3116 648 ³,
3149 585 3389 652 quoniam
3414 585 3463 637 in
3477 586 3620 639 sugen-

2107 699 2222 752 lum
2250 689 2629 747 misericordia
2660 686 2802 756 ejus.

2177 785 2282 852 Qui
2303 781 2550 837 fundavit
2575 787 2776 832 terram
2797 788 2960 844 super
2983 784 3154 842 aquas
3185 771 3456 840 :quoniam
3476 769 3523 823 in
3548 787 3628 822 su-

2108 879 2291 932 eulum
2323 868 2698 928 misericordia
2721 868 2862 937 ejus,

2181 967 2283 1036 Qui
2310 965 2440 1020 fecit
2467 959 2772 1017 luminaria
2839 968 3033 1024 magna
3055 950 3202 1006 solus
3232 951 3540 1020 ‘zquoniam
3587 954 3632 1006 iu

2110 1062 2371 1119 saeculum
2399 1053 2783 1113 misericordia
2827 1050 2968 1120 ejus.

2187 1156 2367 1210 Solem
2419 1152 2470 1206 in
2539 1155 2806 1218 potestate
2855 1144 2987 1204 diei.
3029 1139 3280 1210 quoniam
3331 1139 3381 1192 in
3417 1140 3636 1194 sarculum

2119 1244 2501 1304 misericordia
2527 1243 2674 1312 ejus,

2186 1340 2463 1394 Lnnam'et
2491 1335 2678 1389 stellas
2708 1330 2762 1384 in
2785 1334 3054 1399 potestate
3075 1323 3256 1378 noetis
3288 1337 3304 1377 :
3337 1323 3570 1392 quoniam
3597 1325 3641 1377 in

2108 1403 2145 1487 ἐ
2162 1431 2394 1485 azculum
2429 1424 2806 1480 miseri-cordia
2841 1422 2981 1491 ejus.

2190 1523 2292 1587 Qui
2328 1519 2600 1589 percussit
2629 1488 2926 1587 Egyptutn
2967 1528 3092 1568 cum
3129 1488 3413 1582 primitivis
3443 1527 3643 1568 eorum:

2119 1615 2378 1686 quoniam
2408 1613 2462 1666 itt
2502 1613 2763 1666 saeuiunt
2800 1606 3180 1663 misericordia
3202 1607 3339 1676 ejus.

524 1727 628 1791 Qui
657 1723 836 1775 eduxit
888 1718 1056 1774 Israel
1097 1718 1161 1771 de.
1209 1717 1379 1769 medio
1411 1730 1596 1768 eorum
1627 1729 1648 1766 :
1673 1709 1929 1782 quoniam
1961 1706 2016 1759 in
2047 1729 2092 1789 Β
2195 1708 2259 1760 Ει
2281 1705 2467 1758 eduxit
2492 1704 2657 1757 Israel
2681 1702 2749 1754 de
2780 1701 2961 1755 medio
2988 1699 3110 1770 ejus
3146 1699 3167 1730 ⁸
3190 1715 3207 1754 :
3234 1697 3480 1768 quoniam
3505 1700 3654 1754 insae-

447 1829 700 1873 a‘teruum
737 1811 1100 1866 misericordia
1132 1811 1274 1876 ejus.

516 1909 576 1961 In
621 1925 781 1961 manu
817 1905 1036 1975 potenti,
1071 1911 1117 1955 et
1162 1899 1378 1953 brachio
1402 1896 1606 1952 excelso
1639 1910 1658 1948 :
1689 1897 1935 1964 quoniam
1966 1890 2020 1943 in

445 2015 699 2056 teternum
730 1995 1084 2051 misericordia
1108 2008 1241 2061 ejus.

515 2094 618 2157 Qui
644 2091 818 2161 divisit
850 2102 992 2139 mare
1020 2084 1252 2136 llubrum
1305 2083 1360 2134 in
1407 2079 1733 2133 divisiones:
1770 2075 2021 2145 quoniam

447 2191 498 2239 in
534 2197 788 2237 retentum
825 2179 1183 2232 misericordia
1215 2174 1346 2243 ejus.

528 2277 589 2328 ισὶι
641 2273 821 2325 eduxit
871 2267 1040 2322 Israel
1077 2282 1166 2334 per
1218 2263 1447 2317 medium
1479 2262 1594 2332 ejus
1628 2276 1646 2312 :
1685 2259 1937 2330 quoniam
1969 2261 2024 2310 in

452 2379 707 2420 tt'tvrnum
740 2357 1103 2414 misericordia
1137 2355 1274 2424 ejus.

526 2458 590 2509 lit
631 2454 852 2508 excussit
885 2449 1243 2509 Pharaonem,
1299 2453 1348 2496 et
1382 2445 1627 2496 virtutem
1651 2441 1761 2507 ejus
1796 2446 1851 2492 in
1887 2438 2027 2492 mari

455 2548 635 2600 Rubro
662 2560 679 2599 :
719 2542 970 2612 quoniam
999 2542 1051 2592 in
1079 2549 1336 2592 retentum
1367 2533 1737 2586 misericordia
1767 2532 1906 2601 ejus.

527 2639 627 2703 Qui
660 2635 895 2688 traduxit
927 2629 1173 2701 populum
1206 2643 1361 2680 suum
1395 2641 1485 2692 per
1516 2626 1780 2678 desertum
1806 2627 1824 2656 ²
1854 2639 1872 2679 :
1902 2639 2032 2692 quo-
2062 2689 2076 2706 ο

456 2734 602 2786 niam
633 2731 685 2782 in
706 2736 971 2793 attentum
994 2718 1354 2776 misericordia
1381 2719 1517 2789 ejus.

535 3011 633 3076 Qui
723 3004 975 3078 percussit
1057 3015 1200 3070 reges
1271 3013 1489 3069 magnos
1542 3011 1564 3052 :
1631 2994 1882 3067 quoniam
1975 2995 2032 3049 in

457 3119 716 3160 a'ternum
747 3094 1108 3153 misericordia
1137 3096 1274 3162 ejus.

535 3199 598 3251 Et
630 3191 820 3248 occidit
849 3205 992 3260 reges
1023 3187 1181 3256 fortes
1204 3199 1222 3237 :
1243 3183 1491 3252 quoniam
1523 3185 1578 3236 in
1603 3191 1858 3236 wtcrnum
1884 3183 2037 3236 mise-

460 3287 690 3342 ricordia
719 3284 855 3350 ejus.

528 3377 696 3431 Schon
725 3389 898 3442 regem
925 3371 1344 3426 Amorrltceorum
1374 3382 1394 3426 :
1421 3348 1670 3437 quoniam
1705 3365 1759 3419 in
1790 3375 2040 3420 retentum

478 3467 843 3524 misericordia
884 3464 1018 3534 ejus.

546 3559 609 3614 Et
642 3558 717 3628 09
746 3571 914 3625 regem
947 3553 1127 3607 Basan
1157 3562 1176 3605 ε
1211 3551 1465 3619 quoniam
1495 3549 1551 3602 in
1583 3559 1838 3603 aeternum
1888 3549 2044 3602 mise-

388 3694 397 3703 .
479 3652 709 3706 ricordia
741 3649 874 3719 ejus.
1158 3696 1160 3700 ,

538 3748 604 3798 Et
634 3743 774 3796 dedit
810 3752 1005 3794 terram
1043 3753 1221 3792 eorum
1258 3736 1616 3790 haereditate»:
1638 3749 1658 3790 :
1691 3735 1941 3805 quoniam
1989 3736 2044 3788 in

472 3838 724 3891 stvculum
759 3831 1126 3885 misericordia
1152 3830 1295 3898 ejus.

543 3923 923 3981 [hereditatem
955 3921 1123 3976 Israel
1149 3936 1297 3974 servo
1322 3937 1416 3974 suo
1449 3936 1466 3972 :
1512 3921 1762 3990 quoniam
1794 3920 1849 3972 in
1893 3926 2044 3972 teter-

470 4036 596 4074 num
628 4015 989 4070 misericordia
1023 4012 1158 4080 ejus.

542 4115 680 4180 Quia
713 4114 764 4165 in
795 4107 1096 4162 humilitate
1126 4110 1309 4156 nostra
1333 4117 1530 4154 mem-or
1562 4101 1662 4171 fuit
1692 4101 1860 4154 nostri
1885 4116 2050 4170 τίμιο-

475 4209 615 4261 uiam
647 4207 700 4258 in
730 4214 986 4257 aeternum
1013 4195 1376 4251 misericordia
1409 4195 1549 4264 ejus.

551 4386 611 4438 Ιίὶι
647 4381 866 4435 redemit
922 4393 1014 4431 nos
1068 4375 1132 4429 ab
1180 4371 1407 4427 inimicis
1443 4372 1673 4427 nostris:
1705 4373 1958 4441 quoniam
1994 4374 2048 4427 in

475 4490 730 4532 tt'teruum
767 4467 1130 4526 misericordia
1163 4465 1303 4536 ejus.

551 4570 650 4633 Qui
677 4571 767 4618 ttat
796 4578 969 4617 escam
1002 4559 1144 4613 omni
1172 4558 1322 4611 carni
1351 4570 1372 4612 .'
1424 4559 1679 4627 quoniam
1712 4557 1768 4610 in
1791 4565 2049 4611 wternum

476 4659 840 4717 misericordia
873 4657 1010 4725 ejus.

555 4839 570 4868 ί
605 4839 675 4890 De
697 4850 797 4889 suo
821 4833 971 4888 addit
1000 4831 1171 4884 Palat.
1207 4844 1309 4884 ms.
1352 4827 1697 4898 Diapsalma.

559 4912 579 4939 ’
610 4907 843 4974 Sequior
891 4916 1091 4974 manus
1137 4901 1191 4974 in
1248 4898 1440 4974 eodem
1473 4899 1662 4953 codice
1693 4899 2054 4971 rescripsitin

477 4983 679 5030 deserto
702 4971 724 5034 ξ
758 4975 983 5044 propius
1013 4972 1116 5044 Gt'_._
1145 4973 1204 5022 ὲν
1236 4973 1302 5040 τῇ
1337 4971 1554 5044 ἐρήμῳ,

551 5051 569 5078 ³
603 5049 656 5099 lu
691 5039 916 5098 instanti
947 5058 1050 5094 ms.
1080 5039 1384 5094 Verone’ns.
1416 5041 1504 5107 qui
1539 5041 1689 5106 facit,
1722 5049 1858 5095 utet
1888 5041 2050 5104 infra.

477 5121 629 5173 caelos
661 5120 714 5169 in
745 5113 1140 5184 intelligentia;
1164 5126 1283 5178 quae
1315 5111 1636 5184 Augustino,
1664 5128 1825 5184 quem
1849 5120 2054 5184 auctor

430 5181 441 5208 "
479 5208 599 5242 sum
627 5199 685 5240 ut
714 5179 990 5244 consulas.
1020 5183 1184 5250 lectio
1213 5184 1467 5233 innotuit.
1487 5179 1722 5250 iVidesis
1755 5195 1810 5235 et
1842 5182 2040 5234 lliero-

481 5259 627 5329 nytni
655 5257 942 5326 epistolam
977 5253 1042 5329 ad
1071 5251 1419 5329 Sunt-tiam'et
1463 5249 1769 5329 Fretelatn,_
1789 5252 1881 5320 qui
1912 5251 2050 5305 alte-

478 5321 598 5384 rum
661 5321 855 5382 nomen
908 5323 1070 5386 solus,
1126 5323 1219 5375 ubi
1253 5322 1458 5374 dicitur
1505 5321 1808 5375 luminaria
1857 5337 2053 5389 magna

477 5401 640 5459 solus.
687 5399 753 5452 de
787 5395 1059 5463 superiori
1100 5392 1376 5446 versiculo
1403 5390 1676 5453 additum,
1718 5399 1882 5460 atque
1917 5393 2053 5446 adeo

476 5468 894 5569 expungendum
921 5467 1100 5517 docet.

603 5541 676 5569 Dn
727 5539 828 5569 Ιιηη
879 5536 1048 5569 ινΔπιΙιη

603 5528 689 5592 ὓὲ
727 5539 830 5590 hoc
879 5536 1072 5595 verbo,
1119 5529 1285 5596 solus,
1326 5528 1699 5598 Hieronymus
1741 5530 1924 5584 aiebat
1982 5531 2050 5585 ad

480 5609 652 5662 Sunn.
685 5617 741 5660 et
769 5605 968 5660 Fretel.
1006 5619 1020 5660 :
1077 5622 1093 5652 ι
1126 5600 1318 5654 Dicitis
1347 5599 1473 5666 quia
1515 5597 1568 5652 in
1603 5597 1794 5653 Graeco
1827 5601 2049 5656 invene-

480 5681 620 5740 ritis,
655 5694 846 5745 magna
881 5674 1072 5745 solus;
1101 5672 1201 5745 sed
1229 5673 1332 5745 hoc
1362 5670 1430 5745 de
1463 5671 1738 5745 superiori
1775 5672 2050 5726 versiculo

479 5755 583 5810 est,
608 5739 707 5798 'um
741 5739 989 5812 fugitiuus,
1028 5743 1129 5806 Qui
1175 5740 1304 5812 facit
1348 5739 1614 5794 mirabilia
1648 5757 1843 5811 magna
1880 5741 2046 5797 solus.

2127 1797 2312 1851 culum
2356 1792 2738 1847 misericordia
2787 1791 2928 1860 ejus.

2201 1889 2257 1940 In
2295 1902 2458 1938 manu
2488 1885 2636 1949 forti,
2677 1893 2734 1938 et
2790 1883 3017 1938 brachio
3053 1884 3313 1938 excelso:
3345 1882 3581 1952 quoniam
3606 1883 3651 1937 in

2131 1977 2397 2033 sarculum
2425 1973 2810 2030 misericordia
2837 1977 2980 2044 ejus.

2197 2070 2299 2136 Qui
2321 2069 2507 2124 divisit
2538 2083 2686 2122 mare
2718 2067 2964 2122 Rubrum
2992 2066 3045 2120 itt
3069 2066 3404 2122 divisiones:
3436 2064 3657 2136 quonia

2129 2164 2183 2217 in
2237 2163 2494 2216 saeculum
2539 2160 2919 2215 misericordia
2969 2160 3116 2229 ejus.

2201 2255 2265 2309 Et
2294 2253 2483 2308 eduxit
2509 2253 2676 2308 lsrael
2744 2268 2838 2322 per
2878 2252 3125 2307 medium
3158 2251 3318 2322 ejus:
3351 2250 3584 2322 quoniam
3616 2249 3660 2302 in

2129 2348 2391 2403 sarculum
2423 2344 2802 2420 misericordia
2831 2345 2981 2414 ejus.

2203 2439 2269 2493 Et
2304 2439 2549 2493 excussit
2574 2438 2915 2491 Pharaonem
2941 2445 2992 2488 et
3014 2435 3320 2490 exercitum
3347 2433 3456 2502 ejus
3482 2431 3532 2486 in
3549 2429 3662 2486 mari

2120 2530 2327 2586 'Ruhro
2353 2546 2370 2584 :
2421 2529 2684 2598 quoniam
2714 2529 2768 2581 in
2798 2527 3062 2582 saeculum
3091 2526 3460 2582 misericordia
3488 2524 3610 2591 ejus.

2205 2625 2304 2690 Qui
2333 2623 2638 2678 transduxit
2706 2621 2968 2691 pepulum
3017 2636 3183 2675 suum
3236 2636 3331 2690 per
3361 2619 3608 2674 desertum
3652 2631 3665 2668 :

2134 2718 2392 2786 quoniam
2426 2717 2480 2769 in
2506 2715 2770 2778 saeuiunt
2811 2713 3195 2767 misericordia
3219 2714 3359 2783 ejus.

2207 2807 2309 2873 Qui
2345 2806 2536 2860 eduxit
2589 2820 2786 2871 aquam
2819 2807 2885 2857 de
2929 2813 3088 2872 petra
3121 2805 3273 2874 rupis
3306 2819 3321 2857 ;
3355 2801 3589 2872 quoniam
3625 2798 3670 2854 in

2133 2902 2392 2955 sazeulum
2475 2900 2848 2953 misericordia
2910 2898 3050 2967 ejus.

2207 2992 2596 3060 Quiperenssit
2621 3010 2776 3062 reges
2805 3010 3029 3063 magnos
3077 3011 3093 3046 :
3131 2992 3389 3064 quoniam
3437 2990 3489 3044 in
3532 3003 3674 3045 sacu-

2061 3092 2108 3153 ο
2139 3084 2252 3138 lum
2287 3086 2661 3138 misericordia
2680 3086 2816 3154 ejus.

2213 3178 2280 3232 Et
2310 3179 2511 3232 occidit
2536 3196 2687 3248 reges
2723 3179 3000 3232 mirabiles
3029 3176 3542 3249 [ms.admirabiles]:
3561 3185 3678 3243 quo-

2144 3272 2289 3326 niam
2316 3273 2367 3325 in
2396 3272 2656 3324 saeculum
2688 3271 3063 3325 misericordia
3089 3273 3237 3342 ejus.

2137 3357 2143 3362 ’
2215 3365 2354 3418 Seon
2385 3379 2564 3432 regem
2586 3363 3025 3417 Amorrlta'orum
3058 3380 3072 3416 ;
3102 3364 3360 3433 quoniam
3385 3362 3437 3416 in
3462 3358 3681 3415 malum

2145 3456 2526 3510 misericordia
2554 3457 2696 3526 ejus.

2213 3549 2285 3603 Et
2318 3551 2394 3619 Og
2422 3565 2604 3617 regem
2635 3549 2810 3603 Busan
2843 3567 2858 3610 ;
2909 3551 3176 3620 quoniam
3205 3550 3260 3604 in
3290 3549 3536 3606 Sthenium
3553 3544 3685 3599 mise—

2147 3641 2384 3695 ricordia
2405 3641 2547 3710 ejus.

2219 3733 2286 3788 Et
2308 3735 2459 3787 dedit
2487 3746 2686 3788 terram
2711 3750 2904 3790 eorum
2925 3735 3314 3791 hereditatem
3342 3753 3362 3792 ς
3392 3735 3620 3806 quoniam
3642 3732 3686 3783 in

2148 3826 2406 3878 saeculum
2440 3827 2814 3883 misericordia
2843 3829 2986 3899 ejus.

2223 3914 2603 3971 Hereditatem
2659 3919 2823 3974 Israel
2851 3935 3014 3976 servo
3078 3936 3184 3977 suo
3211 3941 3224 3976 :
3255 3920 3505 3992 quoniam
3532 3919 3580 3973 in
3607 3932 3688 3971 sat.

2149 4009 2334 4064 culum
2370 4009 2750 4066 misericordia
2777 4013 2915 4080 ejus.

2225 4099 2364 4165 Quia
2397 4099 2517 4172 [ms.
2547 4101 2834 4174 quoniam]
2880 4103 2934 4156 in
2964 4103 3283 4161 humilitate
3315 4117 3489 4162 nostra
3517 4123 3692 4162 memor

2156 4191 2264 4246 fuit
2289 4195 2468 4248 nostri
2512 4194 2777 4250 Dominus
2814 4213 2829 4251 :
2855 4197 3116 4266 quoniam
3145 4199 3201 4253 in
3232 4201 3484 4255 sarculum
3514 4201 3694 4256 miseri-

2155 4289 2345 4344 cordia
2377 4290 2520 4359 ejus.

2227 4384 2292 4436 Et
2322 4384 2552 4438 redemit
2579 4399 2676 4438 nos
2698 4384 2764 4438 de
2800 4399 2964 4439 manu
2990 4386 3350 4444 inimicorum
3388 4397 3696 4444 nostrorum:

2156 4476 2414 4545 quoniam
2457 4477 2508 4528 in
2542 4477 2803 4530 sarculum
2841 4477 3229 4543 misericordia
3281 4482 3422 4552 ejus.

2232 4570 2335 4634 Qui
2366 4569 2458 4623 dat
2486 4585 2667 4624 escam
2698 4571 2847 4625 omni
2875 4573 3027 4628 carni
3061 4590 3077 4628 :
3105 4573 3373 4644 quoniam
3404 4575 3455 4630 in
3477 4570 3697 4630 saeculum

2163 4661 2540 4716 misericordia
2570 4665 2709 4732 ejus.

2160 4837 2241 4892 lbi
2272 4837 2734 4918 ergoolegendum
2784 4849 2889 4918 est,
2939 4843 3124 4918 et‘htc
3163 4846 3322 4918 quasi
3384 4841 3702 4918 superﬂuunt.

2163 4923 2270 4980 non
2324 4907 2698 4963 scribendum.
2732 4928 2750 4960 ι
2802 4910 2858 4964 ln
2896 4913 3063 4968 editis
3105 4907 3511 4980 exemplaribus
3534 4910 3705 4966 Graecis

2163 4979 2882 5060 verbum...solus_,_lt:gitur,
2921 4999 3031 5037 non
3071 4979 3285 5040 tamen
3308 4986 3365 5040 in
3395 5001 3493 5038 ms.
3527 4983 3704 5038 Sorbe-

2163 5048 2288 5101 nieo
2311 5048 2570 5103 editionis
2597 5048 2760 5102 LXX.
2790 5051 2968 5104 MART.
3533 5077 3544 5088 ν

2236 5121 2258 5151 ⁸
2299 5115 2498 5195 Veron.
2537 5135 2640 5174 ms.
2686 5136 2778 5184 per
2813 5124 3037 5195 medium
3065 5139 3085 5178 .'
3148 5133 3266 5178 tum
3307 5124 3582 5195 quartoab
3626 5119 3709 5172 hoc

2162 5203 2347 5248 versu.
2371 5188 2710 5264 Pharaonem
2727 5199 2776 5242 et
2801 5193 3044 5264 virtutem
3067 5195 3190 5264 ejus
3217 5198 3271 5248 in
3304 5188 3448 5248 mare
3473 5193 3708 5246 Rubrum:

2161 5269 2214 5311 et
2243 5273 2387 5334 mox,
2421 5260 2530 5334 Qui
2551 5262 2734 5315 edux-it
2764 5263 3015 5334 papulum
3043 5260 3208 5318 suum
3235 5267 3290 5318 in
3325 5263 3707 5318 deserto:l‘ertne

2161 5343 2285 5398 cum
2312 5331 2634 5398 Augustino.

2236 5396 2257 5426 °
2296 5399 2353 5450 In
2400 5396 2502 5474 ius.
2560 5401 2864 5474 Sorhonieo
2898 5403 3058 5474 aliter
3105 5405 3386 5474 legimus:
3425 5404 3523 5469 Qui
3562 5398 3708 5454 eduxit

2161 5483 2355 5549 aquam
2387 5468 2449 5548 de
2478 5471 2648 5524 medio
2681 5489 2884 5528 eorum.
2921 5473 3022 5549 sed
3060 5468 3362 5545 utrumque
3385 5468 3613 5528 additum
3641 5477 3708 5549 est

2165 5542 2442 5624 imperitia
2495 5551 2551 5621 et
2589 5549 2899 5624 temeritate
2952 5542 3367 5624 librarioruuv:
3419 5545 3542 5600 nihil
3589 5542 3709 5619 enim

2162 5607 2328 5694 “uili?
2371 5611 2625 5694 versiculi
2653 5625 2828 5667 exstat
2853 5615 3234 5694 itt__b‘criptura
3279 5631 3434 5673 sacra
3462 5612 3708 5673 llebraica,

2161 5682 2244 5732 vel
2278 5678 2463 5735 Graeca
2495 5681 2858 5738 Psalmorutn.
2895 5678 3079 5740 MAan
3393 5703 3406 5714 '
