3840 6176
190 242 265 304 397

1357 226 1593 287 LIBER
1652 225 1783 282 PSA
1796 223 2143 301 LMOllUM.

3261 211 3369 274 398

233 350 535 419 Conﬁteniini
573 348 681 402 Deo
718 349 830 402 caeli
859 363 876 402 :
905 346 1150 416 quoniam
1184 344 1235 395 in
1258 350 1510 395 (eternum
1540 339 1696 391 mise-
1726 348 1773 403 Α
1807 332 2153 391 Confitemini
2197 332 2309 386 Deo
2345 329 2362 360 ‘
2402 330 2523 400 [ms.
2584 323 2841 394 Domino]
2878 321 3000 378 εαξη
3038 339 3079 376 :.
3114 322 3369 390 quoniam

181 446 359 502 ricordia
381 443 513 513 ejus.

317 532 641 602 Conﬁtemini
684 531 914 585 Domino
950 530 1323 582 dominorum:
1367 525 1615 593 quoniam
1644 526 1697 576 in

180 639 385 685 ateruum
412 623 781 679 misericordia
806 624 920 689 ejus
953 620 993 652 ί·

1807 429 1859 481 in
1893 427 2150 481 saeculum
2180 419 2560 477 misericordia
2587 419 2726 489 ejus.

1874 515 2222 573 Conlitemini
2240 514 2471 569 Domino
2488 511 2858 571 dominorum.
2883 508 3142 577 quonian
3169 504 3365 568 bonus,

1806 609 2068 679 quoniam
2102 608 2159 659 in
2192 606 2451 659 saeculum
2506 600 2884 655 misericordia
2917 599 3056 668 ejus.

1382 774 1729 840 PSALMUS
1780 768 2097 831 CXXXVI.

516 908 674 947 DAVID
700 906 951 953 PSALMUS.
989 906 1227 946 sensum
1260 890 1283 959 ζ

232 987 368 1056 Super
387 984 611 1052 flumina
630 980 919 1051 Babylonis
944 981 1054 1034 illic
1082 982 1309 1035 sedimus
1340 990 1387 1033 et
1414 981 1654 1049 ﬂeuimus
1683 994 1701 1030 :

177 1097 267 1135 eum
292 1076 677 1132 recordaremur
704 1071 857 1126 Sion.

236 1171 285 1224 ln
330 1167 570 1223 salicibus
627 1167 683 1219 in
717 1165 888 1219 medio
936 1164 1049 1232 ejus
1096 1165 1467 1235 suspendimus
1494 1176 1698 1230 organa

180 1272 336 1315 nostra.

231 1355 344 1421 Quia
366 1351 468 1404 illic
512 1351 979 1418 interrogaverunt
1009 1363 1126 1413 nos,
1152 1348 1241 1415 qui
1265 1348 1500 1415 captivos
1530 1346 1702 1399 duxe-

183 1455 276 1497 runt
295 1460 388 1504 nos.
413 1442 573 1495 verba
604 1438 934 1492 cantionum.

231 1532 286 1585 Et
312 1532 392 1605 qui
421 1530 757 1587 abduxerunt
786 1546 880 1585 nos
905 1569 922 1595 ,
946 1527 1198 1598 hymnum
1228 1535 1439 1585 cantate
1470 1526 1613 1581 nobis
1640 1524 1705 1578 de

180 1628 351 1680 mittitis
376 1622 525 1677 Sion.

235 1717 472 1781 Quomodo
512 1716 848 1777 cantabimus
893 1714 1161 1777 canticum
1189 1710 1402 1765 Domini
1461 1712 1516 1764 in
1556 1720 1704 1764 terra

180 1811 318 1861 aliena
334 1810 355 1861 ζ’

229 1902 275 1955 Si
324 1901 507 1955 oblitus
557 1902 708 1971 {uero
742 1900 841 1962 tui,
888 1897 1227 1961 Jerusalem,
1264 1893 1513 1949 oblivioni
1561 1894 1711 1948 detur

179 1996 350 2047 dextera
382 2011 517 2048 mea.

232 2088 478 2139 .tdlnrreat
526 2085 714 2154 lingua
746 2099 863 2141 mea
894 2082 1135 2153 faucibus
1166 2082 1290 2137 meis
1321 2098 1339 2135 .'
1393 2082 1439 2135 si
1468 2095 1572 2134 non
1607 2094 1716 2132 me-

181 2179 339 2229 minero
367 2179 461 2230 tui.

234 2268 283 2322 Si
317 2285 411 2321 non
443 2284 770 2338 proposuero
803 2266 1120 2329 Jerusalem,
1147 2268 1202 2319 in
1231 2265 1490 2334 principio
1512 2263 1716 2319 latitia:

179 2378 297 2415 ίηεω.

236 2452 414 2505 Memor
442 2462 581 2515 esto,
608 2451 855 2519 Domine,
876 2449 1115 2519 ﬁliorum
1144 2449 1340 2515 Edam,
1376 2451 1431 2504 in
1465 2450 1549 2504 die
1567 2448 1723 2503 Jeru-

178 2546 335 2599 salem.

234 2638 325 2703 Qui
348 2639 552 2693 dicunt:
574 2636 889 2699 Exinanite,
921 2632 1215 2698 exinanite,
1249 2646 1411 2699 usque
1435 2630 1505 2685 ad
1533 2628 1726 2701 funda-

178 2742 378 2783 mentum
407 2732 462 2785 in
492 2748 584 2786 ea.
1556 2726 1561 2733 ’

231 2819 359 2875 Filia
384 2822 681 2894 Babylonis
719 2825 914 2876 misera
953 2821 999 2885 ³,
1032 2819 1215 2873 beatus
1248 2818 1338 2888 qui
1365 2816 1612 2871 retribuet
1635 2815 1728 2869 tibi

177 2913 544 2977 retributionem
572 2925 721 2970 tuam
747 2954 764 2987 ,
797 2929 956 2979 quam
984 2911 1275 2966 retribuisti
1301 2908 1473 2965 nobis.

228 3097 406 3153 Beatus
440 3116 535 3169 qu.
577 3098 789 3163 tenebit,
827 3103 877 3149 et
900 3094 1081 3148 allidet
1114 3092 1365 3164 parvulos
1401 3100 1517 3146 tuos
1547 3092 1617 3145 ad
1641 3106 1730 3163 ps-

175 3198 316 3242 trum.

1740 1673 1779 1727 Β

2208 890 2443 931 rSALuus
2471 888 2624 929 mmo
2645 874 2663 903 ⁸
2687 913 2699 936 ,
2732 874 2997 925 δειιειιυεί

1883 972 2060 1039 Super
2090 969 2315 1023 ﬂumina
2375 964 2667 1035 Babylonis
2721 963 2833 1017 illic
2877 962 3120 1016 sedimus
3146 968 3202 1015 et
3228 958 3382 1014 ﬂevi-

1812 1079 1967 1117 mus:
1996 1063 2123 1116 dum
2160 1060 2580 1114 recordaremur
2627 1056 2729 1119 tui,
2763 1053 2918 1110 Sion.

1884 1153 1941 1206 In
1965 1152 2227 1207 salicibus
2256 1151 2310 1205 in
2354 1147 2538 1203 medio
2587 1147 2708 1217 ejus
2762 1144 3151 1214 suspeiidimus
3181 1159 3381 1213 organa

1812 1254 2020 1298 nostra.

1880 1336 2018 1402 Quia
2050 1336 2165 1391 illic
2204 1335 2689 1402 interrogaverunt
2723 1346 2843 1399 nos,
2882 1332 2976 1401 qui
3006 1330 3253 1399 captivos
3282 1329 3387 1382 dii-

1810 1436 2015 1483 xerunt
2049 1440 2165 1492 nos,
2233 1424 2398 1479 verba
2431 1424 2777 1485 cantionum.
2816 1432 2873 1477 et
2910 1423 3002 1491 qui
3034 1422 3392 1475 abduxerunt

1811 1534 1915 1575 nos
1948 1534 1965 1570 ἓ

1885 1610 2157 1680 Hymnum
2212 1620 2432 1665 cantate
2488 1609 2648 1664 nobis
2675 1610 2742 1664 de
2775 1607 3011 1662 canticis
3047 1605 3205 1660 Sion.
3247 1603 3393 1669 Quo-

1813 1703 1975 1758 modo
1998 1704 2341 1758 cantabimus
2365 1702 2640 1769 canticum
2663 1700 2881 1756 Domini
2928 1700 2983 1754 in
3013 1710 3158 1755 terra
3180 1697 3357 1753 aliena

1883 1892 1940 1947 Si
1975 1891 2181 1947 oblitus
2207 1891 2365 1945 luero
2396 1890 2494 1954 tui,
2523 1888 2870 1944 Jerusalem:
2906 1885 3271 1941 obliviscatur
3309 1901 3397 1941 me

1812 1982 2038 2037 dextera
2075 1998 2217 2037 mea.
2556 2004 2559 2005 ν

1886 2074 2181 2129 Adhaereat
2206 2074 2390 2145 lingua
2424 2087 2545 2129 mea
2576 2073 2829 2130 faucibus
2862 2073 3000 2131 meis
3027 2113 3043 2140 ,
3074 2074 3118 2129 si
3142 2089 3251 2144 non
3288 2089 3402 2128 me-

1816 2160 2030 2215 minero
2056 2162 2160 2228 tui;

1892 2251 1951 2307 Si
1986 2268 2095 2308 non
2138 2268 2482 2324 pr0posuero
2518 2254 2597 2309 tui
2651 2254 2984 2320 Jerusalem,
3013 2254 3069 2308 in
3126 2255 3405 2325 principio

1819 2343 2024 2399 laetitias
2062 2361 2221 2403 meai.

1893 2436 2192 2503 Memento,
2228 2438 2481 2501 Domine,
2508 2438 2745 2495 ﬁliorum
2774 2439 2971 2506 Edam,
3006 2440 3061 2494 in
3109 2440 3197 2495 die
3239 2440 3404 2496 Jeru-

1825 2530 1993 2589 salem
2004 2570 2018 2584 .

1894 2621 1999 2688 Qui
2048 2620 2260 2687 dicunt,
2288 2620 2598 2687 Exinanite,
2634 2622 2940 2686 exinanito,
2984 2638 3273 2693 quousque
3334 2627 3401 2679 ad

1828 2712 2251 2767 fundamentum
2278 2713 2334 2768 iii
2369 2728 2457 2771 ea.

1899 2803 2038 2859 Filia
2070 2803 2366 2874 Babylonis
2429 2806 2632 2861 misera
2670 2806 2715 2873 ⁸,
2748 2806 2943 2865 beatus
2997 2809 3093 2877 qui
3138 2808 3409 2863 retribuet

1832 2897 1932 2952 tibi
1963 2896 2388 2953 retributionem
2420 2906 2597 2966 tuam,
2649 2914 2812 2969 quam
2860 2910 2917 2954 tu
2965 2901 3272 2958 retribuisti
3313 2921 3410 2956 nn-

1757 3014 1803 3070 ο
1834 2989 1939 3046 bis.

1909 3085 2112 3139 Beatus
2152 3084 2250 3154 qui
2288 3082 2521 3152 tenebit,
2550 3091 2610 3141 et.
2640 3082 2833 3142 allidet
2873 3085 3134 3156 parvulos
3176 3094 3302 3141 tuos
3339 3090 3412 3143 ad

1839 3186 2048 3250 petram
2059 3218 2071 3233 .

1353 3347 1707 3411 PSALMUS
1747 3346 2115 3412 CXXXVII.

695 3453 758 3493 +
801 3454 895 3493 IPSI
935 3442 959 3507 ζ
993 3454 1172 3495 ωνιι).

231 3532 524 3600 oonﬁtebor
560 3531 698 3596 tibi,
755 3531 1000 3595 Domine,
1075 3533 1128 3584 in
1198 3541 1305 3587 toto
1359 3531 1514 3586 corde
1573 3544 1732 3584 meo:

176 3634 224 3673 -t-
254 3626 502 3690 quoniam
526 3624 729 3677 audisti
753 3624 909 3677 verba
940 3625 1047 3677 oris
1083 3625 1183 3677 mei
1210 3626 1232 3693 ζ

236 3729 290 3767 σξ-
328 3717 395 3770 Et
423 3717 444 3749 ³
498 3719 523 3786 ζ
565 3719 621 3769 in
657 3727 936 3787 conspectu
969 3716 1278 3788 angelorum
1310 3716 1538 3786 psallam
1579 3715 1672 3769 tibi
1706 3732 1727 3768 :

162 3796 384 3862 'adorabo
415 3810 490 3864 ad
527 3809 784 3879 templum
808 3818 1050 3864 sanctum
1075 3817 1301 3876 tuum,et
1330 3807 1616 3878 conﬁtebor
1644 3824 1738 3861 no—

178 3900 289 3951 mini
335 3910 446 3957 tuo.

235 4035 397 4089 ιιιαο
442 4037 757 4092 translatus
796 4048 881 4093 est
923 4037 1225 4093 versiculus
1257 4038 1450 4092 tertius
1486 4035 1734 4107 ejusdem

179 4108 376 4176 psalmi,
417 4111 516 4176 qui
573 4123 687 4160 non
733 4108 933 4176 legitur
982 4109 1035 4161 in
1076 4108 1325 4169 llebraio,
1361 4123 1461 4161 nec
1507 4104 1559 4159 in
1594 4104 1739 4159 LXX

177 4174 747 4231 Romanaeeditioiiis.
779 4174 965 4233 Exstat
993 4188 1171 4232 tamen
1201 4180 1254 4231 iii
1277 4176 1467 4232 Graeco
1500 4176 1735 4243 triplicis

177 4244 406 4318 Psalterii
448 4263 593 4318 nis._
628 4248 940 4318 sorboiiici,
991 4260 1155 4318 atque
1204 4249 1259 4301 in
1288 4248 1547 4302 omnibus
1594 4262 1727 4299 iiiss.

178 4316 362 4368 nostris
405 4315 647 4370 Latinis.
685 4316 865 4371 Mau'r.

235 4369 545 4440 —-Olielus
592 4369 796 4440 temere
821 4369 1217 4453 praetermissus
1267 4396 1350 4440 est
1400 4386 1452 4439 iii
1486 4383 1740 4438 Palatino
1776 4369 1819 4423 Β

180 4468 275 4505 ms.
328 4455 560 4510 Videsis
592 4471 757 4522 porro
783 4473 901 4524 qua:
940 4458 1007 4510 de
1059 4458 1297 4511 ascititio
1338 4458 1440 4511 hoc
1488 4470 1651 4509 versu
1679 4455 1745 4507 ad

178 4526 477 4591 oppositam
515 4528 831 4579 columnam
857 4527 1127 4580 dicemus.

236 4598 255 4625 ⁸
287 4594 586 4649 Immerito
612 4598 883 4662 ἐπίθετον,
917 4613 1129 4662 misera,
1155 4595 1435 4650 Palatinus
1458 4610 1559 4648 nis.
1589 4594 1750 4648 obelo

177 4675 461 4726 prienotat.

246 4731 266 4762 ³
291 4732 476 4803 Ipsam
517 4752 644 4789 cum
691 4736 851 4790 obelo
882 4745 933 4788 et
975 4738 1224 4806 copulam
1250 4734 1529 4789 Palatinus
1548 4749 1650 4788 ms.
1697 4746 1753 4789 et

174 4803 288 4857 Cari
316 4807 501 4859 editio
544 4808 993 4874 praetermittunt.

239 4874 259 4901 ’⁵
296 4874 633 4929 Postremus
659 4877 747 4929 liic
779 4891 987 4939 versus,
1013 4876 1104 4943 qui
1137 4890 1308 4943 purus
1335 4884 1610 4943 piitusque
1643 4886 1751 4929 ter-

178 4946 278 4998 tius
312 4954 396 4998 est
428 4946 607 5013 hujus
635 4947 857 5009 Psalmi,
892 4948 944 4997 in
977 4947 1333 5015 origiiialibus
1366 4947 1609 5013 ipsisque
1644 4946 1748 4998 La-

183 5017 303 5065 tinis
338 5016 834 5069 emeiidatioribiis
861 5016 1040 5078 libris,
1082 5029 1241 5083 atque
1275 5016 1409 5067 adeo
1452 5015 1746 5068 Vei'oiieiisi

181 5086 561 5137 desideratur.
620 5085 869 5138 Admittit
908 5100 1032 5137 eum
1084 5096 1265 5137 tamen
1312 5086 1645 5152 Augustinus
1698 5085 1752 5137 in

180 5155 659 5209 hiiarmtionibus
706 5172 721 5211 ;
778 5170 885 5208 non
910 5156 1039 5208 item
1072 5164 1146 5217 et,
1176 5171 1335 5223 quem
1376 5156 1537 5205 modo
1569 5155 1757 5207 lauda-

182 5238 265 5276 tus
297 5227 499 5277 Editur
566 5226 717 5289 citat,
772 5224 1155 5294 Hieronymus,
1211 5241 1373 5293 quem
1428 5234 1755 5294 nominest

179 5295 337 5363 l2ppis
384 5306 567 5363 atque
620 5296 949 5357 tonsoribus,
985 5293 1421 5349 Commentarios
1472 5295 1589 5346 illos
1619 5293 1753 5361 ψευ-

176 5369 570 5434 ιεπιγρὰ;ι;ου;
604 5406 617 5425 ,
673 5381 769 5420 seu
825 5365 1161 5419 Breviarium
1225 5365 1280 5417 iii
1337 5365 1599 5425 Psaltiios,
1649 5382 1754 5417 i-on

182 5437 507 5487 adornasse.

241 5504 265 5535 ⁸
297 5507 408 5559 Pro
441 5506 623 5559 titulo
666 5514 876 5558 tantum
920 5514 1002 5560 est
1044 5504 1097 5558 in
1149 5504 1447 5558 Veronensi
1485 5519 1609 5563 nis.,
1652 5502 1756 5569 Ipsi

182 5575 371 5629 David.
426 5576 491 5629 lu
535 5586 711 5635 textu,
763 5576 831 5629 ibi
874 5577 1127 5637 sedimus,
1161 5590 1259 5643 pro
1290 5575 1418 5637 illic,
1453 5590 1558 5627 etc.
1594 5572 1751 5632 'l‘uiii,

182 5646 450 5708 Quoniam
488 5645 570 5697 ibi
612 5650 1055 5715 interrogaverunt
1092 5660 1205 5710 nos,
1240 5654 1368 5709 etc.,
1400 5649 1547 5697 verba
1581 5646 1752 5695 eunti.

2469 3457 2572 3501 IPSI
2610 3456 2795 3501 DAYID.‘

1911 3531 2227 3589 Conﬂtebor
2254 3536 2374 3599 tibi,
2402 3536 2651 3599 Domine,
2675 3537 2731 3590 in
2761 3543 2877 3591 toto
2898 3536 3065 3592 corde
3084 3549 3206 3591 meo
3235 3550 3249 3591 :
3282 3550 3418 3603 quo.

1841 3625 1988 3677 niam
2019 3626 2292 3680 exaudisti
2323 3628 2507 3681 omnia
2545 3628 2707 3682 verba
2744 3630 2860 3685 oris
2908 3629 3036 3692 mei,
3067 3638 3123 3683 et
3167 3630 3222 3682 in
3277 3643 3414 3682 cor.-

1844 3725 2035 3784 spectu
2067 3716 2384 3783 angelorum
2417 3718 2641 3786 psallam
2680 3718 2845 3777 tibi".

1919 3805 2175 3863 Adorabo
2207 3806 2273 3860 ad
2301 3809 2563 3877 templum
2589 3817 2838 3866 sanctum
2867 3821 3019 3864 tuum
3050 3827 3065 3865 :
3098 3818 3154 3865 ct
3185 3809 3418 3864 conﬁte-

1843 3897 1947 3951 bor
1976 3897 2185 3951 nomini
2218 3907 2333 3963 tuo,
2368 3899 2622 3957 Domine.

1847 4049 2052 4107 corum,
2111 4035 2154 4086 A
2199 4037 2360 4107 tertio
2391 4046 2571 4091 autem
2622 4038 2690 4091 ab
2738 4039 2844 4093 hoc
2878 4055 3063 4107 versu,
3098 4044 3142 4094 si
3196 4044 3271 4095 tui
3318 4060 3422 4097 non

1848 4106 2156 4181 meminero.
2282 4123 2383 4181 non
2407 4120 2454 4158 te
2478 4124 2834 4178 prwposuero,
2863 4103 3180 4177 Jerusalem,
3201 4114 3253 4165 in
3274 4130 3422 4181 prm-

1851 4175 1990 4251 eipio
2034 4175 2385 4251 jocundjtntis
2436 4175 2619 4231 niew':
2677 4193 2844 4245 atque
2899 4182 3008 4234 alio
3070 4175 3419 4251 interposito,

1854 4243 2174 4319 Dicentium,
2201 4245 2491 4319 ane-uate,
2510 4243 2764 4302 evacuate
2784 4266 2942 4318 usque
2972 4256 3040 4301 ad
3073 4243 3424 4319 fundamenta

1851 4316 1908 4391 in
1936 4330 2019 4391 ea.
2054 4315 2099 4368 Ε
2132 4317 2332 4382 quibus
2362 4320 2619 4386 pleraque
2654 4324 2835 4371 omnia
2858 4315 2991 4372 'i-uni
3024 4315 3425 4391 Aiigustiniaiia

1856 4383 2089 4437 lectione
2116 4398 2436 4439 consumant.

1924 4454 1943 4484 ⁸
2133 4454 2432 4527 Yeronens.
2464 4456 2673 4523 infelix,
2721 4474 2817 4525 pro
2849 4460 3065 4524 misera,
3116 4470 3192 4526 et,
3247 4462 3425 4527 Quam

1853 4522 2167 4600 retribuisti,
2191 4540 2296 4575 non
2326 4522 2652 4600 interposito
2684 4522 2736 4579 tu
2763 4522 3087 4595 pronomine
3115 4552 3128 4586 :
3163 4522 3427 4600 denique,

1855 4590 2047 4645 Beatus
2082 4596 2167 4662 qui
2200 4595 2387 4672 tenebit
2430 4590 2664 4672 infantes
2696 4590 2908 4672 tuomet
2946 4600 3099 4654 elidet
3129 4618 3210 4655 eos
3240 4590 3431 4672 ad'pe:

1857 4672 1995 4715 train
2022 4679 2039 4716 :
2067 4680 2189 4715 cuni
2223 4666 2531 4732 Augustino
2560 4671 2671 4719 lere
2704 4671 3077 4723 continenter.

1929 4734 1947 4762 ⁷
1969 4733 2033 4807 _ln
2074 4733 2369 4807 veronciisi
2402 4751 2530 4807 nis.,
2565 4746 2620 4787 iit
2649 4753 2699 4789 ci
2731 4753 2896 4805 penes
2923 4742 3432 4807 Augiistiniiiii,Aii-

1856 4802 1979 4879 (ἐέδιί
2011 4803 2166 4855 verba
2202 4806 2309 4879 oris
2356 4806 2553 4879 meiuet
2584 4802 2763 4859 coram
2800 4802 3274 4879 angelis‘psallam
3303 4802 3427 4865 tibi.

1859 4870 2028 4926 Tacet
2064 4883 2118 4923 ct
2147 4876 2500 4940 subseqiicnti
2536 4892 2692 4928 versu
2730 4870 3001 4942 postr'cina
3031 4870 3131 4933 vox
3169 4884 3429 4936 Domine:

1857 4954 2020 5010 atque
2055 4942 2179 4994 itide
2202 4943 2421 5009 legitur,
2454 4943 2519 4996 In
2552 4948 2934 5009 misericordia,
2959 4965 3065 5001 non
3098 4953 3286 5005 addito
3316 4964 3431 5012 tua,

1859 5014 2004 5078 quod
2032 5024 2111 5063 est
2147 5024 2326 5065 tamen
2358 5016 2408 5066 in
2449 5014 2855 5083 Augustiniano
2885 5021 3173 5075 Psalterio.
3221 5022 3432 5076 Videsis

1861 5083 2250 5150 Hieronymum
2295 5087 2359 5135 ad
2393 5085 2538 5137 hunc
2574 5088 2829 5140 versiculi
2856 5088 3061 5154 locum,
3091 5092 3179 5146 iibi
3206 5092 3428 5149 dicitur,

1861 5154 2213 5224 magni/tensa
2268 5168 2424 5220 super
2474 5171 2589 5217 nos,
2646 5159 2698 5208 in
2750 5158 2915 5224 epist.
2960 5160 3028 5212 ad
3074 5161 3336 5214 Sunniam
3382 5169 3432 5211 cl

1863 5223 2156 5274 l"retelam.
2181 5224 2350 5299 lfoi'ro
2374 5224 2427 5276 in
2452 5228 2642 5299 eodem
2677 5223 2857 5299 manet
2879 5233 3020 5297 apud
3042 5232 3426 5299 Augustinum.

1862 5304 1962 5345 Cllt)
2016 5294 2211 5344 exaudi
2260 5310 2362 5357 me,
2403 5294 2773 5362 multiplicabis
2805 5314 2885 5350 ine
2915 5294 2981 5351 in
3014 5294 3192 5352 anima
3226 5316 3336 5351 mea
3376 5317 3429 5351 in

1862 5366 2070 5417 virtute.
2127 5364 2218 5415 Sic
2259 5367 2309 5415 iii
2345 5365 2737 5433 subsequentis
2775 5369 2902 5429 line.
2953 5369 3021 5421 In
3056 5372 3149 5422 viis
3193 5369 3428 5429 Domini.

1863 5436 2059 5506 proin
2114 5434 2333 5506 canticis
2382 5433 2648 5490 Domino:
2712 5448 2822 5491 tum
2868 5439 3101 5496 excelsa.
3155 5454 3251 5506 pro
3294 5440 3430 5492 alia.

1862 5503 2137 5571 Denique,
2177 5505 2430 5556 reti'i'bues
2480 5523 2574 5571 pro
2617 5524 2714 5569 nie,
2772 5508 3009 5573 Domine,
3066 5503 3432 5562 miSeriCorilia

1860 5582 1951 5624 tua
1984 5575 2037 5625 in
2069 5583 2326 5626 wternum
2356 5592 2372 5627 :
2400 5576 2617 5629 Domine
2649 5594 2831 5645 opera,
2865 5589 2967 5632 etc.
