3840 6176
217 386 298 451 401

261 495 307 552 Si
345 505 593 558 sumpsero
639 501 836 554 pennas
860 497 920 538 +
948 498 1090 535 meas
1125 482 1143 503 °
1195 480 1430 565 diluculo
1465 500 1484 536 .'
1519 496 1580 536 -:—-
1613 490 1662 537 et
1701 482 1724 550 ζ
1757 485 1806 544 Α

205 588 462 642 habitavere
491 581 546 633 in
583 576 836 632 extremis
868 575 1064 629 maris.

261 677 437 731 Etenim
477 671 604 725 illuc
639 684 831 723 manus
871 679 963 722 tua
1006 668 1222 722 deducet
1257 683 1334 721 tne
1369 684 1386 720 :
1443 675 1491 720 et
1535 669 1726 721 tenebit

201 782 264 820 me
286 765 474 817 dextera
501 769 618 812 tua.

259 855 312 909 Et
338 854 453 918 dixi,
501 850 758 906 Forsitan
813 853 1040 906 tenebrte
1077 856 1458 909 canculcabunt
1506 856 1636 908 me?
1683 867 1729 909 et

199 966 278 1005 nos
299 945 600 1001 illuminatio
631 960 748 998 mea
781 945 835 998 in
857 944 1062 999 deliciis
1089 948 1238 1001 meis.

254 1039 367 1103 Quia
397 1035 620 1089 tenebris
647 1051 753 1087 non
781 1035 1198 1090 obscurabuntur
1227 1055 1259 1091 a
1297 1046 1362 1103 te,
1393 1049 1440 1092 et
1471 1054 1574 1092 nox
1599 1041 1732 1091 sicut

201 1133 281 1182 dies
302 1126 678 1182 illutninabitur
706 1140 726 1185 ;
761 1126 898 1179 sicut
942 1127 1168 1181 tenebrat
1194 1129 1332 1198 ejus,
1370 1131 1448 1183 ita
1479 1141 1527 1183 et
1556 1130 1735 1182 lumen

201 1205 304 1290 ητις.

252 1314 369 1376 Quia
398 1322 450 1363 tu
497 1313 778 1380 possedisti
816 1325 962 1365 renes
1011 1327 1149 1365 meos
1179 1328 1197 1364 :
1250 1313 1526 1380 suscepisti
1568 1329 1646 1366 me
1672 1314 1735 1366 de

199 1414 313 1458 utero
341 1403 520 1456 matris
563 1419 714 1457 meae.

250 1496 524 1565 Conﬁtebor
558 1497 673 1560 tibi,
718 1497 842 1566 quia
871 1496 1184 1551 terribiliter
1221 1499 1594 1567 magniﬁcatus
1627 1517 1678 1553 es
1712 1519 1729 1555 :

199 1591 416 1645 mirabilia
445 1606 614 1660 opera
645 1599 762 1656 tua,
814 1600 862 1644 et
913 1592 1097 1644 anima
1139 1607 1252 1645 mea
1300 1594 1562 1661 cognoscit
1607 1592 1734 1664 [ηις.

195 1679 439 1753 cognoscet]
471 1682 663 1736 nimis.

249 1773 345 1826 Non
378 1781 450 1825 est
483 1772 816 1827 occultatum
865 1789 922 1826 os
956 1789 1128 1829 meum
1160 1791 1191 1826 a
1224 1786 1293 1835 te.
1346 1778 1484 1844 quod
1542 1778 1736 1844 fecisti,

198 1866 237 1915 in
259 1863 430 1917 occulto
464 1880 476 1916 :
511 1871 568 1916 et
602 1862 897 1916 substantia
942 1878 1082 1926 utea,
1113 1863 1168 1916 in
1188 1864 1530 1932 inferioribus
1561 1877 1736 1922 terrae.

253 2039 606 2112 imperfectum
632 2056 806 2094 meum
821 2041 1068 2095 uiderunt
1099 2040 1236 2093 oculi
1272 2043 1372 2102 tui,
1414 2053 1459 2096 et
1501 2045 1551 2096 in
1612 2045 1742 2100 libro

196 2145 264 2187 tuo
290 2150 448 2188 omnes
478 2134 782 2188 scribentur
815 2149 830 2190 :
863 2134 973 2186 dies
1011 2132 1399 2199 formabuntur,
1436 2151 1486 2188 et
1517 2120 1666 2190 nemo
1689 2140 1742 2192 in

196 2227 269 2280 eis.

251 2316 291 2368 li
300 2319 364 2370 ibi
377 2328 557 2371 autent
591 2317 746 2370 nimis
767 2317 1095 2384 honorificati
1119 2327 1238 2369 sunt
1258 2316 1418 2367 amici
1443 2317 1539 2383 tui,
1573 2316 1743 2371 Deus:

197 2409 320 2460 simis
349 2411 678 2479 confortatus
709 2420 784 2462 est
815 2411 1148 2479 principatus
1182 2423 1391 2463 eorum.

250 2500 593 2553 Dinumerabo
617 2517 702 2554 eos
733 2511 783 2553 et
833 2517 992 2570 super
1030 2517 1251 2554 arenam
1311 2499 1746 2568 multiplicabun-

193 2600 289 2641 tst:
315 2594 606 2653 exsurrexi,
628 2604 678 2645 et
713 2592 885 2645 adhuc
909 2609 1024 2646 sum
1053 2602 1243 2648 tecum.

245 2682 295 2735 Si
311 2685 584 2749 occideris,
622 2685 784 2748 Deus,
843 2695 1144 2754 peccatores
1177 2703 1197 2741 :
1247 2689 1349 2742 uiri
1389 2691 1738 2759 sanguinum,

190 2776 413 2831 declinata
437 2797 469 2832 a
505 2794 614 2833 me.
1002 2763 1006 2766 ’

245 2869 367 2934 Quia
395 2873 579 2925 dicitis
618 2875 674 2926 in
713 2872 1030 2942 cogitatione
1058 2888 1076 2925 :
1112 2871 1367 2940 accipient
1395 2873 1449 2925 in
1508 2875 1748 2927 uanitate

191 2963 398 3018 civitates
431 2976 573 3020 tuas.
1727 3017 1744 3025 ,

243 3055 412 3111 Nonne
439 3061 528 3129 qui
561 3062 787 3112 oderunt
823 3069 894 3126 te,
936 3058 1173 3124 Domine,
1216 3059 1474 3112 oderam?
1504 3068 1554 3112 et
1587 3076 1748 3129 super

189 3150 403 3204 inimicos
434 3165 551 3205 tuos
585 3151 957 3204 tabescebam?

247 3240 468 3311 Perfecto
493 3244 619 3298 odio
649 3243 865 3296 oderant
905 3242 1024 3296 illos
1049 3243 1105 3296 ¹ε
1143 3253 1190 3296 et
1226 3242 1423 3295 inimict
1455 3247 1584 3312 facti
1619 3254 1742 3298 sunt

189 3335 312 3388 mihi.

240 3428 400 3486 Proba
425 3449 528 3496 me,
561 3431 728 3490 Deus.
758 3440 805 3483 et
824 3431 952 3484 scito
985 3446 1074 3482 cor
1104 3444 1316 3483 meum:
1349 3431 1614 3501 interroga
1641 3447 1741 3496 me,

181 3532 220 3573 et
246 3539 482 3590 cognosce
504 3523 728 3577 semitas
761 3539 924 3577 meas.

242 3611 302 3665 Et
332 3617 445 3670 vide
484 3620 533 3670 si
568 3617 658 3669 uia
685 3615 986 3683 iniquitatis
1012 3615 1066 3668 in
1099 3630 1179 3668 me
1232 3622 1307 3668 est
1334 3631 1350 3669 :
1376 3624 1426 3668 et
1463 3614 1630 3670 deduc
1666 3632 1746 3670 nte

182 3706 228 3756 in
245 3708 320 3762 cia
359 3721 588 3763 (eterna.

1397 371 1629 434 LIBER
1669 367 1814 434 {PSA
1826 371 2034 430 LMOB
2047 370 2093 428 U
2108 372 2153 427 Μ
2171 416 2183 428 .

3307 362 3414 426 402

1909 482 1964 535 Si
1998 497 2288 550 sumpsero
2320 493 2526 549 pennas
2561 492 2708 531 meas
2739 487 2865 528 ante
2915 474 3090 528 lucent
3129 494 3140 527 :
3177 490 3232 529 et
3265 481 3414 531 ὶιειΙιὶ·

1835 583 2034 627 tavero
2073 573 2127 625 in
2159 581 2435 640 postremo
2471 571 2654 624 maris.

1913 664 2133 720 Etenim
2182 664 2312 717 illuc
2345 677 2540 716 manus
2572 672 2660 715 tua
2698 661 2936 718 deducet
2972 665 3102 718 tne?
3129 672 3186 717 et
3214 664 3421 716 tenebit

1835 756 1960 828 [ms.
1994 754 2334 824 contencbit]
2371 769 2456 809 me
2486 753 2707 808 dextera
2745 763 2853 808 tua.

1907 845 1974 900 Et
2008 846 2140 910 dixi,
2178 845 2430 899 Forsitan
2469 843 2714 898 tenebrae
2761 843 3170 898 conenlcabunt
3199 858 3285 896 me
3318 861 3330 897 :
3367 853 3421 894 et

1836 953 1946 994 nox
1992 938 2328 992 illuminatio
2365 951 2484 991 mea
2521 937 2575 989 in
2615 936 2826 990 deliciis
2855 937 3013 990 meis.

1910 1030 2048 1097 Quia
2079 1029 2321 1084 tenebrae
2347 1045 2452 1082 non
2489 1027 2941 1082 obscurabuntur
2964 1031 3059 1082 abs
3091 1038 3140 1082 te
3173 1046 3187 1081 ε
3222 1038 3276 1081 et
3317 1042 3420 1080 nox

1838 1123 1986 1179 sicut
2014 1122 2135 1176 dies
2170 1121 2600 1175 illuminabitur.

1912 1218 2069 1273 Sicut
2123 1216 2368 1270 tenebrae
2400 1215 2544 1284 ejus,
2572 1215 2646 1268 ita
2676 1224 2732 1267 et
2757 1214 2940 1266 lumen
2980 1213 3100 1282 ejtls
3133 1229 3148 1264 :
3183 1213 3309 1281 quia
3343 1220 3418 1274 tn,

1840 1310 2093 1375 Domine,
2125 1309 2416 1380 possedisti
2446 1324 2608 1362 renes
2635 1321 2788 1362 meos
2832 1316 2886 1360 et
2914 1305 3206 1374 suscepisti
3238 1321 3322 1358 tne
3354 1307 3420 1357 de

1842 1409 2002 1454 utero
2037 1400 2232 1453 matris
2259 1414 2416 1453 mete.

1910 1491 2227 1547 Conlitebor
2289 1491 2410 1554 tibi,
2466 1490 2722 1557 Domine,
2777 1491 3040 1559 quoniam
3103 1490 3423 1544 terribiliter

1842 1583 2170 1636 tnirilicatns
2201 1595 2262 1635 es
2293 1597 2306 1634 :
2344 1581 2480 1633 mira
2512 1596 2675 1650 opera
2721 1591 2838 1645 tua,
2869 1589 2926 1635 et
2962 1581 3145 1635 anima
3183 1597 3300 1634 tinea
3326 1596 3422 1633 no-

1845 1669 1921 1723 vit
1946 1669 2111 1723 nimis
2132 1669 2174 1722 ³.

1916 1760 2034 1828 Non
2075 1769 2158 1815 est
2185 1760 2524 1815 occultatum
2552 1775 2615 1815 os
2662 1773 2842 1815 meum
2871 1763 2966 1816 abs
3003 1770 3075 1824 te,
3110 1763 3255 1831 qttod
3295 1764 3426 1817 feci-

1847 1853 1940 1916 sti,
1981 1853 2036 1907 in
2069 1853 2290 1908 occulto
2328 1870 2341 1905 :
2375 1859 2431 1906 et
2464 1852 2770 1907 substantia
2804 1868 2944 1918 mea,
2980 1854 3034 1907 in
3070 1856 3424 1911 inferioribus

1845 1957 2029 2002 terrae.

1917 2037 2310 2106 Imperfectum
2370 2053 2550 2092 meum
2611 2037 2869 2092 viderunt
2909 2040 3056 2093 oculi
3111 2040 3186 2093 tui
3220 2057 3232 2092 :
3269 2050 3325 2094 et
3371 2043 3423 2094 in

1843 2130 1989 2186 libro
2023 2140 2118 2186 tuo
2148 2147 2341 2187 omnes
2382 2134 2719 2187 scribentur.

1920 2225 2049 2280 Dies
2075 2226 2481 2289 formabuntur,
2526 2237 2581 2280 et
2615 2243 2778 2280 nemo
2811 2229 2864 2280 in
2901 2227 2983 2282 eis
3015 2242 3032 2283 :
3062 2227 3192 2279 mihi
3241 2235 3423 2278 antem

1847 2317 2014 2372 nimis
2059 2316 2405 2372 honoriﬁcati
2460 2330 2592 2374 sunt
2645 2319 2806 2373 amici
2863 2319 2981 2384 tui,
3033 2319 3178 2374 Deus
3213 2335 3228 2372 ;
3264 2319 3427 2372 nimis

1847 2408 2191 2464 confortatus
2227 2421 2311 2465 est
2345 2411 2693 2480 principatus
2716 2427 2932 2465 eorum.

1921 2502 2301 2558 Dinumerabo
2331 2521 2447 2567 eos,
2510 2514 2566 2559 et
2596 2520 2764 2573 super
2817 2521 3039 2560 arenam
3096 2505 3429 2573 multiplica-

1850 2595 2059 2648 buntur
2089 2612 2106 2662 ;
2147 2598 2450 2658 resurrexi,
2479 2606 2535 2650 et
2570 2598 2752 2651 adhuc
2778 2608 2956 2653 tecum
2981 2612 3104 2652 sum
3135 2614 3152 2652 :
3181 2598 3226 2651 si
3280 2601 3426 2652 occi-

1851 2689 1968 2751 das,
2001 2686 2163 2752 Deus,
2201 2698 2542 2755 peccatores.
3354 2678 3362 2685 ’

1926 2779 2037 2834 Viri
2085 2770 2441 2849 sanguinein,
2482 2781 2755 2836 declinato
2786 2799 2816 2836 a
2857 2797 2966 2848 me,
2997 2782 3127 2851 quia
3157 2781 3341 2836 dicitis
3373 2783 3425 2836 in

1850 2871 2284 2941 cogitationibus
2311 2874 2506 2928 vestris
2535 2891 2550 2927 :
2585 2875 2857 2944 accipient
2881 2877 2936 2928 in
2967 2875 3206 2928 vanitate
3238 2876 3427 2930 civita-

1852 2977 1934 3020 lCS
1968 2981 2120 3019 suas.

1921 3057 2116 3113 Nonne
2147 3059 2240 3128 qui
2294 3069 2345 3113 te
2402 3061 2661 3124 oderunt,
2697 3061 2861 3122 Deus,
2893 3061 3116 3116 oderam
3181 3060 3343 3115 illos?
3377 3071 3432 3113 ct

1771 3175 1816 3237 ρ
1853 3165 2018 3220 super
2047 3152 2306 3208 inimicos
2341 3161 2464 3206 tuus
2489 3154 2878 3209 tabescebatn?

1924 3243 2175 3297 Perfecto
2203 3245 2331 3298 odio
2367 3247 2594 3298 oderant
2624 3246 2748 3301 illos
2776 3265 2789 3301 :
2815 3257 2872 3300 et
2912 3246 3036 3318 [ms.
3069 3254 3175 3302 tae.
3198 3245 3276 3318 et]
3329 3245 3431 3301 ini-

1853 3337 1978 3389 mici
2016 3337 2142 3392 iacti
2179 3351 2307 3392 sunt
2335 3339 2492 3393 mihi.

1925 3429 2098 3483 Proba
2157 3448 2268 3495 tne,
2331 3433 2475 3488 Dens
2530 3433 2649 3506 [ms.
2718 3435 2989 3506 Domine],
3035 3443 3090 3488 et
3148 3437 3290 3491 scito
3339 3451 3433 3490 cor

1855 3534 2037 3573 meum
2064 3521 2082 3552 ⁸
2124 3538 2138 3578 ς
2177 3523 2450 3593 interroga
2483 3542 2590 3589 me,
2621 3536 2676 3580 et
2703 3542 2972 3596 cognosce
3007 3530 3242 3582 semitas
3262 3543 3432 3582 meas.

1934 3613 2002 3667 Et
2039 3617 2160 3670 vide
2211 3616 2256 3670 si
2310 3616 2396 3670 via
2446 3617 2755 3686 iniquitatis
2787 3620 2841 3672 in
2879 3635 2966 3674 tne
2996 3629 3083 3673 est
3108 3638 3122 3675 :
3146 3630 3225 3673 et.
3257 3619 3435 3674 deduc

1857 3725 1944 3765 tne
1972 3709 2025 3762 in
2060 3709 2204 3762 viam
2232 3717 2493 3768 aeternam
2521 3706 2645 3780 [ms.
2676 3711 2764 3765 via
2794 3711 3048 3782 aeterna].

1447 3921 1793 3981 PSALMUS
1816 3920 2134 3981 CXXXIX.

577 4058 629 4094 IN
662 4057 818 4094 man
847 4045 864 4071 '
905 4056 1138 4096 PSALMUS
1174 4056 1352 4097 υΑνιι).

237 4155 389 4223 Eripe
425 4174 531 4220 me,
574 4157 816 4219 Domine,
846 4156 911 4210 ab
963 4157 1170 4210 homine
1210 4155 1352 4210 male
1384 4172 1400 4209 :
1439 4172 1469 4207 a
1504 4155 1616 4208 viro
1645 4153 1749 4207 ini—

171 4265 256 4315 quo
282 4251 424 4320 eripe
462 4265 576 4302 me.

167 4418 339 4460 ctum:
381 4415 433 4458 et
494 4407 790 4470 habitabo,
839 4409 924 4457 vet
961 4405 1290 4464 habitavere,
1353 4404 1407 4456 in
1463 4402 1746 4455 novissima

168 4477 338 4528 maris.
369 4476 436 4530 Et
465 4489 598 4545 post
630 4475 1016 4529 intermedium
1049 4488 1289 4545 versum,
1326 4470 1579 4545 lt'ortasse
1603 4483 1744 4545 tene-

168 4549 264 4597 bris
289 4522 684 4599 conculrcabunt
713 4561 814 4603 me.
871 4554 919 4596 et
971 4559 1073 4596 no.1:
1107 4522 1431 4596 ilttuni'natio
1463 4543 1515 4593 ιιι
1547 4543 1749 4594 deliciis
1785 4522 1828 4577 θ
1855 4558 1972 4594 sum
2008 4522 2175 4594 tecum
2211 4559 2224 4594 :

166 4618 305 4669 meis.
365 4617 652 4681 Quoniam
705 4615 932 4668 tenebrw
965 4631 1066 4666 non
1119 4613 1621 4675 obtenebrabutttur,
1666 4613 1750 4664 vel

167 4687 605 4745 tenebrabuntur.
646 4697 773 4747 ate,
805 4695 852 4737 et
883 4699 988 4736 nos:
1019 4695 1273 4749 tanquam
1323 4684 1452 4745 dies,
1495 4694 1604 4734 etc.
1650 4682 1750 4735 De-

164 4769 324 4819 mum,
359 4756 646 4821 Quoniam
678 4768 736 4809 tu
767 4755 1040 4822 possedisti
1081 4768 1225 4808 renes
1263 4753 1425 4812 ineas,
1480 4751 1700 4804 Domine
1732 4770 1745 4805 :

163 4831 427 4896 suscepisti
491 4843 582 4882 me
635 4845 666 4878 a
725 4836 903 4880 ventre
961 4826 1150 4893 (Aug.
1200 4839 1262 4876 ει
1307 4823 1500 4892 utero)
1559 4824 1749 4874 matris

165 4911 301 4949 nec.

228 4969 240 4996 '
281 4968 337 5026 in
377 4969 628 5025 Palatio.
663 4983 764 5019 tns.
798 4965 1008 5035 Defeeto
1047 4966 1165 5017 oslio
1189 4964 1404 5018 oderam
1442 4962 1564 5016 illos
1599 4977 1616 5013 :
1651 4963 1750 5014 iui-

165 5039 298 5100 mici,
328 5050 444 5094 etc.
499 5042 625 5108 ipsa
652 5053 760 5090 non
820 5038 1208 5108 interpositaet
1242 5036 1459 5108 repulit.

226 5112 244 5138 '
272 5111 328 5162 In
363 5103 629 5164 Palatino
664 5123 768 5163 ms.
792 5103 981 5161 verba
1019 5105 1082 5157 lu
1132 5105 1288 5171 finem
1339 5103 1744 5157 desiderantur.

224 5181 245 5209 ³
277 5181 403 5235 Ριπί
434 5194 722 5235 consensu
757 5179 919 5231 iidem
955 5176 1102 5237 libri,
1133 5174 1408 5228 blirabilia
1439 5188 1601 5242 opera
1629 5182 1746 5234 tua,

160 5260 204 5301 et
237 5256 424 5304 anima
468 5265 601 5302 utea
630 5249 894 5316 cognoscit
926 5244 1098 5299 valde.
1132 5245 1249 5316 Non
1275 5257 1348 5298 est
1382 5243 1748 5316 absconditum

158 5337 209 5373 os
235 5337 408 5375 nteant
459 5338 496 5372 a
528 5330 607 5382 te,
643 5312 783 5387 quod
808 5319 999 5388 fecisti,
1032 5319 1086 5369 in
1112 5315 1432 5388 abscondito,
1464 5323 1573 5388 etc.
1628 5312 1746 5366 Md:

157 5392 299 5445 solus
333 5385 711 5447 Veronensis.
746 5385 986 5442 viderunt
1014 5387 1302 5448 oculimei,
1337 5399 1434 5453 pro
1492 5385 1570 5435 tui
1626 5399 1749 5452 qua:

158 5479 285 5515 sane
320 5459 738 5516 dissimulanda
796 5461 996 5528 saepius
1051 5458 1272 5528 laudato
1320 5455 1520 5528 edituri
1555 5454 1749 5528 _|ectio

157 5549 259 5586 non
291 5545 439 5594 erat.
476 5531 696 5602 quippe
723 5544 845 5597 qua:
874 5523 984 5602 tam
1019 5526 1159 5580 adeo
1199 5523 1414 5578 caeteris
1439 5523 1600 5602 libris
1631 5538 1748 5602 ont-

156 5605 316 5656 nibus
356 5595 692 5664 contiaria,
740 5595 799 5652 ut
847 5601 940 5668 qui
995 5611 1115 5652 eam
1175 5609 1319 5648 unus
1348 5597 1546 5668 probat
1570 5595 1748 5668 codex

156 5671 746 5735 Ssu-Germattcnsis,
798 5664 1106 5737 prirtulerit
1157 5676 1339 5737 tamen
1384 5664 1748 5734 imperfectum

156 5753 318 5804 tuum,
356 5761 464 5812 pro
503 5755 736 5812 meum:
774 5736 1120 5812 abludatque
1141 5736 1278 5790 adeo
1308 5737 1526 5804 penitus
1548 5751 1742 5812 sensu.

159 5805 397 5883 Pergunt
433 5826 644 5882 porro,
679 5808 775 5865 l’cr
803 5811 941 5866 diem
971 5805 1250 5874 errabant,
1284 5816 1330 5860 et
1364 5821 1513 5861 nemo
1541 5805 1594 5859 in
1629 5807 1699 5860 eis
1723 5821 1744 5875 ηε

2024 4053 2075 4091 ιιι
2115 4053 2299 4102 manu,
2333 4052 2572 4091 PSALMUS
2601 4050 2759 4091 ωηο
2790 4034 2911 4107 [ms.
2939 4052 3034 4091 ll‘Sl
3061 4034 3267 4107 DM’ID].

1932 4150 2095 4219 Eripe
2149 4165 2256 4215 me,
2295 4151 2543 4218 Domine,
2591 4152 2660 4206 ab
2687 4150 2909 4206 homine
2965 4151 3108 4206 tnalo
3137 4153 3157 4183 '
3195 4167 3210 4206 :
3245 4168 3278 4205 a.
3319 4153 3436 4206 viro

1857 4245 2049 4314 iniquo
2078 4244 2250 4300 libera
2284 4259 2392 4299 tne.

1863 4402 1991 4454 milii
2021 4410 2198 4454 autem
2235 4400 2386 4453 valde
2415 4400 2754 4464 honoriﬁcati
2778 4411 2900 4454 sunt
2936 4404 3094 4456 amici
3125 4404 3222 4468 tui,
3251 4403 3388 4457 Deus
3422 4423 3434 4458 :

1857 4471 2012 4524 valde
2049 4471 2406 4539 confortatus,
2451 4483 2561 4525 etc.
2620 4471 2782 4532 Tum,
2819 4471 3133 4535 Exsurrexi,
3171 4485 3217 4525 et
3267 4477 3440 4528 act/mc

2282 4542 2328 4592 si
2365 4543 2639 4602 occideris,
2694 4542 2851 4603 Deus,
2904 4553 3010 4597 etc.
3061 4545 3143 4606 Et,
3175 4543 3437 4607 Quoniam

1857 4612 2036 4690 dicitis
2087 4615 2141 4663 in
2203 4613 2539 4690 cogitatione,
2598 4615 2852 4690 accipient
2903 4614 2956 4665 in
3006 4616 3309 4675 vanitatem,
3355 4631 3437 4690 vel

1872 4681 2147 4745 Vanitate,
2196 4684 2621 4752 civitatessuas.
2685 4682 2868 4736 Nonne
2924 4699 3010 4735 eos
3058 4687 3146 4752 qui
3191 4687 3414 4738 oderunt

1856 4752 1945 4805 vel
2005 4752 2237 4806 Oderunt
2300 4761 2383 4817 te,
2427 4751 2684 4815 Domine,
2743 4753 2862 4805 odio
2913 4746 3118 4819 Itabui,
3155 4767 3203 4808 et
3255 4746 3436 4846 super:

1854 4832 1960 4875 etc.

1926 4894 1945 4922 ⁸
1995 4894 2155 4948 Solus
2190 4892 2522 4947 Veronensis
2547 4910 2648 4946 ms.
2693 4891 2838 4946 Scito
2881 4910 2974 4946 cor
3004 4910 3199 4962 meum,
3252 4910 3434 4952 scruta

1858 4979 2006 5017 renes
2039 4981 2202 5026 meos,
2233 4973 2283 5016 et
2304 4965 2434 5016 scito
2459 4965 2674 5016 semitas
2705 4981 2866 5017 mens.

1915 5033 1936 5062 ⁵
1962 5036 2107 5087 Ideni
2138 5050 2241 5088 ms.
2279 5033 2464 5086 Libera
2493 5049 2594 5096 tne,
2634 5031 2870 5097 Domine,
2901 5047 3036 5102 ctc.,
3072 5050 3118 5091 et
3151 5042 3312 5092 aviro
3351 5043 3437 5094 in—

1846 5104 1996 5172 juste
2021 5120 2143 5156 erue
2170 5119 2270 5176 tne.
2302 5107 2406 5168 Qui
2439 5106 2796 5176 cogitaverunt
2815 5105 3134 5176 ittjttstitias,
3159 5123 3214 5162 et
3241 5113 3436 5165 consti-

1855 5177 2071 5228 tuebant
2109 5171 2267 5226 bella.
2311 5177 2577 5226 Acueruttt
2615 5171 3059 5243 linguam'suam,
3097 5171 3203 5233 etc.
3256 5181 3320 5234 Et
3349 5183 3431 5232 in-

1854 5248 2106 5311 sequenti
2153 5259 2343 5304 versu,
2399 5243 2662 5296 Conserva
2714 5261 2816 5307 me,
2857 5248 3100 5312 Domine,
3150 5249 3216 5301 de
3271 5266 3434 5302 manu

1853 5316 2164 5383 peccatoris,
2203 5314 2266 5365 ab
2300 5314 2598 5368 hominibus
2633 5314 2852 5383 injustis
2913 5319 3077 5372 libera
3129 5336 3230 5371 me.
3267 5319 3427 5382 Tum,

1853 5385 2239 5440 absconderunt
2267 5385 2478 5452 superbi
2527 5387 2882 5455 muscipulam
2921 5391 3068 5442 mihi.
3137 5387 3201 5440 Et
3269 5399 3430 5442 restes

1853 5457 2198 5511 extenderunt
2227 5459 2284 5510 its
2316 5455 2612 5527 muscipula
2637 5457 2856 5527 pedibus
2883 5460 3010 5511 meis
3044 5459 3186 5525 (qua:
3218 5468 3433 5526 postre-

1855 5543 1941 5582 ma
1971 5531 2078 5581 duo
2109 5530 2272 5582 verba
2298 5526 2574 5596 superﬂua
2604 5544 2748 5592 esse,
2790 5529 3337 5598 Hieronynmsppist.
3365 5528 3434 5582 ad

1853 5598 2121 5652 Sunniam
2153 5597 2334 5668 docet)
2371 5614 2384 5647 :
2417 5598 2579 5666 juxta
2631 5600 2881 5652 semitam-
2934 5597 3220 5668 scandala
3246 5615 3438 5668 posue-

1855 5680 1974 5720 runt
2030 5671 2157 5724 milii
2195 5682 2212 5719 :
2272 5667 2386 5723 fere
2426 5669 2753 5722 oontinenter
2785 5670 2852 5722 ad
2881 5667 3093 5721 verbum
3159 5688 3272 5724 cum
3320 5671 3434 5724 Au-

1854 5744 2078 5808 gustino.
2996 5744 3010 5757 ‘
