3840 6176
398 354 506 419 ωδ

1284 361 1341 418 S.
1389 356 1828 417 HIERONYMI
1879 355 2150 418 DlVlNA
2193 351 2721 413 BIBLIOTHECA.

3496 359 3582 424 illi

462 468 564 535 Qui
613 473 971 539 cogitaverunt
1018 471 1325 540 iniquitates
1377 472 1431 523 in
1489 473 1643 525 corde
1699 482 1853 525 :tota
1887 473 1968 524 die
1996 479 2044 537 Α
2143 468 2246 534 Qui
2282 468 2668 551 cogitaverunt
2722 460 2963 515 malitias
3021 461 3075 514 in
3134 463 3288 517 corde
3319 483 3329 516 :
3360 475 3461 522 tota
3511 471 3587 527 die

388 561 773 615 constituebant
803 562 1007 631 praelia.

457 635 723 707 Acuerunt
743 652 951 722 linguas
989 670 1112 705 suas
1147 657 1280 708 sicut
1308 656 1562 723 serpentis
1600 656 1614 685 ‘
1653 671 1672 708 .°

389 746 634 815 aspidum
658 745 753 798 sub
783 745 935 798 labiis
956 760 1157 800 eorum.
1185 762 1493 802 DI'APSALIIA.

457 838 673 892 Custodi
700 853 800 899 me,
847 836 1090 902 Domine,
1129 840 1193 892 de
1235 853 1395 914 manu
1454 840 1741 909 peccatoris
1772 851 1790 890 :
1818 847 1865 891 et
1897 836 1964 889 ab

390 930 681 984 hominibus
705 931 901 1001 iniquis
927 932 1075 1000 eripe
1106 946 1207 985 me.

463 1018 567 1084 Qui
590 1019 949 1088 cogitaverunt
1004 1022 1350 1090 supplantare
1381 1038 1590 1091 gressus
1659 1035 1795 1073 meos
1824 1033 1842 1071 :
1870 1018 1966 1072 ab-

386 1112 709 1164 sconderunt
746 1112 958 1178 superbi
993 1113 1241 1183 laqueum
1279 1115 1430 1167 milii.

458 1201 523 1254 Et
547 1203 698 1266 funes
729 1204 1073 1257 extenderunt
1105 1206 1157 1258 in
1195 1205 1439 1274 laqueum
1476 1223 1494 1260 :
1511 1206 1672 1274 juxta
1695 1206 1795 1259 iter
1812 1219 1966 1258 scan-

383 1294 566 1347 dalum
595 1306 877 1363 pasuerunt
919 1299 1062 1350 mihi.
1090 1313 1396 1352 nisi-satin.

458 1388 589 1440 Dixi
652 1388 899 1454 Domino,
959 1389 1102 1443 Deus
1155 1407 1296 1444 meus
1351 1407 1403 1444 es
1436 1400 1490 1443 tu
1522 1406 1539 1443 :
1576 1405 1633 1444 σιν
1667 1405 1731 1443 ex
1763 1390 1782 1456 ζ
1815 1390 1964 1453 audi,

387 1481 626 1542 Domine,
658 1497 831 1534 vocem
861 1481 1252 1550 deprecationis
1287 1499 1435 1543 meat.

475 1571 714 1634 Domine,
751 1572 990 1633 Domine.
1013 1575 1181 1628 uirtus
1211 1574 1401 1628 salutis
1446 1589 1576 1629 metu
1599 1591 1617 1629 :
1639 1571 1968 1628 obumbrasti

390 1676 448 1715 -εν
491 1678 651 1731 super
688 1662 711 1731 ζ
747 1675 900 1730 caput
930 1681 1104 1717 meum
1134 1666 1294 1718 indie
1323 1665 1470 1720 belli.

461 1751 536 1806 Ne
584 1754 767 1805 tradas
817 1769 918 1812 me,
990 1753 1233 1819 Domine,
1293 1769 1328 1806 ιι
1387 1753 1642 1807 desiderio
1680 1765 1741 1806 -ι-
1784 1756 1900 1804 me’o
1939 1749 1960 1817 ζ

1711 669 1966 707 venenum

2073 561 2481 619 constituebant
2507 558 2715 628 praelia.

2142 653 2428 706 Acuerunt
2453 649 2668 716 linguas
2693 661 2823 703 suas
2852 646 2995 703 sicut
3024 655 3332 716 serpentes:
3355 665 3591 710 venenum

2073 741 2324 812 aspidum
2360 741 2464 796 sub
2495 740 2659 795 labiis
2692 753 2909 795 eorum.
2935 737 3252 793 DIAPSALIIA.

2143 834 2370 890 Custodi
2404 848 2513 897 me,
2571 832 2822 893 Domine,
2885 831 2956 885 de
2993 845 3154 885 manu
3205 834 3485 900 peccatoris
3514 848 3597 892 εει

2070 927 2140 981 ab
2184 925 2499 980 hominibus
2532 923 2735 993 iniquis
2763 923 2933 977 libera
2968 935 3078 975 me.

2141 1017 2246 1084 Qui
2308 1016 2692 1084 cogitaverunt
2749 1014 3102 1082 supplantare
3153 1026 3370 1081 egressus
3415 1030 3597 1072 meos:

2070 1108 2481 1168 absconderunt
2520 1106 2744 1174 superbi
2771 1106 2994 1174 laqueos
3026 1105 3181 1160 mibi.

2141 1203 2209 1257 Et
2235 1201 2395 1256 funes
2417 1199 2785 1254 extenderunt
2815 1200 2866 1251 in
2890 1199 3145 1266 laqueum
3171 1199 3390 1268 pedibus
3415 1198 3600 1257 meis‘:

2065 1295 2219 1365 juxta
2256 1295 2359 1348 iter
2402 1291 2724 1362 scandalum
2775 1299 3081 1358 posuerunt
3125 1291 3286 1345 mihi.
3321 1292 3604 1346 DIM’SALIA.

2142 1387 2261 1443 Dixi
2292 1386 2546 1450 Domino,
2570 1385 2718 1439 Deus
2749 1399 2903 1439 meus
2932 1399 2993 1437 es
3026 1393 3081 1438 tu
3109 1400 3124 1437 :
3153 1385 3368 1450 exaudi,
3393 1386 3606 1449 Domine,

2070 1495 2263 1534 vocem
2303 1477 2571 1534 orationis
2596 1492 2730 1533 mea:
2762 1477 2804 1532 ⁵.

2143 1573 2394 1636 Domine,
2428 1570 2681 1633 Domine,
2719 1570 2905 1626 virtus
2937 1572 3134 1626 salutis
3186 1585 3317 1626 mea:
3338 1589 3351 1626 :
3374 1570 3610 1625 obumbra

2072 1670 2238 1731 caput
2264 1676 2448 1716 meum
2479 1661 2533 1715 in
2560 1661 2651 1716 die
2676 1660 2831 1715 belli.

2142 1753 2221 1809 Ne
2255 1754 2442 1808 tradas
2470 1768 2557 1808 me
2589 1769 2618 1806 a
2664 1751 2946 1808 desiderio
2987 1767 3113 1808 meo
3157 1754 3425 1822 peccaturi
3455 1753 3614 1820 προεὶ-

389 1847 650 1912 peccotori
678 1846 696 1874 ³
725 1858 743 1896 :
779 1845 1133 1913 cogitaverunt
1162 1853 1347 1897 contra
1391 1848 1498 1911 me,
1527 1857 1591 1897 ne
1627 1843 1965 1911 derelinquas

2117 1847 2621 1903 iveruntadversus
2649 1859 2741 1901 me
2770 1861 2785 1902 :
2817 1861 2886 1901 ne
2920 1845 3280 1915 derelinquas
3304 1860 3405 1909 me,
3434 1859 3497 1898 ne
3533 1859 3618 1896 un-

392 1952 492 1997 τηε,
526 1951 589 1988 ne
627 1937 760 2004 forte
786 1934 1104 1990 exaltentur.
1135 1951 1439 1991 DIAPSALMA.

468 2030 643 2096 Caput
672 2030 924 2082 circuitus
975 2046 1163 2083 eorum
1187 2047 1206 2084 :
1238 2031 1390 2083 labor
1430 2028 1701 2083 {abierunt
1729 2029 1972 2093 ipsorum

392 2125 590 2190 operiet
627 2137 738 2176 eos.

459 2210 660 2265 Cadent
691 2229 853 2281 super
874 2229 960 2267 eos
985 2213 1260 2277 carbones,
1310 2215 1366 2268 in
1391 2216 1572 2281 ignem
1603 2212 1818 2278 dejicies
1848 2227 1934 2265 eos
1959 2227 1975 2264 :

413 2323 445 2358 η
475 2283 699 2359 mise'riis
729 2321 834 2360 non
867 2306 1176 2361 subsistent.

483 2395 569 2448 Vir
599 2396 872 2467 linguosus
896 2414 1000 2452 non
1033 2398 1292 2468 dirigetur
1322 2398 1374 2450 in
1400 2405 1542 2450 terra
1575 2410 1593 2450 :
1623 2395 1797 2448 virum
1828 2395 1976 2464 inju—

403 2501 546 2543 stam
581 2493 730 2545 maia
759 2493 964 2560 capient
989 2493 1042 2546 in
1073 2493 1312 2545 interitu.

469 2585 700 2651 (.‘ognooi
743 2590 868 2654 quia
928 2587 1088 2652 faciet
1145 2585 1398 2638 Dominus
1453 2583 1717 2652 judicium
1769 2580 1980 2648 inopis:

397 2695 442 2731 os
504 2689 552 2732 et
581 2679 602 2708 ⁸
643 2680 977 2748 ζυὶηάὶσῑαηι
999 2695 1312 2748 pauperum.

475 2770 848 2826 Verutntauten
910 2773 1044 2844 justi
1117 2772 1514 2840 conﬁtebuntur
1586 2772 1783 2824 nomini
1841 2777 1976 2822 tuo:

396 2877 454 2914 -ξι
498 2871 546 2915 et
579 2863 602 2930 ζ
633 2863 953 2916 habitabunt
975 2863 1104 2916 recti
1138 2879 1255 2917 cum
1291 2864 1432 2916 uultu
1470 2871 1589 2913 tuo.

2081 1956 2246 2012 quam
2272 1941 2604 1996 exaltentur.
2636 1941 2961 1996 Drusum.

2144 2033 2326 2101 Caput
2381 2031 2649 2086 circuitus
2686 2045 2882 2084 eorum
2923 2030 3050 2102 luis.
3080 2025 3354 2098 illorum],
3390 2025 3530 2080 labor
3555 2023 3620 2077 la-

2073 2125 2292 2180 biorum
2329 2124 2578 2193 ipsorum
2613 2124 2896 2193 cooperiat
2921 2137 3047 2178 eos.

2149 2215 2366 2270 Cadent
2405 2230 2572 2284 super
2593 2229 2690 2268 eos
2720 2212 2993 2267 carbones
3034 2212 3199 2282 ignis,
3236 2211 3290 2265 in
3325 2210 3494 2280 ignem
3540 2206 3623 2260 de-

2067 2305 2233 2376 jicies
2263 2319 2360 2374 eos
2385 2321 2402 2363 :
2439 2304 2494 2356 in
2531 2302 2771 2357 miseriis
2796 2316 2905 2356 non
2935 2301 3268 2356 subsistant.

2147 2397 2241 2450 Vir
2276 2395 2565 2464 linguosus
2617 2409 2726 2447 non
2781 2393 3058 2462 dirigetur
3083 2407 3255 2460 super
3303 2401 3489 2445 terram
3519 2405 3535 2441 ε

2079 2502 2201 2541 rum
2230 2487 2494 2555 injustam
2531 2485 2667 2538 mala
2699 2487 2919 2554 capient
2953 2485 3009 2538 in
3035 2484 3296 2539 interitu.

2149 2579 2391 2640 Cognovi
2417 2581 2677 2648 quoniam
2711 2577 2874 2631 faciet
2921 2576 3197 2630 Dominus
3235 2575 3494 2645 judicium
3523 2572 3629 2625 ino-

2080 2687 2209 2742 pum
2247 2688 2260 2723 :
2294 2681 2350 2725 et
2379 2671 2678 2724 vindictam
2713 2684 3045 2738 pauperum.

2158 2766 2548 2820 Verumtamen
2572 2766 2704 2834 justi
2737 2765 3162 2820 conﬁtebuntur
3195 2763 3403 2818 nomini
3434 2771 3519 2816 tuo
3545 2777 3557 2815 :
3583 2767 3630 2810 et

2082 2859 2414 2914 habitabant
2449 2859 2585 2911 recti
2621 2872 2747 2910 cum
2784 2856 2934 2911 vultu
2962 2866 3084 2910 tuo.

1735 3021 2088 3082 PSALMUS
2143 3021 2303 3082 XIX.

927 3154 1160 3193 PSALIUS
1212 3155 1389 3194 DAVID.

472 3253 711 3318 Domine,
735 3251 961 3305 clamavi
987 3254 1057 3305 ad
1087 3261 1154 3314 te,
1180 3254 1374 3306 exaudi
1427 3269 1506 3305 me
1543 3268 1562 3305 :
1600 3252 1811 3305 intende
1863 3255 1974 3306 voci

401 3361 527 3399 mea:
557 3361 675 3398 cum
698 3345 992 3398 clantattero
1018 3345 1087 3397 ad
1118 3353 1185 3396 te.

473 3527 753 3595 Dirigatur
773 3527 946 3579 oratio
964 3542 1082 3579 mea
1125 3527 1259 3580 sicut
1287 3531 1554 3581 incensum
1589 3528 1645 3580 in
1698 3536 1977 3598 conspectu

397 3631 484 3669 tuo
509 3633 526 3670 :
555 3615 781 3670 elevatio
809 3631 1068 3669 manuum
1099 3629 1336 3677 mearum
1391 3617 1717 3684 sacri/icium
1765 3633 1973 3685 vesper-

400 3720 592 3760 ιιηαηι.

480 3887 644 3956 Pone,
678 3888 918 3953 Domine,
953 3890 1246 3944 custodiant
1272 3891 1350 3942 ori
1381 3907 1493 3944 meo
1529 3907 1545 3945 :
1574 3897 1653 3945 -:—"
1675 3891 1764 3960 et:
1787 3891 1980 3945 ostium

403 3982 817 4036 circumstantia:
867 3982 1018 4034 labiis
1050 3983 1199 4034 meis.

476 4072 595 4126 Non
642 4072 868 4125 declines
891 4087 980 4124 cor
1017 4073 1262 4124 meum'in
1318 4073 1471 4126 verba
1502 4074 1722 4127 malitia:
1751 4092 1767 4128 :
1798 4075 1868 4128 ad
1893 4090 1983 4127 ex-

399 4167 661 4220 cusandas
689 4165 1047 4218 excusationes
1063 4165 1118 4216 in
1148 4165 1392 4228 peccatis.

479 4387 795 4439 ‘ldcmtns.
855 4395 1119 4452 serpentes
1183 4383 1420 4447 plurium
1461 4401 1712 4440 numero.
1769 4387 1980 4445 Retinet

405 4474 567 4523 porro
609 4455 752 4521 quod
780 4456 1128 4508 subnectitur
1164 4455 1504 4522 Diapsalma,
1557 4467 1609 4506 et
1663 4474 1784 4524 qttze
1837 4459 1977 4515 infra

402 4504 532 4579 sunt
559 4504 764 4594 reliqua
795 4527 924 4577 duo.
951 4525 1120 4579 Tacet
1152 4535 1206 4578 et
1253 4504 1566 4594 iitsequenti
1595 4504 1752 4581 versu
1787 4538 1835 4579 et
1887 4504 1984 4585 eo;
2016 4504 2060 4556 θ

404 4600 612 4670 νιιΙΞι-ιιι)
639 4610 965 4670 qttunrsane
995 4605 1232 4670 praestat
1250 4611 1588 4670 expungere.
1643 4614 1766 4651 Clllll
1811 4614 1991 4670 neque

404 4670 458 4720 in
498 4665 728 4720 Hebraeo
777 4665 869 4725 sit,
908 4679 1082 4732 neque
1113 4665 1165 4716 in
1195 4665 1385 4718 Grteco
1416 4667 1532 4734 ipso
1554 4679 1723 4720 testu.

478 4741 498 4769 ⁸
537 4737 634 4789 llic
665 4746 846 4788 autem
872 4735 940 4785 de
965 4749 1065 4786 suo
1103 4734 1256 4787 addit
1285 4734 1428 4786 idem
1469 4753 1571 4790 IIIS.
1651 4737 1984 4803 Diapsalma.

391 4807 578 4860 Ῥοτιύ
601 4805 752 4878 legit,
786 4804 906 4857 Non
939 4807 1142 4867 tradas,
1183 4805 1420 4868 Domine,
1446 4807 1702 4858 desiderio
1733 4825 1845 4860 meo
1874 4827 1990 4878 pec-

403 4878 576 4930 catori
602 4893 618 4928 :
646 4877 823 4928 minus
849 4883 1018 4928 recte.

479 4947 499 4977 ³
529 4946 710 5000 Minus
746 4957 892 4998 recte
934 4944 1214 5010 Palatinus
1246 4961 1351 5000 ms.
1400 4947 1544 5001 obeli
1605 4956 1790 5001 notam
1845 4950 1987 5007 lianc

405 5018 672 5086 praeterit.
708 5017 1033 5070 Rectissime
1055 5027 1235 5069 autem
1262 5016 1616 5086 subsequenti
1651 5034 1806 5072 versu
1833 5035 1986 5073 eam-

405 5094 529 5141 tlem
565 5090 812 5140 voculant
865 5097 912 5138 et
942 5089 1101 5156 plane
1153 5088 1377 5146 omittit.
1411 5089 1565 5157 juxta
1603 5087 1663 5140 S.
1703 5088 1985 5154 ipsiusmet

404 5159 659 5212 Doctoris
691 5159 1001 5222 tuentem,in
1032 5157 1194 5226 epist.
1233 5160 1302 5210 ad
1329 5158 1591 5212 Sunniant
1610 5167 1658 5211 et
1680 5157 1978 5214 Fretelam:

410 5248 430 5279 ι
474 5231 528 5281 in
559 5227 751 5282 Graico
805 5228 1077 5298 reperisse
1118 5243 1216 5282 vos
1256 5230 1461 5288 dicitis.
1537 5239 1585 5282 et
1647 5229 1980 5285 habitabant.

406 5298 514 5353 Sed
545 5299 635 5352 hic
669 5307 718 5350 et
755 5299 1072 5368 ρυιιμιιιοιὶο
1102 5301 1377 5366 superﬂua
1417 5312 1522 5354 est.
1563 5320 1579 5349 ι

477 5374 497 5401 ³
527 5369 650 5423 llzec
676 5370 869 5432 verba,
897 5370 1118 5440 pedibus
1147 5371 1294 5432 meis,
1329 5371 1432 5424 lioc
1466 5375 1519 5422 in
1554 5370 1672 5424 loco
1699 5370 1978 5440 superﬂua

406 5457 526 5495 esse
556 5443 719 5495 docet
750 5452 976 5494 sanctus
1006 5439 1396 5507 Hieronymus.
1431 5441 1611 5493 MART.

479 5513 499 5541 ⁵
535 5513 739 5564 lterum
769 5527 894 5563 cum
928 5514 1232 5578 Augustino
1273 5509 1414 5562 idem
1481 5513 1641 5571 liber,
1683 5511 1832 5567 Dixi.
1876 5510 1981 5564 Do-

407 5583 564 5644 mine,
602 5581 898 5634 Deusmens
930 5583 1082 5640 esito,
1117 5581 1330 5632 auribus
1359 5582 1584 5648 percipe,
1623 5581 1861 5644 Domine,
1896 5599 1982 5634 vo-

408 5667 518 5701 rem
541 5653 924 5718 deprecationis
952 5665 1098 5705 nicas.
1135 5649 1221 5708 Et,
1255 5652 1596 5703 Obumbrasti
1625 5667 1781 5718 super
1822 5665 1978 5720 caput

412 5735 585 5770 meum
617 5722 670 5771 in
692 5722 776 5772 die
806 5722 948 5775 belli.
996 5721 1072 5772 Ne
1096 5721 1279 5773 tradas
1309 5737 1408 5785 me,
1439 5722 1678 5780 Domine.
1715 5740 1744 5772 a
1776 5724 1978 5774 deside-

409 5791 490 5838 rio
523 5803 631 5840 meo
661 5794 881 5856 peccati.
942 5808 1039 5860 pro
1073 5792 1330 5845 neccatori
1360 5809 1375 5844 :
1406 5803 1480 5856 et,
1543 5810 1603 5847 ne
1637 5793 1773 5858 forte
1831 5793 1976 5847 exul-

2393 3151 2628 3192 psacnus
2652 3151 2811 3191 navm
2839 3135 2960 3208 ['ms.
3005 3133 3108 3191 ipsi
3152 3133 3360 3205 osvm].

2153 3249 2403 3312 Domine,
2462 3249 2692 3303 clamavi
2745 3252 2810 3305 ad
2875 3260 2948 3317 te,
3004 3251 3214 3305 exaudi
3280 3248 3642 3304 me:intende

2080 3340 2200 3394 voci
2253 3340 2523 3395 orationis
2559 3341 2678 3411 [nts.
2733 3343 3168 3414 deprecationis]
3207 3356 3369 3404 mete,
3395 3341 3516 3395 dum
3544 3340 3642 3392 cla-

2080 3443 2304 3487 mat/ero
2339 3435 2404 3488 ad
2443 3446 2514 3489 te.

2156 3523 2434 3594 Dirigatur
2462 3527 2640 3581 oratio
2671 3543 2788 3580 inea
2818 3528 2962 3582 sicut
3011 3527 3312 3584 incensum
3357 3526 3415 3580 in
3443 3535 3647 3590 conspe-

2079 3627 2170 3673 ctu
2217 3628 2332 3674 tuo.

2157 3709 2400 3762 Elevatio
2453 3723 2714 3761 manuum
2749 3722 3026 3774 mearum,
3067 3709 3411 3765 sacriﬁcium
3458 3717 3643 3772 vesper-

2085 3800 2279 3852 tinum.

2159 3891 2327 3957 Pone,
2357 3892 2618 3958 Domine,
2661 3891 2970 3946 custodiam
3021 3893 3110 3947 ori
3154 3907 3282 3948 meo
3317 3901 3418 3948 :et
3471 3886 3653 3943 ostium

2084 3985 2510 4038 circumstantia:
2540 3983 2702 4038 labiis
2735 3983 2871 4036 meis
2904 3984 2947 4036 '.

2158 4073 2228 4129 Ut
2264 4092 2372 4129 non
2415 4076 2664 4130 declines
2709 4090 2805 4128 cor
2833 4089 3016 4128 meum
3055 4075 3115 4131 in
3156 4077 3391 4131 verbum
3433 4076 3654 4130 malum.

2086 4167 2151 4220 ad
2174 4168 2515 4222 excusandas
2539 4167 2924 4222 excusationes
2953 4166 3009 4221 in
3037 4169 3320 4236 peccatis.

2086 4400 2278 4444 tentur.
2302 4389 2603 4454 Tnm,teget
2621 4405 2707 4443 eos
2726 4388 2983 4443 Decidant
3001 4405 3172 4458 super
3185 4407 3276 4445 eos
3289 4388 3663 4455 carbonestgnis

2089 4463 2304 4522 inﬁterra
2351 4469 2400 4512 et
2461 4459 2676 4528 dejicies
2722 4477 2830 4522 eos,
2863 4469 2997 4524 elc.,
3052 4471 3229 4530 atque
3280 4465 3460 4530 altero
3505 4471 3663 4530 versu,

2097 4532 2245 4585 Mala
2275 4529 2604 4583 venabantur
2643 4531 2697 4582 in
2721 4531 3012 4584 interitum.
3090 4529 3372 4599 Denique.
3436 4529 3664 4582 Bantinos

2096 4603 2252 4671 faciet
2277 4600 2544 4668 judicium
2571 4602 2786 4666 egentis,
2818 4610 2866 4653 et
2900 4616 3126 4671 causam
3183 4617 3475 4668 pauperum
3503 4612 3515 4650 .‘
3545 4605 3600 4649 ut
3622 4604 3666 4647 et

2095 4669 2148 4726 in
2184 4673 2290 4724 line
2323 4671 2718 4733 inhabitabant,
2749 4685 2847 4738 pro
2875 4669 3230 4725 habitabant.

2157 4743 2176 4771 ⁸
2204 4743 2260 4794 In
2298 4739 2601 4794 Veronensi
2645 4741 2933 4805 l’salterio,
2976 4742 3189 4795 ostium
3215 4741 3551 4795 continentia:
3581 4750 3668 4788 ατο

2086 4828 2152 4868 ca
2191 4813 2335 4864 labia
2371 4827 2507 4863 men.
2544 4809 2624 4862 Ne
2654 4810 2880 4863 declines
2912 4827 3004 4863 cor
3029 4828 3221 4864 tit-eum
3277 4817 3333 4866 in
3366 4816 3512 4866 verba
3567 4821 3664 4860 tua.

2092 4882 2236 4949 ligna
2261 4895 2280 4934 :
2325 4885 2487 4947 patilo
2524 4891 2666 4946 post.
2694 4880 2754 4934 et'
2773 4897 2872 4932 non
2902 4882 3232 4936 combinabo
3259 4899 3381 4936 cum
3405 4882 3572 4935 electis
3590 4890 3666 4927 eor

2091 4968 2231 5004 rum.
2261 4950 2577 5003 Emendabit
2625 4967 2706 5003 me
2763 4951 2941 5016 justus
2993 4953 3054 5004 in
3136 4953 3508 5008 misericordia
3563 4962 3582 5002 .‘
3630 4950 3670 5020 19'-

2091 5031 2278 5090 arguet
2340 5036 2444 5081 me,
2486 5028 2596 5072 etc.
2651 5020 2812 5073 Tum.
2884 5023 3168 5082 Quoniam
3212 5025 3392 5076 adhuc
3423 5031 3472 5075 et
3521 5026 3668 5070 0mm

2089 5108 2230 5154 mea,
2257 5100 2366 5143 etc.
2391 5090 2627 5159 absorpti
2658 5100 2778 5142 sunt
2805 5092 2962 5155 juxta
2989 5104 3212 5159 petram
3232 5094 3440 5159 judices
3479 5100 3668 5159 eorum.

2089 5163 2374 5213 audiuntur
2405 5156 2563 5212 verba
2598 5177 2733 5219 mea,
2781 5156 3034 5230 quoniam
3064 5156 3493 5226 prwvalueruns‘.
3544 5156 3674 5210 Sicut

2087 5231 2391 5300 grassitudo
2418 5239 2575 5300 terrm
2611 5232 2823 5298 dirupta
2871 5242 2948 5283 est
2970 5249 3141 5297 super
3167 5244 3396 5290 terram.
3455 5230 3672 5300 αἰθρίης

2085 5297 2208 5354 iunt
2246 5301 2397 5360 iuxta
2421 5299 2689 5366 infernum
2738 5297 2859 5354 ossa
2892 5313 3110 5356 nostra.
3183 5304 3459 5368 Quantam
3507 5297 3570 5350 ad
3613 5306 3672 5352 te.

2086 5384 2217 5435 etc.,
2251 5387 2314 5423 ne
2351 5381 2560 5422 avertas
2583 5376 2768 5424 anima
2793 5388 2910 5424 mea
2943 5373 3219 5439 (solemni
3254 5374 3430 5426 veteri
3458 5380 3673 5440 pronus;

2088 5434 2281 5505 tiatnli,
2323 5442 2437 5492 sive
2473 5442 2755 5494 scribendi
2809 5434 2981 5503 more,
3039 5458 3148 5510 pro
3197 5434 3670 5510 animam'meam)

2085 5512 2302 5564 Custodi
2335 5526 2470 5562 mea
2497 5513 2812 5576 tnnscipula,
2856 5507 3123 5579 quorum)
3157 5516 3351 5582 auom)
3413 5507 3678 5582 occulique-

2086 5592 2208 5633 runt
2241 5582 2394 5642 mihi,
2426 5582 2563 5632 etab
2594 5577 2874 5633 scandulis
2921 5577 3042 5644 quin
3099 5577 3408 5651 operantur
3443 5577 3676 5645 "tiquita-

2085 5662 2208 5704 tem.
2245 5651 2445 5704 Cadent
2469 5652 2522 5702 in
2559 5653 2818 5705 retiaculo
2852 5662 3167 5718 peccatores
3205 5699 3222 5708 -
3276 5651 3565 5722 singularis
3593 5656 3674 5710 ego

2083 5737 2221 5783 sum,
2252 5731 2417 5773 donec
2453 5731 2741 5776 transeam.
2804 5723 2932 5787 Quae
2990 5725 3276 5790 pleraque
3333 5723 3512 5777 omnia
3566 5728 3673 5770 culti

2083 5793 2408 5860 Augustino,
2437 5807 2610 5860 eoque
2630 5801 2832 5863 ser-pius
2868 5793 3030 5846 unico
3072 5795 3319 5849 l‘a‘ciun'.
