3840 6176
203 316 289 380 £05
1425 316 1658 376 LIBER
1727 319 2221 380 PSALMORUM.

3345 317 3448 381 406

264 426 386 480 Cum
417 427 716 480 hontinibus
743 426 1086 496 operantibus
1125 427 1458 492 iniquitatem
1491 446 1509 483 .'
1549 439 1598 483 et
1652 444 1756 482 non
1790 440 1834 492 Α
1935 429 2073 485 Cum
2138 427 2461 484 hominibus
2517 425 2878 496 operantibus
2939 424 3289 494 iniquitatem
3327 443 3343 486 :
3388 441 3446 484 et

203 519 568 573 communicabo
590 535 705 572 cum
731 519 909 574 electis
934 535 1116 573 eorum
1149 523 1189 550 "

265 608 513 678 Corripiet
545 627 626 664 me
648 612 825 679 justus
853 613 904 664 in
939 612 1344 668 misericordia:
1370 624 1419 667 et
1472 615 1766 678 increpabit

207 717 272 755 me
297 717 314 754 :
336 699 505 754 oleum
535 715 602 756 -ι-
634 703 854 771 autem:
887 705 1178 771 peccatoris
1207 723 1310 760 non
1346 708 1635 776 impinguet
1671 724 1766 760 ca»

209 804 283 865 put
305 809 498 848 meum.
680 805 704 830 '

267 887 522 951 Quoniam
565 887 737 940 adhuc
774 896 823 940 et
850 890 1021 941 oratio
1050 905 1162 942 mea
1218 890 1273 942 in
1300 889 1645 959 beneplacitis
1683 909 1770 946 eo-

151 1030 160 1050 ,
208 979 592 1043 rummbsorpti
616 987 738 1032 sunt
778 979 953 1048 juncti
983 981 1380 1051 petrtejudices
1408 999 1616 1038 eorum.

151 1067 162 1076 ’
257 1070 657 1124 Audierit-verba
693 1086 835 1135 mea,
895 1074 1148 1139 quoniam
1210 1084 1493 1139 potuerunt
1556 1092 1575 1131 :
1631 1085 1766 1134 sicut

201 1165 473 1217 crassitudo
511 1174 667 1220 terra:
695 1175 882 1232 erupta
919 1178 991 1218 est
1024 1181 1187 1234 super
1219 1175 1444 1220 terram.

257 1255 515 1325 Dissipaca
537 1267 656 1308 sunt
686 1272 809 1310 ossa
831 1270 1012 1310 nostra
1034 1273 1178 1311 secus
1205 1259 1466 1327 injernum
1499 1275 1518 1314 :
1539 1261 1666 1329 quia
1693 1264 1764 1316 ad

202 1359 259 1409 te,
285 1347 525 1410 Domine,
557 1348 804 1407 Domine,
848 1349 988 1400 oculi
1027 1349 1128 1400 mei
1166 1364 1185 1401 :
1211 1350 1264 1402 in
1294 1357 1344 1402 te
1379 1352 1609 1417 speravi,
1661 1368 1766 1404 non

205 1438 390 1508 ceteras
421 1442 661 1490 animam
689 1455 877 1492 meam.

248 1529 450 1583 Custodi
474 1529 831 1600 naeataqueo
875 1546 1027 1598 quem
1079 1539 1383 1584 statuerunt
1418 1533 1544 1585 mihi
1582 1548 1599 1586 :

202 1618 440 1682 scandatis
468 1622 808 1685 operantium
827 1620 1190 1683 ittt'qttitaitem.

257 1713 446 1767 Cadent
486 1717 543 1766 in
592 1714 853 1767 retiaculo
894 1715 1008 1782 ejus
1036 1724 1334 1782 peccatores
1381 1733 1399 1770 :
1425 1717 1768 1787 singulariter

201 1821 295 1857 sm
326 1821 416 1875 ego
443 1807 608 1860 donec
640 1817 940 1866 transeam.

1654 1542 1764 1585 eta

1877 539 1984 576 non
2019 520 2380 576 combinabor
2409 534 2535 574 cum
2559 517 2751 572 electis
2774 531 2968 572 eorum

1946 613 2222 683 Corripiet
2250 626 2338 666 me
2358 611 2541 678 justus
2593 609 2645 662 in
2681 608 3080 674 misericordia,
3113 617 3169 663 et
3201 610 3449 676 inerepa-

1876 707 1956 760 bit
1993 720 2080 758 me
2114 721 2127 757 :
2161 704 2345 758 oleum
2379 711 2563 755 autem
2618 700 2924 768 peccatoris
2973 713 3083 752 non
3145 699 3450 768 impinguet

1875 810 2040 868 caput
2068 812 2270 852 meum.

1947 892 2220 958 Quoniam
2260 890 2440 945 adhuc
2483 890 2664 944 oratio
2713 899 2834 940 mea
2876 884 2930 938 in
2972 882 3333 949 beneplaeitis
3366 897 3459 935 eo-

1875 997 1995 1035 rum
2053 998 2067 1034 :
2131 979 2381 1050 absorpti
2450 987 2577 1034 sunt
2655 974 2965 1032 continuati
3026 982 3195 1038 petrae
3244 971 3459 1040 judiees

1874 1087 2090 1138 eorum,
2119 1071 2342 1132 audient
2366 1071 2532 1127 verba
2570 1085 2714 1129 mea.
2742 1067 3000 1138 quoniam
3030 1072 3349 1136 potuerunt.

1948 1164 2104 1217 Sicut
2165 1162 2482 1217 crassitudo
2539 1169 2701 1215 terra:
2733 1164 2952 1214 eructat
3002 1168 3168 1223 super
3210 1162 3457 1207 terram:

1875 1255 2141 1324 dissipata
2169 1263 2437 1310 suntossa
2470 1262 2662 1308 nostra
2691 1265 2852 1306 secus
2874 1250 3174 1304 internum.

1949 1349 2084 1413 Quia
2139 1349 2204 1401 ad
2241 1359 2315 1414 te,
2352 1347 2604 1411 Domine,
2659 1344 2912 1408 Domine,
2947 1340 3093 1396 oculi
3126 1340 3233 1394 mei
3272 1355 3286 1394 :
3319 1340 3370 1391 in
3409 1348 3460 1393 te

1875 1439 2114 1507 speravi,
2149 1454 2217 1493 ne
2242 1437 2462 1492 auferas
2501 1436 2740 1491 animam
2767 1447 2966 1487 meam.

1948 1529 2173 1582 Custodi
2210 1544 2295 1582 me
2324 1545 2351 1581 a
2380 1529 2578 1596 laqueo
2609 1540 2772 1594 quem
2824 1529 3140 1577 statuerunt
3191 1518 3323 1571 mibi
3359 1533 3372 1570 :
3407 1527 3462 1569 et

1877 1639 1905 1676 a
1949 1621 2230 1676 scandalis
2253 1619 2613 1690 aperantibus
2650 1617 3019 1688 iniquitatem.

1953 1712 2168 1768 Cadent
2202 1711 2258 1763 in
2296 1711 2623 1764 retiaculum
2655 1709 2776 1776 ejus
2825 1712 3190 1774 peccatores:
3223 1698 3462 1767 singula-

1801 1799 1841 1854 Β
1871 1810 2002 1863 riter
2034 1820 2155 1859 sum
2181 1819 2304 1873 ego,
2351 1804 2528 1857 donec
2553 1813 2854 1855 transeam.

1537 1969 1895 2032 PSAIAIUS
1937 1965 2138 2024 CXLI.

198 2097 530 2138 iii‘I’ELISCTUS
549 2100 729 2149 DAVID,
759 2101 864 2142 ουκ
921 2103 1086 2143 ESSET
1122 2103 1172 2143 IN
1229 2102 1522 2153 ερειυΝεΑ,
1555 2096 1774 2140 ORATIO.

263 2240 379 2295 Voce
407 2258 528 2295 mea
558 2242 628 2296 ad
660 2242 946 2297 Dominum
980 2245 1231 2308 clamavi,
1261 2261 1381 2298 uoce
1411 2258 1528 2296 mea
1555 2242 1624 2297 ad
1662 2239 1773 2294 Do-

201 2339 374 2390 minum
403 2336 723 2406 deprecatus
745 2355 885 2391 satu.

259 2514 479 2583 Eﬁ‘undo
499 2517 549 2568 in
582 2526 866 2586 conspectu
888 2518 1005 2585 ejus
1030 2519 1325 2572 orationem
1355 2533 1526 2572 meam
1553 2519 1572 2548 ’
1621 2533 1633 2568 :
1667 2519 1737 2570 tri
1749 2544 1770 2554 -

199 2601 493 2656 bulationem
523 2620 696 2658 meam
725 2615 846 2659 ante
869 2607 1037 2675 ipsum
1065 2610 1378 2674 pronuntio.

259 2695 310 2746 In
331 2695 627 2763 deﬁcientia
652 2713 718 2751 ea:
737 2714 820 2751 me
850 2700 1092 2767 spiritum
1124 2716 1299 2753 meum
1326 2717 1344 2760 :
1375 2711 1422 2755 et
1442 2710 1496 2754 tu
1519 2703 1764 2772 cognoui-

196 2787 252 2836 sti
301 2791 514 2842 semitas
581 2806 751 2844 meas.

252 2880 309 2932 In
342 2882 546 2951 eiaJiac
575 2900 682 2952 qua
712 2884 1052 2940 ambulabam
1077 2900 1098 2941 :
1123 2886 1509 2940 absconderant
1529 2885 1780 2956 laqueum

203 2972 335 3024 mihi.

259 3062 669 3120 Considerabam
697 3069 768 3120 ad
797 3066 1098 3134 dexteram,
1128 3077 1178 3124 et
1216 3069 1454 3123 uidebam
1483 3085 1502 3123 :
1531 3080 1582 3124 et
1616 3069 1638 3102 ³
1670 3087 1774 3125 non

197 3167 296 3209 erat
327 3160 417 3227 qui
448 3169 787 3230 cognosceret
817 3177 921 3214 me.

255 3247 413 3304 Periit
443 3251 570 3322 fuga
602 3268 637 3305 a
656 3267 735 3305 me
768 3266 790 3307 .'
819 3261 867 3305 et
900 3268 1004 3306 non
1034 3261 1111 3307 est
1141 3254 1232 3323 qui
1268 3255 1506 3323 requirat
1531 3255 1773 3308 animam

199 3359 382 3397 meam.

254 3434 500 3490 διαπιαυὶ
541 3437 612 3490 ad
667 3448 736 3500 te,
789 3437 1014 3491 Domine
1041 3453 1061 3491 :
1089 3437 1229 3502 dixi,
1282 3446 1341 3492 tu
1396 3454 1448 3492 es
1486 3454 1604 3509 spes
1638 3455 1778 3507 mea,

196 3530 354 3595 portib
375 3545 496 3582 mea
539 3531 596 3584 in
634 3541 778 3584 terra
803 3532 1110 3584 viventium.
1140 3534 1152 3594 ε

255 3618 486 3674 Intende
541 3622 970 3690 deprecationem
1030 3635 1250 3684 meam:
1283 3621 1409 3683 quia
1470 3623 1783 3678 humiliatus

196 3727 299 3764 sum
319 3714 506 3768 nimis.

259 3801 456 3860 Libera
497 3823 581 3861 me
617 3825 649 3861 a
699 3809 1125 3878 persequentibus
1165 3827 1244 3865 me
1276 3826 1294 3864 :
1329 3812 1455 3872 quia
1491 3809 1784 3878 confortati

198 3909 313 3951 sunt
359 3917 528 3970 super
564 3916 668 3954 me.

267 3988 418 4044 Educ
447 3993 516 4046 de
547 3993 788 4046 custodia
817 3995 1057 4047 animant
1081 4009 1278 4060 meam,
1333 3995 1401 4047 ad
1434 3993 1785 4063 confitendum

198 4096 256 4133 ne
265 4083 390 4136 mini
441 4094 534 4139 tuo

200 4173 338 4228 milii.

593 4101 611 4139 :
661 4103 742 4139 me
764 4095 1070 4156 exspectant
1101 4087 1259 4156 justi,
1293 4088 1458 4141 donec
1523 4086 1788 4140 retribuas

1880 2089 2243 2144 INTELLECTUS
2296 2091 2454 2129 DAVID
2512 2074 2632 2144 luis.
2666 2089 2760 2128 IPSI
2801 2071 3002 2142 nmo],
3053 2086 3159 2126 cun
3209 2081 3368 2126 essm
3415 2084 3463 2126 lN

2413 2159 2698 2205 SPELUNCA,
2723 2160 2931 2198 ORATIO.

1956 2239 2101 2296 Voce
2137 2247 2257 2294 mea
2291 2237 2416 2310 [ms.
2439 2252 2628 2292 vocem
2675 2237 2879 2306 meam]
2923 2235 2988 2289 ad
3037 2233 3328 2288 Dominum
3360 2233 3464 2286 cla-

1881 2333 2024 2386 mavi
2064 2348 2081 2391 ;
2113 2346 2248 2386 voce
2274 2346 2393 2383 mea
2451 2328 2519 2382 ad
2555 2329 2720 2381 Deum
2758 2328 2880 2399 [ηιε.
2921 2323 3236 2396 Dominum]
3266 2313 3464 2393 depre-

1876 2439 2033 2481 CiIIUS
2049 2441 2193 2480 sum.

1961 2520 2257 2574 ElIundam
2300 2523 2355 2576 in
2391 2532 2694 2589 conspectu
2736 2520 2860 2587 ejus
2892 2515 3196 2569 orationem
3231 2525 3407 2563 Ineatn
3445 2523 3459 2563 ς

1883 2625 1939 2666 et
1982 2610 2409 2668 tribulationem
2435 2628 2610 2667 meam
2648 2620 2775 2662 ante
2818 2610 2994 2676 ipsum
3032 2603 3384 2674 pronuntiem
3416 2599 3460 2650 ⁵.

1961 2705 2020 2759 In
2051 2706 2362 2760 deliciendo
2403 2706 2457 2760 in
2492 2718 2580 2758 me
2611 2703 2866 2772 spiritum
2926 2713 3108 2754 meum
3142 2712 3156 2750 :
3188 2705 3245 2750 et
3273 2703 3330 2747 tu
3366 2706 3461 2747 co-

1879 2796 2117 2867 gnovisti
2151 2797 2376 2852 semin
2399 2810 2571 2850 ineas.

1951 2890 2011 2942 ln
2051 2891 2136 2943 via
2172 2889 2274 2944 hac
2312 2906 2418 2957 qua
2456 2887 2806 2942 ambulabam
2853 2903 2868 2939 :
2903 2879 3314 2938 absconderant
3360 2892 3460 2933 su-

1879 2984 2035 3053 perbi
2059 2984 2288 3054 laqueos
2321 2983 2474 3037 mibi.

1952 3074 2389 3130 Considerabam
2435 3091 2464 3126 a
2519 3073 2752 3137 dextris,
2787 3080 2848 3127 et
2888 3067 3144 3125 videbam
3193 3079 3210 3122 :

1888 3177 2011 3220 erat
2041 3166 2135 3236 qui
2155 3175 2480 3236 agnosceret
2511 3181 2646 3229 mea

1956 3257 2126 3310 Periit
2157 3255 2282 3326 fuga
2309 3272 2339 3309 a
2367 3272 2453 3310 me
2492 3271 2504 3307 :
2541 3271 2654 3309 non
2689 3264 2776 3310 est
2806 3248 2914 3324 qui
2936 3250 3186 3323 requirat
3214 3247 3340 3322 [nun
3380 3246 3464 3302 in-

1881 3348 2091 3419 quirat]
2121 3350 2360 3402 animam
2391 3364 2589 3404 meam.

1942 3439 2187 3496 Clamavi
2219 3439 2285 3494 ad
2321 3450 2396 3504 te,
2431 3441 2700 3495 Domine:
2729 3439 2843 3494 dixi
2876 3456 2892 3494 :
2923 3437 3006 3493 Tu
3034 3451 3096 3492 es
3121 3449 3248 3504 spes
3288 3444 3409 3486 mea
3443 3443 3459 3484 :

1881 3532 2066 3603 portio
2093 3547 2215 3586 mea
2243 3532 2299 3585 in
2334 3542 2478 3586 terra
2517 3532 2848 3587 viventium.

1955 3622 2184 3676 Intende
2245 3622 2300 3676 in
2333 3621 2479 3693 ¹[ηδε.
2529 3620 2622 3692 ad]
2679 3621 2990 3675 orationem
3041 3631 3215 3670 meam
3261 3627 3277 3668 :

1887 3714 2012 3787 [ms.
2053 3715 2344 3786 quoniam]
2373 3716 2702 3771 humiliatus
2731 3730 2856 3770 sum
2891 3713 3074 3768 nimis.

1943 3809 2145 3862 Libera
2179 3824 2264 3862 me
2294 3824 2322 3861 a
2352 3808 2820 3879 persequentibus
2855 3821 2938 3860 me
2973 3821 2988 3858 :
3036 3804 3298 3874 quoniam
3332 3816 3467 3857 con-

1885 3903 2072 3958 lortati
2109 3913 2240 3958 sunt
2269 3919 2438 3973 super
2465 3919 2571 3958 me.
3059 3948 3064 3952 .

1958 3996 2106 4050 Educ
2134 3997 2202 4050 de
2234 4009 2457 4049 carcere
2489 3994 2728 4048 animam
2754 4007 2953 4055 meam,
2989 3992 3056 4046 ad
3087 3988 3464 4045 conﬁtendum

1883 4088 2098 4145 nomini
2133 4099 2248 4153 tuo,
2283 4088 2538 4143 Domine.

1955 4181 2036 4234 Me
2064 4190 2393 4250 exspectant
2415 4180 2574 4250 justi,
2607 4180 2787 4236 donec
2820 4177 3100 4234 retribuas
3133 4174 3288 4228 mibi.

3261 3072 3319 3119 et
3351 3076 3460 3118 non

3333 3613 3461 3685 quia

1531 4343 1657 4402 I’SA
1672 4341 1770 4400 LM
1785 4341 1880 4401 US
1921 4339 2154 4402 CXLII.

191 4472 422 4512 muns
483 4473 665 4520 unm,
722 4473 931 4521 quarum
990 4473 1439 4543 consequentum
1469 4475 1574 4513 sun
1620 4471 1792 4513 rist
1825 4489 1867 4543 υ
1900 4471 2138 4510 essurus
2170 4469 2332 4508 mmo
2386 4456 2513 4523 ints.
2554 4468 2654 4508 ll‘Sl
2704 4451 2884 4527 unm]
2923 4467 3128 4514 onmno
3165 4467 3270 4508 non
3298 4467 3468 4507 FILIUS

903 4544 1027 4584 esus
1057 4529 1098 4582 ⁵.

258 4619 517 4682 Domine,
549 4619 744 4672 exaudi
777 4620 1071 4674 orationem
1105 4636 1303 4685 meam,
1339 4622 1553 4674 auribus
1581 4621 1784 4688 percipe

192 4712 619 4765 obsecrationem
652 4727 846 4776 meam,
891 4713 946 4764 iu
1002 4713 1224 4766 ueritate
1285 4723 1375 4766 tua
1426 4729 1444 4766 :
1477 4715 1674 4766 exaudi
1707 4728 1785 4764 me

192 4808 242 4858 in
265 4815 362 4859 tua
390 4805 658 4874 justitia.

262 4939 278 4968 ³
314 4939 508 5006 Atque
571 4938 659 4992 hic
715 4939 782 4993 de
829 4953 931 4991 suo
995 4937 1226 4993 Palatin.
1285 4953 1384 4994 nus.
1435 4937 1587 4992 addit
1662 4935 1790 4990 Dia.

225 5008 424 5062 salma.
1228 5049 1237 5060 .

192 5026 675 5132 ΡιῗιῗίῗῬειδιὴιὶ
714 5096 817 5133 ms.
851 5079 1037 5140 ﬁdem,
1064 5049 1490 5147 astipulantibus
1514 5093 1640 5131 vero
1675 5075 1782 5130 Ile-

192 5149 336 5202 bmo
393 5147 704 5216 Graecoque
737 5152 1060 5217 ipso.textu,
1089 5159 1144 5202 et
1173 5151 1621 5217 coniunctionem
1658 5162 1781 5200 cum

191 5221 499 5294 praeposito
547 5219 648 5294 ipsi
679 5221 838 5275 obelo
872 5220 997 5294 hinc
1023 5220 1354 5271 amovimus.

263 5289 283 5319 ³
317 5290 480 5341 ιιεηιε
510 5289 732 5354 quidem
759 5303 805 5343 et
835 5291 1086 5358 copulam
1115 5304 1294 5341 nnnus
1321 5299 1491 5352 recte,
1515 5292 1640 5357 jure
1693 5303 1785 5339 au-

191 5369 300 5415 tem
337 5360 551 5412 nerito
583 5376 697 5411 eam
719 5376 839 5428 qua:
863 5364 1040 5413 altero
1058 5361 1125 5412 ab
1151 5360 1253 5413 hoc
1282 5358 1634 5412 lteinisticbio
1655 5361 1784 5411 sub-

189 5430 472 5498 sequitur,
503 5436 562 5480 et
592 5429 644 5482 in
671 5428 940 5484 IIebraico
969 5438 1120 5482 textu
1156 5444 1263 5481 non
1332 5437 1436 5492 est,
1507 5429 1786 5482 Palatinus

187 5515 292 5553 nis.
329 5501 507 5552 obeio
536 5509 818 5565 prauotat.

252 5569 274 5598 ⁵
299 5568 728 5638 Ρπιειιίιωδνηιε.
759 5570 904 5638 ﬁlius
929 5587 1076 5636 suus,
1101 5569 1190 5632 Et,
1228 5569 1446 5622 Domine
1476 5582 1537 5623 -ξ-
1569 5569 1660 5636 ωε
1693 5585 1788 5620 au-

193 5644 269 5703 di,
304 5648 454 5709 etc",
479 5637 702 5706 pnelixo
727 5637 793 5693 de
825 5656 974 5696 more
1005 5641 1374 5709 praepositioni
1409 5639 1590 5692 obelo.
1648 5639 1789 5709 Sub-

191 5707 651 5782 sequonti‘vers‘u
689 5707 1017 5782 rescriptum
1048 5707 1301 5779 sequiore
1348 5724 1532 5774 manu,
1563 5710 1614 5761 in
1641 5708 1788 5776 judi-

192 5778 286 5842 cio;
324 5778 742 5849 pt'ojudxium.

2349 4540 2407 4577 ευ
2419 4541 2480 4579 US
2522 4539 2994 4586 PERSEQUEBATUR.

1964 4613 2217 4677 Domine,
2256 4613 2458 4668 exaudi
2486 4613 2796 4666 orationem
2828 4627 3029 4674 meam,
3074 4611 3308 4665 auribus
3351 4625 3472 4679 per-

1892 4707 2014 4773 cipe
2041 4707 2478 4760 obsecrationem
2513 4720 2690 4759 meam
2714 4703 2757 4768 ⁸,
2783 4704 2836 4756 in
2861 4703 3093 4758 veritate
3117 4713 3207 4756 tua
3237 4721 3249 4756 :
3289 4717 3465 4757 exau~

1892 4799 1949 4852 di
1984 4815 2070 4853 me
2094 4799 2145 4851 in
2186 4809 2275 4851 tua
2310 4798 2544 4866 iustitia.

1965 4938 1986 4968 ⁸
2020 4938 2342 4991 PSulleriuni
2383 4938 2694 4991 Veronense
2720 4949 2734 4990 :
2763 4933 3052 5004 E/fundam
3073 4946 3194 4988 ante
3209 4951 3326 4988 eum
3350 4951 3464 5003 pre-

1894 5026 1999 5063 cem
2039 5023 2251 5061 meant:
2286 5007 2683 5060 tribulationem
2722 5022 2890 5058 nteant
2934 5007 2985 5057 in
3011 5016 3286 5065 conspectu
3335 5007 3464 5068 ejus,

1893 5081 2245 5131 tumuntiabo.
2283 5079 2421 5129 Ilum
2459 5078 2629 5145 deﬁcit
2674 5094 2705 5128 a
2741 5093 2819 5128 nte
2848 5077 3065 5144 spiritus
3094 5093 3258 5145 meus,
3311 5085 3359 5126 et
3396 5086 3464 5124 tu.

1889 5163 1998 5202 etc.
2039 5149 2200 5204 Tum.
2229 5144 2610 5199 absconderant
2632 5149 2760 5199 mihi
2790 5149 3167 5216 muscipulam.
3222 5144 3439 5198 Camiri.-

1892 5220 2078 5271 rubum
2108 5221 2161 5271 in
2188 5218 2486 5281 dexteram,
2523 5229 2568 5271 et
2600 5217 2838 5269 videbant
2867 5232 2884 5271 .'
2926 5228 2974 5268 et
3011 5235 3108 5270 non
3131 5227 3241 5268 erat
3271 5217 3354 5280 qui
3395 5229 3468 5260 me

1892 5301 2249 5355 cognosceret.
2291 5287 2656 5355 Subsequenti
2697 5301 2858 5340 versu
2910 5290 3114 5341 vocula:
3159 5295 3205 5338 et
3240 5291 3464 5355 nonest,

1891 5353 2099 5413 librarii
2163 5359 2457 5414 oscitantia
2479 5353 2820 5412 exciderunt.
2854 5356 3040 5412 Tertio
3070 5365 3248 5408 autem
3282 5369 3307 5401 υ
3341 5353 3467 5413 Ill").

1895 5427 2036 5480 Erue
2057 5447 2135 5480 me
2167 5448 2197 5482 a
2238 5430 2661 5498 persequentibus
2689 5442 2772 5481 me
2805 5466 2820 5491 ,
2870 5429 3119 5498 quoniam
3143 5423 3467 5498 corroborati

1891 5515 2032 5556 sunt.
2061 5511 2168 5554 etc.
2206 5492 2376 5564 Tum,
2401 5492 2464 5551 ἀι
2487 5500 2835 5567 confiteatur,
2853 5492 2951 5567 pro
2999 5497 3066 5546 ad
3095 5492 3467 5567 conﬁtendum.

1891 5574 1963 5623 Ac
1997 5571 2236 5633 demum,
2274 5586 2354 5622 me
2390 5565 2764 5638 exspectabunt
2806 5565 2963 5633 justi,
2996 5565 3345 5638 quoadusque
3386 5576 3472 5638 re—

1894 5642 2092 5691 tribuas
2118 5641 2262 5694 milii.
2294 5633 2580 5693 Maximam
2608 5653 2738 5691 sane
2773 5643 2979 5704 partem
3027 5636 3090 5687 ad
3119 5633 3476 5703 Augustinia-o

1894 5725 2020 5763 num
2040 5711 2334 5778 exemplar.

1969 5779 1987 5808 θ
2019 5779 2165 5834 idem
2199 5775 2298 5834 ins.
2343 5794 2543 5847 precem
2566 5792 2732 5831 meam
2766 5788 2856 5853 :.et
2888 5791 3033 5843 mox,
3067 5775 3335 5842 Quoniam
3371 5789 3438 5834 tto
3464 5807 3476 5814 --
