3840 6176
363 331 464 395 407

1276 324 1334 387 S.
1379 317 1822 380 HIERONYMI
1862 315 2135 377 DIVINA
2172 314 2708 376 BIBLIOTHECA.
2758 321 2764 328 ⁷
3473 312 3563 378 ωε

432 448 501 502 Et
549 462 655 502 non
687 447 854 501 intres
884 445 940 498 in
976 441 1242 514 judicium
1293 454 1411 491 cum
1465 451 1617 489 servo
1646 443 1734 486 tuo
1765 448 1785 488 :
1815 433 1938 502 quia
1967 439 2014 494 Α
2122 433 2188 487 Et
2218 447 2284 487 ne
2315 433 2491 487 intres
2519 432 2572 484 in
2595 427 2865 500 judicium
2894 426 3020 498 [ms.
3047 424 3270 496 judicio]
3287 441 3400 482 cum
3427 443 3565 486 servo

364 557 466 596 non
495 539 885 612 justiﬁcabitur
912 540 963 591 in
983 540 1260 603 conspectu
1288 543 1380 584 tuo
1402 529 1572 582 omnis
1599 528 1794 580 vivens.

470 721 610 788 Quia
664 723 963 787 persecutus
1007 721 1080 765 est
1141 709 1388 762 inimicus
1453 707 1689 757 animum
1722 714 1940 755 meum:

367 811 657 870 Immiliarit
689 812 742 862 in
778 818 920 860 terra
953 806 1114 859 vitam
1149 818 1339 856 ineant.

437 994 728 1048 Cotiocavit
765 1004 846 1042 me
881 989 936 1040 in
971 985 1200 1040 obscuris
1251 986 1382 1036 sicut
1433 990 1675 1034 mortuos
1719 975 1900 1031 sicculi
1922 992 1940 1029 ε

366 1098 414 1141 et
441 1088 686 1138 anxiatus
721 1091 796 1136 est
834 1097 989 1150 super
1013 1096 1092 1132 ine
1124 1078 1340 1149 spiritus
1373 1091 1534 1135 meus,
1573 1075 1727 1124 inme
1759 1068 1944 1122 turba-

366 1191 475 1232 tum
496 1186 676 1232 estcor
705 1191 892 1228 meum.
1235 1235 1244 1246 .

438 1269 643 1322 Memor
677 1265 754 1335 fui
787 1267 993 1318 dierum
1021 1263 1384 1327 antiquarunt,
1409 1259 1692 1310 meditatus
1753 1271 1870 1307 sum
1893 1253 1946 1306 in

366 1363 606 1418 omnibus
638 1359 878 1428 operibus
912 1358 1013 1410 tuis
1044 1372 1060 1409 :
1107 1355 1123 1385 ¹
1153 1355 1206 1408 in
1255 1353 1400 1408 factis
1437 1365 1690 1405 manuum
1733 1357 1948 1401 tuarum

363 1455 683 1510 meditabar.

434 1548 690 1619 E.rpandi-
715 1563 904 1602 manus
929 1560 1074 1598 meas
1103 1543 1172 1596 ad
1203 1550 1274 1602 te.
1302 1540 1484 1594 anima
1516 1553 1633 1590 mea
1665 1548 1726 1590 σε»
1757 1535 1890 1588 sicut
1924 1532 1947 1600 ζ

367 1651 509 1695 terra
539 1644 648 1695 sine
677 1656 816 1708 aqua
853 1638 968 1691 tibi.
999 1637 1301 1690 DIAPSALIIA
1334 1635 1375 1686 ⁸.

450 1729 706 1784 Veiociter
766 1727 960 1782 exaudi
1016 1742 1118 1787 me.
1171 1724 1392 1778 Domine
1434 1737 1454 1776 :
1489 1721 1674 1788 defecit
1736 1719 1951 1788 spiritus

373 1840 542 1878 meus.

437 1917 555 1972 Non
580 1924 784 1969 avertas
815 1913 1003 1983 facient
1027 1921 1184 1966 tuam.
1211 1926 1244 1963 a
1276 1923 1358 1962 me
1387 1920 1408 1960 :
1449 1916 1498 1961 et
1530 1903 1718 1959 similis
1743 1919 1835 1959 ero
1857 1903 1948 1956 de-

373 2010 740 2065 scendentibus
773 2010 826 2060 in
858 2006 1054 2059 lacum.

437 2103 690 2158 Auditum
723 2101 808 2171 fac
840 2101 969 2154 mihi
989 2113 1145 2152 mane
1167 2094 1750 2151 misericordiam'tuam
1781 2107 1800 2150 ε
1826 2090 1951 2160 quia

367 2197 423 2250 in
457 2206 506 2249 te
536 2193 767 2262 speravi.
1077 2194 1091 2213 '

441 2286 645 2341 Notam
679 2286 764 2353 [ac
801 2283 924 2340 mihi
955 2283 1094 2339 viam
1126 2281 1178 2334 in
1213 2295 1317 2349 qua
1375 2275 1640 2331 ambulem
1669 2291 1686 2331 :
1718 2273 1849 2344 quia
1881 2271 1954 2327 ad

371 2390 420 2433 te
442 2379 608 2434 levavi
641 2380 881 2433 animam
919 2391 1114 2431 meam.

445 2473 602 2540 Eripe
631 2488 712 2525 me
747 2471 811 2524 de
839 2470 1066 2524 inimicis
1095 2464 1512 2528 meis,,Domine.
1531 2463 1601 2516 ad
1631 2471 1679 2514 te
1707 2459 1952 2530 confugi:

369 2568 494 2621 doce
523 2582 600 2618 me
638 2565 809 2633 facere
831 2561 1154 2618 voluntatem
1190 2568 1358 2624 tuam,
1403 2556 1528 2627 quia
1563 2553 1698 2608 Deus
1744 2567 1889 2610 uicus
1933 2551 1954 2582 ⁸

373 2673 435 2714 σι-
473 2675 524 2711 es
567 2659 699 2732 tu.

441 2751 673 2819 Spiritus
709 2759 826 2802 tuus
855 2752 1019 2802 bonus
1044 2746 1260 2800 deducet
1296 2759 1378 2796 me
1401 2744 1455 2795 in
1493 2752 1690 2794 terram
1719 2747 1957 2794 rectam:

371 2853 593 2916 propter
647 2859 835 2897 nomen
889 2851 1062 2906 tuum,
1108 2837 1353 2903 Domine,
1421 2833 1713 2901 viviﬁcabis
1762 2848 1843 2886 me
1899 2833 1956 2884 in

370 2940 619 3005 equitate
652 2947 766 2991 tua.

439 3027 647 3081 Educes
677 3029 740 3082 de
760 3027 1101 3080 tribulatione
1128 3027 1364 3079 animam
1389 3034 1562 3074 meum
1595 3037 1608 3072 :
1646 3026 1698 3072 et
1749 3020 1803 3073 in
1840 3021 1952 3072 mi-

371 3118 660 3172 sericordia
692 3127 784 3170 tua
806 3118 1073 3186 disperdes
1099 3117 1343 3169 inimicos
1376 3123 1512 3166 tuos.

439 3211 508 3260 Et
537 3208 720 3277 perdes
743 3224 918 3261 omnes
940 3208 1028 3274 qui
1049 3207 1308 3259 tribulam
1333 3206 1568 3259 animum
1597 3219 1769 3258 meam
1792 3219 1810 3256 :
1828 3217 1954 3271 quo-

375 3301 520 3356 niam
547 3318 638 3371 ego
667 3317 844 3354 servus
879 3310 1002 3354 tuus
1042 3314 1178 3352 sum.

2045 534 2138 578 tuo
2172 539 2188 578 :
2218 523 2348 594 quia
2381 538 2492 577 non
2515 519 2915 594 justiiicabitur
2942 520 3007 574 in
3031 528 3317 587 conspectu
3349 529 3436 576 tuo
3463 537 3572 575 0m-

2043 617 2127 671 nis
2161 616 2369 670 vivens.

2114 708 2250 775 Quia
2299 708 2426 780 ιηιε.

2043 801 2280 855 animam
2361 813 2536 853 meam
2603 815 2618 852 :

2044 914 2242 954 meam.

2116 988 2421 1045 Collocavit
2451 1005 2538 1044 me
2569 989 2624 1043 in
2652 988 2894 1043 obscuro
2929 985 3074 1041 sicut
3108 994 3348 1038 mortuos
3375 983 3539 1038 saeculi
3569 1002 3578 1011 ε
3644 994 3646 996 '

2045 1089 2102 1137 et
2134 1081 2388 1136 arisiatus
2414 1091 2500 1136 est
2527 1081 2581 1134 in
2629 1097 2717 1136 me
2745 1078 2975 1150 Spiritus
3005 1089 3181 1135 meus.
3217 1075 3270 1128 in
3307 1089 3389 1129 me
3414 1074 3574 1129 turba-

2049 1186 2161 1228 tum
2187 1185 2270 1228 est
2301 1191 2395 1228 cor
2427 1189 2633 1228 meum.
3486 1171 3488 1173 ’

2121 1266 2329 1320 Mentor
2390 1264 2474 1319 fni
2521 1265 2738 1320 dierum
2798 1262 3178 1332 antiquorum,
3221 1267 3277 1316 et
3321 1257 3586 1314 malitatus

2048 1374 2169 1414 sum
2201 1359 2255 1412 in
2275 1357 2533 1412 omnibus
2558 1355 2821 1426 operibus
2845 1355 2956 1411 tuis
2982 1373 2995 1407 :
3021 1354 3154 1409 etin
3180 1352 3334 1408 iactis
3353 1367 3585 1406 manuum

2053 1461 2268 1504 tuarum
2303 1449 2632 1504 meditabar.

2121 1540 2372 1609 Expandi
2426 1555 2628 1595 manus
2658 1553 2811 1595 meas
2862 1537 2933 1593 ad
2971 1547 3049 1604 te,
3095 1536 3276 1591 anima
3323 1549 3438 1590 mea
3463 1533 3590 1589 sicut

2050 1643 2198 1690 terra
2229 1634 2350 1688 sine
2378 1647 2518 1703 aqua
2563 1632 2685 1688 tibi.
2747 1631 3070 1686 Dureau“.
3125 1627 3388 1686 Velociter
3416 1625 3593 1682 exaudi

2055 1742 2160 1780 me.

2505 705 2790 776 quoniam]
2838 712 3159 774 persecutus
3203 714 3284 758 est
3348 705 3576 761 inimicus

2691 797 3000 852 humiliavit
3085 798 3138 850 in
3219 803 3361 850 terra
3424 798 3572 852 vitam

1985 1783 2027 1839 Β
2126 1817 2378 1884 Domine,
2407 1814 2611 1872 deiecit
2637 1813 2868 1884 spiritus
2890 1826 3069 1879 meus,
3093 1825 3164 1866 ne
3186 1818 3396 1864 avertas
3421 1807 3593 1862 faciem

2055 1919 2202 1966 tuam
2240 1927 2268 1966 a
2297 1926 2422 1965 me:
2473 1918 2530 1964 et
2558 1924 2656 1964 ero
2694 1907 2890 1962 similis
2938 1902 3397 1961 descendentibus
3438 1899 3488 1953 in
3527 1897 3594 1952 la-

2051 2019 2199 2063 cum.
2483 2043 2512 2061 .

2122 2095 2378 2151 Auditam
2413 2093 2546 2148 mihi
2601 2093 2687 2147 fac
2716 2105 2876 2146 mane
2925 2085 3356 2144 misericordiam
3402 2095 3535 2139 tuam
3573 2098 3590 2138 :

2053 2190 2181 2259 quia
2211 2186 2334 2263 [ms.
2368 2183 2655 2256 quoniam]
2692 2185 2744 2238 in
2785 2192 2837 2238 te
2869 2181 3112 2250 speravi,
3149 2179 3371 2232 Domine
3397 2178 3438 2229 ⁸.

2123 2280 2317 2335 Notam
2359 2279 2494 2334 mihi
2526 2279 2614 2334 iac
2644 2277 2788 2332 viam
2818 2276 2874 2330 in
2903 2290 3013 2345 qua
3041 2273 3316 2327 ambulem
3351 2289 3367 2326 :
3395 2270 3512 2340 quia
3535 2265 3594 2322 ad

2053 2382 2128 2438 te,
2161 2374 2411 2434 Domine,
2443 2371 2619 2426 levavi
2654 2369 2891 2424 animam
2920 2380 3098 2421 meam
3138 2381 3154 2419 :

2125 2465 2290 2534 Eripe
2313 2480 2399 2519 me
2424 2463 2491 2517 de
2519 2462 2758 2516 inimicis
2787 2459 2948 2521 meis,
2979 2458 3232 2516 Domine,
3260 2455 3326 2509 ad
3354 2462 3405 2508 te
3428 2449 3600 2506 coniuo

2055 2560 2106 2629 gi
2145 2577 2156 2613 :
2194 2558 2333 2613 doce
2363 2571 2451 2612 me
2484 2555 2666 2610 facere
2695 2554 3040 2609 voluntatem
3074 2560 3251 2616 tuam,
3285 2547 3410 2618 quia
3450 2553 3505 2599 tu
3547 2557 3600 2598 es

2055 2649 2202 2704 Deus
2234 2664 2408 2704 meus.
3299 2642 3304 2646 ’

2133 2742 2377 2813 Spiritus
2407 2751 2534 2797 tuus
2563 2742 2741 2798 bonus
2774 2739 3011 2795 deducet
3045 2751 3136 2792 me
3168 2737 3220 2789 in
3256 2735 3392 2788 viam
3420 2737 3600 2784 rectam

2058 2833 2183 2907 [ms.
2226 2845 2370 2890 terra
2398 2832 2574 2907 recta]
2610 2850 2626 2892 :
2657 2842 2881 2904 pr0pter
2912 2846 3115 2886 nomen
3165 2840 3340 2891 tuum,
3373 2824 3599 2882 Domine,

2057 2921 2364 2979 viviﬁcabis
2382 2938 2480 3004 me
2508 2925 2561 2977 in
2586 2923 2846 2993 aequitate
2878 2931 2990 2976 tua.

2131 3017 2198 3071 Et
2225 3015 2430 3071 educes
2461 3017 2528 3071 de
2557 3015 2913 3070 tribulatione
2940 3015 3190 3068 animam
3224 3024 3395 3066 meam
3426 3024 3440 3060 :
3471 3015 3522 3061 et
3555 3004 3602 3054 iu

1979 3132 2023 3189 ε
2059 3108 2439 3164 misericordia
2470 3120 2563 3164 tua
2593 3107 2882 3178 disperdes
2911 3107 3176 3161 inimicos
3206 3118 3378 3159 meos.

2131 3201 2199 3255 Et
2227 3202 2429 3272 perdes
2452 3215 2645 3255 omnes
2684 3201 2778 3269 qui
2824 3199 3091 3254 tribulam
3135 3199 3370 3252 animam
3405 3204 3606 3248 meam;

2059 3295 2320 3366 quoniam
2348 3306 2543 3348 servus
2575 3300 2701 3345 tuus
2728 3305 2830 3358 ego
2862 3304 3006 3344 sum.

1672 3457 2030 3520 PSALMUS
2067 3455 2343 3519 CXLIII.

515 3597 580 3645 +
611 3597 842 3638 rsALIus
876 3580 899 3649 ζ
939 3595 1097 3636 ωινιο
1123 3579 1146 3609 ⁸
1176 3595 1188 3630 :
1219 3589 1487 3632 aovensns
1501 3587 1749 3631 comam.
1791 3579 1815 3644 ζ

444 3698 753 3752 Benedictus
787 3694 1041 3750 Dominus
1080 3692 1215 3766 Deus
1278 3707 1422 3746 meus
1448 3703 1468 3742 :
1496 3690 1594 3760 qui
1642 3695 1792 3744 docet
1840 3702 1957 3740 ma-

373 3808 470 3846 nus
513 3808 656 3849 meas
714 3789 784 3844 ad
840 3787 1115 3858 prwlium,
1173 3799 1233 3840 σι-
1268 3793 1316 3840 et
1366 3785 1389 3855 ζ
1442 3784 1632 3854 digitos
1688 3796 1830 3835 meos
1885 3779 1956 3833 ad

377 3885 596 3939 bellum.

445 3977 812 4034 Misericordia
838 3992 975 4039 mea,
1013 3987 1059 4028 et
1094 3971 1353 4042 refugium
1408 3983 1582 4021 meum
1624 3980 1643 4020 :

383 4088 547 4137 incus,
577 4079 623 4123 et
656 4070 909 4124 liberator
945 4081 1129 4122 meus:

1687 3973 1959 4034 susceptor

375 4295 758 4360 instiﬁcobitur
785 4306 958 4344 coram
1003 4301 1050 4341 te
1079 4288 1247 4341 omnis
1303 4287 1495 4360 vivens.
1561 4281 1700 4360 Tum
1766 4296 1956 4336 rursus

375 4354 512 4418 cuni
532 4365 858 4433 Augustino,
889 4361 1295 4433 Collocavernnt
1323 4373 1400 4408 me
1428 4356 1481 4407 in
1542 4354 1850 4433 tenebrosis.
1903 4360 1953 4404 et

376 4437 594 4508 trudian
621 4424 815 4503 passus
843 4442 914 4485 est
944 4433 996 4484 in
1032 4446 1110 4483 me
1143 4428 1364 4508 spiritus
1393 4439 1561 4485 meus,
1598 4424 1650 4475 in
1701 4438 1783 4508 ine
1814 4437 1946 4476 cen.

374 4493 645 4558 turbaiuni
679 4512 758 4558 est
783 4519 873 4556 cor
913 4517 1110 4553 meum.
1167 4497 1490 4550 Memoratus
1551 4509 1668 4545 sum
1717 4493 1944 4555 dierum,

375 4585 502 4636 etc.,
535 4577 592 4626 in
627 4577 846 4642 [acturis
913 4585 1167 4622 manuum
1217 4578 1426 4619 tuarum
1474 4563 1764 4642 meditatus
1805 4578 1942 4642 sunt.

375 4632 636 4697 Extendi.
681 4659 873 4696 manus
932 4655 1103 4695 meas,
1181 4647 1313 4698 etc.,
1375 4646 1517 4688 terra
1569 4633 1684 4685 sine
1706 4648 1844 4700 aqua
1867 4632 1946 4683 si-

376 4717 488 4777 tivi,
527 4730 622 4781 pro
678 4715 792 4766 tibi.
860 4711 928 4764 Et
976 4710 1162 4761 sitiens
1213 4705 1462 4774 quidem,
1518 4717 1618 4781 pro
1661 4704 1773 4754 sine
1805 4718 1946 4781 aqua

375 4774 664 4838 commode
709 4783 832 4836 aliis
905 4782 1110 4833 lectuin
1176 4787 1338 4842 atque
1403 4776 1717 4840 expositum
1789 4774 1946 4842 scio,

375 4869 442 4908 ac
486 4855 558 4906 do
614 4854 813 4906 lubens
867 4867 880 4904 :
931 4863 1146 4910 verum,
1198 4840 1351 4914 quod
1397 4841 1734 4914 Veronensis
1793 4840 1948 4914 Psal-

377 4924 499 4980 terii
533 4924 711 4977 editor
746 4929 928 4991 putat,
956 4919 1121 4991 sitivi,
1163 4911 1261 4985 pro
1293 4913 1406 4977 tibi,
1432 4911 1803 4991 (manifestum
1830 4911 1952 4980 ejus

375 4995 582 5048 codicis
614 4983 1208 5062 tuendum),pri.ibatuin
1235 4998 1453 5051 quoque
1479 4983 1786 5062 Augustino
1806 4995 1950 5043 esse,

376 5079 440 5120 ex
461 5080 527 5118 eo
555 5069 700 5133 quod
730 5069 826 5125 ait,
851 5053 996 5116 sitire
1046 5059 1137 5112 tibi
1167 5070 1398 5133 possunt,
1445 5067 1526 5106 me
1555 5053 1817 5132 irrigare.
1849 5066 1952 5133 non

373 5119 615 5204 possuni,
666 5119 1042 5188 commentum
1071 5119 1348 5195 esttejus,
1406 5139 1499 5193 qui
1565 5137 1768 5204 neque
1805 5119 1952 5173 istud

374 5191 520 5273 quod
547 5191 811 5267 diximus,
853 5204 1144 5271 glossema,
1178 5191 1356 5273 neque
1407 5191 1600 5273 _saiicti
1627 5191 1804 5246 Patris
1830 5204 1956 5273 con-

375 5261 586 5330 l'extum
614 5261 931 5330 attenderit.
965 5261 1190 5324 Domum
1231 5261 1338 5319 cito
1404 5265 1620 5333 legitur.
1653 5279 1753 5331 pro
1815 5261 1952 5312 velo.-

376 5349 523 5401 riter.
556 5355 568 5374 °

453 5421 469 5450 ¹
505 5417 742 5486 Sequior
780 5415 868 5470 hic
896 5426 1100 5486 manus
1126 5406 1585 5486 in_Pala_l.in..nis.
1623 5402 1858 5480 praeﬁxit
1907 5411 1955 5452 et

378 5473 846 5558 coniunctionem.
893 5483 1060 5558 Porro
1104 5479 1196 5547 qui
1235 5473 1958 5558 verbosicntpraeponitur

379 5541 697 5622 aste'riScus,
732 5559 787 5610 in
839 5553 1032 5609 eodem
1053 5541 1155 5604 ius.
1208 5557 1266 5602 et
1306 5546 1429 5600 Cari
1471 5545 1714 5598 editione
1745 5541 1959 5594 deside-

324 5645 328 5647 ’
381 5641 553 5683 ratur.

452 5701 470 5729 '
501 5700 670 5754 'l'acet
706 5697 880 5753 Palat.
912 5711 1017 5750 ms.
1059 5686 1401 5759 Diapsalma.

442 5769 464 5802 ⁸
523 5769 815 5838 Pcrperam
854 5767 1106 5820 Martian.
1154 5763 1329 5830 ipsum
1387 5771 1604 5828 quoque
1652 5767 1958 5826 pronomen

2372 3567 2496 3641 [11s.
2526 3565 2777 3638 rsauus]
2816 3581 2976 3621 usvm
3007 3581 3074 3619 an
3114 3579 3326 3622 mrsu.

2129 3681 2465 3739 Benedictus
2492 3681 2759 3738 Dominus
2785 3679 2928 3736 Deus
2962 3695 3120 3736 meus
3159 3698 3173 3734 :
3206 3678 3302 3748 qui
3329 3675 3481 3732 docet
3511 3686 3608 3726 ma.

2059 3790 2167 3833 nus
2192 3789 2341 3832 meas
2373 3774 2439 3828 ad
2469 3773 2738 3844 praelium,
2768 3782 2825 3828 ct
2853 3771 3054 3844 digitos
3080 3787 3244 3828 meos
3264 3771 3284 3801 ⁶
3308 3768 3373 3824 ad
3407 3765 3606 3822 bellum.

2126 3953 2501 4011 Misericordia
2527 3965 2671 4014 mea,
2694 3959 2750 4006 et
2781 3947 3050 4019 refugium
3081 3961 3269 4003 meum
3303 3960 3322 4000 :
3351 3948 3611 4010 susceptor

2061 4062 2240 4113 meus,
2273 4055 2328 4101 et
2369 4045 2634 4101 liberator
2664 4056 2840 4097 meus.

2063 4282 2146 4332 tu,
2172 4270 2320 4337 quod
2349 4277 2436 4322 est
2461 4263 2901 4337 luculentissimc
2928 4262 3193 4337 in‘llebr.
3244 4271 3418 4337 testu,
3470 4257 3613 4312 obelo

2061 4331 2404 4398 confuderat,
2431 4354 2459 4388 a
2500 4352 2609 4405 quo
2631 4351 2730 4389 nos
2755 4334 2907 4395 illud,
2943 4333 3279 4405 admonente
3311 4331 3474 4405 Palat.
3499 4341 3611 4387 ms.,

2062 4421 2229 4478 atque
2261 4409 2376 4477 ipsa
2413 4401 2539 4462 Cari
2595 4407 2752 4467 edit..
2811 4406 3144 4478 exemimus.
3199 4401 3342 4462 Mox,
3395 4402 3446 4453 in
3490 4409 3612 4478 terra

1979 4471 2026 4528 ι)
2056 4471 2222 4540 recta,
2251 4471 2348 4547 pro
2381 4487 2578 4530 terrain
2613 4485 2834 4541 rectam,
2864 4477 3122 4543 sequiore
3150 4488 3314 4525 manu
3345 4471 3614 4538 repositum

2060 4549 2242 4605 est'in
2270 4563 2338 4602 eo
2370 4548 2581 4601 codice.

2133 4620 2154 4651 ‘
2197 4619 2419 4673 Rectius
2461 4620 2512 4669 in
2539 4618 2730 4672 eodem
2757 4632 2859 4670 ms.
2907 4617 2966 4666 τὺ
3034 4614 3290 4668 Paulinus
3345 4626 3449 4666 non
3503 4615 3612 4662 est:

2061 4689 2208 4743 haud
2237 4697 2423 4740 autem
2455 4687 2591 4740 bene
2614 4688 2859 4754 reliquus
2889 4686 3006 4738 sine
3038 4687 3201 4740 obelo
3229 4682 3537 4754 esttitulus:

2134 4761 2156 4790 ⁵
2186 4760 2287 4813 bis.
2319 4757 2620 4811 Veronens.
2660 4743 2782 4809 cuiu
2817 4756 3146 4822 Augustino,
3197 4753 3342 4823 quod
3370 4821 3375 4823 _
3400 4753 3480 4803 hic
3527 4743 3617 4823 loci

2063 4829 2458 4900 praetermittit,
2484 4827 2719 4900 Domine,
2748 4819 3110 4900 subsequcnti
3133 4819 3140 4820 ί
3168 4819 3331 4878 versu
3354 4819 3619 4900 interserit

2063 4891 2132 4954 ad
2171 4903 2317 4953 hunc
2347 4899 2569 4950 modum
2603 4914 2616 4949 :
2651 4896 2843 4950 Notam
2878 4891 2962 4962 {ac
3001 4896 3154 4958 mihi,
3207 4893 3448 4949 Domine,
3479 4891 3617 4962 viam.

2063 4970 2119 5022 in
2151 4986 2256 5039 qua
2298 4969 2598 5039 ingrediar,
2666 4960 2920 5039 quoniam
2973 4966 3040 5017 ad
3074 4974 3127 5017 te
3187 4962 3358 5017 levavi
3409 4960 3619 5036 animam

2062 5027 2257 5094 meam.
2295 5027 2433 5090 Τιῖιιι
2460 5027 2611 5091 solus
2637 5027 2740 5089 nis.
2775 5035 2997 5088 :Ltbera
3029 5052 3113 5088 me
3148 5033 3463 5094 deininiiris
3492 5027 3618 5081 meis.

2064 5109 2309 5171 Domine,
2347 5110 2597 5175 quoniam
2626 5107 2693 5159 ad
2725 5117 2772 5159 te
2797 5105 3004 5174 confugi
3029 5119 3049 5160 :
3079 5093 3325 5158 doce'me
3365 5115 3418 5151 ut
3449 5097 3620 5175 faciant

2064 5166 2388 5233 uoluntatem
2413 5193 2544 5243 tuon
2570 5179 2758 5230 addito
2781 5166 2929 5227 tuum
2955 5166 3301 5243 pronomine
3324 5189 3387 5226 ex
3434 5166 3621 5224 librarii

2065 5250 2377 5314 oscitantis)
2404 5251 2656 5316 quoniam
2687 5256 2740 5298 tu
2773 5263 2846 5308 es,
2893 5259 3002 5316 etc.
3030 5245 3245 5299 Deinde
3280 5255 3489 5316 rursum
3514 5247 3622 5316 cum

2063 5307 2389 5386 Augustino,
2417 5307 2710 5383 'viviﬁcubis
2746 5307 2848 5369 me.
2890 5314 2950 5367 ln
3007 5325 3104 5367 tua
3132 5315 3348 5386 justitia
3369 5310 3539 5365 educes
3571 5307 3626 5356 de

2065 5383 2430 5451 mbulatione,
2491 5400 2635 5452 etc,;
2705 5389 2910 5441 librarii
2952 5386 3103 5438 enim
3136 5383 3521 5452 ’maniiestum
3549 5383 3627 5452 est

2067 5446 2452 5528 Vlllum,q|10tl
2491 5446 2743 5528 sequitur
2774 5461 2922 5510 ineo
2982 5457 3200 5519 codice,
3260 5471 3396 5528 mea,
3435 5446 3622 5507 ἁπλῶς»

2067 5547 2165 5600 pro
2197 5532 2441 5583 animum
2470 5527 2662 5600 meam.
2684 5528 2928 5597 Denique
2957 5541 3140 5581 onmes
3177 5527 3509 5583 tribulantes,
3535 5527 3624 5590 pro

2067 5598 2245 5656 omnes
2274 5603 2361 5671 qui
2393 5598 2671 5653 tribulant.

2127 5675 2162 5756 _‘
2192 5668 2340 5756 lde'm
2376 5686 2480 5756 ins.
2510 5671 2564 5722 in
2587 5670 2794 5752 prrelio,
2827 5674 3012 5747 digitos
3048 5686 3213 5738 meos,
3238 5682 3370 5741 ctc.,
3414 5668 3619 5738 conjun'

2070 5753 2250 5802 ctione
2279 5753 2324 5796 et
2359 5755 2740 5812 praetermissa.
