3840 6176
177 339 270 403 409

175 539 400 610 populum
429 556 598 595 meum
627 541 722 594 sub
755 558 858 596 me.

237 629 486 692 Domine.
541 632 669 701 quid
730 642 806 686 est
861 639 1013 688 homo
1094 635 1217 705 quia
1275 637 1553 691 innotuisti
1634 635 1733 690 ei?

177 733 232 774 σι-
261 733 348 774 ant
377 722 396 788 ζ
421 720 567 788 ﬁlius
595 723 823 778 hominis
847 726 972 794 quia
1004 735 1220 797 reputas
1249 742 1388 783 eum.

234 899 388 955 llomo
417 905 647 958 vanitati
674 905 868 962 similis
895 890 1067 977 factus
1111 921 1188 966 est
1217 927 1238 966 .'
1264 913 1376 967 dies
1438 915 1551 983 ejus
1592 917 1728 971 sicut

171 993 333 1044 umbra
361 1003 708 1062 praetereunt.

237 1081 462 1146 Domine,
482 1086 685 1141 inclina
717 1089 871 1144 oculos
906 1100 1023 1147 tuos
1045 1132 1059 1156 ,
1087 1101 1136 1148 et
1195 1094 1450 1151 descende
1496 1113 1515 1152 .'
1570 1107 1728 1170 tange

176 1184 366 1238 montes,
401 1185 450 1228 et
503 1177 867 1249 fumigabunt.
911 1181 1151 1252 Fulgura
1194 1189 1632 1254 coruscationem,
1675 1201 1727 1244 et

173 1265 422 1335 dissipabis
463 1284 555 1324 eos
584 1285 605 1326 :
639 1273 823 1328 emitte
851 1279 1076 1345 sagittas
1110 1288 1252 1344 tuas,
1285 1291 1334 1334 et
1379 1284 1723 1337 conturbabis

171 1371 240 1410 €08
248 1397 260 1412 ο

229 1447 408 1503 Emitte
427 1467 651 1507 manum
678 1463 825 1509 tuam
851 1457 918 1511 de
951 1461 1086 1521 alto,
1119 1463 1262 1530 eripe
1297 1478 1402 1528 me,
1456 1474 1504 1518 et
1556 1464 1724 1518 libera

171 1554 235 1591 ine
254 1539 310 1592 de
332 1544 478 1611 aquis
510 1542 721 1608 multis,
745 1546 808 1600 de
823 1563 986 1602 manu
1012 1549 1249 1606 filiorum
1277 1552 1575 1608 alienorum
1596 1557 1616 1586 ¹

225 1722 438 1789 Quorum
463 1743 522 1781 os
541 1728 782 1784 locutum
807 1742 890 1786 est
922 1734 1216 1789 vanitatem
1255 1752 1274 1790 :
1305 1746 1352 1790 et
1375 1736 1593 1792 dextera
1641 1755 1721 1792 eo-

170 1831 284 1879 rum,
309 1817 521 1872 dextera
560 1821 892 1891 iniquitatis.
917 1819 919 1822 ’

224 1907 366 1971 Deus,
397 1912 669 1966 canticum
697 1929 884 1968 novum
913 1916 1137 1972 cantabo
1184 1917 1279 1971 tibi
1306 1934 1325 1973 :
1359 1919 1415 1972 in
1464 1919 1719 1988 psalterio

170 2003 456 2056 decachordo
488 2006 729 2072 psallam
788 2009 906 2063 tibi.

224 2091 316 2158 Qui
339 2096 432 2148 das
452 2095 691 2151 salutem
716 2101 962 2169 regibus:
987 2102 1080 2172 qui
1108 2100 1376 2156 redemisti
1413 2103 1584 2158 Dauid
1611 2120 1724 2158 ser-

169 2200 263 2238 uum
291 2195 432 2240 tuum
458 2188 525 2242 de
547 2191 728 2258 gladio
765 2192 1020 2261 maligno,
1049 2194 1191 2252 eripe
1224 2210 1322 2246 me.

219 2278 276 2332 Et
301 2296 418 2334 erue
440 2299 525 2335 me
558 2283 623 2335 de
654 2300 817 2337 manu
845 2284 1082 2350 ﬁliorum
1113 2286 1438 2352 alienorum,
1493 2303 1718 2358 quorum

165 2389 209 2426 os
238 2374 448 2428 locutum
479 2384 561 2429 est
584 2377 900 2441 vanitatem,
932 2388 979 2431 et
1010 2379 1226 2433 dextera
1267 2395 1471 2445 eorum,
1501 2382 1718 2436 dextera

163 2462 440 2534 iniquitatis.

219 2555 431 2622 Quorum
474 2558 586 2626 ﬁlii
635 2561 768 2613 sicut
818 2559 1038 2614 novella:
1068 2561 1424 2630 plantationes
1456 2560 1587 2634 [ωε.
1619 2579 1718 2617 no-

165 2648 323 2722 vella],
349 2651 400 2704 in
420 2651 707 2719 juventute
736 2669 858 2706 sua.

216 2828 356 2886 Filia
379 2849 568 2886 eorum
598 2834 901 2901 composita!
924 2849 945 2888 :
990 2834 1424 2902 circumornattr,
1445 2846 1502 2889 ut
1523 2837 1711 2891 simili-

159 2926 260 2976 tudo
281 2923 476 2994 templi.
1213 2983 1216 2986 .

212 3013 582 3088 Promptuaria
628 3031 809 3070 eorum
847 3015 1006 3086 plena
1035 3033 1055 3071 :
1105 3021 1400 3075 eructantia
1433 3037 1498 3076 ea;
1531 3023 1626 3076 hoc
1654 3023 1710 3077 in

157 3109 286 3162 illud.

211 3198 323 3253 Ores
351 3215 537 3255 eorum
562 3201 764 3270 fetosw,
797 3201 1127 3256 abundantes
1146 3204 1199 3256 in
1230 3205 1667 3274 egressibus-suis
1685 3223 1706 3264 .°

155 3291 275 3347 iores
295 3309 468 3348 eorum
503 3311 703 3349 crassae
716 3335 731 3349 .

207 3383 311 3438 Non
357 3397 429 3440 est
481 3389 647 3441 ruina
698 3389 945 3441 maceriae
982 3403 1150 3458 neque
1193 3389 1450 3443 transitus
1482 3403 1705 3460 :.neque

154 3477 324 3531 clamor
351 3480 406 3532 in
434 3479 640 3548 plateis
665 3495 868 3533 eorum.

209 3568 408 3626 Beatum
432 3586 499 3627 σι-
531 3573 781 3625 dixerunt
816 3571 836 3602 ⁸
871 3571 893 3639 ζ
939 3572 1215 3640 populum,
1249 3573 1332 3626 cui
1378 3571 1488 3628 hinc
1530 3581 1652 3627 sunt
1690 3589 1709 3628 :

155 3670 303 3720 natus
330 3668 559 3737 populus
585 3666 740 3735 cujus
780 3664 1040 3718 Dominus
1071 3664 1213 3719 Deus
1243 3665 1378 3733 eius.

624 3892 684 3930 ιΑ
693 3890 879 3930 "DATIO
907 3891 1004 3930 IPSI
1035 3891 1212 3930 ωνιι).

213 3966 437 4041 [AleplL]
473 3969 748 4023 Exaltabo
778 3978 846 4033 te,
883 3968 1022 4022 Deus
1053 3985 1200 4023 meus
1240 3984 1333 4022 rex
1360 3987 1380 4022 :
1418 3979 1464 4022 et
1494 3968 1708 4022 benedi-

154 4073 250 4112 σωκ
293 4063 488 4117 nomini
543 4073 633 4114 tuo
665 4062 719 4114 in
763 4061 1041 4126 saeculum,
1073 4070 1122 4114 et
1153 4061 1208 4114 in
1238 4060 1493 4114 saculum
1527 4073 1586 4115 -t-
1610 4074 1712 4112 sa:-

156 4152 242 4205 culi
267 4152 287 4183 ⁵
319 4156 342 4223 ζ

215 4310 525 4366 ‘Palatinus
550 4325 652 4365 ms.
672 4311 763 4380 qui
784 4311 964 4363 subdis
991 4306 1139 4380 :qui
1166 4315 1220 4358 et
1249 4306 1368 4359 sine
1417 4304 1580 4380 obelo
1608 4312 1704 4356 aut

152 4384 372 4436 voculam
403 4377 765 4449 subsequeiiti
803 4379 1076 4432 Vcl'SlCIIIO
1109 4392 1212 4449 non
1257 4385 1406 4428 recte
1435 4377 1586 4449 legit.

210 4456 228 4482 ³
259 4452 399 4505 ldem
429 4454 500 4506 de
522 4446 622 4506 suo
647 4450 800 4503 addit
839 4460 885 4502 et
917 4448 1382 4516 conjunctionem,
1407 4455 1459 4498 et
1488 4447 1542 4498 in
1574 4446 1704 4500 sub-

1425 346 1650 406 ΗΒΕΙὶ
1695 346 2191 408 PSALMORUM.
2227 385 2240 397 υ

233 449 492 504 Ρνυιεειοι-
522 466 688 518 meus,
724 461 774 504 et
815 453 871 506 in
903 451 1017 523 ipso
1067 454 1273 522 speravi
1301 469 1320 509 :
1349 455 1439 524 qui
1497 455 1672 509 subdit
1699 455 1715 485 ¹
1749 457 1797 516 Α
1896 459 2181 513 Protector
2220 471 2398 520 meus,
2432 463 2488 511 et
2518 455 2574 510 in
2613 457 2731 526 ipso
2761 455 2980 526 speravi
3032 473 3046 510 :

1439 3809 1793 3904 i’SALMUS
1853 3809 2105 3869 CXLIV.

3299 349 3407 415 410

3101 456 3402 528 subjiciens

1837 549 2073 619 populos
2099 549 2202 603 sub
2244 564 2329 604 me
2351 549 2394 602 '.

1909 639 2164 706 Domine,
2191 640 2319 708 quid
2358 649 2442 694 est
2473 640 2636 694 homo
2669 641 2810 709 quod
2847 639 2970 712 [ms.
3000 639 3287 710 quoniam]
3326 640 3410 692 iu-

1837 733 2068 786 notuisti
2119 732 2219 786 ei?
2267 742 2362 786 aut
2401 731 2547 786 ﬁlius
2593 731 2835 786 hominis
2877 733 3137 801 quoniam
3187 742 3410 801 reputas

1832 821 1997 875 cuni?

1908 913 2084 968 Homo
2113 913 2340 969 vanitati
2368 914 2564 970 similis
2589 914 2767 970 factus
2790 925 2874 971 est
2914 932 2928 970 :
2961 915 3084 970 dies
3117 915 3237 985 ejus
3263 915 3408 968 sicut

1831 1005 2023 1060 umbra
2065 1015 2417 1075 praetereunt.

1905 1097 2157 1163 Domine,
2191 1098 2392 1154 inclina
2425 1098 2592 1156 C(elos
2625 1110 2767 1166 tuos,
2803 1109 2857 1154 et
2887 1099 3157 1155 descende
3190 1115 3204 1154 :
3240 1109 3401 1169 tange

1831 1197 2137 1253 montes,et
2170 1189 2537 1260 lumigabunl.
2567 1191 2803 1246 Corusca
2836 1194 3240 1246 coruscationes
3262 1201 3400 1254 tuas,

1829 1290 1883 1334 et
1909 1281 2203 1350 dissipabis
2230 1297 2326 1348 eos
2365 1301 2378 1338 :
2413 1283 2607 1338 emitte
2632 1286 2861 1354 sagittas
2893 1293 3035 1348 tuas,
3089 1292 3146 1337 et
3178 1295 3406 1336 contur-

1829 1371 1984 1427 liabis
2017 1387 2133 1427 eos.

1898 1463 2101 1518 Emitte
2127 1479 2347 1519 manum
2377 1473 2524 1520 tuam
2557 1467 2623 1520 de
2652 1469 2784 1533 alto,
2817 1467 2970 1536 eripe
2995 1483 3106 1531 me,
3141 1479 3194 1521 cl
3228 1469 3398 1523 libera

1828 1569 1915 1609 me
1946 1555 2014 1610 de
2046 1556 2203 1624 aquis
2237 1557 2443 1625 multis,
2472 1566 2528 1612 et
2562 1557 2684 1630 (ms.
2717 1569 2822 1611 lac.
2853 1558 2928 1629 et)
2969 1558 3036 1613 de
3064 1573 3228 1612 manu
3263 1558 3405 1611 lilio-

1806 1661 1951 1715 ,rum
1982 1646 2310 1702 alienorum.

1896 1736 2138 1802 Quorum
2166 1754 2228 1792 os
2266 1739 2512 1794 locutum
2559 1750 2644 1793 est
2699 1738 2996 1794 vanitatem
3051 1747 3150 1794 :et
3178 1739 3403 1794 dextera

1755 1805 1796 1861 Β
1828 1841 2047 1894 eorum,
2077 1827 2301 1882 deittera
2333 1829 2659 1899 iniquitatis.

1901 1919 2063 1985 Deus,
2090 1919 2366 1976 canticum
2391 1936 2596 1975 novum
2622 1921 2856 1975 cantabo
2887 1920 2984 1975 tibi
3021 1937 3037 1974 :
3062 1921 3116 1974 in
3144 1920 3404 1991 psalterio

1829 2008 2017 2064 decem
2055 2011 2389 2065 chordarum
2424 2012 2648 2081 psallam
2683 2011 2804 2066 tibi.

1897 2103 1998 2167 Qui
2032 2101 2130 2156 das
2164 2104 2392 2158 salutem
2425 2103 2644 2174 regibus
2679 2119 2700 2161 :
2734 2104 2832 2174 qui
2856 2103 3059 2158 liberas
3087 2103 3255 2158 David
3279 2117 3398 2158 ser-

1826 2207 1954 2245 vum
1993 2201 2150 2246 tuum
2183 2194 2249 2248 de
2281 2194 2462 2263 gladio
2487 2195 2750 2263 maligno.

1895 2284 2060 2352 Eripe
2095 2301 2198 2351 me,
2229 2296 2282 2340 et
2309 2286 2480 2342 libera
2516 2302 2600 2341 me
2635 2287 2702 2342 de
2751 2286 2913 2356 aquis
2964 2285 3150 2341 multis
3167 2285 3210 2351 ⁸,
3248 2291 3304 2340 et
3332 2282 3401 2338 de

1824 2393 1988 2431 manu
2027 2377 2266 2431 ﬁliorum
2301 2378 2630 2433 alienorum.

1892 2563 2137 2630 Quorum
2169 2576 2230 2616 os
2262 2561 2506 2616 locutum
2553 2571 2640 2616 est
2667 2563 2970 2617 vanitatem
3013 2577 3030 2616 :
3079 2571 3138 2617 et
3170 2562 3396 2617 dextera

1817 2669 2033 2720 eorum,
2067 2653 2294 2707 dextera
2341 2651 2672 2722 iniquitatis.
2706 2652 2948 2718 Quorum
2990 2651 3086 2707 lilii
3132 2653 3274 2706 sicut
3302 2668 3400 2706 uo—

1815 2744 1969 2800 vellae
1992 2742 2364 2812 plantationes
2426 2741 2653 2795 stabiliti
2697 2742 3035 2810 ajuventute
3063 2756 3183 2794 sua.

1885 2835 2037 2890 Filiae
2061 2850 2252 2889 eorum
2287 2835 2606 2904 composita:
2632 2849 2648 2888 :
2677 2833 3124 2898 circumornatai,
3165 2843 3224 2888 ut
3245 2834 3400 2888 simi-

1815 2927 1995 2983 litudo
2029 2927 2238 2996 templi.

1884 3018 2269 3089 Promptuaria
2308 3033 2501 3074 eorum
2531 3018 2690 3086 plena
2718 3035 2732 3071 :
2764 3017 3077 3072 eructantia
3107 3033 3174 3073 ex
3204 3018 3308 3072 hoc
3341 3018 3395 3072 in

1817 3110 1977 3167 illud.

1884 3202 2027 3260 Oves
2049 3217 2239 3257 eorum
2268 3202 2833 3267 fetosaz,abundantes
2851 3202 2907 3257 in
2931 3203 3221 3257 itineribus
3247 3203 3394 3256 suis:

1815 3297 1985 3352 boves
2023 3311 2216 3351 eorum
2247 3310 2468 3349 crassze.

1885 3387 2007 3442 Non
2033 3396 2118 3442 est
2162 3386 2321 3441 ruina
2369 3386 2625 3441 maceriae
2670 3400 2849 3456 neque
2886 3383 3178 3451 transitus,
3219 3400 3396 3453 neque

1815 3480 2024 3536 clamor
2048 3480 2101 3535 in
2132 3480 2325 3549 plateis
2363 3494 2580 3533 eorum.

1890 3573 2110 3627 Beatum
2133 3569 2394 3625 dixerunt
2424 3571 2710 3640 pOpulum,
2738 3571 2826 3625 cui
2861 3570 2976 3625 haec
3009 3578 3175 3624 sunt:
3201 3568 3397 3623 beatus

1818 3665 2058 3735 populus
2091 3663 2249 3734 cuius
2281 3670 2361 3718 est
2403 3661 2671 3717 Dominus
2694 3661 2840 3718 Deus
2866 3676 3084 3717 eorum.

2273 3887 2537 3926 LAUDATIO
2565 3874 2584 3904 "
2615 3887 2713 3927 IPSI
2752 3888 2932 3926 mvin.

1891 3961 2133 4036 [Alepln]
2183 3963 2451 4018 Exaltabo
2490 3976 2561 4028 te,
2614 3965 2756 4018 Deus
2791 3979 2886 4017 rex
2936 3978 3092 4018 meus
3145 3973 3200 4019 et
3229 3965 3397 4018 benc-

1820 4054 2001 4111 dicam
2040 4070 2240 4111 nomen
2296 4065 2448 4110 tuum
2489 4055 2546 4110 in
2596 4066 2889 4122 aeternum,
2941 4065 2998 4110 et
3041 4057 3093 4110 in
3133 4057 3393 4111 saeculum

1821 4149 2032 4205 saeculi.

1818 4303 1964 4358 Erue
1994 4323 2096 4372 me,
2133 4316 2184 4360 et
2212 4307 2380 4360 exime
2416 4320 2496 4359 me
2543 4309 2607 4361 de
2644 4323 2828 4373 manu,
2883 4319 3012 4372 etc.,
3044 4307 3275 4373 "verbis,
3331 4311 3396 4362 de

1817 4378 1974 4442 aquis
2021 4376 2208 4429 multis
2258 4386 2306 4428 et
2362 4377 2688 4444 repudiatis.
2761 4378 2899 4432 Tum
2949 4380 3120 4432 altera
3169 4380 3238 4432 ab
3291 4379 3396 4434 hoc

1816 4461 2023 4499 versu:
2070 4447 2313 4511 Quorum
2346 4445 2450 4511 ﬁlii
2489 4447 2622 4500 velut
2669 4448 2887 4502 novellae
2939 4449 3288 4503 constabilitas
3339 4451 3393 4501 in

151 4525 400 4580 sementis
426 4523 535 4576 line
564 4522 821 4574 versiculi
863 4513 1381 4588 Diaps'almaa'l‘uui
1419 4526 1705 4588 veropost
1740 4521 1782 4575 ι)
1814 4515 2090 4588 iuventute
2135 4534 2255 4588 sua.
2300 4513 2479 4588 Filias
2507 4533 2688 4588 eorum
2733 4521 3033 4588 composita:
3081 4529 3130 4570 et
3192 4529 3395 4573 ornata:

151 4591 292 4643 al-um
322 4606 542 4646 versum
568 4591 792 4657 sequior
824 4604 1016 4642 manus
1058 4585 1337 4652 rescripsit
1364 4588 1451 4654 qui.
1482 4587 1704 4638 redemit

151 4658 301 4712 Dauid
328 4677 532 4715 seruum
555 4675 734 4714 suum.

209 4730 226 4759 ³
258 4730 512 4785 Fortasse
540 4735 744 4784 rectius
797 4727 1027 4781 verbum
1063 4727 1334 4787 dixerunt,
1386 4723 1506 4778 sine
1541 4725 1704 4778 obelo

152 4797 193 4849 in
226 4800 468 4854 Palatino
501 4811 584 4853 est
636 4816 766 4862 ms.;
815 4813 994 4860 neque
1027 4797 1172 4848 enim
1213 4796 1432 4862 proprie
1465 4796 1705 4848 abundat

150 4884 287 4934 supra
317 4871 620 4936 originales
646 4881 848 4927 textus,
886 4870 1172 4920 Hebraeum
1209 4873 1387 4928 nam,
1433 4876 1526 4918 aut
1555 4865 1704 4920 Grai:-

150 4951 249 4990 culn
282 4943 653 5010 ἑμακάρισςιν,
694 4955 804 4991 uno
835 4939 1027 4989 verbo.

215 5011 233 5037 ⁸
263 5004 502 5062 Librurii
537 5010 850 5067 oscitantin,
887 5022 1064 5075 neque
1115 5004 1378 5060 llebraica
1430 5006 1700 5059 elementa

146 5076 351 5145 singulis
381 5081 638 5133 veruibus
687 5081 923 5146 praeﬁxa,
957 5091 1135 5144 neque
1177 5079 1394 5130 obeluni
1430 5078 1595 5139 hunc,
1648 5085 1700 5128 et

145 5162 219 5214 qui
251 5165 383 5218 pene
416 5145 867 5218 sequituraltcro
902 5163 1087 5208 versu,
1124 5149 1286 5200 habet
1324 5145 1556 5218 Palatini.
1596 5162 1697 5199 ius.

210 5219 228 5248 ⁵
252 5215 559 5274 Veronense.
607 5222 730 5284 lib.,
774 5217 959 5270 Subdit
995 5218 1241 5285 populum
1270 5232 1424 5268 suum
1458 5215 1551 5267 sub
1580 5231 1660 5266 ine
1682 5232 1700 5267 :

141 5291 282 5350 paulo
323 5303 442 5354 post
475 5331 489 5351 ,
531 5306 780 5358 quoniam
815 5291 1042 5342 wstimas
1081 5304 1219 5341 eum.
1275 5285 1446 5338 Homo
1478 5286 1700 5338 vanitati

138 5361 382 5425 similatus
408 5369 488 5413 est
516 5377 531 5414 .'
563 5363 670 5412 dies
704 5361 851 5412 illitis
884 5369 1142 5425 tanquam
1175 5358 1359 5410 umbra
1401 5367 1697 5409 transeunt.

139 5424 304 5494 Neque
333 5447 504 5496 porro
543 5433 691 5483 addit
745 5442 860 5483 tuos
903 5424 1203 5496 pi'uiioiiien
1255 5430 1320 5479 ad
1381 5427 1557 5491 cwlos,
1605 5436 1702 5480 aut

140 5503 241 5569 luas
269 5502 581 5569 insequenti
617 5518 771 5552 versu
834 5508 900 5552 ad
953 5510 1343 5552 coruscattoncs
1391 5513 1409 5552 :
1464 5499 1699 5567 legitque

138 5567 420 5638 disperges,‘
445 5589 545 5638 pro
567 5573 868 5640 dissipabis,
905 5582 958 5621 ut
994 5581 1050 5622 et
1083 5586 1226 5630 inus,
1283 5585 1346 5620 ex
1389 5570 1499 5620 alto
1531 5572 1696 5621 libera

140 5650 225 5710 me,
251 5651 295 5690 et
326 5657 453 5691 erue
487 5658 566 5692 me
592 5646 825 5710 :quibus
851 5642 1108 5695 munibus
1137 5640 1272 5692 locis
1296 5656 1379 5691 vnx
1402 5655 1510 5691 uno
1536 5650 1700 5706 atque

137 5707 289 5781 altero
319 5714 495 5764 verbo
537 5707 656 5764 cuni
685 5711 1080 5781 Augustmiana
1124 5711 1358 5764 lectione
1413 5720 1697 5762 consonat.

199 5778 216 5808 ⁸
244 5779 338 5835 llic
361 5797 495 5834 vero
534 5778 859 5840 adamuss'iiu
893 5799 1018 5836 cum
1057 5782 1358 5849 Augustino
1393 5783 1534 5833 illum
1596 5796 1697 5833 ins.

1813 4587 1950 4638 sicut
1978 4587 2269 4638 similitudo
2301 4585 2502 4654 templi.
2538 4586 2772 4640 Cellaria
2809 4585 3010 4650 eorum,
3039 4599 3169 4650 etc.,
3205 4602 3269 4640 e1:
3298 4589 3394 4641 hoc

1812 4657 1864 4706 in
1887 4657 2137 4727 hoc.0ves
2152 4673 2331 4710 eorum
2347 4657 2582 4724 fecunda:
2603 4657 3011 4727 multiplicantes
3033 4658 3084 4711 in
3109 4659 3393 4727 egressibus

1809 4728 1944 4786 suis,
1976 4726 2125 4780 boves
2146 4742 2326 4780 eorum
2364 4728 2550 4778 crassi.
2595 4726 2712 4780 Non
2745 4739 2820 4780 est
2851 4731 3007 4782 ruina
3059 4729 3112 4779 in
3137 4726 3210 4779 eis
3261 4729 3392 4797 (Au-

1811 4799 2018 4868 gustin.
2053 4797 2423 4868 ruinaqsepis),
2467 4811 2560 4848 nec
2593 4799 2791 4868 exitus,
2825 4814 2988 4868 neque
3014 4797 3232 4857 clamor,
3255 4807 3389 4868 etc.,

1810 4875 1866 4944 et
1900 4867 1976 4945 .in
2020 4868 2146 4931 line,
2216 4866 2396 4921 beatus
2445 4866 2693 4936 populus,
2753 4866 2909 4936 cujus
2953 4868 3206 4922 Dominus
3249 4867 3389 4920 Deus

1808 4951 1995 5002 ipsius.

1886 5006 1903 5035 ⁷
1949 5006 2276 5076 Ιιιμετίἱῄιυι·
2311 5005 2365 5058 in
2411 5005 2713 5076 Veronensi
2745 5021 2848 5060 ms.
2898 5017 2957 5062 ut
2990 5018 3047 5062 et
3079 5021 3248 5076 penes
3278 5007 3389 5061 Au-

1808 5077 2090 5142 gustinum
2141 5074 2304 5140 Laus,
2360 5084 2467 5130 etc.
2506 5075 2567 5129 In
2625 5086 2797 5142 textu,
2838 5074 3101 5132 Exultabo
3143 5089 3211 5141 te,
3251 5078 3388 5130 Deus

1810 5163 1973 5211 meus,
2015 5162 2124 5213 rex,
2173 5155 2306 5212 etc.;
2343 5154 2397 5199 et
2431 5161 2554 5217 mox
2608 5148 2662 5198 in
2709 5150 2981 5211 smculuin,
3017 5164 3116 5217 pro
3151 5150 3204 5198 in
3231 5158 3387 5200 icter-

1809 5231 1956 5276 num,
2023 5225 2084 5285 ut
2135 5231 2214 5269 ρι’
2247 5229 2457 5284 postica,
2523 5215 2812 5270 laudabilis
2842 5215 3029 5276 valde,
3078 5234 3177 5285 pro
3211 5218 3382 5269 nimis.

1807 5285 1968 5350 Tum,
2007 5284 2287 5340 Generatio
2323 5298 2370 5339 et
2402 5289 2670 5356 generatio
2705 5287 2942 5341 laudabit
2982 5284 3143 5357 opera
3174 5298 3284 5357 tua,
3325 5295 3382 5357 _et

1807 5359 2051 5410 virtutem
2085 5367 2231 5410 tuam
2258 5359 2678 5424 annnntiabnnt,
2714 5355 3166 5428 Magniﬁcentiam
3197 5355 3383 5422 gloria:

1803 5429 2107 5497 sanctitatis
2150 5439 2252 5482 tua:
2289 5429 2601 5497 loquentur,
2649 5438 2698 5480 et
2732 5430 2999 5481 mirabilia
3033 5438 3123 5497 tua
3156 5440 3380 5476 enarra-

1806 5499 1953 5550 bunt.
2026 5496 2282 5553 Virtutem
2347 5496 2750 5551 ntetuendurum
2811 5511 3020 5550 tuarum
3073 5496 3265 5556 dicent,
3327 5503 3378 5547 et

1809 5571 2232 5636 magnitudinem
2268 5580 2412 5622 tuam
2445 5574 2726 5638 loquentur
2765 5567 3122 5638 (Augustinus
3150 5579 3380 5638 enarra-

1804 5634 1930 5689 bunt
1984 5643 2145 5707 eam).
2204 5639 2323 5692 Mox
2375 5634 2781 5702 eructuabunt,
2818 5634 2926 5707 pro
2958 5634 3287 5707 eructabunt,
3331 5645 3380 5688 et

1808 5703 2148 5783 longanimis,
2182 5726 2279 5778 pro
2309 5713 2535 5783 patiens.
2571 5703 2834 5783 Denique,
2889 5703 3078 5783 suavis
3123 5705 3383 5783 Dominus

1809 5779 2065 5842 omnibus,
2105 5789 2149 5831 et
2183 5776 2542 5832 miserationes
2569 5777 2680 5843 ejus
2710 5781 2762 5830 in
2791 5776 2966 5829 omnia
2994 5791 3156 5846 opera
3192 5776 3327 5843 ejus.
