  <div class='ocr_page' id='page_1' title='image "/cluster/home/n/w/nwhite01/storage/ocr_20150623/29/hvd.32044096580519/221.png"; bbox 0 0 3840 6176; ppageno 0'>
   <div class='ocr_carea' id='block_1_1' title="bbox 431 354 522 414">
    <p class='ocr_par' dir='ltr' id='par_1_1' title="bbox 431 354 522 414">
     <span class='ocr_line' id='line_1_1' title="bbox 431 354 522 414; baseline 0 -1"><span class='ocrx_word' id='word_1_1' title='bbox 431 354 522 414; x_wconf 69' lang='lat' dir='ltr'><strong><em>liii</em></strong></span> 
     </span>
    </p>
   </div>
   <div class='ocr_carea' id='block_1_2' title="bbox 1331 340 2759 408">
    <p class='ocr_par' dir='ltr' id='par_1_2' title="bbox 1331 340 2759 408">
     <span class='ocr_line' id='line_1_2' title="bbox 1331 340 2759 408; baseline -0.006 -2"><span class='ocrx_word' id='word_1_2' title='bbox 1331 349 1396 408; x_wconf 92' lang='lat' dir='ltr'><strong><em>S.</em></strong></span> <span class='ocrx_word' id='word_1_3' title='bbox 1437 345 1876 408; x_wconf 80' lang='lat' dir='ltr'><strong><em>HIERONYMI</em></strong></span> <span class='ocrx_word' id='word_1_4' title='bbox 1915 343 2190 406; x_wconf 79' lang='lat' dir='ltr'><strong><em>DIVINA</em></strong></span> <span class='ocrx_word' id='word_1_5' title='bbox 2226 340 2759 403; x_wconf 83' lang='lat' dir='ltr'><strong><em>BIBLIOTHECA.</em></strong></span> 
     </span>
    </p>
   </div>
   <div class='ocr_carea' id='block_1_3' title="bbox 3535 341 3623 407">
    <p class='ocr_par' dir='ltr' id='par_1_3' title="bbox 3535 341 3623 407">
     <span class='ocr_line' id='line_1_3' title="bbox 3535 341 3623 407; baseline 0.08 -6"><span class='ocrx_word' id='word_1_6' title='bbox 3535 341 3623 407; x_wconf 65' lang='grc'><strong><em>412</em></strong></span> 
     </span>
    </p>
   </div>
   <div class='ocr_carea' id='block_1_4' title="bbox 499 447 3621 528">
    <p class='ocr_par' dir='ltr' id='par_1_4' title="bbox 499 447 3621 528">
     <span class='ocr_line' id='line_1_4' title="bbox 499 447 3621 528; baseline -0.002 -21"><span class='ocrx_word' id='word_1_7' title='bbox 499 455 704 525; x_wconf 65' lang='lat' dir='ltr'><strong><em>[item]</em></strong></span> <span class='ocrx_word' id='word_1_8' title='bbox 748 455 846 509; x_wconf 85' lang='lat' dir='ltr'><strong><em>l’er</em></strong></span> <span class='ocrx_word' id='word_1_9' title='bbox 872 458 1108 528; x_wconf 85' lang='lat' dir='ltr'><strong><em>singulos</em></strong></span> <span class='ocrx_word' id='word_1_10' title='bbox 1139 459 1249 510; x_wconf 87' lang='lat' dir='ltr'><strong><em>dies</em></strong></span> <span class='ocrx_word' id='word_1_11' title='bbox 1283 458 1589 510; x_wconf 85' lang='lat' dir='ltr'><strong><em>benedicam</em></strong></span> <span class='ocrx_word' id='word_1_12' title='bbox 1623 458 1712 510; x_wconf 87' lang='lat' dir='ltr'><strong><em>tibi</em></strong></span> <span class='ocrx_word' id='word_1_13' title='bbox 1741 471 1757 509; x_wconf 92' lang='lat'><em>:</em></span> <span class='ocrx_word' id='word_1_14' title='bbox 1796 465 1846 510; x_wconf 87' lang='lat' dir='ltr'><strong><em>et</em></strong></span> <span class='ocrx_word' id='word_1_15' title='bbox 1878 454 1995 510; x_wconf 79' lang='lat' dir='ltr'><strong><em>lau-</em></strong></span> <span class='ocrx_word' id='word_1_16' title='bbox 2025 463 2070 520; x_wconf 78' lang='grc' dir='ltr'><strong>Α</strong></span> <span class='ocrx_word' id='word_1_17' title='bbox 2169 450 2378 526; x_wconf 56' lang='lat' dir='ltr'><strong><em>[Bella]</em></strong></span> <span class='ocrx_word' id='word_1_18' title='bbox 2429 451 2535 506; x_wconf 81' lang='lat' dir='ltr'><strong><em>Per</em></strong></span> <span class='ocrx_word' id='word_1_19' title='bbox 2565 450 2816 520; x_wconf 81' lang='lat' dir='ltr'><strong><em>singulos</em></strong></span> <span class='ocrx_word' id='word_1_20' title='bbox 2845 449 2962 503; x_wconf 86' lang='lat' dir='ltr'><strong><em>dies</em></strong></span> <span class='ocrx_word' id='word_1_21' title='bbox 2999 447 3306 502; x_wconf 78' lang='lat' dir='ltr'><strong><em>benedicam</em></strong></span> <span class='ocrx_word' id='word_1_22' title='bbox 3339 459 3385 502; x_wconf 81' lang='lat' dir='ltr'><strong><em>te</em></strong></span> <span class='ocrx_word' id='word_1_23' title='bbox 3408 464 3421 504; x_wconf 88' lang='lat'><strong>:</strong></span> <span class='ocrx_word' id='word_1_24' title='bbox 3443 459 3491 502; x_wconf 87' lang='lat' dir='ltr'><strong><em>et</em></strong></span> <span class='ocrx_word' id='word_1_25' title='bbox 3527 450 3621 502; x_wconf 85' lang='lat' dir='ltr'><strong><em>lau-</em></strong></span> 
     </span>
    </p>
   </div>
   <div class='ocr_carea' id='block_1_5' title="bbox 427 550 2001 617">
    <p class='ocr_par' dir='ltr' id='par_1_5' title="bbox 427 550 2001 617">
     <span class='ocr_line' id='line_1_5' title="bbox 427 550 2001 617; baseline 0.001 -15"><span class='ocrx_word' id='word_1_26' title='bbox 427 550 561 602; x_wconf 82' lang='lat' dir='ltr'><strong><em>dabo</em></strong></span> <span class='ocrx_word' id='word_1_27' title='bbox 592 566 771 602; x_wconf 80' lang='lat' dir='ltr'><strong><em>nomen</em></strong></span> <span class='ocrx_word' id='word_1_28' title='bbox 797 562 942 604; x_wconf 86' lang='lat' dir='ltr'><strong><em>tnum</em></strong></span> <span class='ocrx_word' id='word_1_29' title='bbox 975 554 1029 605; x_wconf 87' lang='lat' dir='ltr'><strong><em>in</em></strong></span> <span class='ocrx_word' id='word_1_30' title='bbox 1065 552 1339 617; x_wconf 72' lang='lat' dir='ltr'><strong><em>saxulum,</em></strong></span> <span class='ocrx_word' id='word_1_31' title='bbox 1372 561 1417 605; x_wconf 91' lang='lat' dir='ltr'><strong><em>et</em></strong></span> <span class='ocrx_word' id='word_1_32' title='bbox 1457 553 1509 604; x_wconf 91' lang='lat' dir='ltr'><strong><em>in</em></strong></span> <span class='ocrx_word' id='word_1_33' title='bbox 1538 551 1786 604; x_wconf 72' lang='lat' dir='ltr'><strong><em>sarculum</em></strong></span> <span class='ocrx_word' id='word_1_34' title='bbox 1820 565 1881 604; x_wconf 69' lang='lat'>+</span> <span class='ocrx_word' id='word_1_35' title='bbox 1905 563 2001 603; x_wconf 82' lang='lat' dir='ltr'><strong><em>ste—</em></strong></span> 
     </span>
    </p>
   </div>
   <div class='ocr_carea' id='block_1_6' title="bbox 430 641 586 709">
    <p class='ocr_par' dir='ltr' id='par_1_6' title="bbox 430 641 586 709">
     <span class='ocr_line' id='line_1_6' title="bbox 430 641 586 709; baseline 0.013 -17"><span class='ocrx_word' id='word_1_36' title='bbox 430 643 534 694; x_wconf 80' lang='lat' dir='ltr'><strong><em>culi</em></strong></span> <span class='ocrx_word' id='word_1_37' title='bbox 565 641 586 709; x_wconf 70' lang='grc' dir='ltr'>ζ</span> 
     </span>
    </p>
   </div>
   <div class='ocr_carea' id='block_1_7' title="bbox 501 715 2004 803">
    <p class='ocr_par' dir='ltr' id='par_1_7' title="bbox 501 715 2004 803">
     <span class='ocr_line' id='line_1_7' title="bbox 501 715 2004 803; baseline 0 -20"><span class='ocrx_word' id='word_1_38' title='bbox 501 715 746 803; x_wconf 65' lang='lat' dir='ltr'><strong><em>[Simo].J</em></strong></span> <span class='ocrx_word' id='word_1_39' title='bbox 773 733 1013 800; x_wconf 71' lang='lat' dir='ltr'><strong><em>&quot;Magnus</em></strong></span> <span class='ocrx_word' id='word_1_40' title='bbox 1068 734 1344 799; x_wconf 76' lang='lat' dir='ltr'><strong><em>Dominus,</em></strong></span> <span class='ocrx_word' id='word_1_41' title='bbox 1396 745 1447 787; x_wconf 87' lang='lat' dir='ltr'><strong><em>et</em></strong></span> <span class='ocrx_word' id='word_1_42' title='bbox 1481 731 1771 786; x_wconf 86' lang='lat' dir='ltr'><strong><em>laudabilis</em></strong></span> <span class='ocrx_word' id='word_1_43' title='bbox 1799 732 1952 785; x_wconf 85' lang='lat' dir='ltr'><strong><em>nimis</em></strong></span> <span class='ocrx_word' id='word_1_44' title='bbox 1986 746 2004 783; x_wconf 90' lang='lat'><strong><em>:</em></strong></span> 
     </span>
    </p>
   </div>
   <div class='ocr_carea' id='block_1_8' title="bbox 431 806 1902 895">
    <p class='ocr_par' dir='ltr' id='par_1_8' title="bbox 431 806 1902 895">
     <span class='ocr_line' id='line_1_8' title="bbox 431 806 1902 895; baseline 0.005 -19"><span class='ocrx_word' id='word_1_45' title='bbox 431 836 476 876; x_wconf 91' lang='lat' dir='ltr'><strong><em>et</em></strong></span> <span class='ocrx_word' id='word_1_46' title='bbox 521 825 902 892; x_wconf 70' lang='lat' dir='ltr'><strong><em>magnitudinis</em></strong></span> <span class='ocrx_word' id='word_1_47' title='bbox 926 827 1039 895; x_wconf 87' lang='lat' dir='ltr'><strong><em>ejus</em></strong></span> <span class='ocrx_word' id='word_1_48' title='bbox 1065 843 1166 879; x_wconf 88' lang='lat' dir='ltr'><strong><em>non</em></strong></span> <span class='ocrx_word' id='word_1_49' title='bbox 1193 839 1266 880; x_wconf 85' lang='lat' dir='ltr'><strong><em>est</em></strong></span> <span class='ocrx_word' id='word_1_50' title='bbox 1299 827 1448 894; x_wconf 81' lang='lat' dir='ltr'><strong><em>finis.</em></strong></span> <span class='ocrx_word' id='word_1_51' title='bbox 1867 806 1902 826; x_wconf 59' lang='lat'><strong><em>&#39;</em></strong></span> 
     </span>
    </p>
   </div>
   <div class='ocr_carea' id='block_1_9' title="bbox 502 913 2005 984">
    <p class='ocr_par' dir='ltr' id='par_1_9' title="bbox 502 913 2005 984">
     <span class='ocr_line' id='line_1_9' title="bbox 502 913 2005 984; baseline 0.001 -21"><span class='ocrx_word' id='word_1_52' title='bbox 502 913 723 981; x_wconf 80' lang='lat' dir='ltr'><strong><em>[Daleth</em></strong></span> <span class='ocrx_word' id='word_1_53' title='bbox 754 955 773 984; x_wconf 55' lang='lat' dir='ltr'><strong>J</strong></span> <span class='ocrx_word' id='word_1_54' title='bbox 805 913 1088 968; x_wconf 60' lang='lat' dir='ltr'><strong><em>Generat‘io</em></strong></span> <span class='ocrx_word' id='word_1_55' title='bbox 1121 924 1169 967; x_wconf 90' lang='lat' dir='ltr'><strong><em>et</em></strong></span> <span class='ocrx_word' id='word_1_56' title='bbox 1202 915 1474 983; x_wconf 83' lang='lat' dir='ltr'><strong><em>generatio</em></strong></span> <span class='ocrx_word' id='word_1_57' title='bbox 1503 913 1752 967; x_wconf 84' lang='lat' dir='ltr'><strong><em>laudabit</em></strong></span> <span class='ocrx_word' id='word_1_58' title='bbox 1786 913 1803 944; x_wconf 79' lang='grc' dir='ltr'>ί</span> <span class='ocrx_word' id='word_1_59' title='bbox 1847 928 2005 980; x_wconf 79' lang='lat' dir='ltr'><strong><em>opera</em></strong></span> 
     </span>
    </p>
   </div>
   <div class='ocr_carea' id='block_1_10' title="bbox 434 1007 1626 1076">
    <p class='ocr_par' dir='ltr' id='par_1_10' title="bbox 434 1007 1626 1076">
     <span class='ocr_line' id='line_1_10' title="bbox 434 1007 1626 1076; baseline 0.004 -22"><span class='ocrx_word' id='word_1_60' title='bbox 434 1013 522 1054; x_wconf 89' lang='lat' dir='ltr'><strong><em>tua</em></strong></span> <span class='ocrx_word' id='word_1_61' title='bbox 554 1019 571 1055; x_wconf 85' lang='lat'><strong><em>.&#39;</em></strong></span> <span class='ocrx_word' id='word_1_62' title='bbox 609 1013 658 1055; x_wconf 91' lang='lat' dir='ltr'><strong><em>et</em></strong></span> <span class='ocrx_word' id='word_1_63' title='bbox 692 1007 978 1068; x_wconf 84' lang='lat' dir='ltr'><strong><em>potentiam</em></strong></span> <span class='ocrx_word' id='word_1_64' title='bbox 1008 1015 1155 1058; x_wconf 89' lang='lat' dir='ltr'><strong><em>tuam</em></strong></span> <span class='ocrx_word' id='word_1_65' title='bbox 1187 1007 1626 1076; x_wconf 75' lang='lat' dir='ltr'><strong><em>pronuntiabunt.</em></strong></span> 
     </span>
    </p>
   </div>
   <div class='ocr_carea' id='block_1_11' title="bbox 504 1094 2010 1168">
    <p class='ocr_par' dir='ltr' id='par_1_11' title="bbox 504 1094 2010 1168">
     <span class='ocr_line' id='line_1_11' title="bbox 504 1094 2010 1168; baseline 0.001 -20"><span class='ocrx_word' id='word_1_66' title='bbox 504 1094 661 1167; x_wconf 54' lang='lat' dir='ltr'><strong><em>[lica]</em></strong></span> <span class='ocrx_word' id='word_1_67' title='bbox 703 1095 1153 1166; x_wconf 75' lang='lat' dir='ltr'><strong><em>Magniﬁcentiam</em></strong></span> <span class='ocrx_word' id='word_1_68' title='bbox 1199 1099 1382 1168; x_wconf 74' lang='lat' dir='ltr'><strong><em>gloria:</em></strong></span> <span class='ocrx_word' id='word_1_69' title='bbox 1432 1098 1732 1152; x_wconf 73' lang='lat' dir='ltr'><strong><em>sanctitatis</em></strong></span> <span class='ocrx_word' id='word_1_70' title='bbox 1775 1107 1886 1150; x_wconf 62' lang='lat' dir='ltr'><strong><em>tua:</em></strong></span> <span class='ocrx_word' id='word_1_71' title='bbox 1934 1097 2010 1150; x_wconf 88' lang='lat' dir='ltr'><strong><em>lo-</em></strong></span> 
     </span>
    </p>
   </div>
   <div class='ocr_carea' id='block_1_12' title="bbox 431 1191 1524 1256">
    <p class='ocr_par' dir='ltr' id='par_1_12' title="bbox 431 1191 1524 1256">
     <span class='ocr_line' id='line_1_12' title="bbox 431 1191 1524 1256; baseline 0.005 -17"><span class='ocrx_word' id='word_1_72' title='bbox 431 1199 682 1256; x_wconf 78' lang='lat' dir='ltr'><strong><em>quentur,</em></strong></span> <span class='ocrx_word' id='word_1_73' title='bbox 714 1200 762 1242; x_wconf 89' lang='lat' dir='ltr'><strong><em>et</em></strong></span> <span class='ocrx_word' id='word_1_74' title='bbox 791 1191 1059 1244; x_wconf 84' lang='lat' dir='ltr'><strong><em>mirabilia</em></strong></span> <span class='ocrx_word' id='word_1_75' title='bbox 1089 1202 1178 1243; x_wconf 84' lang='lat' dir='ltr'><strong><em>tua</em></strong></span> <span class='ocrx_word' id='word_1_76' title='bbox 1209 1191 1524 1244; x_wconf 69' lang='lat' dir='ltr'><strong><em>narrabant.</em></strong></span> 
     </span>
    </p>
   </div>
   <div class='ocr_carea' id='block_1_13' title="bbox 506 1299 2007 1372">
    <p class='ocr_par' dir='ltr' id='par_1_13' title="bbox 506 1299 2007 1372">
     <span class='ocr_line' id='line_1_13' title="bbox 506 1299 2007 1372; baseline -0.001 -20"><span class='ocrx_word' id='word_1_77' title='bbox 506 1299 694 1372; x_wconf 81' lang='lat' dir='ltr'><strong><em>[Vav.]</em></strong></span> <span class='ocrx_word' id='word_1_78' title='bbox 741 1303 802 1354; x_wconf 84' lang='lat' dir='ltr'><strong><em>Et</em></strong></span> <span class='ocrx_word' id='word_1_79' title='bbox 831 1306 1074 1356; x_wconf 82' lang='lat' dir='ltr'><strong><em>virtutem</em></strong></span> <span class='ocrx_word' id='word_1_80' title='bbox 1121 1304 1442 1356; x_wconf 85' lang='lat' dir='ltr'><strong><em>terribilium</em></strong></span> <span class='ocrx_word' id='word_1_81' title='bbox 1477 1311 1687 1355; x_wconf 90' lang='lat' dir='ltr'><strong><em>tuorum</em></strong></span> <span class='ocrx_word' id='word_1_82' title='bbox 1715 1301 1884 1355; x_wconf 85' lang='lat' dir='ltr'><strong><em>dicent</em></strong></span> <span class='ocrx_word' id='word_1_83' title='bbox 1913 1315 1929 1352; x_wconf 93' lang='lat'><em>:</em></span> <span class='ocrx_word' id='word_1_84' title='bbox 1961 1307 2007 1351; x_wconf 86' lang='lat' dir='ltr'><strong><em>et</em></strong></span> 
     </span>
    </p>
   </div>
   <div class='ocr_carea' id='block_1_14' title="bbox 434 1395 1374 1462">
    <p class='ocr_par' dir='ltr' id='par_1_14' title="bbox 434 1395 1374 1462">
     <span class='ocr_line' id='line_1_14' title="bbox 434 1395 1374 1462; baseline 0.001 -19"><span class='ocrx_word' id='word_1_85' title='bbox 434 1395 845 1462; x_wconf 85' lang='lat' dir='ltr'><strong><em>magnitudinem</em></strong></span> <span class='ocrx_word' id='word_1_86' title='bbox 873 1408 1019 1449; x_wconf 88' lang='lat' dir='ltr'><strong><em>tuam</em></strong></span> <span class='ocrx_word' id='word_1_87' title='bbox 1052 1396 1374 1448; x_wconf 83' lang='lat' dir='ltr'><strong><em>narrabant.</em></strong></span> 
     </span>
    </p>
   </div>
   <div class='ocr_carea' id='block_1_15' title="bbox 511 1507 2012 1577">
    <p class='ocr_par' dir='ltr' id='par_1_15' title="bbox 511 1507 2012 1577">
     <span class='ocr_line' id='line_1_15' title="bbox 511 1507 2012 1577; baseline 0 -19"><span class='ocrx_word' id='word_1_88' title='bbox 511 1507 714 1577; x_wconf 71' lang='lat' dir='ltr'><strong><em>[Zain.]</em></strong></span> <span class='ocrx_word' id='word_1_89' title='bbox 748 1508 1057 1561; x_wconf 72' lang='grc' dir='ltr'><strong><em>Μιτηονὶαηι</em></strong></span> <span class='ocrx_word' id='word_1_90' title='bbox 1080 1509 1424 1562; x_wconf 81' lang='lat' dir='ltr'><strong><em>abundantia:</em></strong></span> <span class='ocrx_word' id='word_1_91' title='bbox 1451 1509 1730 1564; x_wconf 80' lang='lat' dir='ltr'><strong><em>suavitatis</em></strong></span> <span class='ocrx_word' id='word_1_92' title='bbox 1764 1516 1868 1562; x_wconf 74' lang='lat' dir='ltr'><strong><em>tua:</em></strong></span> <span class='ocrx_word' id='word_1_93' title='bbox 1892 1524 2012 1560; x_wconf 88' lang='lat' dir='ltr'><strong><em>eru-</em></strong></span> 
     </span>
    </p>
   </div>
   <div class='ocr_carea' id='block_1_16' title="bbox 437 1600 1502 1668">
    <p class='ocr_par' dir='ltr' id='par_1_16' title="bbox 437 1600 1502 1668">
     <span class='ocr_line' id='line_1_16' title="bbox 437 1600 1502 1668; baseline 0.004 -18"><span class='ocrx_word' id='word_1_94' title='bbox 437 1601 672 1660; x_wconf 86' lang='lat' dir='ltr'><strong><em>ctubunt,</em></strong></span> <span class='ocrx_word' id='word_1_95' title='bbox 707 1610 754 1650; x_wconf 88' lang='lat' dir='ltr'><strong><em>et</em></strong></span> <span class='ocrx_word' id='word_1_96' title='bbox 777 1600 992 1668; x_wconf 79' lang='lat' dir='ltr'><strong><em>jttstitta</em></strong></span> <span class='ocrx_word' id='word_1_97' title='bbox 1026 1610 1116 1652; x_wconf 88' lang='lat' dir='ltr'><strong><em>tua</em></strong></span> <span class='ocrx_word' id='word_1_98' title='bbox 1143 1603 1502 1654; x_wconf 75' lang='lat' dir='ltr'><strong><em>exsultabant.</em></strong></span> 
     </span>
    </p>
   </div>
   <div class='ocr_carea' id='block_1_17' title="bbox 505 1712 2012 1785">
    <p class='ocr_par' dir='ltr' id='par_1_17' title="bbox 505 1712 2012 1785">
     <span class='ocr_line' id='line_1_17' title="bbox 505 1712 2012 1785; baseline -0.002 -19"><span class='ocrx_word' id='word_1_99' title='bbox 505 1712 720 1785; x_wconf 70' lang='lat' dir='ltr'><strong><em>[lletlL]</em></strong></span> <span class='ocrx_word' id='word_1_100' title='bbox 758 1712 1044 1766; x_wconf 70' lang='lat' dir='ltr'><strong><em>Misettator</em></strong></span> <span class='ocrx_word' id='word_1_101' title='bbox 1067 1725 1112 1766; x_wconf 78' lang='lat' dir='ltr'><strong><em>et</em></strong></span> <span class='ocrx_word' id='word_1_102' title='bbox 1142 1715 1434 1767; x_wconf 80' lang='lat' dir='ltr'><strong><em>misericors</em></strong></span> <span class='ocrx_word' id='word_1_103' title='bbox 1463 1714 1722 1766; x_wconf 74' lang='lat' dir='ltr'><strong><em>Dominus</em></strong></span> <span class='ocrx_word' id='word_1_104' title='bbox 1747 1726 1763 1762; x_wconf 89' lang='lat'><strong><em>:</em></strong></span> <span class='ocrx_word' id='word_1_105' title='bbox 1785 1712 2012 1780; x_wconf 82' lang='lat' dir='ltr'><strong><em>patiens,</em></strong></span> 
     </span>
    </p>
   </div>
   <div class='ocr_carea' id='block_1_18' title="bbox 439 1806 1098 1858">
    <p class='ocr_par' dir='ltr' id='par_1_18' title="bbox 439 1806 1098 1858">
     <span class='ocr_line' id='line_1_18' title="bbox 439 1806 1098 1858; baseline 0 -2"><span class='ocrx_word' id='word_1_106' title='bbox 439 1814 487 1856; x_wconf 83' lang='lat' dir='ltr'><strong><em>et</em></strong></span> <span class='ocrx_word' id='word_1_107' title='bbox 529 1806 751 1856; x_wconf 84' lang='lat' dir='ltr'><strong><em>multum</em></strong></span> <span class='ocrx_word' id='word_1_108' title='bbox 783 1806 1098 1858; x_wconf 80' lang='lat' dir='ltr'><strong><em>misericors.</em></strong></span> 
     </span>
    </p>
   </div>
   <div class='ocr_carea' id='block_1_19' title="bbox 510 1911 2014 1983">
    <p class='ocr_par' dir='ltr' id='par_1_19' title="bbox 510 1911 2014 1983">
     <span class='ocr_line' id='line_1_19' title="bbox 510 1911 2014 1983; baseline 0.003 -19"><span class='ocrx_word' id='word_1_109' title='bbox 510 1911 724 1983; x_wconf 49' lang='grc' dir='ltr'>[γεω]</span> <span class='ocrx_word' id='word_1_110' title='bbox 756 1914 950 1967; x_wconf 75' lang='lat' dir='ltr'><strong><em>Suavis</em></strong></span> <span class='ocrx_word' id='word_1_111' title='bbox 973 1915 1227 1967; x_wconf 74' lang='lat' dir='ltr'><strong><em>Dominus</em></strong></span> <span class='ocrx_word' id='word_1_112' title='bbox 1255 1915 1512 1968; x_wconf 82' lang='lat' dir='ltr'><strong><em>universis</em></strong></span> <span class='ocrx_word' id='word_1_113' title='bbox 1533 1930 1552 1968; x_wconf 90' lang='lat'><em>:</em></span> <span class='ocrx_word' id='word_1_114' title='bbox 1574 1925 1622 1967; x_wconf 88' lang='lat' dir='ltr'><strong><em>et</em></strong></span> <span class='ocrx_word' id='word_1_115' title='bbox 1652 1917 2014 1968; x_wconf 73' lang='lat' dir='ltr'><strong><em>miserationes</em></strong></span> 
     </span>
    </p>
   </div>
   <div class='ocr_carea' id='block_1_20' title="bbox 439 1993 1308 2075">
    <p class='ocr_par' dir='ltr' id='par_1_20' title="bbox 439 1993 1308 2075">
     <span class='ocr_line' id='line_1_20' title="bbox 439 1993 1308 2075; baseline 0.002 -19"><span class='ocrx_word' id='word_1_116' title='bbox 439 1993 552 2074; x_wconf 74' lang='lat' dir='ltr'><strong><em>ejus</em></strong></span> <span class='ocrx_word' id='word_1_117' title='bbox 587 2022 743 2075; x_wconf 85' lang='lat' dir='ltr'><strong><em>super</em></strong></span> <span class='ocrx_word' id='word_1_118' title='bbox 773 2009 950 2059; x_wconf 85' lang='lat' dir='ltr'><strong><em>omnia</em></strong></span> <span class='ocrx_word' id='word_1_119' title='bbox 983 2022 1144 2075; x_wconf 81' lang='lat' dir='ltr'><strong><em>Opera</em></strong></span> <span class='ocrx_word' id='word_1_120' title='bbox 1170 2007 1308 2075; x_wconf 83' lang='lat' dir='ltr'><strong><em>ejus.</em></strong></span> 
     </span>
    </p>
   </div>
   <div class='ocr_carea' id='block_1_21' title="bbox 511 2117 2015 2192">
    <p class='ocr_par' dir='ltr' id='par_1_21' title="bbox 511 2117 2015 2192">
     <span class='ocr_line' id='line_1_21' title="bbox 511 2117 2015 2192; baseline 0.001 -20"><span class='ocrx_word' id='word_1_121' title='bbox 511 2117 685 2192; x_wconf 83' lang='lat' dir='ltr'><strong><em>[Jod.]</em></strong></span> <span class='ocrx_word' id='word_1_122' title='bbox 739 2119 1112 2188; x_wconf 77' lang='lat' dir='ltr'><strong><em>Canﬁteantar</em></strong></span> <span class='ocrx_word' id='word_1_123' title='bbox 1163 2122 1276 2186; x_wconf 85' lang='lat' dir='ltr'><strong><em>tibi,</em></strong></span> <span class='ocrx_word' id='word_1_124' title='bbox 1322 2121 1567 2189; x_wconf 89' lang='lat' dir='ltr'><strong><em>Domine,</em></strong></span> <span class='ocrx_word' id='word_1_125' title='bbox 1620 2122 1799 2175; x_wconf 88' lang='lat' dir='ltr'><strong><em>omnia</em></strong></span> <span class='ocrx_word' id='word_1_126' title='bbox 1855 2137 2015 2192; x_wconf 87' lang='lat' dir='ltr'><strong><em>opera</em></strong></span> 
     </span>
    </p>
   </div>
   <div class='ocr_carea' id='block_1_22' title="bbox 447 2214 1462 2267">
    <p class='ocr_par' dir='ltr' id='par_1_22' title="bbox 447 2214 1462 2267">
     <span class='ocr_line' id='line_1_22' title="bbox 447 2214 1462 2267; baseline 0.004 -5"><span class='ocrx_word' id='word_1_127' title='bbox 447 2221 539 2264; x_wconf 90' lang='lat' dir='ltr'><strong><em>tua</em></strong></span> <span class='ocrx_word' id='word_1_128' title='bbox 577 2226 595 2264; x_wconf 86' lang='lat'><strong><em>.&#39;</em></strong></span> <span class='ocrx_word' id='word_1_129' title='bbox 630 2225 674 2265; x_wconf 90' lang='lat' dir='ltr'><strong><em>et</em></strong></span> <span class='ocrx_word' id='word_1_130' title='bbox 700 2214 873 2266; x_wconf 86' lang='lat' dir='ltr'><strong><em>sancti</em></strong></span> <span class='ocrx_word' id='word_1_131' title='bbox 905 2215 979 2266; x_wconf 91' lang='lat' dir='ltr'><strong><em>tui</em></strong></span> <span class='ocrx_word' id='word_1_132' title='bbox 1014 2215 1319 2267; x_wconf 83' lang='lat' dir='ltr'><strong><em>benedicant</em></strong></span> <span class='ocrx_word' id='word_1_133' title='bbox 1349 2214 1462 2267; x_wconf 90' lang='lat' dir='ltr'><strong><em>tibi.</em></strong></span> 
     </span>
    </p>
   </div>
   <div class='ocr_carea' id='block_1_23' title="bbox 513 2326 2016 2399">
    <p class='ocr_par' dir='ltr' id='par_1_23' title="bbox 513 2326 2016 2399">
     <span class='ocr_line' id='line_1_23' title="bbox 513 2326 2016 2399; baseline 0 -18"><span class='ocrx_word' id='word_1_134' title='bbox 513 2326 734 2399; x_wconf 64' lang='lat' dir='ltr'><strong><em>[Capln]</em></strong></span> <span class='ocrx_word' id='word_1_135' title='bbox 773 2327 1010 2382; x_wconf 84' lang='lat' dir='ltr'><strong><em>Gloriam</em></strong></span> <span class='ocrx_word' id='word_1_136' title='bbox 1054 2331 1202 2399; x_wconf 81' lang='lat' dir='ltr'><strong><em>regni</em></strong></span> <span class='ocrx_word' id='word_1_137' title='bbox 1256 2332 1334 2383; x_wconf 84' lang='lat' dir='ltr'><strong><em>tui</em></strong></span> <span class='ocrx_word' id='word_1_138' title='bbox 1381 2331 1607 2384; x_wconf 82' lang='lat' dir='ltr'><strong><em>dicent:</em></strong></span> <span class='ocrx_word' id='word_1_139' title='bbox 1653 2339 1701 2382; x_wconf 90' lang='lat' dir='ltr'><strong><em>et</em></strong></span> <span class='ocrx_word' id='word_1_140' title='bbox 1729 2331 2016 2398; x_wconf 87' lang='lat' dir='ltr'><strong><em>potentiam</em></strong></span> 
     </span>
    </p>
   </div>
   <div class='ocr_carea' id='block_1_24' title="bbox 443 2420 926 2488">
    <p class='ocr_par' dir='ltr' id='par_1_24' title="bbox 443 2420 926 2488">
     <span class='ocr_line' id='line_1_24' title="bbox 443 2420 926 2488; baseline -0.002 -17"><span class='ocrx_word' id='word_1_141' title='bbox 443 2430 593 2473; x_wconf 88' lang='lat' dir='ltr'><strong><em>tuam</em></strong></span> <span class='ocrx_word' id='word_1_142' title='bbox 622 2420 926 2488; x_wconf 89' lang='lat' dir='ltr'><strong><em>loquentur.</em></strong></span> 
     </span>
    </p>
   </div>
   <div class='ocr_carea' id='block_1_25' title="bbox 503 2531 2018 2607">
    <p class='ocr_par' dir='ltr' id='par_1_25' title="bbox 503 2531 2018 2607">
     <span class='ocr_line' id='line_1_25' title="bbox 503 2531 2018 2607; baseline 0.003 -23"><span class='ocrx_word' id='word_1_143' title='bbox 503 2531 793 2605; x_wconf 81' lang='lat' dir='ltr'><strong><em>.[Lamed.]</em></strong></span> <span class='ocrx_word' id='word_1_144' title='bbox 840 2535 903 2588; x_wconf 90' lang='lat' dir='ltr'><strong><em>Ut</em></strong></span> <span class='ocrx_word' id='word_1_145' title='bbox 922 2546 1114 2589; x_wconf 85' lang='lat' dir='ltr'><strong><em>.notam</em></strong></span> <span class='ocrx_word' id='word_1_146' title='bbox 1136 2536 1340 2605; x_wconf 68' lang='lat' dir='ltr'><strong><em>faciant</em></strong></span> <span class='ocrx_word' id='word_1_147' title='bbox 1364 2538 1493 2604; x_wconf 83' lang='lat' dir='ltr'><strong><em>ﬁliis</em></strong></span> <span class='ocrx_word' id='word_1_148' title='bbox 1527 2538 1808 2592; x_wconf 84' lang='lat' dir='ltr'><strong><em>hominum</em></strong></span> <span class='ocrx_word' id='word_1_149' title='bbox 1836 2547 2018 2607; x_wconf 87' lang='lat' dir='ltr'><strong><em>poten-</em></strong></span> 
     </span>
    </p>
   </div>
   <div class='ocr_carea' id='block_1_26' title="bbox 448 2628 1853 2702">
    <p class='ocr_par' dir='ltr' id='par_1_26' title="bbox 448 2628 1853 2702">
     <span class='ocr_line' id='line_1_26' title="bbox 448 2628 1853 2702; baseline 0.006 -24"><span class='ocrx_word' id='word_1_150' title='bbox 448 2628 576 2678; x_wconf 88' lang='lat' dir='ltr'><strong><em>tiam</em></strong></span> <span class='ocrx_word' id='word_1_151' title='bbox 605 2637 780 2696; x_wconf 79' lang='lat' dir='ltr'><strong><em>tuam,</em></strong></span> <span class='ocrx_word' id='word_1_152' title='bbox 809 2643 859 2680; x_wconf 85' lang='lat' dir='ltr'><strong><em>et</em></strong></span> <span class='ocrx_word' id='word_1_153' title='bbox 881 2629 1540 2699; x_wconf 75' lang='lat' dir='ltr'><strong><em>gloriammagniﬁcentiie</em></strong></span> <span class='ocrx_word' id='word_1_154' title='bbox 1570 2633 1718 2702; x_wconf 85' lang='lat' dir='ltr'><strong><em>regni</em></strong></span> <span class='ocrx_word' id='word_1_155' title='bbox 1755 2635 1853 2686; x_wconf 90' lang='lat' dir='ltr'><strong><em>tui.</em></strong></span> 
     </span>
    </p>
   </div>
   <div class='ocr_carea' id='block_1_27' title="bbox 517 2735 2018 2812">
    <p class='ocr_par' dir='ltr' id='par_1_27' title="bbox 517 2735 2018 2812">
     <span class='ocr_line' id='line_1_27' title="bbox 517 2735 2018 2812; baseline 0.007 -24"><span class='ocrx_word' id='word_1_156' title='bbox 517 2735 729 2809; x_wconf 71' lang='lat' dir='ltr'><strong><em>[Mem]</em></strong></span> <span class='ocrx_word' id='word_1_157' title='bbox 790 2737 1026 2808; x_wconf 82' lang='lat' dir='ltr'><strong><em>Regnum</em></strong></span> <span class='ocrx_word' id='word_1_158' title='bbox 1069 2749 1240 2807; x_wconf 80' lang='lat' dir='ltr'><strong><em>tuum,</em></strong></span> <span class='ocrx_word' id='word_1_159' title='bbox 1269 2758 1490 2812; x_wconf 79' lang='lat' dir='ltr'><strong><em>regnum</em></strong></span> <span class='ocrx_word' id='word_1_160' title='bbox 1516 2746 1752 2798; x_wconf 85' lang='lat' dir='ltr'><strong><em>omnium</em></strong></span> <span class='ocrx_word' id='word_1_161' title='bbox 1797 2745 2018 2798; x_wconf 73' lang='lat' dir='ltr'><strong><em>sa’culo-</em></strong></span> 
     </span>
    </p>
   </div>
   <div class='ocr_carea' id='block_1_28' title="bbox 447 2831 2020 2907">
    <p class='ocr_par' dir='ltr' id='par_1_28' title="bbox 447 2831 2020 2907">
     <span class='ocr_line' id='line_1_28' title="bbox 447 2831 2020 2907; baseline 0.006 -26"><span class='ocrx_word' id='word_1_162' title='bbox 447 2846 564 2883; x_wconf 83' lang='lat' dir='ltr'><strong><em>rum</em></strong></span> <span class='ocrx_word' id='word_1_163' title='bbox 588 2845 605 2882; x_wconf 88' lang='lat'><strong><em>:</em></strong></span> <span class='ocrx_word' id='word_1_164' title='bbox 633 2839 685 2884; x_wconf 83' lang='lat' dir='ltr'><strong><em>et</em></strong></span> <span class='ocrx_word' id='word_1_165' title='bbox 706 2831 998 2885; x_wconf 84' lang='lat' dir='ltr'><strong><em>dominatio</em></strong></span> <span class='ocrx_word' id='word_1_166' title='bbox 1035 2841 1127 2886; x_wconf 84' lang='lat' dir='ltr'><strong><em>tua</em></strong></span> <span class='ocrx_word' id='word_1_167' title='bbox 1139 2833 1204 2886; x_wconf 68' lang='lat' dir='ltr'><strong><em>in</em></strong></span> <span class='ocrx_word' id='word_1_168' title='bbox 1237 2837 1382 2888; x_wconf 87' lang='lat' dir='ltr'><strong><em>omni</em></strong></span> <span class='ocrx_word' id='word_1_169' title='bbox 1403 2839 1760 2906; x_wconf 84' lang='lat' dir='ltr'><strong><em>generatione,</em></strong></span> <span class='ocrx_word' id='word_1_170' title='bbox 1787 2847 1836 2890; x_wconf 83' lang='lat' dir='ltr'><strong><em>et</em></strong></span> <span class='ocrx_word' id='word_1_171' title='bbox 1865 2853 2020 2907; x_wconf 84' lang='lat' dir='ltr'><strong><em>gene-</em></strong></span> 
     </span>
    </p>
   </div>
   <div class='ocr_carea' id='block_1_29' title="bbox 445 2935 724 2977">
    <p class='ocr_par' dir='ltr' id='par_1_29' title="bbox 445 2935 724 2977">
     <span class='ocr_line' id='line_1_29' title="bbox 445 2935 724 2977; baseline 0.014 -4"><span class='ocrx_word' id='word_1_172' title='bbox 445 2935 724 2977; x_wconf 78' lang='lat' dir='ltr'><strong><em>rationem.</em></strong></span> 
     </span>
    </p>
   </div>
   <div class='ocr_carea' id='block_1_30' title="bbox 519 3037 2060 3102">
    <p class='ocr_par' dir='ltr' id='par_1_30' title="bbox 519 3037 2060 3102">
     <span class='ocr_line' id='line_1_30' title="bbox 519 3037 2060 3102; baseline 0.007 -10"><span class='ocrx_word' id='word_1_173' title='bbox 519 3051 581 3092; x_wconf 85' lang='lat' dir='ltr'><strong><em>-t—</em></strong></span> <span class='ocrx_word' id='word_1_174' title='bbox 631 3039 649 3068; x_wconf 81' lang='lat'>&#39;</span> <span class='ocrx_word' id='word_1_175' title='bbox 691 3037 890 3093; x_wconf 84' lang='lat' dir='ltr'><strong><em>Fidelis</em></strong></span> <span class='ocrx_word' id='word_1_176' title='bbox 931 3039 1189 3097; x_wconf 87' lang='lat' dir='ltr'><strong><em>Dominus</em></strong></span> <span class='ocrx_word' id='word_1_177' title='bbox 1218 3043 1272 3095; x_wconf 92' lang='lat' dir='ltr'><strong><em>in</em></strong></span> <span class='ocrx_word' id='word_1_178' title='bbox 1300 3045 1542 3098; x_wconf 87' lang='lat' dir='ltr'><strong><em>omnibus</em></strong></span> <span class='ocrx_word' id='word_1_179' title='bbox 1573 3045 1742 3099; x_wconf 89' lang='lat' dir='ltr'><strong><em>verbis</em></strong></span> <span class='ocrx_word' id='word_1_180' title='bbox 1763 3049 1882 3102; x_wconf 81' lang='lat' dir='ltr'><strong><em>suis</em></strong></span> <span class='ocrx_word' id='word_1_181' title='bbox 1911 3063 1929 3100; x_wconf 85' lang='lat'><strong><em>.&#39;</em></strong></span> <span class='ocrx_word' id='word_1_182' title='bbox 1969 3060 2020 3102; x_wconf 89' lang='lat' dir='ltr'><strong><em>et</em></strong></span> <span class='ocrx_word' id='word_1_183' title='bbox 2057 3075 2060 3078; x_wconf 59' lang='grc' dir='ltr'>λ</span> 
     </span>
    </p>
   </div>
   <div class='ocr_carea' id='block_1_31' title="bbox 2047 3117 2747 3212">
    <p class='ocr_par' dir='ltr' id='par_1_31' title="bbox 2047 3117 2747 3212">
     <span class='ocr_line' id='line_1_31' title="bbox 2047 3117 2747 3212; baseline -0.007 -29"><span class='ocrx_word' id='word_1_184' title='bbox 2047 3155 2091 3212; x_wconf 69' lang='lat' dir='ltr'>c</span> <span class='ocrx_word' id='word_1_185' title='bbox 2130 3129 2290 3182; x_wconf 87' lang='lat' dir='ltr'><strong><em>nibus</em></strong></span> <span class='ocrx_word' id='word_1_186' title='bbox 2318 3117 2578 3197; x_wconf 77' lang='lat' dir='ltr'><strong><em>operibus</em></strong></span> <span class='ocrx_word' id='word_1_187' title='bbox 2612 3124 2747 3179; x_wconf 84' lang='lat' dir='ltr'><strong><em>suis.</em></strong></span> 
     </span>
    </p>
   </div>
   <div class='ocr_carea' id='block_1_32' title="bbox 445 3133 1490 3206">
    <p class='ocr_par' dir='ltr' id='par_1_32' title="bbox 445 3133 1490 3206">
     <span class='ocr_line' id='line_1_32' title="bbox 445 3133 1490 3206; baseline 0.011 -25"><span class='ocrx_word' id='word_1_188' title='bbox 445 3143 657 3182; x_wconf 87' lang='lat' dir='ltr'><strong><em>sanctus</em></strong></span> <span class='ocrx_word' id='word_1_189' title='bbox 690 3133 745 3184; x_wconf 91' lang='lat' dir='ltr'><strong><em>in</em></strong></span> <span class='ocrx_word' id='word_1_190' title='bbox 775 3134 1014 3186; x_wconf 89' lang='lat' dir='ltr'><strong><em>omnibus</em></strong></span> <span class='ocrx_word' id='word_1_191' title='bbox 1043 3137 1282 3203; x_wconf 81' lang='lat' dir='ltr'><strong><em>cperibus</em></strong></span> <span class='ocrx_word' id='word_1_192' title='bbox 1321 3139 1433 3191; x_wconf 87' lang='lat' dir='ltr'><strong><em>suis</em></strong></span> <span class='ocrx_word' id='word_1_193' title='bbox 1468 3139 1490 3206; x_wconf 74' lang='grc' dir='ltr'>ζ</span> 
     </span>
    </p>
   </div>
   <div class='ocr_carea' id='block_1_33' title="bbox 531 3237 2022 3319">
    <p class='ocr_par' dir='ltr' id='par_1_33' title="bbox 531 3237 2022 3319">
     <span class='ocr_line' id='line_1_33' title="bbox 531 3237 2022 3319; baseline 0.009 -29"><span class='ocrx_word' id='word_1_194' title='bbox 531 3237 807 3313; x_wconf 82' lang='lat' dir='ltr'><strong><em>[LainctL]</em></strong></span> <span class='ocrx_word' id='word_1_195' title='bbox 858 3242 1068 3297; x_wconf 85' lang='lat' dir='ltr'><strong><em>Allevat</em></strong></span> <span class='ocrx_word' id='word_1_196' title='bbox 1099 3244 1354 3301; x_wconf 87' lang='lat' dir='ltr'><strong><em>Dominus</em></strong></span> <span class='ocrx_word' id='word_1_197' title='bbox 1387 3263 1570 3302; x_wconf 91' lang='lat' dir='ltr'><strong><em>omnes</em></strong></span> <span class='ocrx_word' id='word_1_198' title='bbox 1603 3251 1693 3319; x_wconf 82' lang='lat' dir='ltr'><strong><em>qui</em></strong></span> <span class='ocrx_word' id='word_1_199' title='bbox 1727 3258 2022 3304; x_wconf 90' lang='lat' dir='ltr'><strong><em>corruunt:</em></strong></span> 
     </span>
    </p>
   </div>
   <div class='ocr_carea' id='block_1_34' title="bbox 451 3333 1106 3401">
    <p class='ocr_par' dir='ltr' id='par_1_34' title="bbox 451 3333 1106 3401">
     <span class='ocr_line' id='line_1_34' title="bbox 451 3333 1106 3401; baseline 0.012 -19"><span class='ocrx_word' id='word_1_200' title='bbox 451 3343 498 3382; x_wconf 87' lang='lat' dir='ltr'><strong><em>et</em></strong></span> <span class='ocrx_word' id='word_1_201' title='bbox 531 3333 684 3401; x_wconf 86' lang='lat' dir='ltr'><strong><em>erigit</em></strong></span> <span class='ocrx_word' id='word_1_202' title='bbox 718 3350 897 3387; x_wconf 88' lang='lat' dir='ltr'><strong><em>ontnes</em></strong></span> <span class='ocrx_word' id='word_1_203' title='bbox 927 3337 1106 3390; x_wconf 90' lang='lat' dir='ltr'><strong><em>elisos.</em></strong></span> 
     </span>
    </p>
   </div>
   <div class='ocr_carea' id='block_1_35' title="bbox 523 3441 2025 3519">
    <p class='ocr_par' dir='ltr' id='par_1_35' title="bbox 523 3441 2025 3519">
     <span class='ocr_line' id='line_1_35' title="bbox 523 3441 2025 3519; baseline 0.011 -27"><span class='ocrx_word' id='word_1_204' title='bbox 523 3441 699 3513; x_wconf 79' lang='lat' dir='ltr'><strong><em>[Ain.]</em></strong></span> <span class='ocrx_word' id='word_1_205' title='bbox 736 3441 889 3496; x_wconf 87' lang='lat' dir='ltr'><strong><em>Oculi</em></strong></span> <span class='ocrx_word' id='word_1_206' title='bbox 919 3447 1155 3499; x_wconf 89' lang='lat' dir='ltr'><strong><em>omnium</em></strong></span> <span class='ocrx_word' id='word_1_207' title='bbox 1185 3449 1240 3501; x_wconf 90' lang='lat' dir='ltr'><strong><em>in</em></strong></span> <span class='ocrx_word' id='word_1_208' title='bbox 1272 3459 1321 3502; x_wconf 91' lang='lat' dir='ltr'><strong><em>te</em></strong></span> <span class='ocrx_word' id='word_1_209' title='bbox 1347 3462 1582 3519; x_wconf 85' lang='lat' dir='ltr'><strong><em>sperant,</em></strong></span> <span class='ocrx_word' id='word_1_210' title='bbox 1615 3453 1841 3508; x_wconf 78' lang='lat' dir='ltr'><strong><em>Domine</em></strong></span> <span class='ocrx_word' id='word_1_211' title='bbox 1871 3454 1891 3485; x_wconf 92' lang='grc'>³</span> <span class='ocrx_word' id='word_1_212' title='bbox 1921 3475 1932 3508; x_wconf 86' lang='lat'>:</span> <span class='ocrx_word' id='word_1_213' title='bbox 1977 3465 2025 3508; x_wconf 85' lang='lat' dir='ltr'><strong><em>et</em></strong></span> 
     </span>
    </p>
   </div>
   <div class='ocr_carea' id='block_1_36' title="bbox 451 3535 1768 3612">
    <p class='ocr_par' dir='ltr' id='par_1_36' title="bbox 451 3535 1768 3612">
     <span class='ocr_line' id='line_1_36' title="bbox 451 3535 1768 3612; baseline 0.012 -28"><span class='ocrx_word' id='word_1_214' title='bbox 451 3543 507 3585; x_wconf 85' lang='lat' dir='ltr'><strong><em>tu</em></strong></span> <span class='ocrx_word' id='word_1_215' title='bbox 535 3535 631 3588; x_wconf 86' lang='lat' dir='ltr'><strong><em>das</em></strong></span> <span class='ocrx_word' id='word_1_216' title='bbox 659 3551 834 3590; x_wconf 87' lang='lat' dir='ltr'><strong><em>escam</em></strong></span> <span class='ocrx_word' id='word_1_217' title='bbox 856 3537 1075 3592; x_wconf 84' lang='lat' dir='ltr'><strong><em>illorum</em></strong></span> <span class='ocrx_word' id='word_1_218' title='bbox 1096 3541 1148 3593; x_wconf 89' lang='lat' dir='ltr'><strong><em>in</em></strong></span> <span class='ocrx_word' id='word_1_219' title='bbox 1183 3550 1415 3612; x_wconf 83' lang='lat' dir='ltr'><strong><em>tempore</em></strong></span> <span class='ocrx_word' id='word_1_220' title='bbox 1445 3556 1768 3612; x_wconf 84' lang='lat' dir='ltr'><strong><em>opportuno.</em></strong></span> 
     </span>
    </p>
   </div>
   <div class='ocr_carea' id='block_1_37' title="bbox 525 3646 2027 3730">
    <p class='ocr_par' dir='ltr' id='par_1_37' title="bbox 525 3646 2027 3730">
     <span class='ocr_line' id='line_1_37' title="bbox 525 3646 2027 3730; baseline 0.011 -30"><span class='ocrx_word' id='word_1_221' title='bbox 525 3646 710 3721; x_wconf 75' lang='lat' dir='ltr'><strong><em>[l‘he.]</em></strong></span> <span class='ocrx_word' id='word_1_222' title='bbox 748 3651 946 3721; x_wconf 67' lang='lat' dir='ltr'><strong><em>Aper-is</em></strong></span> <span class='ocrx_word' id='word_1_223' title='bbox 975 3668 1036 3709; x_wconf 79' lang='grc' dir='ltr'><strong><em>αι-</em></strong></span> <span class='ocrx_word' id='word_1_224' title='bbox 1061 3664 1115 3708; x_wconf 90' lang='lat' dir='ltr'><strong><em>tu</em></strong></span> <span class='ocrx_word' id='word_1_225' title='bbox 1168 3657 1190 3726; x_wconf 72' lang='grc' dir='ltr'>ζ</span> <span class='ocrx_word' id='word_1_226' title='bbox 1224 3673 1445 3710; x_wconf 82' lang='lat' dir='ltr'><strong><em>manum</em></strong></span> <span class='ocrx_word' id='word_1_227' title='bbox 1507 3667 1658 3713; x_wconf 85' lang='lat' dir='ltr'><strong><em>tuam</em></strong></span> <span class='ocrx_word' id='word_1_228' title='bbox 1690 3677 1710 3715; x_wconf 93' lang='lat'><em>:</em></span> <span class='ocrx_word' id='word_1_229' title='bbox 1757 3671 1808 3715; x_wconf 88' lang='lat' dir='ltr'><strong><em>et</em></strong></span> <span class='ocrx_word' id='word_1_230' title='bbox 1843 3663 2027 3730; x_wconf 79' lang='lat' dir='ltr'><strong><em>imples</em></strong></span> 
     </span>
    </p>
   </div>
   <div class='ocr_carea' id='block_1_38' title="bbox 455 3743 1237 3803">
    <p class='ocr_par' dir='ltr' id='par_1_38' title="bbox 455 3743 1237 3803">
     <span class='ocr_line' id='line_1_38' title="bbox 455 3743 1237 3803; baseline 0.012 -10"><span class='ocrx_word' id='word_1_231' title='bbox 455 3758 607 3795; x_wconf 90' lang='lat' dir='ltr'><strong><em>omne</em></strong></span> <span class='ocrx_word' id='word_1_232' title='bbox 632 3743 835 3796; x_wconf 84' lang='lat' dir='ltr'><strong><em>animal</em></strong></span> <span class='ocrx_word' id='word_1_233' title='bbox 864 3746 1237 3803; x_wconf 86' lang='lat' dir='ltr'><strong><em>benedictione.</em></strong></span> 
     </span>
    </p>
   </div>
   <div class='ocr_carea' id='block_1_39' title="bbox 529 3856 2032 3929">
    <p class='ocr_par' dir='ltr' id='par_1_39' title="bbox 529 3856 2032 3929">
     <span class='ocr_line' id='line_1_39' title="bbox 529 3856 2032 3929; baseline 0.006 -17"><span class='ocrx_word' id='word_1_234' title='bbox 529 3856 741 3929; x_wconf 86' lang='lat' dir='ltr'><strong><em>[Sade.]</em></strong></span> <span class='ocrx_word' id='word_1_235' title='bbox 785 3858 968 3913; x_wconf 83' lang='lat' dir='ltr'><strong><em>Justus</em></strong></span> <span class='ocrx_word' id='word_1_236' title='bbox 1013 3861 1272 3916; x_wconf 82' lang='lat' dir='ltr'><strong><em>Dominus</em></strong></span> <span class='ocrx_word' id='word_1_237' title='bbox 1314 3864 1368 3916; x_wconf 87' lang='lat' dir='ltr'><strong><em>in</em></strong></span> <span class='ocrx_word' id='word_1_238' title='bbox 1407 3866 1643 3919; x_wconf 82' lang='lat' dir='ltr'><strong><em>omnibus</em></strong></span> <span class='ocrx_word' id='word_1_239' title='bbox 1669 3866 1766 3920; x_wconf 87' lang='lat' dir='ltr'><strong><em>viis</em></strong></span> <span class='ocrx_word' id='word_1_240' title='bbox 1793 3867 1904 3920; x_wconf 84' lang='lat' dir='ltr'><strong><em>suis</em></strong></span> <span class='ocrx_word' id='word_1_241' title='bbox 1928 3881 1948 3922; x_wconf 89' lang='lat'><strong><em>:</em></strong></span> <span class='ocrx_word' id='word_1_242' title='bbox 1983 3879 2032 3921; x_wconf 88' lang='lat' dir='ltr'><strong><em>et</em></strong></span> 
     </span>
    </p>
   </div>
   <div class='ocr_carea' id='block_1_40' title="bbox 457 3952 1449 4022">
    <p class='ocr_par' dir='ltr' id='par_1_40' title="bbox 457 3952 1449 4022">
     <span class='ocr_line' id='line_1_40' title="bbox 457 3952 1449 4022; baseline 0.008 -20"><span class='ocrx_word' id='word_1_243' title='bbox 457 3959 673 4004; x_wconf 81' lang='lat' dir='ltr'><strong><em>sanctus</em></strong></span> <span class='ocrx_word' id='word_1_244' title='bbox 696 3952 750 4004; x_wconf 90' lang='lat' dir='ltr'><strong><em>in</em></strong></span> <span class='ocrx_word' id='word_1_245' title='bbox 781 3952 1022 4006; x_wconf 87' lang='lat' dir='ltr'><strong><em>omnibus</em></strong></span> <span class='ocrx_word' id='word_1_246' title='bbox 1049 3955 1292 4022; x_wconf 86' lang='lat' dir='ltr'><strong><em>operibus</em></strong></span> <span class='ocrx_word' id='word_1_247' title='bbox 1321 3957 1449 4010; x_wconf 81' lang='lat' dir='ltr'><strong><em>suis.</em></strong></span> 
     </span>
    </p>
   </div>
   <div class='ocr_carea' id='block_1_41' title="bbox 531 4058 2035 4132">
    <p class='ocr_par' dir='ltr' id='par_1_41' title="bbox 531 4058 2035 4132">
     <span class='ocr_line' id='line_1_41' title="bbox 531 4058 2035 4132; baseline 0.005 -17"><span class='ocrx_word' id='word_1_248' title='bbox 531 4058 758 4132; x_wconf 84' lang='lat' dir='ltr'><strong><em>[Coph.]</em></strong></span> <span class='ocrx_word' id='word_1_249' title='bbox 821 4062 992 4132; x_wconf 77' lang='lat' dir='ltr'><strong><em>Prope</em></strong></span> <span class='ocrx_word' id='word_1_250' title='bbox 1016 4072 1093 4118; x_wconf 90' lang='lat' dir='ltr'><strong><em>est</em></strong></span> <span class='ocrx_word' id='word_1_251' title='bbox 1124 4064 1378 4120; x_wconf 82' lang='lat' dir='ltr'><strong><em>Dominus</em></strong></span> <span class='ocrx_word' id='word_1_252' title='bbox 1399 4068 1645 4120; x_wconf 76' lang='lat' dir='ltr'><strong><em>munibus</em></strong></span> <span class='ocrx_word' id='word_1_253' title='bbox 1662 4068 2035 4123; x_wconf 81' lang='lat' dir='ltr'><strong><em>invocantibus</em></strong></span> 
     </span>
    </p>
   </div>
   <div class='ocr_carea' id='block_1_42' title="bbox 461 4153 1962 4229">
    <p class='ocr_par' dir='ltr' id='par_1_42' title="bbox 461 4153 1962 4229">
     <span class='ocr_line' id='line_1_42' title="bbox 461 4153 1962 4229; baseline 0.005 -23"><span class='ocrx_word' id='word_1_254' title='bbox 461 4169 578 4206; x_wconf 87' lang='lat' dir='ltr'><strong><em>eum</em></strong></span> <span class='ocrx_word' id='word_1_255' title='bbox 609 4158 676 4222; x_wconf 74' lang='lat' dir='ltr'><strong><em>)t(</em></strong></span> <span class='ocrx_word' id='word_1_256' title='bbox 705 4153 728 4186; x_wconf 70' lang='grc' dir='ltr'>δ</span> <span class='ocrx_word' id='word_1_257' title='bbox 761 4156 999 4208; x_wconf 88' lang='lat' dir='ltr'><strong><em>omnibus</em></strong></span> <span class='ocrx_word' id='word_1_258' title='bbox 1035 4157 1403 4211; x_wconf 80' lang='lat' dir='ltr'><strong><em>invocantibus</em></strong></span> <span class='ocrx_word' id='word_1_259' title='bbox 1430 4175 1547 4212; x_wconf 89' lang='lat' dir='ltr'><strong><em>eum</em></strong></span> <span class='ocrx_word' id='word_1_260' title='bbox 1591 4161 1615 4229; x_wconf 70' lang='grc' dir='ltr'>ζ</span> <span class='ocrx_word' id='word_1_261' title='bbox 1647 4160 1701 4212; x_wconf 92' lang='lat' dir='ltr'><strong><em>in</em></strong></span> <span class='ocrx_word' id='word_1_262' title='bbox 1727 4161 1962 4214; x_wconf 87' lang='lat' dir='ltr'><strong><em>veritate.</em></strong></span> 
     </span>
    </p>
   </div>
   <div class='ocr_carea' id='block_1_43' title="bbox 536 4262 2039 4342">
    <p class='ocr_par' dir='ltr' id='par_1_43' title="bbox 536 4262 2039 4342">
     <span class='ocr_line' id='line_1_43' title="bbox 536 4262 2039 4342; baseline 0.004 -20"><span class='ocrx_word' id='word_1_263' title='bbox 536 4266 714 4340; x_wconf 57' lang='lat' dir='ltr'><strong><em>[Rem]</em></strong></span> <span class='ocrx_word' id='word_1_264' title='bbox 766 4262 1099 4324; x_wconf 84' lang='lat' dir='ltr'><strong><em>Voluntatem</em></strong></span> <span class='ocrx_word' id='word_1_265' title='bbox 1134 4272 1430 4323; x_wconf 87' lang='lat' dir='ltr'><strong><em>timentium</em></strong></span> <span class='ocrx_word' id='word_1_266' title='bbox 1457 4286 1514 4325; x_wconf 90' lang='lat' dir='ltr'><strong><em>se</em></strong></span> <span class='ocrx_word' id='word_1_267' title='bbox 1537 4271 1698 4340; x_wconf 73' lang='lat' dir='ltr'><strong><em>faciet</em></strong></span> <span class='ocrx_word' id='word_1_268' title='bbox 1731 4286 1750 4326; x_wconf 89' lang='lat'><strong><em>:</em></strong></span> <span class='ocrx_word' id='word_1_269' title='bbox 1777 4283 1826 4326; x_wconf 87' lang='lat' dir='ltr'><strong><em>et</em></strong></span> <span class='ocrx_word' id='word_1_270' title='bbox 1855 4273 2039 4342; x_wconf 85' lang='lat' dir='ltr'><strong><em>depre-</em></strong></span> 
     </span>
    </p>
   </div>
   <div class='ocr_carea' id='block_1_44' title="bbox 463 4363 1857 4432">
    <p class='ocr_par' dir='ltr' id='par_1_44' title="bbox 463 4363 1857 4432">
     <span class='ocr_line' id='line_1_44' title="bbox 463 4363 1857 4432; baseline 0.004 -19"><span class='ocrx_word' id='word_1_271' title='bbox 463 4365 724 4414; x_wconf 85' lang='lat' dir='ltr'><strong><em>cationem</em></strong></span> <span class='ocrx_word' id='word_1_272' title='bbox 757 4377 940 4416; x_wconf 90' lang='lat' dir='ltr'><strong><em>eorum</em></strong></span> <span class='ocrx_word' id='word_1_273' title='bbox 969 4363 1243 4428; x_wconf 76' lang='lat' dir='ltr'><strong><em>exaudiet,</em></strong></span> <span class='ocrx_word' id='word_1_274' title='bbox 1276 4371 1326 4415; x_wconf 86' lang='lat' dir='ltr'><strong><em>et</em></strong></span> <span class='ocrx_word' id='word_1_275' title='bbox 1352 4363 1530 4417; x_wconf 83' lang='lat' dir='ltr'><strong><em>salvos</em></strong></span> <span class='ocrx_word' id='word_1_276' title='bbox 1562 4363 1718 4432; x_wconf 78' lang='lat' dir='ltr'><strong><em>faciet</em></strong></span> <span class='ocrx_word' id='word_1_277' title='bbox 1741 4380 1857 4419; x_wconf 81' lang='lat' dir='ltr'><strong><em>eos.</em></strong></span> 
     </span>
    </p>
   </div>
   <div class='ocr_carea' id='block_1_45' title="bbox 538 4471 2112 4546">
    <p class='ocr_par' dir='ltr' id='par_1_45' title="bbox 538 4471 2112 4546">
     <span class='ocr_line' id='line_1_45' title="bbox 538 4471 2112 4546; baseline 0.003 -18"><span class='ocrx_word' id='word_1_278' title='bbox 538 4471 704 4545; x_wconf 70' lang='lat' dir='ltr'><strong><em>[Sim]</em></strong></span> <span class='ocrx_word' id='word_1_279' title='bbox 750 4473 994 4528; x_wconf 87' lang='lat' dir='ltr'><strong><em>Custodit</em></strong></span> <span class='ocrx_word' id='word_1_280' title='bbox 1023 4474 1283 4528; x_wconf 82' lang='lat' dir='ltr'><strong><em>Dominus</em></strong></span> <span class='ocrx_word' id='word_1_281' title='bbox 1320 4491 1499 4528; x_wconf 86' lang='lat' dir='ltr'><strong><em>omnes</em></strong></span> <span class='ocrx_word' id='word_1_282' title='bbox 1546 4475 1823 4546; x_wconf 85' lang='lat' dir='ltr'><strong><em>diligentes</em></strong></span> <span class='ocrx_word' id='word_1_283' title='bbox 1850 4493 1904 4531; x_wconf 90' lang='lat' dir='ltr'><strong><em>se</em></strong></span> <span class='ocrx_word' id='word_1_284' title='bbox 1936 4493 1954 4531; x_wconf 89' lang='lat'><strong><em>:</em></strong></span> <span class='ocrx_word' id='word_1_285' title='bbox 1986 4489 2034 4531; x_wconf 90' lang='lat' dir='ltr'><strong><em>et</em></strong></span> <span class='ocrx_word' id='word_1_286' title='bbox 2071 4492 2112 4546; x_wconf 76' lang='grc' dir='ltr'>υ</span> 
     </span>
    </p>
   </div>
   <div class='ocr_carea' id='block_1_46' title="bbox 466 4566 1292 4634">
    <p class='ocr_par' dir='ltr' id='par_1_46' title="bbox 466 4566 1292 4634">
     <span class='ocr_line' id='line_1_46' title="bbox 466 4566 1292 4634; baseline -0.001 -14"><span class='ocrx_word' id='word_1_287' title='bbox 466 4580 644 4620; x_wconf 77' lang='lat' dir='ltr'><strong><em>euntes</em></strong></span> <span class='ocrx_word' id='word_1_288' title='bbox 675 4576 972 4634; x_wconf 85' lang='lat' dir='ltr'><strong><em>peccatores</em></strong></span> <span class='ocrx_word' id='word_1_289' title='bbox 1005 4566 1292 4634; x_wconf 73' lang='lat' dir='ltr'><strong><em>disperdat.</em></strong></span> 
     </span>
    </p>
   </div>
   <div class='ocr_carea' id='block_1_47' title="bbox 538 4677 2042 4758">
    <p class='ocr_par' dir='ltr' id='par_1_47' title="bbox 538 4677 2042 4758">
     <span class='ocr_line' id='line_1_47' title="bbox 538 4677 2042 4758; baseline 0.005 -27"><span class='ocrx_word' id='word_1_290' title='bbox 538 4677 764 4749; x_wconf 69' lang='lat' dir='ltr'><strong><em>[Tuam]</em></strong></span> <span class='ocrx_word' id='word_1_291' title='bbox 810 4677 1196 4734; x_wconf 87' lang='lat' dir='ltr'><strong><em>Laudationem</em></strong></span> <span class='ocrx_word' id='word_1_292' title='bbox 1211 4681 1436 4736; x_wconf 82' lang='lat' dir='ltr'><strong><em>Domini</em></strong></span> <span class='ocrx_word' id='word_1_293' title='bbox 1467 4683 1710 4754; x_wconf 81' lang='lat' dir='ltr'><strong><em>loquetur</em></strong></span> <span class='ocrx_word' id='word_1_294' title='bbox 1743 4702 1798 4758; x_wconf 85' lang='lat' dir='ltr'><strong><em>os</em></strong></span> <span class='ocrx_word' id='word_1_295' title='bbox 1824 4701 1993 4738; x_wconf 88' lang='lat' dir='ltr'><strong><em>meum</em></strong></span> <span class='ocrx_word' id='word_1_296' title='bbox 2024 4700 2042 4739; x_wconf 90' lang='lat'><strong><em>:</em></strong></span> 
     </span>
    </p>
   </div>
   <div class='ocr_carea' id='block_1_48' title="bbox 472 4772 2042 4846">
    <p class='ocr_par' dir='ltr' id='par_1_48' title="bbox 472 4772 2042 4846">
     <span class='ocr_line' id='line_1_48' title="bbox 472 4772 2042 4846; baseline 0.007 -25"><span class='ocrx_word' id='word_1_297' title='bbox 472 4779 520 4822; x_wconf 89' lang='lat' dir='ltr'><strong><em>et</em></strong></span> <span class='ocrx_word' id='word_1_298' title='bbox 565 4772 833 4824; x_wconf 80' lang='lat' dir='ltr'><strong><em>benedicat</em></strong></span> <span class='ocrx_word' id='word_1_299' title='bbox 865 4775 1037 4826; x_wconf 84' lang='lat' dir='ltr'><strong><em>omnis</em></strong></span> <span class='ocrx_word' id='word_1_300' title='bbox 1064 4791 1188 4828; x_wconf 86' lang='lat' dir='ltr'><strong><em>caro</em></strong></span> <span class='ocrx_word' id='word_1_301' title='bbox 1216 4775 1238 4807; x_wconf 84' lang='grc'><strong>⁸</strong></span> <span class='ocrx_word' id='word_1_302' title='bbox 1267 4778 1472 4830; x_wconf 84' lang='lat' dir='ltr'><strong><em>nomini</em></strong></span> <span class='ocrx_word' id='word_1_303' title='bbox 1505 4787 1691 4830; x_wconf 83' lang='lat' dir='ltr'><strong><em>sancto</em></strong></span> <span class='ocrx_word' id='word_1_304' title='bbox 1713 4777 1828 4846; x_wconf 86' lang='lat' dir='ltr'><strong><em>ejus</em></strong></span> <span class='ocrx_word' id='word_1_305' title='bbox 1863 4781 1919 4830; x_wconf 89' lang='lat' dir='ltr'><strong><em>in</em></strong></span> <span class='ocrx_word' id='word_1_306' title='bbox 1940 4793 2042 4832; x_wconf 78' lang='lat' dir='ltr'><strong><em>ste-</em></strong></span> 
     </span>
    </p>
   </div>
   <div class='ocr_carea' id='block_1_49' title="bbox 471 4861 1470 4937">
    <p class='ocr_par' dir='ltr' id='par_1_49' title="bbox 471 4861 1470 4937">
     <span class='ocr_line' id='line_1_49' title="bbox 471 4861 1470 4937; baseline 0.01 -25"><span class='ocrx_word' id='word_1_307' title='bbox 471 4861 670 4926; x_wconf 87' lang='lat' dir='ltr'><strong><em>culum,</em></strong></span> <span class='ocrx_word' id='word_1_308' title='bbox 695 4873 742 4915; x_wconf 82' lang='lat' dir='ltr'><strong><em>et</em></strong></span> <span class='ocrx_word' id='word_1_309' title='bbox 778 4865 834 4917; x_wconf 84' lang='lat' dir='ltr'><strong><em>in</em></strong></span> <span class='ocrx_word' id='word_1_310' title='bbox 861 4864 1120 4918; x_wconf 66' lang='lat' dir='ltr'><strong><em>siccatum</em></strong></span> <span class='ocrx_word' id='word_1_311' title='bbox 1140 4879 1204 4920; x_wconf 79' lang='lat' dir='ltr'><strong><em>-t-</em></strong></span> <span class='ocrx_word' id='word_1_312' title='bbox 1235 4867 1417 4920; x_wconf 65' lang='lat' dir='ltr'><strong><em>saeculi</em></strong></span> <span class='ocrx_word' id='word_1_313' title='bbox 1445 4868 1470 4937; x_wconf 71' lang='grc' dir='ltr'>ζ</span> 
     </span>
    </p>
   </div>
   <div class='ocr_carea' id='block_1_50' title="bbox 507 5063 2048 5134">
    <p class='ocr_par' dir='ltr' id='par_1_50' title="bbox 507 5063 2048 5134">
     <span class='ocr_line' id='line_1_50' title="bbox 507 5063 2048 5134; baseline 0.001 -17"><span class='ocrx_word' id='word_1_314' title='bbox 507 5069 510 5072; x_wconf 66' lang='lat'><em>‘</em></span> <span class='ocrx_word' id='word_1_315' title='bbox 551 5065 566 5094; x_wconf 86' lang='grc'>¹</span> <span class='ocrx_word' id='word_1_316' title='bbox 616 5065 851 5134; x_wconf 85' lang='lat' dir='ltr'><strong><em>Sequior</em></strong></span> <span class='ocrx_word' id='word_1_317' title='bbox 895 5065 948 5118; x_wconf 91' lang='lat' dir='ltr'><strong><em>in</em></strong></span> <span class='ocrx_word' id='word_1_318' title='bbox 997 5064 1191 5118; x_wconf 83' lang='lat' dir='ltr'><strong><em>eodem</em></strong></span> <span class='ocrx_word' id='word_1_319' title='bbox 1225 5063 1346 5120; x_wconf 89' lang='lat' dir='ltr'><strong><em>cod.</em></strong></span> <span class='ocrx_word' id='word_1_320' title='bbox 1383 5079 1578 5118; x_wconf 86' lang='lat' dir='ltr'><strong><em>manus</em></strong></span> <span class='ocrx_word' id='word_1_321' title='bbox 1609 5064 1890 5133; x_wconf 80' lang='lat' dir='ltr'><strong><em>rescripsit</em></strong></span> <span class='ocrx_word' id='word_1_322' title='bbox 1930 5064 2048 5133; x_wconf 90' lang='lat' dir='ltr'><strong><em>plu-</em></strong></span> 
     </span>
    </p>
   </div>
   <div class='ocr_carea' id='block_1_51' title="bbox 476 5135 1226 5189">
    <p class='ocr_par' dir='ltr' id='par_1_51' title="bbox 476 5135 1226 5189">
     <span class='ocr_line' id='line_1_51' title="bbox 476 5135 1226 5189; baseline 0 -2"><span class='ocrx_word' id='word_1_323' title='bbox 476 5137 618 5187; x_wconf 84' lang='lat' dir='ltr'><strong><em>rium</em></strong></span> <span class='ocrx_word' id='word_1_324' title='bbox 653 5151 879 5189; x_wconf 89' lang='lat' dir='ltr'><strong><em>uumero</em></strong></span> <span class='ocrx_word' id='word_1_325' title='bbox 915 5135 1226 5188; x_wconf 85' lang='lat' dir='ltr'><strong><em>laudabunt.</em></strong></span> 
     </span>
    </p>
   </div>
   <div class='ocr_carea' id='block_1_52' title="bbox 551 5203 2046 5273">
    <p class='ocr_par' dir='ltr' id='par_1_52' title="bbox 551 5203 2046 5273">
     <span class='ocr_line' id='line_1_52' title="bbox 551 5203 2046 5273; baseline 0.001 -16"><span class='ocrx_word' id='word_1_326' title='bbox 551 5211 570 5238; x_wconf 76' lang='grc'>³</span> <span class='ocrx_word' id='word_1_327' title='bbox 601 5203 779 5272; x_wconf 82' lang='lat' dir='ltr'><strong><em>Atque</em></strong></span> <span class='ocrx_word' id='word_1_328' title='bbox 817 5207 962 5259; x_wconf 78' lang='lat' dir='ltr'><strong><em>hunc.</em></strong></span> <span class='ocrx_word' id='word_1_329' title='bbox 1018 5222 1305 5273; x_wconf 84' lang='lat' dir='ltr'><strong><em>perperam</em></strong></span> <span class='ocrx_word' id='word_1_330' title='bbox 1347 5207 1467 5260; x_wconf 84' lang='lat' dir='ltr'><strong><em>sine</em></strong></span> <span class='ocrx_word' id='word_1_331' title='bbox 1503 5204 1665 5260; x_wconf 81' lang='lat' dir='ltr'><strong><em>obelo</em></strong></span> <span class='ocrx_word' id='word_1_332' title='bbox 1712 5205 2046 5260; x_wconf 73' lang='lat' dir='ltr'><strong><em>versiculum</em></strong></span> 
     </span>
    </p>
   </div>
   <div class='ocr_carea' id='block_1_53' title="bbox 477 5276 1074 5345">
    <p class='ocr_par' dir='ltr' id='par_1_53' title="bbox 477 5276 1074 5345">
     <span class='ocr_line' id='line_1_53' title="bbox 477 5276 1074 5345; baseline -0.003 -15"><span class='ocrx_word' id='word_1_333' title='bbox 477 5276 761 5331; x_wconf 76' lang='lat' dir='ltr'><strong><em>Palatinus</em></strong></span> <span class='ocrx_word' id='word_1_334' title='bbox 786 5291 889 5330; x_wconf 91' lang='lat' dir='ltr'><strong><em>ms.</em></strong></span> <span class='ocrx_word' id='word_1_335' title='bbox 923 5277 1074 5345; x_wconf 80' lang='lat' dir='ltr'><strong><em>legit.</em></strong></span> 
     </span>
    </p>
   </div>
   <div class='ocr_carea' id='block_1_54' title="bbox 549 5344 2050 5413">
    <p class='ocr_par' dir='ltr' id='par_1_54' title="bbox 549 5344 2050 5413">
     <span class='ocr_line' id='line_1_54' title="bbox 549 5344 2050 5413; baseline -0.001 -14"><span class='ocrx_word' id='word_1_336' title='bbox 549 5350 569 5378; x_wconf 84' lang='grc'>³</span> <span class='ocrx_word' id='word_1_337' title='bbox 603 5351 714 5399; x_wconf 83' lang='lat' dir='ltr'><strong><em>Ant</em></strong></span> <span class='ocrx_word' id='word_1_338' title='bbox 749 5362 881 5399; x_wconf 80' lang='lat' dir='ltr'><strong><em>veru</em></strong></span> <span class='ocrx_word' id='word_1_339' title='bbox 930 5344 1342 5413; x_wconf 71' lang='lat' dir='ltr'><strong><em>praenotandum</em></strong></span> <span class='ocrx_word' id='word_1_340' title='bbox 1406 5347 1507 5400; x_wconf 86' lang='lat' dir='ltr'><strong><em>hoc</em></strong></span> <span class='ocrx_word' id='word_1_341' title='bbox 1554 5354 1641 5398; x_wconf 88' lang='lat' dir='ltr'><strong><em>est</em></strong></span> <span class='ocrx_word' id='word_1_342' title='bbox 1701 5360 1899 5400; x_wconf 83' lang='lat' dir='ltr'><strong><em>nomen</em></strong></span> <span class='ocrx_word' id='word_1_343' title='bbox 1946 5344 2050 5398; x_wconf 88' lang='lat' dir='ltr'><strong><em>Do-</em></strong></span> 
     </span>
    </p>
   </div>
   <div class='ocr_carea' id='block_1_55' title="bbox 476 5415 2053 5485">
    <p class='ocr_par' dir='ltr' id='par_1_55' title="bbox 476 5415 2053 5485">
     <span class='ocr_line' id='line_1_55' title="bbox 476 5415 2053 5485; baseline -0.001 -15"><span class='ocrx_word' id='word_1_344' title='bbox 476 5421 638 5475; x_wconf 87' lang='lat' dir='ltr'><strong><em>mine.</em></strong></span> <span class='ocrx_word' id='word_1_345' title='bbox 682 5425 776 5470; x_wconf 86' lang='lat' dir='ltr'><strong><em>aut</em></strong></span> <span class='ocrx_word' id='word_1_346' title='bbox 831 5417 978 5485; x_wconf 86' lang='lat' dir='ltr'><strong><em>quod</em></strong></span> <span class='ocrx_word' id='word_1_347' title='bbox 1013 5417 1166 5483; x_wconf 83' lang='lat' dir='ltr'><strong><em>juxta</em></strong></span> <span class='ocrx_word' id='word_1_348' title='bbox 1219 5417 1447 5469; x_wconf 84' lang='lat' dir='ltr'><strong><em>Palatini</em></strong></span> <span class='ocrx_word' id='word_1_349' title='bbox 1498 5430 1603 5468; x_wconf 87' lang='lat' dir='ltr'><strong><em>ms.</em></strong></span> <span class='ocrx_word' id='word_1_350' title='bbox 1659 5426 1741 5468; x_wconf 80' lang='lat' dir='ltr'><strong><em>est</em></strong></span> <span class='ocrx_word' id='word_1_351' title='bbox 1771 5415 1955 5469; x_wconf 81' lang='lat' dir='ltr'><strong><em>tidem.</em></strong></span> <span class='ocrx_word' id='word_1_352' title='bbox 1988 5429 2053 5469; x_wconf 82' lang='lat' dir='ltr'><strong><em>ac</em></strong></span> 
     </span>
    </p>
   </div>
   <div class='ocr_carea' id='block_1_56' title="bbox 476 5485 2049 5552">
    <p class='ocr_par' dir='ltr' id='par_1_56' title="bbox 476 5485 2049 5552">
     <span class='ocr_line' id='line_1_56' title="bbox 476 5485 2049 5552; baseline -0.003 -12"><span class='ocrx_word' id='word_1_353' title='bbox 476 5493 684 5542; x_wconf 84' lang='lat' dir='ltr'><strong><em>rectius</em></strong></span> <span class='ocrx_word' id='word_1_354' title='bbox 725 5487 901 5540; x_wconf 86' lang='lat' dir='ltr'><strong><em>multo</em></strong></span> <span class='ocrx_word' id='word_1_355' title='bbox 936 5486 1171 5549; x_wconf 82' lang='lat' dir='ltr'><strong><em>videtur,</em></strong></span> <span class='ocrx_word' id='word_1_356' title='bbox 1207 5501 1433 5551; x_wconf 83' lang='lat' dir='ltr'><strong><em>prorsus</em></strong></span> <span class='ocrx_word' id='word_1_357' title='bbox 1465 5485 1857 5546; x_wconf 83' lang='lat' dir='ltr'><strong><em>inducendum,</em></strong></span> <span class='ocrx_word' id='word_1_358' title='bbox 1901 5488 2049 5552; x_wconf 79' lang='lat' dir='ltr'><strong><em>quod</em></strong></span> 
     </span>
    </p>
   </div>
   <div class='ocr_carea' id='block_1_57' title="bbox 480 5554 2054 5622">
    <p class='ocr_par' dir='ltr' id='par_1_57' title="bbox 480 5554 2054 5622">
     <span class='ocr_line' id='line_1_57' title="bbox 480 5554 2054 5622; baseline -0.001 -12"><span class='ocrx_word' id='word_1_359' title='bbox 480 5559 681 5610; x_wconf 70' lang='lat' dir='ltr'><strong><em>titulum</em></strong></span> <span class='ocrx_word' id='word_1_360' title='bbox 733 5557 793 5609; x_wconf 82' lang='lat' dir='ltr'><strong><em>in</em></strong></span> <span class='ocrx_word' id='word_1_361' title='bbox 836 5557 1075 5611; x_wconf 71' lang='lat' dir='ltr'><strong><em>Hebrum</em></strong></span> <span class='ocrx_word' id='word_1_362' title='bbox 1123 5557 1217 5608; x_wconf 78' lang='lat' dir='ltr'><strong><em>sed</em></strong></span> <span class='ocrx_word' id='word_1_363' title='bbox 1265 5571 1450 5622; x_wconf 81' lang='lat' dir='ltr'><strong><em>neque</em></strong></span> <span class='ocrx_word' id='word_1_364' title='bbox 1484 5559 1536 5608; x_wconf 88' lang='lat' dir='ltr'><strong><em>in</em></strong></span> <span class='ocrx_word' id='word_1_365' title='bbox 1566 5554 1758 5608; x_wconf 65' lang='lat' dir='ltr'><strong><em>Graeco</em></strong></span> <span class='ocrx_word' id='word_1_366' title='bbox 1786 5567 1930 5607; x_wconf 76' lang='lat' dir='ltr'><strong><em>textu</em></strong></span> <span class='ocrx_word' id='word_1_367' title='bbox 1971 5572 2054 5608; x_wconf 72' lang='lat' dir='ltr'><strong><em>re-</em></strong></span> 
     </span>
    </p>
   </div>
   <div class='ocr_carea' id='block_1_58' title="bbox 479 5637 658 5680">
    <p class='ocr_par' dir='ltr' id='par_1_58' title="bbox 479 5637 658 5680">
     <span class='ocr_line' id='line_1_58' title="bbox 479 5637 658 5680; baseline -0.022 0"><span class='ocrx_word' id='word_1_368' title='bbox 479 5637 658 5680; x_wconf 70' lang='lat' dir='ltr'><strong><em>SUIICL</em></strong></span> 
     </span>
    </p>
   </div>
   <div class='ocr_carea' id='block_1_59' title="bbox 555 5693 2052 5750">
    <p class='ocr_par' dir='ltr' id='par_1_59' title="bbox 555 5693 2052 5750">
     <span class='ocr_line' id='line_1_59' title="bbox 555 5693 2052 5750; baseline 0.001 -3"><span class='ocrx_word' id='word_1_369' title='bbox 555 5697 576 5726; x_wconf 74' lang='grc'><strong><em>’⁵</em></strong></span> <span class='ocrx_word' id='word_1_370' title='bbox 606 5697 868 5750; x_wconf 77' lang='lat' dir='ltr'><strong><em>Asterisei</em></strong></span> <span class='ocrx_word' id='word_1_371' title='bbox 904 5707 1089 5750; x_wconf 83' lang='lat' dir='ltr'><strong><em>notam</em></strong></span> <span class='ocrx_word' id='word_1_372' title='bbox 1124 5696 1400 5750; x_wconf 84' lang='lat' dir='ltr'><strong><em>Palatinus</em></strong></span> <span class='ocrx_word' id='word_1_373' title='bbox 1453 5710 1553 5749; x_wconf 84' lang='lat' dir='ltr'><strong><em>IIIS.</em></strong></span> <span class='ocrx_word' id='word_1_374' title='bbox 1597 5707 1650 5750; x_wconf 86' lang='lat' dir='ltr'><strong><em>ct</em></strong></span> <span class='ocrx_word' id='word_1_375' title='bbox 1699 5693 1824 5747; x_wconf 80' lang='lat' dir='ltr'><strong><em>Curi</em></strong></span> <span class='ocrx_word' id='word_1_376' title='bbox 1881 5695 2052 5748; x_wconf 85' lang='lat' dir='ltr'><strong><em>editio</em></strong></span> 
     </span>
    </p>
   </div>
   <div class='ocr_carea' id='block_1_60' title="bbox 492 5766 2052 5836">
    <p class='ocr_par' dir='ltr' id='par_1_60' title="bbox 492 5766 2052 5836">
     <span class='ocr_line' id='line_1_60' title="bbox 492 5766 2052 5836; baseline 0.001 -19"><span class='ocrx_word' id='word_1_377' title='bbox 492 5766 853 5820; x_wconf 80' lang='lat' dir='ltr'><strong><em>dissimulant.</em></strong></span> <span class='ocrx_word' id='word_1_378' title='bbox 883 5766 1178 5836; x_wconf 84' lang='lat' dir='ltr'><strong><em>Sequentis</em></strong></span> <span class='ocrx_word' id='word_1_379' title='bbox 1206 5779 1387 5823; x_wconf 86' lang='lat' dir='ltr'><strong><em>autem</em></strong></span> <span class='ocrx_word' id='word_1_380' title='bbox 1421 5767 1668 5835; x_wconf 77' lang='lat' dir='ltr'><strong><em>proxime</em></strong></span> <span class='ocrx_word' id='word_1_381' title='bbox 1701 5767 1849 5818; x_wconf 79' lang='lat' dir='ltr'><strong><em>verbi</em></strong></span> <span class='ocrx_word' id='word_1_382' title='bbox 1885 5780 2052 5819; x_wconf 71' lang='lat' dir='ltr'><strong><em>exon.-</em></strong></span> 
     </span>
    </p>
   </div>
   <div class='ocr_carea' id='block_1_61' title="bbox 2111 534 3629 605">
    <p class='ocr_par' dir='ltr' id='par_1_61' title="bbox 2111 534 3629 605">
     <span class='ocr_line' id='line_1_61' title="bbox 2111 534 3629 605; baseline -0.004 -5"><span class='ocrx_word' id='word_1_383' title='bbox 2111 547 2252 601; x_wconf 85' lang='lat' dir='ltr'><strong><em>dabo</em></strong></span> <span class='ocrx_word' id='word_1_384' title='bbox 2277 534 2476 599; x_wconf 85' lang='lat' dir='ltr'><strong><em>nomen</em></strong></span> <span class='ocrx_word' id='word_1_385' title='bbox 2527 552 2680 597; x_wconf 91' lang='lat' dir='ltr'><strong><em>tuum</em></strong></span> <span class='ocrx_word' id='word_1_386' title='bbox 2724 543 2777 595; x_wconf 90' lang='lat' dir='ltr'><strong><em>in</em></strong></span> <span class='ocrx_word' id='word_1_387' title='bbox 2810 550 3100 605; x_wconf 63' lang='lat' dir='ltr'><strong><em>aeternum,</em></strong></span> <span class='ocrx_word' id='word_1_388' title='bbox 3136 549 3190 594; x_wconf 77' lang='lat' dir='ltr'><strong><em>et</em></strong></span> <span class='ocrx_word' id='word_1_389' title='bbox 3213 540 3264 592; x_wconf 85' lang='lat' dir='ltr'><strong><em>in</em></strong></span> <span class='ocrx_word' id='word_1_390' title='bbox 3287 542 3520 594; x_wconf 60' lang='lat' dir='ltr'><strong><em>suculam</em></strong></span> <span class='ocrx_word' id='word_1_391' title='bbox 3545 557 3629 595; x_wconf 72' lang='lat' dir='ltr'><strong><em>ste-</em></strong></span> 
     </span>
    </p>
   </div>
   <div class='ocr_carea' id='block_1_62' title="bbox 2107 639 2237 692">
    <p class='ocr_par' dir='ltr' id='par_1_62' title="bbox 2107 639 2237 692">
     <span class='ocr_line' id='line_1_62' title="bbox 2107 639 2237 692; baseline -0.015 0"><span class='ocrx_word' id='word_1_392' title='bbox 2107 639 2237 692; x_wconf 84' lang='lat' dir='ltr'><strong><em>culi.</em></strong></span> 
     </span>
    </p>
   </div>
   <div class='ocr_carea' id='block_1_63' title="bbox 2181 725 3630 801">
    <p class='ocr_par' dir='ltr' id='par_1_63' title="bbox 2181 725 3630 801">
     <span class='ocr_line' id='line_1_63' title="bbox 2181 725 3630 801; baseline 0.003 -19"><span class='ocrx_word' id='word_1_393' title='bbox 2181 729 2426 801; x_wconf 80' lang='lat' dir='ltr'><strong><em>[GimeL]</em></strong></span> <span class='ocrx_word' id='word_1_394' title='bbox 2470 727 2698 798; x_wconf 82' lang='lat' dir='ltr'><strong><em>Magnus</em></strong></span> <span class='ocrx_word' id='word_1_395' title='bbox 2721 726 3017 788; x_wconf 78' lang='lat' dir='ltr'><strong><em>Dein—inus,</em></strong></span> <span class='ocrx_word' id='word_1_396' title='bbox 3056 735 3106 781; x_wconf 82' lang='lat' dir='ltr'><strong><em>et</em></strong></span> <span class='ocrx_word' id='word_1_397' title='bbox 3137 725 3418 782; x_wconf 77' lang='lat' dir='ltr'><strong><em>laudabilis</em></strong></span> <span class='ocrx_word' id='word_1_398' title='bbox 3451 730 3630 785; x_wconf 70' lang='lat' dir='ltr'><strong><em>nimis-1</em></strong></span> 
     </span>
    </p>
   </div>
   <div class='ocr_carea' id='block_1_64' title="bbox 2108 817 3189 890">
    <p class='ocr_par' dir='ltr' id='par_1_64' title="bbox 2108 817 3189 890">
     <span class='ocr_line' id='line_1_64' title="bbox 2108 817 3189 890; baseline -0.003 -16"><span class='ocrx_word' id='word_1_399' title='bbox 2108 833 2165 874; x_wconf 86' lang='lat' dir='ltr'><strong><em>et</em></strong></span> <span class='ocrx_word' id='word_1_400' title='bbox 2201 819 2605 890; x_wconf 78' lang='lat' dir='ltr'><strong><em>magnitudinis</em></strong></span> <span class='ocrx_word' id='word_1_401' title='bbox 2639 820 2757 890; x_wconf 84' lang='lat' dir='ltr'><strong><em>ejus</em></strong></span> <span class='ocrx_word' id='word_1_402' title='bbox 2799 833 2907 871; x_wconf 91' lang='lat' dir='ltr'><strong><em>non</em></strong></span> <span class='ocrx_word' id='word_1_403' title='bbox 2941 827 3018 871; x_wconf 84' lang='lat' dir='ltr'><strong><em>est</em></strong></span> <span class='ocrx_word' id='word_1_404' title='bbox 3065 817 3189 871; x_wconf 84' lang='lat' dir='ltr'><strong><em>ﬁnis</em></strong></span> 
     </span>
    </p>
   </div>
   <div class='ocr_carea' id='block_1_65' title="bbox 2183 907 3634 982">
    <p class='ocr_par' dir='ltr' id='par_1_65' title="bbox 2183 907 3634 982">
     <span class='ocr_line' id='line_1_65' title="bbox 2183 907 3634 982; baseline 0 -19"><span class='ocrx_word' id='word_1_405' title='bbox 2183 909 2445 982; x_wconf 67' lang='lat' dir='ltr'><strong><em>[Daletlu]</em></strong></span> <span class='ocrx_word' id='word_1_406' title='bbox 2471 909 2773 964; x_wconf 57' lang='lat' dir='ltr'><strong><em>(Perierat-io</em></strong></span> <span class='ocrx_word' id='word_1_407' title='bbox 2795 918 2852 963; x_wconf 87' lang='lat' dir='ltr'><strong><em>et</em></strong></span> <span class='ocrx_word' id='word_1_408' title='bbox 2882 907 3164 977; x_wconf 73' lang='lat' dir='ltr'><strong><em>generatio</em></strong></span> <span class='ocrx_word' id='word_1_409' title='bbox 3187 908 3473 963; x_wconf 64' lang='lat' dir='ltr'><strong><em>tendebant</em></strong></span> <span class='ocrx_word' id='word_1_410' title='bbox 3498 924 3634 978; x_wconf 80' lang='lat' dir='ltr'><strong><em>opera</em></strong></span> 
     </span>
    </p>
   </div>
   <div class='ocr_carea' id='block_1_66' title="bbox 2114 1001 3354 1070">
    <p class='ocr_par' dir='ltr' id='par_1_66' title="bbox 2114 1001 3354 1070">
     <span class='ocr_line' id='line_1_66' title="bbox 2114 1001 3354 1070; baseline -0.004 -13"><span class='ocrx_word' id='word_1_411' title='bbox 2114 1015 2206 1059; x_wconf 84' lang='lat' dir='ltr'><strong><em>tua</em></strong></span> <span class='ocrx_word' id='word_1_412' title='bbox 2239 1019 2252 1060; x_wconf 90' lang='lat'><strong>:</strong></span> <span class='ocrx_word' id='word_1_413' title='bbox 2290 1012 2343 1057; x_wconf 79' lang='lat' dir='ltr'><strong><em>et</em></strong></span> <span class='ocrx_word' id='word_1_414' title='bbox 2379 1003 2679 1070; x_wconf 84' lang='lat' dir='ltr'><strong><em>potentiam</em></strong></span> <span class='ocrx_word' id='word_1_415' title='bbox 2720 1011 2868 1054; x_wconf 88' lang='lat' dir='ltr'><strong><em>tuam</em></strong></span> <span class='ocrx_word' id='word_1_416' title='bbox 2907 1001 3354 1069; x_wconf 76' lang='lat' dir='ltr'><strong><em>pronuntiabunt.</em></strong></span> 
     </span>
    </p>
   </div>
   <div class='ocr_carea' id='block_1_67' title="bbox 2178 1093 3638 1168">
    <p class='ocr_par' dir='ltr' id='par_1_67' title="bbox 2178 1093 3638 1168">
     <span class='ocr_line' id='line_1_67' title="bbox 2178 1093 3638 1168; baseline -0.003 -18"><span class='ocrx_word' id='word_1_417' title='bbox 2178 1095 2335 1168; x_wconf 52' lang='grc' dir='ltr'><strong><em>μὴ]</em></strong></span> <span class='ocrx_word' id='word_1_418' title='bbox 2371 1095 2828 1165; x_wconf 74' lang='lat' dir='ltr'><strong><em>Magniﬁcentiam</em></strong></span> <span class='ocrx_word' id='word_1_419' title='bbox 2854 1093 3158 1164; x_wconf 72' lang='lat' dir='ltr'><strong><em>majestaiis</em></strong></span> <span class='ocrx_word' id='word_1_420' title='bbox 3180 1103 3311 1157; x_wconf 58' lang='lat' dir='ltr'><strong><em>sine,</em></strong></span> <span class='ocrx_word' id='word_1_421' title='bbox 3343 1094 3638 1148; x_wconf 79' lang='lat' dir='ltr'><strong><em>et-sanctita-</em></strong></span> 
     </span>
    </p>
   </div>
   <div class='ocr_carea' id='block_1_68' title="bbox 2031 1185 3592 1258">
    <p class='ocr_par' dir='ltr' id='par_1_68' title="bbox 2031 1185 3592 1258">
     <span class='ocr_line' id='line_1_68' title="bbox 2031 1185 3592 1258; baseline -0.001 -16"><span class='ocrx_word' id='word_1_422' title='bbox 2031 1220 2039 1232; x_wconf 64' lang='grc' dir='ltr'>ι</span> <span class='ocrx_word' id='word_1_423' title='bbox 2111 1198 2219 1244; x_wconf 87' lang='lat' dir='ltr'><strong><em>tcm</em></strong></span> <span class='ocrx_word' id='word_1_424' title='bbox 2249 1198 2395 1242; x_wconf 79' lang='lat' dir='ltr'><strong><em>tuam</em></strong></span> <span class='ocrx_word' id='word_1_425' title='bbox 2418 1190 2726 1258; x_wconf 84' lang='lat' dir='ltr'><strong><em>loquentur</em></strong></span> <span class='ocrx_word' id='word_1_426' title='bbox 2751 1204 2765 1242; x_wconf 91' lang='lat'><strong>:</strong></span> <span class='ocrx_word' id='word_1_427' title='bbox 2797 1196 2856 1243; x_wconf 87' lang='lat' dir='ltr'><strong><em>et</em></strong></span> <span class='ocrx_word' id='word_1_428' title='bbox 2887 1185 3159 1240; x_wconf 79' lang='lat' dir='ltr'><strong><em>mirabilia</em></strong></span> <span class='ocrx_word' id='word_1_429' title='bbox 3189 1195 3277 1239; x_wconf 83' lang='lat' dir='ltr'><strong><em>tua</em></strong></span> <span class='ocrx_word' id='word_1_430' title='bbox 3304 1185 3592 1240; x_wconf 79' lang='lat' dir='ltr'><strong><em>narrabant.</em></strong></span> 
     </span>
    </p>
   </div>
   <div class='ocr_carea' id='block_1_69' title="bbox 2188 1296 3640 1374">
    <p class='ocr_par' dir='ltr' id='par_1_69' title="bbox 2188 1296 3640 1374">
     <span class='ocr_line' id='line_1_69' title="bbox 2188 1296 3640 1374; baseline -0.003 -18"><span class='ocrx_word' id='word_1_431' title='bbox 2188 1301 2378 1374; x_wconf 68' lang='lat' dir='ltr'><strong><em>[‘Vav.]</em></strong></span> <span class='ocrx_word' id='word_1_432' title='bbox 2422 1303 2696 1358; x_wconf 78' lang='lat' dir='ltr'><strong><em>Virtutem</em></strong></span> <span class='ocrx_word' id='word_1_433' title='bbox 2737 1301 3138 1356; x_wconf 80' lang='lat' dir='ltr'><strong><em>terribiliorum</em></strong></span> <span class='ocrx_word' id='word_1_434' title='bbox 3170 1307 3381 1354; x_wconf 86' lang='lat' dir='ltr'><strong><em>tuorum</em></strong></span> <span class='ocrx_word' id='word_1_435' title='bbox 3407 1296 3640 1351; x_wconf 86' lang='lat' dir='ltr'><strong><em>dicentet</em></strong></span> 
     </span>
    </p>
   </div>
   <div class='ocr_carea' id='block_1_70' title="bbox 2113 1395 3084 1465">
    <p class='ocr_par' dir='ltr' id='par_1_70' title="bbox 2113 1395 3084 1465">
     <span class='ocr_line' id='line_1_70' title="bbox 2113 1395 3084 1465; baseline -0.003 -17"><span class='ocrx_word' id='word_1_436' title='bbox 2113 1395 2542 1465; x_wconf 75' lang='lat' dir='ltr'><strong><em>magnitudinem</em></strong></span> <span class='ocrx_word' id='word_1_437' title='bbox 2575 1404 2722 1448; x_wconf 81' lang='lat' dir='ltr'><strong><em>tuam</em></strong></span> <span class='ocrx_word' id='word_1_438' title='bbox 2753 1395 3084 1448; x_wconf 86' lang='lat' dir='ltr'><strong><em>narrabunt.</em></strong></span> 
     </span>
    </p>
   </div>
   <div class='ocr_carea' id='block_1_71' title="bbox 2186 1506 3646 1579">
    <p class='ocr_par' dir='ltr' id='par_1_71' title="bbox 2186 1506 3646 1579">
     <span class='ocr_line' id='line_1_71' title="bbox 2186 1506 3646 1579; baseline 0.004 -19"><span class='ocrx_word' id='word_1_439' title='bbox 2186 1507 2399 1579; x_wconf 90' lang='lat' dir='ltr'><strong><em>[Zain.]</em></strong></span> <span class='ocrx_word' id='word_1_440' title='bbox 2456 1507 2772 1562; x_wconf 84' lang='lat' dir='ltr'><strong><em>Memoriam</em></strong></span> <span class='ocrx_word' id='word_1_441' title='bbox 2828 1506 3184 1562; x_wconf 70' lang='lat' dir='ltr'><strong><em>abundantiae</em></strong></span> <span class='ocrx_word' id='word_1_442' title='bbox 3235 1509 3504 1566; x_wconf 85' lang='lat' dir='ltr'><strong><em>suavitatis</em></strong></span> <span class='ocrx_word' id='word_1_443' title='bbox 3559 1521 3646 1568; x_wconf 61' lang='lat' dir='ltr'><strong><em>tua:</em></strong></span> 
     </span>
    </p>
   </div>
   <div class='ocr_carea' id='block_1_72' title="bbox 2116 1598 3355 1666">
    <p class='ocr_par' dir='ltr' id='par_1_72' title="bbox 2116 1598 3355 1666">
     <span class='ocr_line' id='line_1_72' title="bbox 2116 1598 3355 1666; baseline 0.002 -15"><span class='ocrx_word' id='word_1_444' title='bbox 2116 1598 2448 1652; x_wconf 81' lang='lat' dir='ltr'><strong><em>cructabunt</em></strong></span> <span class='ocrx_word' id='word_1_445' title='bbox 2479 1613 2495 1652; x_wconf 86' lang='lat'><strong>:</strong></span> <span class='ocrx_word' id='word_1_446' title='bbox 2527 1598 2820 1666; x_wconf 86' lang='lat' dir='ltr'><strong><em>etjustitia</em></strong></span> <span class='ocrx_word' id='word_1_447' title='bbox 2859 1608 2951 1651; x_wconf 85' lang='lat' dir='ltr'><strong><em>tua</em></strong></span> <span class='ocrx_word' id='word_1_448' title='bbox 2984 1599 3355 1654; x_wconf 82' lang='lat' dir='ltr'><strong><em>exsultabant.</em></strong></span> 
     </span>
    </p>
   </div>
   <div class='ocr_carea' id='block_1_73' title="bbox 2191 1710 3647 1784">
    <p class='ocr_par' dir='ltr' id='par_1_73' title="bbox 2191 1710 3647 1784">
     <span class='ocr_line' id='line_1_73' title="bbox 2191 1710 3647 1784; baseline 0.003 -19"><span class='ocrx_word' id='word_1_449' title='bbox 2191 1710 2398 1783; x_wconf 66' lang='lat' dir='ltr'><strong><em>[lietlu]</em></strong></span> <span class='ocrx_word' id='word_1_450' title='bbox 2420 1712 2732 1767; x_wconf 77' lang='lat' dir='ltr'><strong><em>Misericors</em></strong></span> <span class='ocrx_word' id='word_1_451' title='bbox 2749 1721 2804 1766; x_wconf 86' lang='lat' dir='ltr'><strong><em>et</em></strong></span> <span class='ocrx_word' id='word_1_452' title='bbox 2821 1712 3113 1766; x_wconf 81' lang='lat' dir='ltr'><strong><em>miseratur</em></strong></span> <span class='ocrx_word' id='word_1_453' title='bbox 3137 1711 3431 1769; x_wconf 80' lang='lat' dir='ltr'><strong><em>Dominus:</em></strong></span> <span class='ocrx_word' id='word_1_454' title='bbox 3451 1715 3647 1784; x_wconf 78' lang='lat' dir='ltr'><strong><em>patiens,</em></strong></span> 
     </span>
    </p>
   </div>
   <div class='ocr_carea' id='block_1_74' title="bbox 2039 1803 2808 1860">
    <p class='ocr_par' dir='ltr' id='par_1_74' title="bbox 2039 1803 2808 1860">
     <span class='ocr_line' id='line_1_74' title="bbox 2039 1803 2808 1860; baseline -0.005 0"><span class='ocrx_word' id='word_1_455' title='bbox 2039 1803 2090 1860; x_wconf 65' lang='lat' dir='ltr'><strong><em>Il</em></strong></span> <span class='ocrx_word' id='word_1_456' title='bbox 2121 1814 2176 1856; x_wconf 88' lang='lat' dir='ltr'><strong><em>et</em></strong></span> <span class='ocrx_word' id='word_1_457' title='bbox 2208 1804 2440 1858; x_wconf 88' lang='lat' dir='ltr'><strong><em>multum</em></strong></span> <span class='ocrx_word' id='word_1_458' title='bbox 2469 1805 2808 1858; x_wconf 86' lang='lat' dir='ltr'><strong><em>misericors.</em></strong></span> 
     </span>
    </p>
   </div>
   <div class='ocr_carea' id='block_1_75' title="bbox 2195 1913 3654 1987">
    <p class='ocr_par' dir='ltr' id='par_1_75' title="bbox 2195 1913 3654 1987">
     <span class='ocr_line' id='line_1_75' title="bbox 2195 1913 3654 1987; baseline 0.002 -20"><span class='ocrx_word' id='word_1_459' title='bbox 2195 1913 2395 1987; x_wconf 55' lang='lat' dir='ltr'><strong><em>[Teste]</em></strong></span> <span class='ocrx_word' id='word_1_460' title='bbox 2419 1915 2622 1970; x_wconf 81' lang='lat' dir='ltr'><strong><em>Suavis</em></strong></span> <span class='ocrx_word' id='word_1_461' title='bbox 2649 1915 2914 1970; x_wconf 79' lang='lat' dir='ltr'><strong><em>Dominus</em></strong></span> <span class='ocrx_word' id='word_1_462' title='bbox 2943 1917 3256 1972; x_wconf 82' lang='lat' dir='ltr'><strong><em>universis:</em></strong></span> <span class='ocrx_word' id='word_1_463' title='bbox 3289 1927 3354 1971; x_wconf 83' lang='lat' dir='ltr'><strong><em>-ct</em></strong></span> <span class='ocrx_word' id='word_1_464' title='bbox 3381 1918 3654 1973; x_wconf 85' lang='lat' dir='ltr'><strong><em>miseratio-</em></strong></span> 
     </span>
    </p>
   </div>
   <div class='ocr_carea' id='block_1_76' title="bbox 2124 1995 3194 2079">
    <p class='ocr_par' dir='ltr' id='par_1_76' title="bbox 2124 1995 3194 2079">
     <span class='ocr_line' id='line_1_76' title="bbox 2124 1995 3194 2079; baseline 0.002 -17"><span class='ocrx_word' id='word_1_465' title='bbox 2124 2022 2224 2064; x_wconf 88' lang='lat' dir='ltr'><strong><em>nes</em></strong></span> <span class='ocrx_word' id='word_1_466' title='bbox 2249 2009 2369 2077; x_wconf 88' lang='lat' dir='ltr'><strong><em>ejus</em></strong></span> <span class='ocrx_word' id='word_1_467' title='bbox 2398 2024 2564 2078; x_wconf 89' lang='lat' dir='ltr'><strong><em>super</em></strong></span> <span class='ocrx_word' id='word_1_468' title='bbox 2595 2009 2779 2062; x_wconf 88' lang='lat' dir='ltr'><strong><em>omnia</em></strong></span> <span class='ocrx_word' id='word_1_469' title='bbox 2810 1995 3143 2079; x_wconf 78' lang='lat' dir='ltr'><strong><em>operaejus.</em></strong></span> <span class='ocrx_word' id='word_1_470' title='bbox 3185 2030 3194 2038; x_wconf 90' lang='grc'>·</span> 
     </span>
    </p>
   </div>
   <div class='ocr_carea' id='block_1_77' title="bbox 2195 2120 3655 2193">
    <p class='ocr_par' dir='ltr' id='par_1_77' title="bbox 2195 2120 3655 2193">
     <span class='ocr_line' id='line_1_77' title="bbox 2195 2120 3655 2193; baseline -0.001 -18"><span class='ocrx_word' id='word_1_471' title='bbox 2195 2120 2371 2193; x_wconf 82' lang='lat' dir='ltr'><strong><em>[Jod.]</em></strong></span> <span class='ocrx_word' id='word_1_472' title='bbox 2418 2120 2803 2176; x_wconf 79' lang='lat' dir='ltr'><strong><em>Con‘ﬁteantur</em></strong></span> <span class='ocrx_word' id='word_1_473' title='bbox 2844 2121 2964 2184; x_wconf 84' lang='lat' dir='ltr'><strong><em>tibi,</em></strong></span> <span class='ocrx_word' id='word_1_474' title='bbox 3001 2121 3256 2181; x_wconf 86' lang='lat' dir='ltr'><strong><em>Domine.</em></strong></span> <span class='ocrx_word' id='word_1_475' title='bbox 3303 2121 3480 2175; x_wconf 89' lang='lat' dir='ltr'><strong><em>omnia</em></strong></span> <span class='ocrx_word' id='word_1_476' title='bbox 3519 2134 3655 2187; x_wconf 80' lang='lat' dir='ltr'><strong><em>opera</em></strong></span> 
     </span>
    </p>
   </div>
   <div class='ocr_carea' id='block_1_78' title="bbox 2127 2209 3654 2285">
    <p class='ocr_par' dir='ltr' id='par_1_78' title="bbox 2127 2209 3654 2285">
     <span class='ocr_line' id='line_1_78' title="bbox 2127 2209 3654 2285; baseline -0.001 -18"><span class='ocrx_word' id='word_1_477' title='bbox 2127 2222 2260 2269; x_wconf 81' lang='lat' dir='ltr'><strong><em>tua:</em></strong></span> <span class='ocrx_word' id='word_1_478' title='bbox 2299 2221 2352 2268; x_wconf 88' lang='lat' dir='ltr'><strong><em>et</em></strong></span> <span class='ocrx_word' id='word_1_479' title='bbox 2375 2213 2549 2268; x_wconf 89' lang='lat' dir='ltr'><strong><em>sancti</em></strong></span> <span class='ocrx_word' id='word_1_480' title='bbox 2581 2213 2658 2267; x_wconf 88' lang='lat' dir='ltr'><strong><em>tui</em></strong></span> <span class='ocrx_word' id='word_1_481' title='bbox 2719 2213 3045 2267; x_wconf 87' lang='lat' dir='ltr'><strong><em>benedicent</em></strong></span> <span class='ocrx_word' id='word_1_482' title='bbox 3082 2211 3207 2285; x_wconf 86' lang='lat' dir='ltr'><strong><em>[ms.</em></strong></span> <span class='ocrx_word' id='word_1_483' title='bbox 3238 2209 3566 2281; x_wconf 66' lang='lat' dir='ltr'><strong><em>benedictum]</em></strong></span> <span class='ocrx_word' id='word_1_484' title='bbox 3594 2221 3654 2266; x_wconf 90' lang='lat' dir='ltr'><strong><em>te.</em></strong></span> 
     </span>
    </p>
   </div>
   <div class='ocr_carea' id='block_1_79' title="bbox 2195 2325 3658 2399">
    <p class='ocr_par' dir='ltr' id='par_1_79' title="bbox 2195 2325 3658 2399">
     <span class='ocr_line' id='line_1_79' title="bbox 2195 2325 3658 2399; baseline -0.003 -15"><span class='ocrx_word' id='word_1_485' title='bbox 2195 2327 2419 2399; x_wconf 86' lang='lat' dir='ltr'><strong><em>[Caph.]</em></strong></span> <span class='ocrx_word' id='word_1_486' title='bbox 2442 2327 2684 2382; x_wconf 87' lang='lat' dir='ltr'><strong><em>Gloriam</em></strong></span> <span class='ocrx_word' id='word_1_487' title='bbox 2728 2327 2881 2396; x_wconf 91' lang='lat' dir='ltr'><strong><em>regni</em></strong></span> <span class='ocrx_word' id='word_1_488' title='bbox 2924 2326 2999 2380; x_wconf 89' lang='lat' dir='ltr'><strong><em>tui</em></strong></span> <span class='ocrx_word' id='word_1_489' title='bbox 3030 2325 3225 2382; x_wconf 87' lang='lat' dir='ltr'><strong><em>dicent</em></strong></span> <span class='ocrx_word' id='word_1_490' title='bbox 3251 2342 3270 2383; x_wconf 72' lang='grc' dir='ltr'>ι</span> <span class='ocrx_word' id='word_1_491' title='bbox 3297 2336 3351 2382; x_wconf 90' lang='lat' dir='ltr'><strong><em>et</em></strong></span> <span class='ocrx_word' id='word_1_492' title='bbox 3397 2325 3658 2396; x_wconf 84' lang='lat' dir='ltr'><strong><em>potentiam</em></strong></span> 
     </span>
    </p>
   </div>
   <div class='ocr_carea' id='block_1_80' title="bbox 2128 2423 2623 2490">
    <p class='ocr_par' dir='ltr' id='par_1_80' title="bbox 2128 2423 2623 2490">
     <span class='ocr_line' id='line_1_80' title="bbox 2128 2423 2623 2490; baseline -0.008 -14"><span class='ocrx_word' id='word_1_493' title='bbox 2128 2434 2276 2476; x_wconf 87' lang='lat' dir='ltr'><strong><em>tuam</em></strong></span> <span class='ocrx_word' id='word_1_494' title='bbox 2304 2423 2623 2490; x_wconf 86' lang='lat' dir='ltr'><strong><em>loquentur.</em></strong></span> 
     </span>
    </p>
   </div>
   <div class='ocr_carea' id='block_1_81' title="bbox 2185 2532 3662 2607">
    <p class='ocr_par' dir='ltr' id='par_1_81' title="bbox 2185 2532 3662 2607">
     <span class='ocr_line' id='line_1_81' title="bbox 2185 2532 3662 2607; baseline -0.005 -19"><span class='ocrx_word' id='word_1_495' title='bbox 2185 2533 2467 2607; x_wconf 35' lang='lat' dir='ltr'><strong><em>.[LametL]</em></strong></span> <span class='ocrx_word' id='word_1_496' title='bbox 2494 2533 2564 2588; x_wconf 89' lang='lat' dir='ltr'><strong><em>Ut</em></strong></span> <span class='ocrx_word' id='word_1_497' title='bbox 2593 2543 2785 2587; x_wconf 81' lang='lat' dir='ltr'><strong><em>notam</em></strong></span> <span class='ocrx_word' id='word_1_498' title='bbox 2815 2532 3023 2588; x_wconf 79' lang='lat' dir='ltr'><strong><em>faciant</em></strong></span> <span class='ocrx_word' id='word_1_499' title='bbox 3052 2533 3182 2588; x_wconf 88' lang='lat' dir='ltr'><strong><em>liliis</em></strong></span> <span class='ocrx_word' id='word_1_500' title='bbox 3212 2532 3486 2586; x_wconf 85' lang='lat' dir='ltr'><strong><em>hominum</em></strong></span> <span class='ocrx_word' id='word_1_501' title='bbox 3503 2536 3662 2599; x_wconf 77' lang='lat' dir='ltr'><strong><em>poten-</em></strong></span> 
     </span>
    </p>
   </div>
   <div class='ocr_carea' id='block_1_82' title="bbox 2127 2618 3659 2695">
    <p class='ocr_par' dir='ltr' id='par_1_82' title="bbox 2127 2618 3659 2695">
     <span class='ocr_line' id='line_1_82' title="bbox 2127 2618 3659 2695; baseline -0.007 -14"><span class='ocrx_word' id='word_1_502' title='bbox 2127 2627 2258 2682; x_wconf 85' lang='lat' dir='ltr'><strong><em>tiam</em></strong></span> <span class='ocrx_word' id='word_1_503' title='bbox 2299 2636 2469 2689; x_wconf 87' lang='lat' dir='ltr'><strong><em>tuam,</em></strong></span> <span class='ocrx_word' id='word_1_504' title='bbox 2509 2635 2565 2680; x_wconf 89' lang='lat' dir='ltr'><strong><em>et</em></strong></span> <span class='ocrx_word' id='word_1_505' title='bbox 2599 2626 2828 2695; x_wconf 82' lang='lat' dir='ltr'><strong><em>gloriam</em></strong></span> <span class='ocrx_word' id='word_1_506' title='bbox 2887 2625 3309 2692; x_wconf 72' lang='lat' dir='ltr'><strong><em>magniﬁcentia:</em></strong></span> <span class='ocrx_word' id='word_1_507' title='bbox 3355 2621 3497 2692; x_wconf 83' lang='lat' dir='ltr'><strong><em>regni</em></strong></span> <span class='ocrx_word' id='word_1_508' title='bbox 3536 2619 3600 2673; x_wconf 87' lang='lat' dir='ltr'><strong><em>tui</em></strong></span> <span class='ocrx_word' id='word_1_509' title='bbox 3623 2618 3659 2680; x_wconf 82' lang='lat'><strong><em>&#39;.</em></strong></span> 
     </span>
    </p>
   </div>
   <div class='ocr_carea' id='block_1_83' title="bbox 2198 2729 3660 2809">
    <p class='ocr_par' dir='ltr' id='par_1_83' title="bbox 2198 2729 3660 2809">
     <span class='ocr_line' id='line_1_83' title="bbox 2198 2729 3660 2809; baseline -0.01 -18"><span class='ocrx_word' id='word_1_510' title='bbox 2198 2735 2414 2809; x_wconf 68' lang='lat' dir='ltr'><strong><em>[Mem]</em></strong></span> <span class='ocrx_word' id='word_1_511' title='bbox 2438 2737 2685 2806; x_wconf 79' lang='lat' dir='ltr'><strong><em>Regnum</em></strong></span> <span class='ocrx_word' id='word_1_512' title='bbox 2714 2745 2891 2799; x_wconf 89' lang='lat' dir='ltr'><strong><em>tuum,</em></strong></span> <span class='ocrx_word' id='word_1_513' title='bbox 2920 2734 3179 2798; x_wconf 83' lang='lat' dir='ltr'><strong><em>Domine,</em></strong></span> <span class='ocrx_word' id='word_1_514' title='bbox 3213 2747 3434 2802; x_wconf 78' lang='lat' dir='ltr'><strong><em>regnum</em></strong></span> <span class='ocrx_word' id='word_1_515' title='bbox 3453 2729 3660 2783; x_wconf 88' lang='lat' dir='ltr'><strong><em>omnium</em></strong></span> 
     </span>
    </p>
   </div>
   <div class='ocr_carea' id='block_1_84' title="bbox 2121 2819 3667 2892">
    <p class='ocr_par' dir='ltr' id='par_1_84' title="bbox 2121 2819 3667 2892">
     <span class='ocr_line' id='line_1_84' title="bbox 2121 2819 3667 2892; baseline -0.004 -7"><span class='ocrx_word' id='word_1_516' title='bbox 2121 2831 2454 2885; x_wconf 68' lang='lat' dir='ltr'><strong><em>surculorum</em></strong></span> <span class='ocrx_word' id='word_1_517' title='bbox 2487 2844 2502 2879; x_wconf 88' lang='lat'><strong>:</strong></span> <span class='ocrx_word' id='word_1_518' title='bbox 2536 2837 2593 2882; x_wconf 88' lang='lat' dir='ltr'><strong><em>et</em></strong></span> <span class='ocrx_word' id='word_1_519' title='bbox 2610 2826 2920 2882; x_wconf 85' lang='lat' dir='ltr'><strong><em>dominatio</em></strong></span> <span class='ocrx_word' id='word_1_520' title='bbox 2947 2827 3131 2880; x_wconf 56' lang='lat' dir='ltr'><strong><em>ttuain</em></strong></span> <span class='ocrx_word' id='word_1_521' title='bbox 3155 2824 3306 2879; x_wconf 75' lang='lat' dir='ltr'><strong><em>oraui</em></strong></span> <span class='ocrx_word' id='word_1_522' title='bbox 3327 2819 3667 2892; x_wconf 70' lang='lat' dir='ltr'><strong><em>generatione.</em></strong></span> 
     </span>
    </p>
   </div>
   <div class='ocr_carea' id='block_1_85' title="bbox 2125 2924 2493 2992">
    <p class='ocr_par' dir='ltr' id='par_1_85' title="bbox 2125 2924 2493 2992">
     <span class='ocr_line' id='line_1_85' title="bbox 2125 2924 2493 2992; baseline -0.003 -15"><span class='ocrx_word' id='word_1_523' title='bbox 2125 2932 2181 2977; x_wconf 82' lang='lat' dir='ltr'><strong><em>et</em></strong></span> <span class='ocrx_word' id='word_1_524' title='bbox 2208 2924 2493 2992; x_wconf 77' lang='lat' dir='ltr'><strong><em>progenie.</em></strong></span> 
     </span>
    </p>
   </div>
   <div class='ocr_carea' id='block_1_86' title="bbox 2197 3025 3672 3091">
    <p class='ocr_par' dir='ltr' id='par_1_86' title="bbox 2197 3025 3672 3091">
     <span class='ocr_line' id='line_1_86' title="bbox 2197 3025 3672 3091; baseline -0.011 0"><span class='ocrx_word' id='word_1_525' title='bbox 2197 3035 2401 3091; x_wconf 85' lang='lat' dir='ltr'><strong><em>Fidelis</em></strong></span> <span class='ocrx_word' id='word_1_526' title='bbox 2431 3029 2980 3089; x_wconf 76' lang='lat' dir='ltr'><strong><em>Dominusin-verbis</em></strong></span> <span class='ocrx_word' id='word_1_527' title='bbox 3001 3030 3121 3084; x_wconf 88' lang='lat' dir='ltr'><strong><em>suis</em></strong></span> <span class='ocrx_word' id='word_1_528' title='bbox 3143 3047 3156 3084; x_wconf 91' lang='lat'><strong>:</strong></span> <span class='ocrx_word' id='word_1_529' title='bbox 3182 3039 3237 3084; x_wconf 89' lang='lat' dir='ltr'><strong><em>et</em></strong></span> <span class='ocrx_word' id='word_1_530' title='bbox 3258 3037 3475 3084; x_wconf 85' lang='lat' dir='ltr'><strong><em>sanctus</em></strong></span> <span class='ocrx_word' id='word_1_531' title='bbox 3501 3025 3551 3079; x_wconf 86' lang='lat' dir='ltr'><strong><em>in</em></strong></span> <span class='ocrx_word' id='word_1_532' title='bbox 3574 3037 3672 3077; x_wconf 86' lang='lat' dir='ltr'><strong><em>om-</em></strong></span> 
     </span>
    </p>
   </div>
   <div class='ocr_carea' id='block_1_87' title="bbox 2199 3214 3674 3314">
    <p class='ocr_par' dir='ltr' id='par_1_87' title="bbox 2199 3214 3674 3314">
     <span class='ocr_line' id='line_1_87' title="bbox 2199 3214 3674 3314; baseline -0.012 -19"><span class='ocrx_word' id='word_1_533' title='bbox 2199 3214 2497 3314; x_wconf 50' lang='lat' dir='ltr'><strong><em>[Limn/tl</em></strong></span> <span class='ocrx_word' id='word_1_534' title='bbox 2531 3239 2746 3292; x_wconf 81' lang='lat' dir='ltr'><strong><em>Allevat</em></strong></span> <span class='ocrx_word' id='word_1_535' title='bbox 2779 3233 3040 3292; x_wconf 84' lang='lat' dir='ltr'><strong><em>Dominus</em></strong></span> <span class='ocrx_word' id='word_1_536' title='bbox 3067 3249 3269 3291; x_wconf 88' lang='lat' dir='ltr'><strong><em>omnes</em></strong></span> <span class='ocrx_word' id='word_1_537' title='bbox 3300 3231 3393 3302; x_wconf 88' lang='lat' dir='ltr'><strong><em>qui</em></strong></span> <span class='ocrx_word' id='word_1_538' title='bbox 3422 3232 3674 3283; x_wconf 73' lang='lat' dir='ltr'><strong><em>ruuuttet</em></strong></span> 
     </span>
    </p>
   </div>
   <div class='ocr_carea' id='block_1_88' title="bbox 2126 3331 2724 3404">
    <p class='ocr_par' dir='ltr' id='par_1_88' title="bbox 2126 3331 2724 3404">
     <span class='ocr_line' id='line_1_88' title="bbox 2126 3331 2724 3404; baseline -0.01 -16"><span class='ocrx_word' id='word_1_539' title='bbox 2126 3333 2286 3404; x_wconf 81' lang='lat' dir='ltr'><strong><em>erigit</em></strong></span> <span class='ocrx_word' id='word_1_540' title='bbox 2314 3340 2504 3386; x_wconf 83' lang='lat' dir='ltr'><strong><em>omnes</em></strong></span> <span class='ocrx_word' id='word_1_541' title='bbox 2540 3331 2724 3384; x_wconf 83' lang='lat' dir='ltr'><strong><em>elisos.</em></strong></span> 
     </span>
    </p>
   </div>
   <div class='ocr_carea' id='block_1_89' title="bbox 2201 3437 3679 3518">
    <p class='ocr_par' dir='ltr' id='par_1_89' title="bbox 2201 3437 3679 3518">
     <span class='ocr_line' id='line_1_89' title="bbox 2201 3437 3679 3518; baseline -0.009 -19"><span class='ocrx_word' id='word_1_542' title='bbox 2201 3445 2371 3518; x_wconf 65' lang='lat' dir='ltr'><strong><em>[Ain]</em></strong></span> <span class='ocrx_word' id='word_1_543' title='bbox 2391 3445 2547 3500; x_wconf 90' lang='lat' dir='ltr'><strong><em>Oculi</em></strong></span> <span class='ocrx_word' id='word_1_544' title='bbox 2570 3445 2814 3500; x_wconf 89' lang='lat' dir='ltr'><strong><em>omnium</em></strong></span> <span class='ocrx_word' id='word_1_545' title='bbox 2847 3443 2902 3496; x_wconf 91' lang='lat' dir='ltr'><strong><em>in</em></strong></span> <span class='ocrx_word' id='word_1_546' title='bbox 2930 3453 2982 3496; x_wconf 87' lang='lat' dir='ltr'><strong><em>te</em></strong></span> <span class='ocrx_word' id='word_1_547' title='bbox 3006 3437 3494 3512; x_wconf 87' lang='lat' dir='ltr'><strong><em>sperant,Dominc</em></strong></span> <span class='ocrx_word' id='word_1_548' title='bbox 3519 3453 3534 3492; x_wconf 87' lang='lat'><strong>:</strong></span> <span class='ocrx_word' id='word_1_549' title='bbox 3557 3442 3608 3490; x_wconf 83' lang='lat' dir='ltr'><strong><em>et</em></strong></span> <span class='ocrx_word' id='word_1_550' title='bbox 3631 3441 3679 3486; x_wconf 88' lang='lat' dir='ltr'><strong><em>tu</em></strong></span> 
     </span>
    </p>
   </div>
   <div class='ocr_carea' id='block_1_90' title="bbox 2129 3538 3366 3605">
    <p class='ocr_par' dir='ltr' id='par_1_90' title="bbox 2129 3538 3366 3605">
     <span class='ocr_line' id='line_1_90' title="bbox 2129 3538 3366 3605; baseline -0.006 -11"><span class='ocrx_word' id='word_1_551' title='bbox 2129 3541 2226 3594; x_wconf 85' lang='lat' dir='ltr'><strong><em>das</em></strong></span> <span class='ocrx_word' id='word_1_552' title='bbox 2255 3553 2444 3594; x_wconf 84' lang='lat' dir='ltr'><strong><em>escam</em></strong></span> <span class='ocrx_word' id='word_1_553' title='bbox 2482 3538 2590 3593; x_wconf 89' lang='lat' dir='ltr'><strong><em>illis</em></strong></span> <span class='ocrx_word' id='word_1_554' title='bbox 2626 3539 2681 3592; x_wconf 88' lang='lat' dir='ltr'><strong><em>in</em></strong></span> <span class='ocrx_word' id='word_1_555' title='bbox 2737 3547 2985 3605; x_wconf 83' lang='lat' dir='ltr'><strong><em>tempore</em></strong></span> <span class='ocrx_word' id='word_1_556' title='bbox 3022 3541 3366 3604; x_wconf 89' lang='lat' dir='ltr'><strong><em>opportuno.</em></strong></span> 
     </span>
    </p>
   </div>
   <div class='ocr_carea' id='block_1_91' title="bbox 2202 3642 3679 3725">
    <p class='ocr_par' dir='ltr' id='par_1_91' title="bbox 2202 3642 3679 3725">
     <span class='ocr_line' id='line_1_91' title="bbox 2202 3642 3679 3725; baseline -0.01 -20"><span class='ocrx_word' id='word_1_557' title='bbox 2202 3651 2388 3725; x_wconf 87' lang='lat' dir='ltr'><strong><em>[Phe.]</em></strong></span> <span class='ocrx_word' id='word_1_558' title='bbox 2428 3649 2627 3720; x_wconf 69' lang='lat' dir='ltr'><strong><em>Aperis</em></strong></span> <span class='ocrx_word' id='word_1_559' title='bbox 2663 3663 2721 3705; x_wconf 89' lang='lat' dir='ltr'><strong><em>tu</em></strong></span> <span class='ocrx_word' id='word_1_560' title='bbox 2750 3663 2973 3702; x_wconf 77' lang='lat' dir='ltr'><strong><em>insnum</em></strong></span> <span class='ocrx_word' id='word_1_561' title='bbox 3009 3656 3204 3712; x_wconf 85' lang='lat' dir='ltr'><strong><em>tuam;</em></strong></span> <span class='ocrx_word' id='word_1_562' title='bbox 3241 3655 3298 3699; x_wconf 82' lang='lat' dir='ltr'><strong><em>et</em></strong></span> <span class='ocrx_word' id='word_1_563' title='bbox 3331 3642 3679 3713; x_wconf 81' lang='lat' dir='ltr'><strong><em>imples-omne</em></strong></span> 
     </span>
    </p>
   </div>
   <div class='ocr_carea' id='block_1_92' title="bbox 2131 3735 3503 3815">
    <p class='ocr_par' dir='ltr' id='par_1_92' title="bbox 2131 3735 3503 3815">
     <span class='ocr_line' id='line_1_92' title="bbox 2131 3735 3503 3815; baseline -0.009 -17"><span class='ocrx_word' id='word_1_564' title='bbox 2131 3744 2336 3799; x_wconf 85' lang='lat' dir='ltr'><strong><em>animal</em></strong></span> <span class='ocrx_word' id='word_1_565' title='bbox 2376 3741 2504 3815; x_wconf 80' lang='lat' dir='ltr'><strong><em>[ms.</em></strong></span> <span class='ocrx_word' id='word_1_566' title='bbox 2537 3755 2758 3796; x_wconf 87' lang='lat' dir='ltr'><strong><em>omnem</em></strong></span> <span class='ocrx_word' id='word_1_567' title='bbox 2791 3736 3059 3809; x_wconf 85' lang='lat' dir='ltr'><strong><em>animam]</em></strong></span> <span class='ocrx_word' id='word_1_568' title='bbox 3097 3735 3503 3791; x_wconf 88' lang='lat' dir='ltr'><strong><em>benedictione.</em></strong></span> 
     </span>
    </p>
   </div>
   <div class='ocr_carea' id='block_1_93' title="bbox 2213 3850 3685 3931">
    <p class='ocr_par' dir='ltr' id='par_1_93' title="bbox 2213 3850 3685 3931">
     <span class='ocr_line' id='line_1_93' title="bbox 2213 3850 3685 3931; baseline -0.014 -18"><span class='ocrx_word' id='word_1_569' title='bbox 2213 3855 2432 3931; x_wconf 67' lang='lat' dir='ltr'><strong><em>{Sade.]</em></strong></span> <span class='ocrx_word' id='word_1_570' title='bbox 2458 3857 2648 3912; x_wconf 81' lang='lat' dir='ltr'><strong><em>Justus</em></strong></span> <span class='ocrx_word' id='word_1_571' title='bbox 2687 3853 2956 3910; x_wconf 87' lang='lat' dir='ltr'><strong><em>Dominus</em></strong></span> <span class='ocrx_word' id='word_1_572' title='bbox 2991 3851 3050 3906; x_wconf 89' lang='lat' dir='ltr'><strong><em>in</em></strong></span> <span class='ocrx_word' id='word_1_573' title='bbox 3080 3850 3334 3906; x_wconf 81' lang='lat' dir='ltr'><strong><em>viissuis</em></strong></span> <span class='ocrx_word' id='word_1_574' title='bbox 3366 3863 3382 3903; x_wconf 87' lang='lat'><strong>:</strong></span> <span class='ocrx_word' id='word_1_575' title='bbox 3411 3854 3466 3902; x_wconf 90' lang='lat' dir='ltr'><strong><em>ct</em></strong></span> <span class='ocrx_word' id='word_1_576' title='bbox 3493 3851 3685 3898; x_wconf 79' lang='lat' dir='ltr'><strong><em>sanctus</em></strong></span> 
     </span>
    </p>
   </div>
   <div class='ocr_carea' id='block_1_94' title="bbox 2123 3946 2958 4018">
    <p class='ocr_par' dir='ltr' id='par_1_94' title="bbox 2123 3946 2958 4018">
     <span class='ocr_line' id='line_1_94' title="bbox 2123 3946 2958 4018; baseline -0.007 -12"><span class='ocrx_word' id='word_1_577' title='bbox 2123 3954 2189 4006; x_wconf 76' lang='lat' dir='ltr'><strong><em>in</em></strong></span> <span class='ocrx_word' id='word_1_578' title='bbox 2232 3950 2490 4005; x_wconf 85' lang='lat' dir='ltr'><strong><em>omnibus</em></strong></span> <span class='ocrx_word' id='word_1_579' title='bbox 2509 3946 2790 4018; x_wconf 84' lang='lat' dir='ltr'><strong><em>operibus</em></strong></span> <span class='ocrx_word' id='word_1_580' title='bbox 2817 3946 2958 4001; x_wconf 88' lang='lat' dir='ltr'><strong><em>suis.</em></strong></span> 
     </span>
    </p>
   </div>
   <div class='ocr_carea' id='block_1_95' title="bbox 2201 4042 3686 4133">
    <p class='ocr_par' dir='ltr' id='par_1_95' title="bbox 2201 4042 3686 4133">
     <span class='ocr_line' id='line_1_95' title="bbox 2201 4042 3686 4133; baseline -0.016 -14"><span class='ocrx_word' id='word_1_581' title='bbox 2201 4059 2431 4133; x_wconf 59' lang='lat' dir='ltr'><strong><em>{Copta}</em></strong></span> <span class='ocrx_word' id='word_1_582' title='bbox 2470 4059 2650 4125; x_wconf 86' lang='lat' dir='ltr'><strong><em>Prope</em></strong></span> <span class='ocrx_word' id='word_1_583' title='bbox 2703 4065 2789 4112; x_wconf 86' lang='lat' dir='ltr'><strong><em>est</em></strong></span> <span class='ocrx_word' id='word_1_584' title='bbox 2815 4055 3090 4111; x_wconf 82' lang='lat' dir='ltr'><strong><em>Dominus</em></strong></span> <span class='ocrx_word' id='word_1_585' title='bbox 3119 4053 3390 4110; x_wconf 84' lang='lat' dir='ltr'><strong><em>omnibus</em></strong></span> <span class='ocrx_word' id='word_1_586' title='bbox 3409 4042 3686 4104; x_wconf 74' lang='lat' dir='ltr'><strong><em>invocanti-</em></strong></span> 
     </span>
    </p>
   </div>
   <div class='ocr_carea' id='block_1_96' title="bbox 2140 4150 2789 4216">
    <p class='ocr_par' dir='ltr' id='par_1_96' title="bbox 2140 4150 2789 4216">
     <span class='ocr_line' id='line_1_96' title="bbox 2140 4150 2789 4216; baseline -0.011 -7"><span class='ocrx_word' id='word_1_587' title='bbox 2140 4156 2244 4210; x_wconf 88' lang='lat' dir='ltr'><strong><em>bus</em></strong></span> <span class='ocrx_word' id='word_1_588' title='bbox 2272 4168 2422 4216; x_wconf 89' lang='lat' dir='ltr'><strong><em>eum,</em></strong></span> <span class='ocrx_word' id='word_1_589' title='bbox 2455 4152 2509 4204; x_wconf 89' lang='lat' dir='ltr'><strong><em>in</em></strong></span> <span class='ocrx_word' id='word_1_590' title='bbox 2536 4150 2789 4205; x_wconf 81' lang='lat' dir='ltr'><strong><em>veritate.</em></strong></span> 
     </span>
    </p>
   </div>
   <div class='ocr_carea' id='block_1_97' title="bbox 2223 4256 3692 4338">
    <p class='ocr_par' dir='ltr' id='par_1_97' title="bbox 2223 4256 3692 4338">
     <span class='ocr_line' id='line_1_97' title="bbox 2223 4256 3692 4338; baseline -0.014 -18"><span class='ocrx_word' id='word_1_591' title='bbox 2223 4263 2398 4338; x_wconf 81' lang='lat' dir='ltr'><strong><em>[Res.]</em></strong></span> <span class='ocrx_word' id='word_1_592' title='bbox 2437 4263 2784 4318; x_wconf 75' lang='lat' dir='ltr'><strong><em>Voluntatem</em></strong></span> <span class='ocrx_word' id='word_1_593' title='bbox 2830 4260 3152 4314; x_wconf 88' lang='lat' dir='ltr'><strong><em>timentium</em></strong></span> <span class='ocrx_word' id='word_1_594' title='bbox 3185 4275 3246 4313; x_wconf 86' lang='lat' dir='ltr'><strong><em>se</em></strong></span> <span class='ocrx_word' id='word_1_595' title='bbox 3283 4256 3447 4311; x_wconf 85' lang='lat' dir='ltr'><strong><em>faciet</em></strong></span> <span class='ocrx_word' id='word_1_596' title='bbox 3472 4272 3486 4307; x_wconf 90' lang='lat'><strong>:</strong></span> <span class='ocrx_word' id='word_1_597' title='bbox 3512 4261 3565 4306; x_wconf 91' lang='lat' dir='ltr'><strong><em>et</em></strong></span> <span class='ocrx_word' id='word_1_598' title='bbox 3588 4261 3692 4302; x_wconf 86' lang='lat' dir='ltr'><strong><em>ora-</em></strong></span> 
     </span>
    </p>
   </div>
   <div class='ocr_carea' id='block_1_98' title="bbox 2145 4349 3518 4416">
    <p class='ocr_par' dir='ltr' id='par_1_98' title="bbox 2145 4349 3518 4416">
     <span class='ocr_line' id='line_1_98' title="bbox 2145 4349 3518 4416; baseline -0.015 0"><span class='ocrx_word' id='word_1_599' title='bbox 2145 4362 2322 4416; x_wconf 87' lang='lat' dir='ltr'><strong><em>tiones</em></strong></span> <span class='ocrx_word' id='word_1_600' title='bbox 2350 4371 2543 4411; x_wconf 81' lang='lat' dir='ltr'><strong><em>eorum</em></strong></span> <span class='ocrx_word' id='word_1_601' title='bbox 2577 4354 2858 4415; x_wconf 85' lang='lat' dir='ltr'><strong><em>exaudiet,</em></strong></span> <span class='ocrx_word' id='word_1_602' title='bbox 2889 4360 2948 4406; x_wconf 87' lang='lat' dir='ltr'><strong><em>et</em></strong></span> <span class='ocrx_word' id='word_1_603' title='bbox 2985 4351 3175 4405; x_wconf 84' lang='lat' dir='ltr'><strong><em>salvos</em></strong></span> <span class='ocrx_word' id='word_1_604' title='bbox 3203 4349 3378 4404; x_wconf 77' lang='lat' dir='ltr'><strong><em>faciet</em></strong></span> <span class='ocrx_word' id='word_1_605' title='bbox 3407 4359 3518 4401; x_wconf 90' lang='lat' dir='ltr'><strong><em>eos.</em></strong></span> 
     </span>
    </p>
   </div>
   <div class='ocr_carea' id='block_1_99' title="bbox 2224 4452 3694 4547">
    <p class='ocr_par' dir='ltr' id='par_1_99' title="bbox 2224 4452 3694 4547">
     <span class='ocr_line' id='line_1_99' title="bbox 2224 4452 3694 4547; baseline -0.017 -18"><span class='ocrx_word' id='word_1_606' title='bbox 2224 4471 2393 4547; x_wconf 65' lang='lat' dir='ltr'><strong><em>[Sim]</em></strong></span> <span class='ocrx_word' id='word_1_607' title='bbox 2423 4467 2959 4528; x_wconf 88' lang='lat' dir='ltr'><strong><em>CustoditDominns</em></strong></span> <span class='ocrx_word' id='word_1_608' title='bbox 2979 4479 3182 4519; x_wconf 88' lang='lat' dir='ltr'><strong><em>omnes</em></strong></span> <span class='ocrx_word' id='word_1_609' title='bbox 3203 4463 3498 4532; x_wconf 86' lang='lat' dir='ltr'><strong><em>diligentes</em></strong></span> <span class='ocrx_word' id='word_1_610' title='bbox 3519 4469 3572 4510; x_wconf 83' lang='lat' dir='ltr'><strong><em>se</em></strong></span> <span class='ocrx_word' id='word_1_611' title='bbox 3594 4452 3694 4525; x_wconf 71' lang='grc' dir='ltr'><strong><em>[ιω.</em></strong></span> 
     </span>
    </p>
   </div>
   <div class='ocr_carea' id='block_1_100' title="bbox 2143 4556 3338 4638">
    <p class='ocr_par' dir='ltr' id='par_1_100' title="bbox 2143 4556 3338 4638">
     <span class='ocr_line' id='line_1_100' title="bbox 2143 4556 3338 4638; baseline -0.011 -16"><span class='ocrx_word' id='word_1_612' title='bbox 2143 4567 2295 4638; x_wconf 80' lang='lat' dir='ltr'><strong><em>cum]</em></strong></span> <span class='ocrx_word' id='word_1_613' title='bbox 2319 4583 2336 4621; x_wconf 87' lang='lat'><strong>:</strong></span> <span class='ocrx_word' id='word_1_614' title='bbox 2363 4574 2420 4618; x_wconf 91' lang='lat' dir='ltr'><strong><em>et</em></strong></span> <span class='ocrx_word' id='word_1_615' title='bbox 2449 4577 2642 4619; x_wconf 88' lang='lat' dir='ltr'><strong><em>omnes</em></strong></span> <span class='ocrx_word' id='word_1_616' title='bbox 2669 4567 2985 4631; x_wconf 85' lang='lat' dir='ltr'><strong><em>peccatores</em></strong></span> <span class='ocrx_word' id='word_1_617' title='bbox 3018 4556 3338 4627; x_wconf 77' lang='lat' dir='ltr'><strong><em>disperdat.</em></strong></span> 
     </span>
    </p>
   </div>
   <div class='ocr_carea' id='block_1_101' title="bbox 2223 4665 3700 4754">
    <p class='ocr_par' dir='ltr' id='par_1_101' title="bbox 2223 4665 3700 4754">
     <span class='ocr_line' id='line_1_101' title="bbox 2223 4665 3700 4754; baseline -0.016 -19"><span class='ocrx_word' id='word_1_618' title='bbox 2223 4677 2440 4754; x_wconf 61' lang='lat' dir='ltr'><strong><em>[Titan]</em></strong></span> <span class='ocrx_word' id='word_1_619' title='bbox 2486 4676 2725 4732; x_wconf 84' lang='lat' dir='ltr'><strong><em>Laudem</em></strong></span> <span class='ocrx_word' id='word_1_620' title='bbox 2758 4674 2974 4729; x_wconf 89' lang='lat' dir='ltr'><strong><em>Domini</em></strong></span> <span class='ocrx_word' id='word_1_621' title='bbox 3003 4671 3277 4743; x_wconf 85' lang='lat' dir='ltr'><strong><em>loquetur</em></strong></span> <span class='ocrx_word' id='word_1_622' title='bbox 3326 4683 3391 4724; x_wconf 88' lang='lat' dir='ltr'><strong><em>os</em></strong></span> <span class='ocrx_word' id='word_1_623' title='bbox 3412 4677 3585 4722; x_wconf 87' lang='lat' dir='ltr'><strong><em>meum</em></strong></span> <span class='ocrx_word' id='word_1_624' title='bbox 3617 4675 3631 4714; x_wconf 89' lang='lat'><strong>:</strong></span> <span class='ocrx_word' id='word_1_625' title='bbox 3657 4665 3700 4710; x_wconf 84' lang='lat' dir='ltr'><strong><em>et</em></strong></span> 
     </span>
    </p>
   </div>
   <div class='ocr_carea' id='block_1_102' title="bbox 2144 4757 3704 4833">
    <p class='ocr_par' dir='ltr' id='par_1_102' title="bbox 2144 4757 3704 4833">
     <span class='ocr_line' id='line_1_102' title="bbox 2144 4757 3704 4833; baseline -0.017 -5"><span class='ocrx_word' id='word_1_626' title='bbox 2144 4771 2438 4828; x_wconf 82' lang='lat' dir='ltr'><strong><em>benedicat</em></strong></span> <span class='ocrx_word' id='word_1_627' title='bbox 2462 4769 2642 4824; x_wconf 90' lang='lat' dir='ltr'><strong><em>omnis</em></strong></span> <span class='ocrx_word' id='word_1_628' title='bbox 2667 4782 2796 4822; x_wconf 90' lang='lat' dir='ltr'><strong><em>caro</em></strong></span> <span class='ocrx_word' id='word_1_629' title='bbox 2827 4780 3024 4819; x_wconf 87' lang='lat' dir='ltr'><strong><em>nomen</em></strong></span> <span class='ocrx_word' id='word_1_630' title='bbox 3052 4772 3318 4819; x_wconf 83' lang='lat' dir='ltr'><strong><em>sanctum</em></strong></span> <span class='ocrx_word' id='word_1_631' title='bbox 3351 4761 3466 4833; x_wconf 82' lang='lat' dir='ltr'><strong><em>ejus</em></strong></span> <span class='ocrx_word' id='word_1_632' title='bbox 3497 4757 3552 4812; x_wconf 86' lang='lat' dir='ltr'><strong><em>in</em></strong></span> <span class='ocrx_word' id='word_1_633' title='bbox 3571 4759 3704 4808; x_wconf 66' lang='lat' dir='ltr'><strong><em>atter-</em></strong></span> 
     </span>
    </p>
   </div>
   <div class='ocr_carea' id='block_1_103' title="bbox 2151 4859 3020 4933">
    <p class='ocr_par' dir='ltr' id='par_1_103' title="bbox 2151 4859 3020 4933">
     <span class='ocr_line' id='line_1_103' title="bbox 2151 4859 3020 4933; baseline -0.014 -11"><span class='ocrx_word' id='word_1_634' title='bbox 2151 4883 2306 4933; x_wconf 87' lang='lat' dir='ltr'><strong><em>num,</em></strong></span> <span class='ocrx_word' id='word_1_635' title='bbox 2343 4875 2398 4919; x_wconf 90' lang='lat' dir='ltr'><strong><em>et</em></strong></span> <span class='ocrx_word' id='word_1_636' title='bbox 2427 4866 2481 4918; x_wconf 91' lang='lat' dir='ltr'><strong><em>in</em></strong></span> <span class='ocrx_word' id='word_1_637' title='bbox 2515 4867 2774 4918; x_wconf 67' lang='lat' dir='ltr'><strong><em>saeculum</em></strong></span> <span class='ocrx_word' id='word_1_638' title='bbox 2814 4859 3020 4914; x_wconf 67' lang='lat' dir='ltr'><strong><em>saeculi.</em></strong></span> 
     </span>
    </p>
   </div>
   <div class='ocr_carea' id='block_1_104' title="bbox 2154 5060 3523 5134">
    <p class='ocr_par' dir='ltr' id='par_1_104' title="bbox 2154 5060 3523 5134">
     <span class='ocr_line' id='line_1_104' title="bbox 2154 5060 3523 5134; baseline -0.007 -14"><span class='ocrx_word' id='word_1_639' title='bbox 2154 5068 2262 5120; x_wconf 88' lang='lat' dir='ltr'><strong><em>diet</em></strong></span> <span class='ocrx_word' id='word_1_640' title='bbox 2295 5063 2734 5131; x_wconf 62' lang='lat' dir='ltr'><strong><em>praepositionem</em></strong></span> <span class='ocrx_word' id='word_1_641' title='bbox 2765 5077 2869 5116; x_wconf 75' lang='lat' dir='ltr'><strong><em>me.</em></strong></span> <span class='ocrx_word' id='word_1_642' title='bbox 2898 5060 2967 5115; x_wconf 85' lang='lat' dir='ltr'><strong><em>de</em></strong></span> <span class='ocrx_word' id='word_1_643' title='bbox 2997 5075 3159 5134; x_wconf 83' lang='lat' dir='ltr'><strong><em>more</em></strong></span> <span class='ocrx_word' id='word_1_644' title='bbox 3187 5060 3426 5129; x_wconf 82' lang='lat' dir='ltr'><strong><em>jugulat.</em></strong></span> <span class='ocrx_word' id='word_1_645' title='bbox 3456 5128 3464 5134; x_wconf 89' lang='lat'><em>_</em></span> <span class='ocrx_word' id='word_1_646' title='bbox 3491 5124 3523 5134; x_wconf 50' lang='grc' dir='ltr'>η</span> 
     </span>
    </p>
   </div>
   <div class='ocr_carea' id='block_1_105' title="bbox 2238 5116 3710 5202">
    <p class='ocr_par' dir='ltr' id='par_1_105' title="bbox 2238 5116 3710 5202">
     <span class='ocr_line' id='line_1_105' title="bbox 2238 5116 3710 5202; baseline -0.012 -12"><span class='ocrx_word' id='word_1_647' title='bbox 2238 5116 2258 5168; x_wconf 64' lang='grc'><strong><em>⁸</em></strong></span> <span class='ocrx_word' id='word_1_648' title='bbox 2289 5116 2626 5202; x_wconf 49' lang='lat' dir='ltr'><strong><em>Antiqnarii,</em></strong></span> <span class='ocrx_word' id='word_1_649' title='bbox 2662 5144 2718 5188; x_wconf 88' lang='lat' dir='ltr'><strong><em>ut</em></strong></span> <span class='ocrx_word' id='word_1_650' title='bbox 2743 5135 2982 5197; x_wconf 81' lang='lat' dir='ltr'><strong><em>videtur,</em></strong></span> <span class='ocrx_word' id='word_1_651' title='bbox 3012 5116 3320 5185; x_wconf 53' lang='lat' dir='ltr'><strong><em>oscita&#39;tifia</em></strong></span> <span class='ocrx_word' id='word_1_652' title='bbox 3351 5124 3549 5182; x_wconf 76' lang='lat' dir='ltr'><strong><em>excidit</em></strong></span> <span class='ocrx_word' id='word_1_653' title='bbox 3579 5137 3606 5176; x_wconf 86' lang='lat' dir='ltr'><strong><em>e</em></strong></span> <span class='ocrx_word' id='word_1_654' title='bbox 3631 5116 3710 5173; x_wconf 73' lang='lat' dir='ltr'><strong><em>Pat-</em></strong></span> 
     </span>
    </p>
   </div>
   <div class='ocr_carea' id='block_1_106' title="bbox 2155 5206 3694 5272">
    <p class='ocr_par' dir='ltr' id='par_1_106' title="bbox 2155 5206 3694 5272">
     <span class='ocr_line' id='line_1_106' title="bbox 2155 5206 3694 5272; baseline 0.005 -14"><span class='ocrx_word' id='word_1_655' title='bbox 2155 5206 2333 5259; x_wconf 85' lang='lat' dir='ltr'><strong><em>lalino</em></strong></span> <span class='ocrx_word' id='word_1_656' title='bbox 2370 5220 2470 5256; x_wconf 88' lang='lat' dir='ltr'><strong><em>ms.</em></strong></span> <span class='ocrx_word' id='word_1_657' title='bbox 2505 5220 2606 5257; x_wconf 79' lang='lat' dir='ltr'><strong><em>vox</em></strong></span> <span class='ocrx_word' id='word_1_658' title='bbox 2635 5219 2783 5256; x_wconf 89' lang='lat' dir='ltr'><strong><em>caro.</em></strong></span> <span class='ocrx_word' id='word_1_659' title='bbox 3288 5271 3312 5272; x_wconf 22' lang='grc' dir='ltr'>η</span> <span class='ocrx_word' id='word_1_660' title='bbox 3360 5269 3369 5272; x_wconf 90' lang='lat'>_</span> <span class='ocrx_word' id='word_1_661' title='bbox 3449 5265 3458 5272; x_wconf 67' lang='grc'><strong><em>,</em></strong></span> <span class='ocrx_word' id='word_1_662' title='bbox 3578 5262 3588 5272; x_wconf 89' lang='grc'><em>,</em></span> <span class='ocrx_word' id='word_1_663' title='bbox 3639 5270 3646 5272; x_wconf 24' lang='grc' dir='ltr'><em>Α</em></span> <span class='ocrx_word' id='word_1_664' title='bbox 3687 5257 3694 5266; x_wconf 91' lang='grc'>.</span> 
     </span>
    </p>
   </div>
   <div class='ocr_carea' id='block_1_107' title="bbox 2231 5265 3711 5338">
    <p class='ocr_par' dir='ltr' id='par_1_107' title="bbox 2231 5265 3711 5338">
     <span class='ocr_line' id='line_1_107' title="bbox 2231 5265 3711 5338; baseline -0.009 -11"><span class='ocrx_word' id='word_1_665' title='bbox 2231 5276 2251 5305; x_wconf 71' lang='grc' dir='ltr'><strong>θ</strong></span> <span class='ocrx_word' id='word_1_666' title='bbox 2292 5276 2460 5327; x_wconf 86' lang='lat' dir='ltr'><strong><em>Iidem</em></strong></span> <span class='ocrx_word' id='word_1_667' title='bbox 2519 5274 2667 5334; x_wconf 85' lang='lat' dir='ltr'><strong><em>libri,</em></strong></span> <span class='ocrx_word' id='word_1_668' title='bbox 2709 5273 2948 5328; x_wconf 82' lang='lat' dir='ltr'><strong><em>Gloriam</em></strong></span> <span class='ocrx_word' id='word_1_669' title='bbox 3002 5269 3397 5338; x_wconf 88' lang='lat' dir='ltr'><strong><em>magnitudinis</em></strong></span> <span class='ocrx_word' id='word_1_670' title='bbox 3427 5265 3610 5318; x_wconf 87' lang='lat' dir='ltr'><strong><em>decoris</em></strong></span> <span class='ocrx_word' id='word_1_671' title='bbox 3632 5265 3711 5309; x_wconf 73' lang='lat' dir='ltr'><strong><em>tui--</em></strong></span> 
     </span>
    </p>
   </div>
   <div class='ocr_carea' id='block_1_108' title="bbox 2159 5337 3715 5415">
    <p class='ocr_par' dir='ltr' id='par_1_108' title="bbox 2159 5337 3715 5415">
     <span class='ocr_line' id='line_1_108' title="bbox 2159 5337 3715 5415; baseline -0.007 -17"><span class='ocrx_word' id='word_1_672' title='bbox 2159 5347 2404 5415; x_wconf 78' lang='lat' dir='ltr'><strong><em>Regnum</em></strong></span> <span class='ocrx_word' id='word_1_673' title='bbox 2442 5355 2612 5407; x_wconf 88' lang='lat' dir='ltr'><strong><em>tuum,</em></strong></span> <span class='ocrx_word' id='word_1_674' title='bbox 2659 5359 2899 5411; x_wconf 89' lang='lat' dir='ltr'><strong><em>regnum,</em></strong></span> <span class='ocrx_word' id='word_1_675' title='bbox 2943 5337 3200 5415; x_wconf 31' lang='grc' dir='ltr'><strong><em>ειυς-ἐζ,</em></strong></span> <span class='ocrx_word' id='word_1_676' title='bbox 3260 5339 3323 5394; x_wconf 83' lang='lat' dir='ltr'><strong><em>In</em></strong></span> <span class='ocrx_word' id='word_1_677' title='bbox 3357 5337 3496 5391; x_wconf 88' lang='lat' dir='ltr'><strong><em>omni</em></strong></span> <span class='ocrx_word' id='word_1_678' title='bbox 3530 5344 3715 5415; x_wconf 42' lang='lat' dir='ltr'><strong><em>generi&quot;</em></strong></span> 
     </span>
    </p>
   </div>
   <div class='ocr_carea' id='block_1_109' title="bbox 2160 5399 3710 5481">
    <p class='ocr_par' dir='ltr' id='par_1_109' title="bbox 2160 5399 3710 5481">
     <span class='ocr_line' id='line_1_109' title="bbox 2160 5399 3710 5481; baseline -0.007 -13"><span class='ocrx_word' id='word_1_679' title='bbox 2160 5399 2325 5475; x_wconf 65' lang='lat' dir='ltr'><strong><em>tione,</em></strong></span> <span class='ocrx_word' id='word_1_680' title='bbox 2360 5423 2407 5465; x_wconf 90' lang='lat' dir='ltr'><strong><em>et</em></strong></span> <span class='ocrx_word' id='word_1_681' title='bbox 2437 5399 2796 5481; x_wconf 63' lang='lat' dir='ltr'><strong><em>generatione.</em></strong></span> <span class='ocrx_word' id='word_1_682' title='bbox 2829 5399 3012 5466; x_wconf 75' lang='lat' dir='ltr'><strong><em>Altero</em></strong></span> <span class='ocrx_word' id='word_1_683' title='bbox 3053 5399 3126 5464; x_wconf 70' lang='lat' dir='ltr'><strong><em>ab</em></strong></span> <span class='ocrx_word' id='word_1_684' title='bbox 3165 5399 3276 5464; x_wconf 73' lang='lat' dir='ltr'><strong><em>lioc</em></strong></span> <span class='ocrx_word' id='word_1_685' title='bbox 3320 5423 3501 5470; x_wconf 77' lang='lat' dir='ltr'><strong><em>versu,</em></strong></span> <span class='ocrx_word' id='word_1_686' title='bbox 3531 5399 3710 5481; x_wconf 41' lang='lat' dir='ltr'><strong><em>Cani-5f:</em></strong></span> 
     </span>
    </p>
   </div>
   <div class='ocr_carea' id='block_1_110' title="bbox 2160 5471 3716 5545">
    <p class='ocr_par' dir='ltr' id='par_1_110' title="bbox 2160 5471 3716 5545">
     <span class='ocr_line' id='line_1_110' title="bbox 2160 5471 3716 5545; baseline 0.002 -7"><span class='ocrx_word' id='word_1_687' title='bbox 2160 5496 2269 5538; x_wconf 90' lang='lat' dir='ltr'><strong><em>mat</em></strong></span> <span class='ocrx_word' id='word_1_688' title='bbox 2313 5471 2565 5536; x_wconf 51' lang='lat' dir='ltr'><strong><em>Dominus</em></strong></span> <span class='ocrx_word' id='word_1_689' title='bbox 2597 5500 2774 5536; x_wconf 85' lang='lat' dir='ltr'><strong><em>omnes</em></strong></span> <span class='ocrx_word' id='word_1_690' title='bbox 2799 5484 3121 5542; x_wconf 75' lang='lat' dir='ltr'><strong><em>decidentes,</em></strong></span> <span class='ocrx_word' id='word_1_691' title='bbox 3166 5492 3240 5539; x_wconf 73' lang='grc' dir='ltr'><strong><em>ειν</em></strong></span> <span class='ocrx_word' id='word_1_692' title='bbox 3281 5490 3413 5540; x_wconf 56' lang='lat' dir='ltr'><strong><em>&quot;lC-3</em></strong></span> <span class='ocrx_word' id='word_1_693' title='bbox 3447 5488 3574 5532; x_wconf 75' lang='grc' dir='ltr'><strong><em>ῑυίηο</em></strong></span> <span class='ocrx_word' id='word_1_694' title='bbox 3615 5471 3716 5545; x_wconf 54' lang='grc' dir='ltr'>ΜΨ</span> 
     </span>
    </p>
   </div>
   <div class='ocr_carea' id='block_1_111' title="bbox 2160 5544 3716 5620">
    <p class='ocr_par' dir='ltr' id='par_1_111' title="bbox 2160 5544 3716 5620">
     <span class='ocr_line' id='line_1_111' title="bbox 2160 5544 3716 5620; baseline -0.01 -12"><span class='ocrx_word' id='word_1_695' title='bbox 2160 5557 2378 5608; x_wconf 82' lang='lat' dir='ltr'><strong><em>duobus</em></strong></span> <span class='ocrx_word' id='word_1_696' title='bbox 2403 5555 2766 5620; x_wconf 76' lang='lat' dir='ltr'><strong><em>interpositis,</em></strong></span> <span class='ocrx_word' id='word_1_697' title='bbox 2797 5554 2981 5606; x_wconf 84' lang='lat' dir='ltr'><strong><em>Justus</em></strong></span> <span class='ocrx_word' id='word_1_698' title='bbox 3009 5550 3280 5603; x_wconf 85' lang='lat' dir='ltr'><strong><em>Dominus</em></strong></span> <span class='ocrx_word' id='word_1_699' title='bbox 3312 5551 3366 5600; x_wconf 84' lang='lat' dir='ltr'><strong><em>in</em></strong></span> <span class='ocrx_word' id='word_1_700' title='bbox 3399 5544 3614 5620; x_wconf 76' lang='lat' dir='ltr'><strong><em>omnibus</em></strong></span> <span class='ocrx_word' id='word_1_701' title='bbox 3639 5550 3716 5591; x_wconf 71' lang='lat' dir='ltr'><strong><em>em</em></strong></span> 
     </span>
    </p>
   </div>
   <div class='ocr_carea' id='block_1_112' title="bbox 2161 5617 3718 5692">
    <p class='ocr_par' dir='ltr' id='par_1_112' title="bbox 2161 5617 3718 5692">
     <span class='ocr_line' id='line_1_112' title="bbox 2161 5617 3718 5692; baseline -0.012 -15"><span class='ocrx_word' id='word_1_702' title='bbox 2161 5643 2270 5677; x_wconf 86' lang='lat' dir='ltr'><strong><em>sats</em></strong></span> <span class='ocrx_word' id='word_1_703' title='bbox 2299 5639 2317 5685; x_wconf 87' lang='lat'><strong><em>;</em></strong></span> <span class='ocrx_word' id='word_1_704' title='bbox 2345 5642 2408 5677; x_wconf 86' lang='lat' dir='ltr'><strong><em>ac</em></strong></span> <span class='ocrx_word' id='word_1_705' title='bbox 2461 5617 2683 5682; x_wconf 64' lang='lat' dir='ltr'><strong><em>deinde,</em></strong></span> <span class='ocrx_word' id='word_1_706' title='bbox 2717 5623 2891 5690; x_wconf 74' lang='lat' dir='ltr'><strong><em>Prope</em></strong></span> <span class='ocrx_word' id='word_1_707' title='bbox 2927 5634 3001 5674; x_wconf 84' lang='lat' dir='ltr'><strong><em>est</em></strong></span> <span class='ocrx_word' id='word_1_708' title='bbox 3035 5621 3308 5672; x_wconf 83' lang='lat' dir='ltr'><strong><em>Dominus</em></strong></span> <span class='ocrx_word' id='word_1_709' title='bbox 3339 5617 3718 5692; x_wconf 44' lang='lat' dir='ltr'><strong><em>omnibusinvof</em></strong></span> 
     </span>
    </p>
   </div>
   <div class='ocr_carea' id='block_1_113' title="bbox 2164 5689 3716 5762">
    <p class='ocr_par' dir='ltr' id='par_1_113' title="bbox 2164 5689 3716 5762">
     <span class='ocr_line' id='line_1_113' title="bbox 2164 5689 3716 5762; baseline -0.006 -15"><span class='ocrx_word' id='word_1_710' title='bbox 2164 5697 2402 5747; x_wconf 79' lang='lat' dir='ltr'><strong><em>cantibus</em></strong></span> <span class='ocrx_word' id='word_1_711' title='bbox 2427 5710 2563 5751; x_wconf 84' lang='lat' dir='ltr'><strong><em>eum.</em></strong></span> <span class='ocrx_word' id='word_1_712' title='bbox 2597 5689 2835 5746; x_wconf 85' lang='lat' dir='ltr'><strong><em>omnibus</em></strong></span> <span class='ocrx_word' id='word_1_713' title='bbox 2859 5694 2946 5762; x_wconf 85' lang='lat' dir='ltr'><strong><em>qui</em></strong></span> <span class='ocrx_word' id='word_1_714' title='bbox 2979 5692 3244 5743; x_wconf 89' lang='lat' dir='ltr'><strong><em>invocant</em></strong></span> <span class='ocrx_word' id='word_1_715' title='bbox 3279 5705 3392 5741; x_wconf 84' lang='lat' dir='ltr'><strong><em>eum</em></strong></span> <span class='ocrx_word' id='word_1_716' title='bbox 3425 5689 3474 5740; x_wconf 87' lang='lat' dir='ltr'><strong><em>in</em></strong></span> <span class='ocrx_word' id='word_1_717' title='bbox 3502 5689 3716 5740; x_wconf 57' lang='lat' dir='ltr'><strong><em>tentate;</em></strong></span> 
     </span>
    </p>
   </div>
   <div class='ocr_carea' id='block_1_114' title="bbox 2167 5762 3209 5832">
    <p class='ocr_par' dir='ltr' id='par_1_114' title="bbox 2167 5762 3209 5832">
     <span class='ocr_line' id='line_1_114' title="bbox 2167 5762 3209 5832; baseline -0.007 -13"><span class='ocrx_word' id='word_1_718' title='bbox 2167 5767 2423 5832; x_wconf 82' lang='lat' dir='ltr'><strong><em>denique,</em></strong></span> <span class='ocrx_word' id='word_1_719' title='bbox 2449 5762 2516 5815; x_wconf 79' lang='lat' dir='ltr'><strong><em>Et</em></strong></span> <span class='ocrx_word' id='word_1_720' title='bbox 2548 5778 2720 5831; x_wconf 82' lang='lat' dir='ltr'><strong><em>preces</em></strong></span> <span class='ocrx_word' id='word_1_721' title='bbox 2751 5780 2929 5817; x_wconf 89' lang='lat' dir='ltr'><strong><em>eorum</em></strong></span> <span class='ocrx_word' id='word_1_722' title='bbox 2957 5763 3209 5815; x_wconf 68' lang='lat' dir='ltr'><strong><em>exaudiet</em></strong></span> 
     </span>
    </p>
   </div>
  </div>
