3840 6176
200 319 302 384 U3
1453 329 1524 388 Ll
1539 328 1686 388 BER
1727 328 1861 388 PSA
1874 329 2221 388 LMOllUM.
3145 357 3152 366 ι
3329 334 3431 394 lli

1509 481 1866 541 PSALMUS
1905 481 2122 542 CXLV.

424 605 700 656 “unum,
741 603 1011 664 +.AGth-Jl
1047 607 1111 645 ET
1142 609 1414 648 zacusnu:
1453 595 1467 625 ¹
1503 595 1524 663 ζ
1791 605 1837 660 Α

1299 609 1414 648 ληιάς
1453 595 1467 625 ¹
1503 595 1524 663 ζ
1791 605 1837 660 Α
2490 611 2741 651 Αιιειυιλ
2778 597 2815 649 ⁷.

263 680 464 745 Lauda,
498 683 681 735 anima
712 698 854 746 mea,
889 677 1191 751 Dominum,
1225 685 1453 740 laudabo
1477 686 1755 741 Dominum
1942 688 2142 748 Lauda.
2170 687 2350 740 anima
2380 701 2520 749 mea,
2552 686 3120 751 Dominum,laudabo
3144 687 3432 742 Dominum

201 778 247 827 in
274 775 376 826 vita
407 791 518 827 mea
553 792 571 828 :
609 776 840 843 psallam
871 777 978 832 Deo
1006 796 1118 833 meo
1157 783 1420 853 quamdiu
1439 782 1609 850 fuero.
1849 779 1917 844 ,in
1948 772 2056 833 vita
2089 795 2207 832 mea
2241 795 2253 830 :
2292 778 2517 847 psallam
2550 777 2660 832 Deo
2688 794 2810 832 meo
2837 779 3081 849 quandiu
3128 778 3303 835 fuero.

263 862 434 918 Nolite
464 864 729 932 conﬁdere
763 869 817 920 in
848 870 1192 939 principibus,
1225 873 1278 925 in
1307 871 1435 937 ﬁliis
1462 873 1756 941 hominum,
1933 871 2113 925 Nolite
2160 868 2437 924 conlidere
2484 873 2536 922 in
2575 869 2937 939 principibus,
2983 885 3162 940 neque
3210 871 3263 924 in
3308 871 3432 926 [iliis

202 955 248 1007 in
270 958 288 987 ³
315 956 498 1024 quibus
524 973 627 1009 non
651 969 723 1010 est
751 959 919 1012 salus.
1187 946 1204 962 ’
1863 961 2171 1025 hominum,
2201 962 2252 1013 in
2290 961 2489 1029 quibus
2525 975 2634 1013 non
2670 969 2755 1014 est
2780 959 2946 1015 salus.

261 1046 428 1100 Exibit
482 1050 706 1117 spiritus
759 1050 883 1118 ejus
909 1092 923 1113 ,
981 1059 1031 1104 et
1093 1062 1379 1107 revertetur
1440 1057 1496 1108 in
1556 1066 1756 1110 terram
1936 1051 2094 1106 Exiet
2121 1051 2353 1121 Spiritus
2380 1052 2500 1121 ejus
2522 1060 2578 1104 et
2599 1061 2906 1106 revertetur
2925 1053 2979 1106 in
3008 1061 3378 1108 terramsuam
3407 1071 3421 1108 :

201 1157 332 1193 suam
360 1153 380 1192 :
418 1141 473 1192 in
522 1139 620 1195 illa
660 1140 748 1195 die
790 1143 1031 1211 peribunt
1053 1158 1115 1199 σε·
1141 1161 1320 1199 omnes
1354 1146 1377 1215 ζ
1413 1148 1754 1217 cogitationes
1859 1144 1913 1197 in
1949 1144 2039 1196 illa
2068 1143 2158 1196 die
2205 1143 2462 1212 peribunt
2491 1141 2614 1214 [ms.
2658 1141 2898 1213 perient]
2932 1159 3121 1199 omnes
3145 1145 3429 1213 cogitatio-

200 1247 353 1284 eorum
385 1231 427 1284 ³.
1857 1251 1956 1288 nes
1986 1250 2202 1289 eorum.

259 1319 441 1373 Beatus
493 1323 647 1390 cujus
681 1321 820 1376 Deus
866 1323 1029 1376 Jacob
1059 1325 1276 1396 adjutor
1304 1327 1418 1394 ejus
1443 1342 1462 1381 :
1489 1317 1606 1394 spes
1641 1331 1752 1398 ejus
1931 1325 2128 1382 Beatus
2163 1326 2324 1394 cujus
2353 1325 2494 1380 Deus
2537 1324 2706 1381 Jac'ob
2733 1326 2951 1396 adjutor
2985 1327 3106 1396 ejus
3139 1328 3258 1397 itus.
3293 1325 3422 1394 est]:

200 1415 245 1465 in
281 1413 503 1467 Domino
537 1415 643 1468 Deo
687 1417 852 1486 ipsius
904 1417 994 1486 qui
1025 1418 1148 1486 fecit
1206 1419 1394 1472 caelum
1427 1430 1478 1473 et
1533 1429 1750 1486 terram,
1856 1431 1982 1484 spes
2016 1419 2137 1487 ejus
2180 1418 2233 1470 in
2275 1419 2504 1470 Domino
2536 1416 2644 1471 Deo
2687 1417 2883 1487 ipsius.

201 1523 327 1559 mare
345 1517 391 1560 et
417 1508 602 1560 omnia
633 1522 751 1578 quae
782 1509 838 1561 in
863 1510 935 1563 eis
959 1518 1081 1564 sunt
1111 1526 1129 1565 :
1937 1507 2039 1574 Qui
2074 1507 2203 1562 fecit
2227 1509 2431 1562 titulum
2457 1516 2514 1562 et
2547 1517 2773 1575 terram,
2816 1522 2987 1575 mare,
3016 1519 3071 1564 et
3093 1509 3274 1563 omnia
3303 1522 3425 1577 quae

1545 1601 1562 1614 ⁸
1857 1600 1909 1655 in
1940 1601 2019 1655 eis
2054 1601 2178 1670 [ms.
2207 1599 2295 1672 ea]
2337 1596 2486 1656 sunt.

257 1686 347 1750 Qui
377 1687 604 1740 custodit
641 1690 913 1742 veritatem
949 1691 1002 1742 in
1026 1691 1304 1755 saaculum,
1337 1693 1464 1762 facit
1483 1693 1752 1762 judicium
1937 1693 2040 1758 Qui
2083 1694 2324 1748 custodit
2368 1693 2656 1748 veritatem
2708 1693 2764 1748 in
2801 1693 3088 1757 saeculum,
3123 1692 3424 1760 facitjudi-

201 1780 424 1847 injuriam
456 1782 788 1847 patientibus
817 1796 836 1835 :
867 1782 961 1834 dat
993 1797 1164 1836 escam
1196 1786 1573 1840 esurientibus.
1853 1785 1998 1838 cium
2035 1784 2289 1854 injuriam
2329 1785 2661 1854 patientibus
2694 1803 2708 1838 :
2751 1785 2864 1853 ;dat
2895 1800 3078 1840 escam
3127 1787 3425 1840 esurienti-

1855 1877 1981 1932 bus.

258 1961 498 2014 Dominus
536 1959 692 2014 solvit
751 1957 1070 2027 compeditos
1111 1972 1132 2012 .'
1170 1959 1424 2013 Dominus
1472 1960 1744 2015 illuminat
1775 1940 1818 1995 Β
1869 1969 2199 2036 -,;ι)οηιὶηυθ
2224 1969 2386 2039 erigit
2419 1965 2605 2034 elisos,
2640 1968 2907 2024 Dominus
2953 1968 3116 2023 solvit
3143 1969 3424 2038 compedi-

199 2068 350 2106 cacos.
1854 2068 1985 2116 tos:
2020 2058 2280 2114 Dominus
2330 2059 2602 2114 illuminat
2658 2073 2860 2124 caecos,
2925 2059 3189 2114 Dominus
3236 2058 3424 2129 dirigit

256 2143 488 2198 Dominus
515 2147 674 2217 erigit
705 2146 862 2202 elisos
893 2148 916 2180 δ
951 2166 966 2208 :
1007 2149 1260 2203 Dominus
1287 2149 1456 2220 diligit
1475 2150 1675 2219 justas.
1839 2149 2040 2220 justos.

257 2238 493 2290 Dominus
545 2241 772 2292 custodit
821 2238 1073 2302 advenas,
1122 2239 1383 2308 pupillum
1434 2248 1483 2294 et
1534 2241 1748 2293 uiduam
1931 2239 2194 2294 Dominus
2235 2238 2476 2293 custodit
2502 2238 2786 2304 advenam,
2815 2239 3082 2310 pupillum
3111 2251 3166 2296 et
3195 2241 3418 2295 viduam

197 2331 405 2396 suscipiet
432 2347 452 2383 :
486 2342 537 2384 et
570 2332 683 2384 vias
709 2342 1045 2400 peccatorum
1078 2333 1355 2400 disperdet.
1847 2332 2137 2400 suscipiet,
2163 2339 2220 2384 et
2255 2329 2400 2383 viain
2443 2341 2796 2398 peccatorum
2828 2331 3242 2386 exterminabit.

252 2419 482 2490 Regnabit
525 2423 784 2477 Dominus
810 2425 866 2476 in
887 2425 1082 2478 swcula
1118 2440 1136 2477 :
1174 2425 1312 2479 Deus
1356 2435 1479 2478 tuus
1527 2423 1659 2479 Sion
1693 2424 1749 2478 in
1932 2421 2209 2490 Regnabit
2239 2421 2505 2478 Dominus
2529 2423 2584 2476 in
2612 2431 2923 2490 internum;
2958 2423 3102 2478 Deus
3124 2431 3251 2478 tuus
3287 2423 3418 2478 Sion

196 2517 554 2578 generationem
583 2525 634 2570 et
665 2517 1080 2586 generationem.
1849 2515 1902 2568 in
1933 2511 2192 2568 saeculum
2227 2510 2434 2565 saeculi.

1476 2678 1838 2742 PSALMUS
1877 2679 2129 2741 CXLVI.

383 2807 661 2846 summa.
721 2806 783 2848 +
817 2807 988 2848 AGGEI
1019 2809 1088 2847 ET
1121 2808 1388 2849 EACﬂARu-I
1420 2796 1440 2826 ⁵
1467 2797 1489 2864 ζ
2470 2803 2734 2850 iunctm
2791 2829 2808 2846 .

251 2880 473 2937 Laudate
517 2885 827 2952 Dominum,
860 2888 1112 2955 quoniam
1139 2888 1301 2941 bonus
1343 2899 1418 2942 est
1447 2889 1685 2957 psalmus
1715 2897 1736 2942 ξ
1928 2884 2175 2942 Laudate
2201 2881 2520 2951 Dominum,
2548 2883 2807 2954 quoniam
2832 2883 3010 2938 bonus
3029 2891 3114 2939 est
3137 2883 3413 2953 psalmus:

196 2974 284 3026 Deo
315 2985 486 3029 nostro
527 2980 595 3030 sit
613 2979 885 3047 jucunda,
920 2984 986 3047 )s(
1015 2980 1304 3048 decoraque
1341 2982 1362 3050 ζ
1399 2982 1661 3035 laudatio.
1843 2976 1953 3032 Deo
1986 2985 2172 3031 nostra
2192 2975 2438 3048 jucunda
2466 2976 2539 3030 sit
2571 2974 2840 3030 laudatio.

248 3067 526 3135 Ediﬁcans
551 3069 853 3124 Jerusalem
880 3071 1130 3126 Dominus
1158 3089 1174 3126 :
1198 3075 1544 3139 dispessiones
1557 3075 1737 3130 Israe-
1915 3068 2218 3124 Ediﬁcans
2245 3066 2553 3124 Jerusalem
2580 3069 2844 3125 Dominus
2881 3088 2895 3125 :
2950 3079 3006 3126 et
3035 3069 3412 3140 dispersiones

193 3159 241 3209 lis
270 3159 381 3228 lius.
415 3161 648 3233 Israhel]
681 3166 1043 3232 congregabit.
1157 3165 1160 3168 ’
1836 3162 2006 3217 Israel
2031 3173 2387 3230 εοηὸτοϐδηδσ
2836 3149 2839 3157 Ι

247 3256 336 3314 Qui
369 3263 525 3307 sanat
554 3257 810 3310 contritas
841 3258 1034 3312 corde:
1083 3269 1131 3312 et
1177 3259 1366 3329 alligat
1397 3259 1734 3313 contritiones
1761 3237 1807 3303 Ε
1911 3253 2014 3321 Qui
2050 3262 2207 3307 sanat
2228 3252 2497 3307 contritos
2524 3251 2725 3307 corde:
2755 3264 2810 3307 et
2834 3240 3021 3324 alligat
3046 3255 3412 3308 contritiones

193 3356 359 3397 eorum.
807 3402 811 3406 ,
1303 3390 1320 3399 -
1840 3362 2030 3402 eorum
2041 3385 2055 3400 .
3339 3394 3351 3409 .

248 3432 338 3496 Qui
383 3446 633 3491 numerat
688 3439 1090 3494 multitudinem
1123 3439 1416 3496 stellarum
1464 3454 1524 3496 oi—
1560 3441 1656 3495 et‘
1709 3442 1732 3512 ζ
1909 3435 2012 3503 Qui
2037 3445 2293 3490 numerat
2314 3436 2724 3492 multitudinem
2748 3435 3138 3491 stellarum:et
3159 3433 3414 3488 omnibus

193 3530 392 3583 omnibus
420 3532 494 3582 eis
528 3530 746 3583 nomina
775 3540 954 3585 =vocat.
1839 3529 1920 3585 eis
1947 3529 2172 3583 nomina
2206 3537 2383 3584 vocat.

244 3620 446 3690 llagnns
475 3621 740 3675 Dominus
765 3633 965 3686 noster,
993 3633 1041 3676 et
1071 3638 1262 3693 magna
1291 3625 1455 3678 virtus
1487 3623 1600 3692 ejus
1628 3639 1647 3677 :
1685 3632 1735 3677 et
1908 3621 2134 3691 Magnus
2165 3619 2430 3674 Dominus
2456 3630 2664 3684 noster,
2693 3629 2749 3675 et
2772 3633 2967 3690 magna
2988 3619 3162 3674 virtus
3181 3619 3334 3690 ejus:
3359 3626 3414 3673 et

195 3714 430 3778 sapientia:
454 3716 574 3783 ejus
603 3730 710 3766 non
743 3723 819 3766 est
847 3731 1121 3769 numerus.
1837 3713 2122 3782 sapientia:
2145 3712 2262 3781 ejus
2293 3727 2400 3765 non
2433 3721 2521 3764 est
2551 3725 2857 3782 numerus.

241 3803 524 3875 Suscipiens
555 3817 854 3859 mansuetos
878 3805 1144 3875 [Dominus
1173 3822 1193 3862 :
1225 3808 1511 3863 humilians
1541 3821 1605 3864 αε-
1635 3823 1734 3861 au-
1910 3803 2233 3873 Suscipiens
2260 3811 2580 3856 mansuetos
2605 3801 2869 3856 Dominus
2899 3817 2917 3856 :
2951 3800 3201 3855 bumiliat
3229 3811 3410 3854 autem

193 3907 269 3948 teni
306 3902 643 3967 ;peccatores
675 3913 839 3968 usque
862 3907 929 3951 ad
952 3910 1174 3954 terram.
1835 3905 2152 3966 peccatores
2179 3909 2352 3964 usque
2375 3892 2442 3946 ad
2469 3901 2694 3946 terram.

246 3987 502 4044 Prtecinite
552 3989 776 4041 Domino
820 3989 876 4041 in
920 3989 1246 4058 confessione
1284 4005 1304 4045 :
1349 3992 1561 4061 psallite
1607 3993 1730 4063 iDeo
1904 3987 2193 4042 Praecinite
2225 3985 2456 4040 Domino
2482 3985 2534 4040 in
2557 3983 3292 4055 confessionezpsalliteiDco
3308 3997 3410 4038 no-

192 4094 342 4133 uostro
372 4083 424 4136 in
449 4083 680 4135 cithara.
1831 4090 1947 4134 stro
1977 4079 2031 4132 in
2060 4077 2289 4131 cithara.

242 4170 335 4236 Qui
371 4176 538 4241 aperit
591 4173 778 4227 calum
827 4177 1052 4230 nubibus
1086 4193 1103 4230 :
1164 4186 1211 4230 et
1236 4173 1401 4247 parat
1429 4187 1584 4234 terra:
1611 4179 1730 4248 plu-

1903 4172 2006 4238 Qui
2031 4175 2211 4240 operit
2253 4168 2452 4224 ctelum
2496 4170 2783 4225 nubibus:
2809 4179 2880 4225 et
2911 4180 3066 4240 parat
3101 4179 3260 4226 terra:
3285 4169 3404 4241 plur

189 4281 322 4317 riam.
1832 4279 1998 4317 Viam.

245 4414 260 4442 ί
294 4413 414 4478 Qua:
442 4417 632 4490 Δοὶξεξῑο
683 4427 1075 4484 prasiiotuntur.
1132 4419 1312 4485 Ασθωί
1351 4428 1400 4472 et
1449 4417 1727 4473 Zachariae
1833 4424 1972 4474 cium
2007 4421 2260 4490 injurinm
2291 4419 2660 4490 accipientibus
2692 4432 2710 4472 :
2741 4417 2901 4490 dante
2935 4415 3041 4490 (vel
3075 4418 3312 4490 dantem)
3356 4427 3406 4477 ιε

187 4498 400 4545 llotttltttl,
440 4487 494 4537 iu
525 4488 776 4539 Palatino
809 4503 910 4540 ins.
944 4491 1145 4540 rectius
1184 4491 1409 4541 OtltlllIIO
1436 4504 1540 4540 non
1573 4500 1723 4543 sunt.
1835 4508 2010 4544 escam
2057 4485 2432 4543 esurientibus.
2505 4488 2756 4540 Dominus
2817 4485 2971 4538 solvit
3033 4485 3350 4554 compeditos
3410 4539 3422 4552 ,

245 4556 260 4582 ³
285 4553 452 4622 Atque
509 4557 671 4634 hanc.
711 4557 914 4634 rectius
978 4558 1140 4634 pittth
1181 4560 1724 4634 innprwposittonetn
1764 4581 1803 4634 υ
1836 4561 2094 4634 Dominus
2127 4561 2284 4634 erigit
2308 4559 2492 4634 elisos.
2557 4558 2812 4634 Dominus
2837 4556 3120 4634 _sapientes
3147 4553 3275 4634 [acii
3310 4573 3413 4607 crv-

191 4624 451 4698 ίάεέηυυξ·
493 4625 878 4698 τυενυίίιὶυιιει
911 4624 1207 4695 originales
1236 4624 1425 4681 libros.
1478 4697 1486 4698 ί
1572 4697 1576 4698 ί
1765 4624 1797 4634 ⁷
1835 4647 1921 4683 cos
1957 4624 2234 4684 :Dominus
2266 4630 2437 4694 diligit
2467 4629 2659 4698 justos.
2696 4626 2951 4698 Dominus
2975 4627 3200 4698 custodit
3231 4641 3410 4692 prose-

247 4694 264 4724 ³
295 4694 441 4746 [laud
478 4710 629 4768 recte
675 4693 765 4748 hic
792 4698 934 4768 idem
972 4693 1070 4768 ius.
1111 4699 1229 4751 sine
1277 4698 1435 4751 obclo
1475 4697 1630 4766 legit,
1662 4714 1729 4753 ac
1833 4700 1988 4768 lytos,
2021 4702 2315 4768 orphanuin
2349 4693 2395 4751 et
2422 4693 2787 4768 viduam,etc.
2824 4697 3086 4764 Denique,
3123 4693 3261 4748 Deus
3290 4704 3409 4748 tuus

189 4761 241 4812 de
268 4780 359 4839 suo
388 4767 539 4839 addit
570 4770 622 4816 in
658 4768 762 4839 line
795 4764 1140 4839 Diapsalma.
1517 4761 1557 4839 ξ
1833 4761 1964 4823 Sion
1992 4771 2045 4821 in
2076 4761 2410 4839 generatione
2436 4777 2483 4821 et
2510 4761 2921 4839 generationem.

248 4839 265 4862 ⁵
296 4835 557 4886 Secundis
577 4837 730 4888 curis
761 4831 1060 4902 repositum
1091 4837 1182 4892 hic
1207 4846 1289 4893 cst
1322 4831 1529 4899 allisos;
1560 4846 1726 4904 atque
1899 4842 1920 4871 ⁸
1979 4831 2096 4891 ΙΙιις⁷
2133 4855 2260 4891 γει-υ
2291 4842 2482 4890 eadem
2510 4831 2700 4905 "Agga'i
2748 4845 2794 4887 et
2852 4835 3129 4889 lac/inriti:
3156 4834 3403 4894 nomina.

188 4905 338 4976 altern
360 4906 426 4956 ab
465 4908 569 4976 hoc
602 4921 786 4976 versu,
815 4907 951 4959 uiam
984 4909 1179 4961 minori
1209 4922 1456 4960 numero.
1832 4921 1888 4964 ut
1930 4921 1985 4963 et
2014 4911 2080 4961 ad
2115 4911 2514 4976 subscquenles
2548 4912 2780 4960 dumqu
2819 4909 3153 4974 psalmorum
3193 4906 3402 4965 titulos.

245 4973 504 5047 'llectrus
529 4973 580 5026 in
618 4975 866 5029 Palatino
901 4993 1002 5029 ius.
1035 4988 1090 5030 et
1124 4977 1250 5031 Cari
1274 4978 1517 5030 editione
1549 4984 1729 5047 ztggwi
1828 4981 1982 5032 addit
2022 4973 2324 5032 Verene-ns.
2365 4994 2466 5030 ms.
2517 4980 2570 5029 In
2611 4973 2830 5029 Textus
2863 4979 3035 5027 altero
3061 4989 3250 5047 Versu,
3287 4990 3409 5025 con-

187 5053 227 5092 et
268 5041 531 5119 lacuaria:
569 5062 786 5119 nomina
841 5063 1064 5112 prorsus
1117 5064 1226 5101 non
1263 5047 1558 5099 adduntur.
1595 5041 1728 5102 ’δρα
1827 5050 2082 5119 colligens
2139 5049 2318 5108 habet,
2378 5061 2474 5114 pro
2531 5060 2879 5119 congregans,
2931 5059 2993 5119 ac
3051 5044 3250 5096 deinde
3282 5057 3406 5096 cum

192 5127 342 5180 neque
375 5113 426 5166 in
458 5123 633 5188 textus
660 5117 827 5181 priori
860 5121 1130 5170 versiculo
1169 5119 1391 5170 verbum
1424 5123 1727 5170 substanti-
1829 5113 2160 5188 Augustino,
2197 5113 2409 5188 vocatis,
2460 5133 2559 5184 pro
2621 5124 2788 5188 vocat.
2849 5115 3228 5188 Sulus_auteni
3256 5127 3405 5173 mox,

191 5196 308 5257 tum
329 5196 399 5238 est
429 5185 666 5237 additur.
1572 5255 1582 5257 _
1627 5254 1663 5257 __
1829 5183 2123 5257 pru'dentiw
2154 5187 2290 5254 ejus,
2327 5202 2423 5252 pro
2451 5183 2498 5238 et
2531 5185 2826 5257 supientitc,
2861 5197 2967 5238 etc.
3012 5183 3403 5257 'l‘utn__iteri_t_m

250 5253 268 5280 ⁸
295 5256 395 5326 ﬁes
423 5266 470 5306 ct
503 5258 874 5321 conjunctioni
909 5257 1128 5310 obelttm
1166 5257 1497 5323 pra'iiximus
1519 5255 1584 5309 ad
1624 5254 1728 5310 He-
1825 5251 1976 5326 juxta
2027 5251 2416 5324 Augustinum.
2473 5251 2779 5319 huniilians,
2841 5271 2941 5322 pro
2997 5253 3269 5314 humiliat,
3314 5251 3404 5314 Et,

190 5323 304 5377 bruti
342 5336 520 5380 textus
557 5331 736 5391 Iidem,
780 5329 1109 5379 admonente
1140 5335 1384 5382 Palatino
1417 5344 1516 5381 Ius.
1826 5323 1932 5390 Qui
1981 5323 2213 5391 c00perit
2246 5329 2435 5378 cwlitnt
2466 5327 2701 5387 nubibus,
2743 5337 2789 5377 et
2823 5335 2978 5391 parat
3033 5326 3158 5392 (ms.
3191 5329 3403 5390 pensat)

251 5395 266 5422 ⁷
293 5399 470 5472 Addit.
513 5394 811 5472 Verane-tis.
846 5414 950 5450 ius.
983 5399 1187 5472 Aggteij
1211 5408 1256 5448 et
1310 5398 1586 5472 lac/inriti:
1623 5414 1721 5450 uo-
1812 5407 1981 5472 terra;
2018 5398 2274 5472 pluviam.
2317 5399 2419 5460 Qui
2469 5397 2666 5449 exoriri
2714 5397 2843 5464 facit
2877 5396 2929 5446 in
2964 5394 3243 5454 montibus,
3275 5400 3398 5472 Oete.

190 5467 335 5542 ruina.
377 5466 434 5520 In
463 5478 608 5519 textu
643 5469 827 5532 habet,
857 5463 1111 5537 quamdiu
1141 5470 1278 5532 rivo,
1313 5486 1409 5538 pro
1440 5470 1604 5538 fuero,
1645 5480 1721 5531 et,
1812 5463 1922 5530 ’ριιὶ
1953 5463 2043 5520 dat
2076 5470 2344 5542 pecoribus
2381 5483 2577 5530 escam,
2605 5463 2738 5528 ctc.,
2768 5477 2866 5542 ct,‘
2892 5478 3168 5515 corvorum
3198 5463 3285 5542 qui
3320 5463 3404 5542 in-

194 5533 353 5611 sVoltte
375 5539 537 5603 fidere
561 5539 609 5589 in
640 5533 920 5607 principes,
949 5549 995 5590 ct
1029 5540 1082 5590 in
1117 5539 1257 5606 ﬁlios
1282 5533 1572 5601 hominum,
1604 5541 1722 5605 qui-
1822 5549 2006 5590 vocant
2039 5533 2182 5611 eum.
2218 5538 2333 5611 i\_'on
2364 5543 2415 5590 in
2443 5546 2716 5611 potentatu
2749 5535 2889 5605 equi,
2918 5545 3047 5611 etc.)
3079 5547 3169 5582 nec
3192 5533 3323 5611 bene.
3345 5533 3400 5611 iis

193 5607 269 5656 bss
297 5601 392 5658 non
413 5621 487 5660 est
511 5601 651 5661 salus
676 5624 696 5661 :
717 5601 942 5679 propius
962 5611 1029 5661 ad
1058 5601 1512 5676 Augustinianuui
1543 5601 1722 5662 exctii-
1823 5608 2182 5679 tabernaculis
2214 5608 2310 5659 viri
2345 5601 2555 5679 seniict.
2611 5605 2747 5658 Bene
2788 5601 3146 5679 aerisitlAng.
3189 5601 3400 5668 sentiet)

195 5681 311 5741 plar,
338 5690 473 5731 utet
506 5694 619 5746 qua:
651 5673 956 5747 sentiuntur
982 5673 1170 5732 tribus
1211 5681 1410 5734 abhinc
1451 5683 1718 5732 versibus.
1822 5677 2072 5729 Dominus
2125 5681 2175 5730 in
2232 5678 2528 5730 timentibus
2576 5693 2724 5740 eum,
2766 5686 2812 5727 et
2851 5675 2900 5724 in
2928 5673 3005 5724 his
3051 5675 3137 5739 qni
3165 5681 3400 5740 sperant,

193 5750 278 5800 Uni
307 5761 443 5801 casto
464 5752 524 5800 :‘it
556 5753 815 5804 veritatem
852 5753 905 5803 in
935 5761 1212 5814 internum,
1268 5751 1717 5819 {acienlctttjutli-
1817 5759 1925 5802 ctc.
