  <div class='ocr_page' id='page_1' title='image "/cluster/home/n/w/nwhite01/storage/ocr_20150623/29/hvd.32044096580519/224.png"; bbox 0 0 3840 6176; ppageno 0'>
   <div class='ocr_carea' id='block_1_1' title="bbox 171 182 2144 268">
    <p class='ocr_par' dir='ltr' id='par_1_1' title="bbox 171 182 2144 268">
     <span class='ocr_line' id='line_1_1' title="bbox 171 182 2144 268; baseline -0.004 -1"><span class='ocrx_word' id='word_1_1' title='bbox 171 202 244 268; x_wconf 80' lang='lat' dir='ltr'><strong><em>ut</em></strong></span> <span class='ocrx_word' id='word_1_2' title='bbox 655 182 660 186; x_wconf 81' lang='grc'><em>’</em></span> <span class='ocrx_word' id='word_1_3' title='bbox 1195 259 1210 266; x_wconf 80' lang='grc' dir='ltr'><strong><em> </em></strong></span> <span class='ocrx_word' id='word_1_4' title='bbox 1369 197 1606 257; x_wconf 81' lang='lat' dir='ltr'><strong><em>LIBER</em></strong></span> <span class='ocrx_word' id='word_1_5' title='bbox 1647 197 2144 259; x_wconf 77' lang='lat' dir='ltr'><strong><em>PSALMORUM.</em></strong></span> 
     </span>
    </p>
   </div>
   <div class='ocr_carea' id='block_1_2' title="bbox 217 314 1768 386">
    <p class='ocr_par' dir='ltr' id='par_1_2' title="bbox 217 314 1768 386">
     <span class='ocr_line' id='line_1_2' title="bbox 217 314 1768 386; baseline -0.006 -8"><span class='ocrx_word' id='word_1_6' title='bbox 217 321 416 378; x_wconf 84' lang='lat' dir='ltr'><strong><em>Laudate</em></strong></span> <span class='ocrx_word' id='word_1_7' title='bbox 467 335 608 384; x_wconf 89' lang='lat' dir='ltr'><strong><em>eum,</em></strong></span> <span class='ocrx_word' id='word_1_8' title='bbox 670 318 786 372; x_wconf 69' lang='lat' dir='ltr'><strong><em>coeli</em></strong></span> <span class='ocrx_word' id='word_1_9' title='bbox 831 322 1079 372; x_wconf 77' lang='lat' dir='ltr'><strong><em>ctelorum</em></strong></span> <span class='ocrx_word' id='word_1_10' title='bbox 1112 334 1130 371; x_wconf 89' lang='lat'><strong><em>:</em></strong></span> <span class='ocrx_word' id='word_1_11' title='bbox 1189 325 1238 370; x_wconf 85' lang='lat' dir='ltr'><strong><em>et</em></strong></span> <span class='ocrx_word' id='word_1_12' title='bbox 1274 333 1426 386; x_wconf 74' lang='lat' dir='ltr'><strong><em>aqua:</em></strong></span> <span class='ocrx_word' id='word_1_13' title='bbox 1459 331 1638 370; x_wconf 83' lang='lat' dir='ltr'><strong><em>omnes</em></strong></span> <span class='ocrx_word' id='word_1_14' title='bbox 1671 314 1687 345; x_wconf 84' lang='grc'>¹</span> <span class='ocrx_word' id='word_1_15' title='bbox 1725 325 1768 377; x_wconf 79' lang='grc' dir='ltr'>Α</span> 
     </span>
    </p>
   </div>
   <div class='ocr_carea' id='block_1_3' title="bbox 170 409 1514 486">
    <p class='ocr_par' dir='ltr' id='par_1_3' title="bbox 170 409 1514 486">
     <span class='ocr_line' id='line_1_3' title="bbox 170 409 1514 486; baseline -0.005 -17"><span class='ocrx_word' id='word_1_16' title='bbox 170 432 252 486; x_wconf 72' lang='lat' dir='ltr'><strong><em>qua</em></strong></span> <span class='ocrx_word' id='word_1_17' title='bbox 275 428 416 481; x_wconf 86' lang='lat' dir='ltr'><strong><em>super</em></strong></span> <span class='ocrx_word' id='word_1_18' title='bbox 439 410 598 464; x_wconf 64' lang='lat' dir='ltr'><strong><em>caelos</em></strong></span> <span class='ocrx_word' id='word_1_19' title='bbox 623 423 769 475; x_wconf 87' lang='lat' dir='ltr'><strong><em>sunt,</em></strong></span> <span class='ocrx_word' id='word_1_20' title='bbox 801 411 1020 464; x_wconf 77' lang='lat' dir='ltr'><strong><em>laudent</em></strong></span> <span class='ocrx_word' id='word_1_21' title='bbox 1053 425 1240 462; x_wconf 81' lang='lat' dir='ltr'><strong><em>nomen</em></strong></span> <span class='ocrx_word' id='word_1_22' title='bbox 1282 409 1514 462; x_wconf 80' lang='lat' dir='ltr'><strong><em>Domini.</em></strong></span> 
     </span>
    </p>
   </div>
   <div class='ocr_carea' id='block_1_4' title="bbox 222 501 1761 572">
    <p class='ocr_par' dir='ltr' id='par_1_4' title="bbox 222 501 1761 572">
     <span class='ocr_line' id='line_1_4' title="bbox 222 501 1761 572; baseline -0.003 -13"><span class='ocrx_word' id='word_1_23' title='bbox 222 507 330 571; x_wconf 86' lang='lat' dir='ltr'><strong><em>Quia</em></strong></span> <span class='ocrx_word' id='word_1_24' title='bbox 367 518 426 559; x_wconf 67' lang='grc' dir='ltr'><strong><em>σε·</em></strong></span> <span class='ocrx_word' id='word_1_25' title='bbox 464 507 484 534; x_wconf 73' lang='grc'>⁸</span> <span class='ocrx_word' id='word_1_26' title='bbox 531 504 643 572; x_wconf 89' lang='lat' dir='ltr'><strong><em>ipse</em></strong></span> <span class='ocrx_word' id='word_1_27' title='bbox 684 504 838 566; x_wconf 69' lang='lat' dir='ltr'><strong><em>dixit,</em></strong></span> <span class='ocrx_word' id='word_1_28' title='bbox 872 513 918 555; x_wconf 87' lang='lat' dir='ltr'><strong><em>et</em></strong></span> <span class='ocrx_word' id='word_1_29' title='bbox 947 503 1092 571; x_wconf 87' lang='lat' dir='ltr'><strong><em>facta</em></strong></span> <span class='ocrx_word' id='word_1_30' title='bbox 1121 510 1244 555; x_wconf 88' lang='lat' dir='ltr'><strong><em>sunt</em></strong></span> <span class='ocrx_word' id='word_1_31' title='bbox 1283 501 1306 570; x_wconf 72' lang='grc' dir='ltr'>ζ</span> <span class='ocrx_word' id='word_1_32' title='bbox 1337 503 1446 569; x_wconf 88' lang='lat' dir='ltr'><strong><em>ipse</em></strong></span> <span class='ocrx_word' id='word_1_33' title='bbox 1474 503 1697 554; x_wconf 86' lang='lat' dir='ltr'><strong><em>manda-</em></strong></span> <span class='ocrx_word' id='word_1_34' title='bbox 1758 550 1761 554; x_wconf 94' lang='lat'><strong><em>.</em></strong></span> 
     </span>
    </p>
   </div>
   <div class='ocr_carea' id='block_1_5' title="bbox 171 605 640 662">
    <p class='ocr_par' dir='ltr' id='par_1_5' title="bbox 171 605 640 662">
     <span class='ocr_line' id='line_1_5' title="bbox 171 605 640 662; baseline -0.013 -8"><span class='ocrx_word' id='word_1_35' title='bbox 171 606 234 662; x_wconf 75' lang='lat' dir='ltr'><strong><em>sit,</em></strong></span> <span class='ocrx_word' id='word_1_36' title='bbox 248 610 284 652; x_wconf 86' lang='lat' dir='ltr'><strong><em>et</em></strong></span> <span class='ocrx_word' id='word_1_37' title='bbox 300 607 469 650; x_wconf 91' lang='lat' dir='ltr'><strong><em>creata</em></strong></span> <span class='ocrx_word' id='word_1_38' title='bbox 492 605 640 649; x_wconf 74' lang='lat' dir='ltr'><strong><em>sunt.</em></strong></span> 
     </span>
    </p>
   </div>
   <div class='ocr_carea' id='block_1_6' title="bbox 222 683 1696 752">
    <p class='ocr_par' dir='ltr' id='par_1_6' title="bbox 222 683 1696 752">
     <span class='ocr_line' id='line_1_6' title="bbox 222 683 1696 752; baseline -0.007 -6"><span class='ocrx_word' id='word_1_39' title='bbox 222 691 384 746; x_wconf 85' lang='lat' dir='ltr'><strong><em>Statuit</em></strong></span> <span class='ocrx_word' id='word_1_40' title='bbox 411 706 471 742; x_wconf 89' lang='lat' dir='ltr'><strong><em>ea</em></strong></span> <span class='ocrx_word' id='word_1_41' title='bbox 503 689 557 742; x_wconf 90' lang='lat' dir='ltr'><strong><em>in</em></strong></span> <span class='ocrx_word' id='word_1_42' title='bbox 581 698 834 743; x_wconf 64' lang='lat' dir='ltr'><strong><em>retentam</em></strong></span> <span class='ocrx_word' id='word_1_43' title='bbox 861 688 902 751; x_wconf 79' lang='grc'>³,</span> <span class='ocrx_word' id='word_1_44' title='bbox 931 697 981 740; x_wconf 92' lang='lat' dir='ltr'><strong><em>et</em></strong></span> <span class='ocrx_word' id='word_1_45' title='bbox 1012 688 1064 739; x_wconf 89' lang='lat' dir='ltr'><strong><em>in</em></strong></span> <span class='ocrx_word' id='word_1_46' title='bbox 1096 685 1346 739; x_wconf 79' lang='lat' dir='ltr'><strong><em>steculum</em></strong></span> <span class='ocrx_word' id='word_1_47' title='bbox 1383 698 1444 738; x_wconf 70' lang='grc' dir='ltr'><strong><em>-ε-</em></strong></span> <span class='ocrx_word' id='word_1_48' title='bbox 1469 683 1650 737; x_wconf 73' lang='grc' dir='ltr'><strong><em>δαιειιιὶ</em></strong></span> <span class='ocrx_word' id='word_1_49' title='bbox 1673 685 1696 752; x_wconf 73' lang='grc' dir='ltr'>ζ</span> 
     </span>
    </p>
   </div>
   <div class='ocr_carea' id='block_1_7' title="bbox 173 779 1235 856">
    <p class='ocr_par' dir='ltr' id='par_1_7' title="bbox 173 779 1235 856">
     <span class='ocr_line' id='line_1_7' title="bbox 173 779 1235 856; baseline -0.006 -20"><span class='ocrx_word' id='word_1_50' title='bbox 173 796 435 856; x_wconf 73' lang='lat' dir='ltr'><strong><em>praceptnm</em></strong></span> <span class='ocrx_word' id='word_1_51' title='bbox 468 783 665 850; x_wconf 78' lang='lat' dir='ltr'><strong><em>posuit.</em></strong></span> <span class='ocrx_word' id='word_1_52' title='bbox 702 791 749 835; x_wconf 87' lang='lat' dir='ltr'><strong><em>et</em></strong></span> <span class='ocrx_word' id='word_1_53' title='bbox 789 797 892 834; x_wconf 88' lang='lat' dir='ltr'><strong><em>non</em></strong></span> <span class='ocrx_word' id='word_1_54' title='bbox 918 779 1235 850; x_wconf 66' lang='lat' dir='ltr'><strong><em>praeteribit.</em></strong></span> 
     </span>
    </p>
   </div>
   <div class='ocr_carea' id='block_1_8' title="bbox 227 871 1701 936">
    <p class='ocr_par' dir='ltr' id='par_1_8' title="bbox 227 871 1701 936">
     <span class='ocr_line' id='line_1_8' title="bbox 227 871 1701 936; baseline -0.005 -8"><span class='ocrx_word' id='word_1_55' title='bbox 227 875 432 932; x_wconf 74' lang='lat' dir='ltr'><strong><em>Laudate</em></strong></span> <span class='ocrx_word' id='word_1_56' title='bbox 463 871 756 925; x_wconf 85' lang='lat' dir='ltr'><strong><em>Dominum</em></strong></span> <span class='ocrx_word' id='word_1_57' title='bbox 803 872 867 924; x_wconf 85' lang='lat' dir='ltr'><strong><em>de</em></strong></span> <span class='ocrx_word' id='word_1_58' title='bbox 913 883 1080 936; x_wconf 89' lang='lat' dir='ltr'><strong><em>terra,</em></strong></span> <span class='ocrx_word' id='word_1_59' title='bbox 1113 871 1389 932; x_wconf 81' lang='lat' dir='ltr'><strong><em>dracones,</em></strong></span> <span class='ocrx_word' id='word_1_60' title='bbox 1441 879 1488 920; x_wconf 91' lang='lat' dir='ltr'><strong><em>et</em></strong></span> <span class='ocrx_word' id='word_1_61' title='bbox 1523 883 1701 922; x_wconf 89' lang='lat' dir='ltr'><strong><em>omnes</em></strong></span> 
     </span>
    </p>
   </div>
   <div class='ocr_carea' id='block_1_9' title="bbox 177 970 320 1041">
    <p class='ocr_par' dir='ltr' id='par_1_9' title="bbox 177 970 320 1041">
     <span class='ocr_line' id='line_1_9' title="bbox 177 970 320 1041; baseline -0.021 -17"><span class='ocrx_word' id='word_1_62' title='bbox 177 970 320 1041; x_wconf 83' lang='lat' dir='ltr'><strong><em>abyssi.</em></strong></span> 
     </span>
    </p>
   </div>
   <div class='ocr_carea' id='block_1_10' title="bbox 227 1056 1706 1132">
    <p class='ocr_par' dir='ltr' id='par_1_10' title="bbox 227 1056 1706 1132">
     <span class='ocr_line' id='line_1_10' title="bbox 227 1056 1706 1132; baseline -0.002 -16"><span class='ocrx_word' id='word_1_63' title='bbox 227 1063 358 1132; x_wconf 82' lang='lat' dir='ltr'><strong><em>Ignis,</em></strong></span> <span class='ocrx_word' id='word_1_64' title='bbox 382 1061 614 1130; x_wconf 84' lang='lat' dir='ltr'><strong><em>grando,</em></strong></span> <span class='ocrx_word' id='word_1_65' title='bbox 660 1060 774 1125; x_wconf 78' lang='lat' dir='ltr'><strong><em>nix,</em></strong></span> <span class='ocrx_word' id='word_1_66' title='bbox 804 1057 1028 1128; x_wconf 83' lang='lat' dir='ltr'><strong><em>glacies,</em></strong></span> <span class='ocrx_word' id='word_1_67' title='bbox 1064 1056 1283 1126; x_wconf 86' lang='lat' dir='ltr'><strong><em>spiritus</em></strong></span> <span class='ocrx_word' id='word_1_68' title='bbox 1313 1057 1665 1124; x_wconf 85' lang='lat' dir='ltr'><strong><em>procellarum</em></strong></span> <span class='ocrx_word' id='word_1_69' title='bbox 1686 1075 1706 1112; x_wconf 82' lang='lat'><strong><em>.&#39;</em></strong></span> 
     </span>
    </p>
   </div>
   <div class='ocr_carea' id='block_1_11' title="bbox 179 1153 884 1225">
    <p class='ocr_par' dir='ltr' id='par_1_11' title="bbox 179 1153 884 1225">
     <span class='ocr_line' id='line_1_11' title="bbox 179 1153 884 1225; baseline -0.009 -15"><span class='ocrx_word' id='word_1_70' title='bbox 179 1175 263 1225; x_wconf 75' lang='lat' dir='ltr'><strong><em>qua</em></strong></span> <span class='ocrx_word' id='word_1_71' title='bbox 286 1156 477 1222; x_wconf 86' lang='lat' dir='ltr'><strong><em>faciunt</em></strong></span> <span class='ocrx_word' id='word_1_72' title='bbox 506 1156 719 1207; x_wconf 78' lang='lat' dir='ltr'><strong><em>uerbum</em></strong></span> <span class='ocrx_word' id='word_1_73' title='bbox 749 1153 884 1222; x_wconf 82' lang='lat' dir='ltr'><strong><em>ejus.</em></strong></span> 
     </span>
    </p>
   </div>
   <div class='ocr_carea' id='block_1_12' title="bbox 230 1242 1707 1315">
    <p class='ocr_par' dir='ltr' id='par_1_12' title="bbox 230 1242 1707 1315">
     <span class='ocr_line' id='line_1_12' title="bbox 230 1242 1707 1315; baseline -0.003 -14"><span class='ocrx_word' id='word_1_74' title='bbox 230 1247 404 1301; x_wconf 76' lang='lat' dir='ltr'><strong><em>Montes</em></strong></span> <span class='ocrx_word' id='word_1_75' title='bbox 433 1256 480 1298; x_wconf 92' lang='lat' dir='ltr'><strong><em>et</em></strong></span> <span class='ocrx_word' id='word_1_76' title='bbox 513 1261 695 1298; x_wconf 85' lang='lat' dir='ltr'><strong><em>omnes</em></strong></span> <span class='ocrx_word' id='word_1_77' title='bbox 726 1242 905 1310; x_wconf 89' lang='lat' dir='ltr'><strong><em>colles,</em></strong></span> <span class='ocrx_word' id='word_1_78' title='bbox 934 1245 1078 1315; x_wconf 89' lang='lat' dir='ltr'><strong><em>ligna</em></strong></span> <span class='ocrx_word' id='word_1_79' title='bbox 1110 1243 1408 1314; x_wconf 76' lang='lat' dir='ltr'><strong><em>fructifera,</em></strong></span> <span class='ocrx_word' id='word_1_80' title='bbox 1448 1254 1496 1299; x_wconf 89' lang='lat' dir='ltr'><strong><em>et</em></strong></span> <span class='ocrx_word' id='word_1_81' title='bbox 1524 1261 1707 1299; x_wconf 88' lang='lat' dir='ltr'><strong><em>omnes</em></strong></span> 
     </span>
    </p>
   </div>
   <div class='ocr_carea' id='block_1_13' title="bbox 179 1343 300 1396">
    <p class='ocr_par' dir='ltr' id='par_1_13' title="bbox 179 1343 300 1396">
     <span class='ocr_line' id='line_1_13' title="bbox 179 1343 300 1396; baseline 0.008 -1"><span class='ocrx_word' id='word_1_82' title='bbox 179 1343 300 1396; x_wconf 79' lang='lat' dir='ltr'><strong><em>retlri.</em></strong></span> 
     </span>
    </p>
   </div>
   <div class='ocr_carea' id='block_1_14' title="bbox 232 1434 1713 1504">
    <p class='ocr_par' dir='ltr' id='par_1_14' title="bbox 232 1434 1713 1504">
     <span class='ocr_line' id='line_1_14' title="bbox 232 1434 1713 1504; baseline -0.001 -16"><span class='ocrx_word' id='word_1_83' title='bbox 232 1434 390 1488; x_wconf 73' lang='lat' dir='ltr'><strong><em>Beslitr</em></strong></span> <span class='ocrx_word' id='word_1_84' title='bbox 437 1442 488 1488; x_wconf 89' lang='lat' dir='ltr'><strong><em>et</em></strong></span> <span class='ocrx_word' id='word_1_85' title='bbox 537 1436 786 1489; x_wconf 87' lang='lat' dir='ltr'><strong><em>universa</em></strong></span> <span class='ocrx_word' id='word_1_86' title='bbox 815 1450 1024 1504; x_wconf 83' lang='lat' dir='ltr'><strong><em>pecora,</em></strong></span> <span class='ocrx_word' id='word_1_87' title='bbox 1073 1441 1365 1503; x_wconf 73' lang='lat' dir='ltr'><strong><em>serpentes,</em></strong></span> <span class='ocrx_word' id='word_1_88' title='bbox 1400 1440 1448 1486; x_wconf 87' lang='lat' dir='ltr'><strong><em>et</em></strong></span> <span class='ocrx_word' id='word_1_89' title='bbox 1474 1434 1713 1486; x_wconf 87' lang='lat' dir='ltr'><strong><em>volucres</em></strong></span> 
     </span>
    </p>
   </div>
   <div class='ocr_carea' id='block_1_15' title="bbox 178 1537 390 1594">
    <p class='ocr_par' dir='ltr' id='par_1_15' title="bbox 178 1537 390 1594">
     <span class='ocr_line' id='line_1_15' title="bbox 178 1537 390 1594; baseline 0.009 -15"><span class='ocrx_word' id='word_1_90' title='bbox 178 1537 390 1594; x_wconf 66' lang='lat' dir='ltr'><strong><em>pennata.</em></strong></span> 
     </span>
    </p>
   </div>
   <div class='ocr_carea' id='block_1_16' title="bbox 235 1619 1715 1692">
    <p class='ocr_par' dir='ltr' id='par_1_16' title="bbox 235 1619 1715 1692">
     <span class='ocr_line' id='line_1_16' title="bbox 235 1619 1715 1692; baseline 0.002 -21"><span class='ocrx_word' id='word_1_91' title='bbox 235 1619 362 1687; x_wconf 83' lang='lat' dir='ltr'><strong><em>Reges</em></strong></span> <span class='ocrx_word' id='word_1_92' title='bbox 393 1629 560 1674; x_wconf 67' lang='lat' dir='ltr'><strong><em>terrae</em></strong></span> <span class='ocrx_word' id='word_1_93' title='bbox 602 1630 654 1676; x_wconf 92' lang='lat' dir='ltr'><strong><em>et</em></strong></span> <span class='ocrx_word' id='word_1_94' title='bbox 693 1637 870 1675; x_wconf 88' lang='lat' dir='ltr'><strong><em>omnes</em></strong></span> <span class='ocrx_word' id='word_1_95' title='bbox 898 1621 1104 1692; x_wconf 78' lang='lat' dir='ltr'><strong><em>populi,</em></strong></span> <span class='ocrx_word' id='word_1_96' title='bbox 1136 1620 1430 1692; x_wconf 71' lang='lat' dir='ltr'><strong><em>principes,</em></strong></span> <span class='ocrx_word' id='word_1_97' title='bbox 1457 1627 1508 1674; x_wconf 91' lang='lat' dir='ltr'><strong><em>et</em></strong></span> <span class='ocrx_word' id='word_1_98' title='bbox 1535 1634 1715 1674; x_wconf 87' lang='lat' dir='ltr'><strong><em>omnes</em></strong></span> 
     </span>
    </p>
   </div>
   <div class='ocr_carea' id='block_1_17' title="bbox 177 1713 549 1776">
    <p class='ocr_par' dir='ltr' id='par_1_17' title="bbox 177 1713 549 1776">
     <span class='ocr_line' id='line_1_17' title="bbox 177 1713 549 1776; baseline 0.019 -15"><span class='ocrx_word' id='word_1_99' title='bbox 177 1713 334 1776; x_wconf 76' lang='lat' dir='ltr'><strong><em>indices</em></strong></span> <span class='ocrx_word' id='word_1_100' title='bbox 365 1721 549 1768; x_wconf 77' lang='lat' dir='ltr'><strong><em>terrte.</em></strong></span> 
     </span>
    </p>
   </div>
   <div class='ocr_carea' id='block_1_18' title="bbox 228 1805 1714 1878">
    <p class='ocr_par' dir='ltr' id='par_1_18' title="bbox 228 1805 1714 1878">
     <span class='ocr_line' id='line_1_18' title="bbox 228 1805 1714 1878; baseline 0.001 -19"><span class='ocrx_word' id='word_1_101' title='bbox 228 1805 446 1865; x_wconf 63' lang='lat' dir='ltr'><strong><em>iuuenes.</em></strong></span> <span class='ocrx_word' id='word_1_102' title='bbox 495 1817 543 1860; x_wconf 90' lang='lat' dir='ltr'><strong><em>et</em></strong></span> <span class='ocrx_word' id='word_1_103' title='bbox 568 1808 997 1878; x_wconf 81' lang='lat' dir='ltr'><strong><em>virgines,__senes</em></strong></span> <span class='ocrx_word' id='word_1_104' title='bbox 1023 1824 1141 1862; x_wconf 88' lang='lat' dir='ltr'><strong><em>cum</em></strong></span> <span class='ocrx_word' id='word_1_105' title='bbox 1161 1807 1463 1876; x_wconf 82' lang='lat' dir='ltr'><strong><em>junioribus</em></strong></span> <span class='ocrx_word' id='word_1_106' title='bbox 1497 1807 1714 1860; x_wconf 87' lang='lat' dir='ltr'><strong><em>laudent</em></strong></span> 
     </span>
    </p>
   </div>
   <div class='ocr_carea' id='block_1_19' title="bbox 177 1900 1716 1969">
    <p class='ocr_par' dir='ltr' id='par_1_19' title="bbox 177 1900 1716 1969">
     <span class='ocr_line' id='line_1_19' title="bbox 177 1900 1716 1969; baseline 0.003 -19"><span class='ocrx_word' id='word_1_107' title='bbox 177 1917 323 1953; x_wconf 81' lang='lat' dir='ltr'><strong><em>nomen</em></strong></span> <span class='ocrx_word' id='word_1_108' title='bbox 373 1900 596 1954; x_wconf 85' lang='lat' dir='ltr'><strong><em>Domini</em></strong></span> <span class='ocrx_word' id='word_1_109' title='bbox 638 1907 676 1968; x_wconf 58' lang='grc' dir='ltr'><strong><em>τί</em></strong></span> <span class='ocrx_word' id='word_1_110' title='bbox 702 1901 826 1969; x_wconf 87' lang='lat' dir='ltr'><strong><em>quia</em></strong></span> <span class='ocrx_word' id='word_1_111' title='bbox 875 1901 1170 1954; x_wconf 73' lang='lat' dir='ltr'><strong><em>exaltatum</em></strong></span> <span class='ocrx_word' id='word_1_112' title='bbox 1225 1910 1303 1954; x_wconf 90' lang='lat' dir='ltr'><strong><em>est</em></strong></span> <span class='ocrx_word' id='word_1_113' title='bbox 1360 1915 1548 1953; x_wconf 82' lang='lat' dir='ltr'><strong><em>nomen</em></strong></span> <span class='ocrx_word' id='word_1_114' title='bbox 1601 1900 1716 1969; x_wconf 84' lang='lat' dir='ltr'><strong><em>ejus</em></strong></span> 
     </span>
    </p>
   </div>
   <div class='ocr_carea' id='block_1_20' title="bbox 178 1994 324 2046">
    <p class='ocr_par' dir='ltr' id='par_1_20' title="bbox 178 1994 324 2046">
     <span class='ocr_line' id='line_1_20' title="bbox 178 1994 324 2046; baseline 0.041 -6"><span class='ocrx_word' id='word_1_115' title='bbox 178 1994 324 2046; x_wconf 62' lang='lat' dir='ltr'><strong><em>sonus.</em></strong></span> 
     </span>
    </p>
   </div>
   <div class='ocr_carea' id='block_1_21' title="bbox 227 2085 1721 2158">
    <p class='ocr_par' dir='ltr' id='par_1_21' title="bbox 227 2085 1721 2158">
     <span class='ocr_line' id='line_1_21' title="bbox 227 2085 1721 2158; baseline -0.002 -17"><span class='ocrx_word' id='word_1_116' title='bbox 227 2086 480 2156; x_wconf 76' lang='lat' dir='ltr'><strong><em>Confessio</em></strong></span> <span class='ocrx_word' id='word_1_117' title='bbox 505 2089 618 2158; x_wconf 88' lang='lat' dir='ltr'><strong><em>ejus</em></strong></span> <span class='ocrx_word' id='word_1_118' title='bbox 649 2103 806 2158; x_wconf 85' lang='lat' dir='ltr'><strong><em>super</em></strong></span> <span class='ocrx_word' id='word_1_119' title='bbox 842 2087 1029 2142; x_wconf 79' lang='lat' dir='ltr'><strong><em>ctelum</em></strong></span> <span class='ocrx_word' id='word_1_120' title='bbox 1055 2097 1104 2140; x_wconf 88' lang='lat' dir='ltr'><strong><em>et</em></strong></span> <span class='ocrx_word' id='word_1_121' title='bbox 1125 2095 1324 2142; x_wconf 79' lang='lat' dir='ltr'><strong><em>terram</em></strong></span> <span class='ocrx_word' id='word_1_122' title='bbox 1347 2103 1366 2140; x_wconf 90' lang='lat'><strong><em>:</em></strong></span> <span class='ocrx_word' id='word_1_123' title='bbox 1395 2094 1445 2141; x_wconf 90' lang='lat' dir='ltr'><strong><em>et</em></strong></span> <span class='ocrx_word' id='word_1_124' title='bbox 1464 2085 1721 2141; x_wconf 74' lang='lat' dir='ltr'><strong><em>exaltauit</em></strong></span> 
     </span>
    </p>
   </div>
   <div class='ocr_carea' id='block_1_22' title="bbox 174 2157 720 2246">
    <p class='ocr_par' dir='ltr' id='par_1_22' title="bbox 174 2157 720 2246">
     <span class='ocr_line' id='line_1_22' title="bbox 174 2157 720 2246; baseline 0.009 -20"><span class='ocrx_word' id='word_1_125' title='bbox 174 2192 296 2228; x_wconf 80' lang='lat' dir='ltr'><strong><em>cornu</em></strong></span> <span class='ocrx_word' id='word_1_126' title='bbox 319 2179 500 2246; x_wconf 77' lang='lat' dir='ltr'><strong><em>populi</em></strong></span> <span class='ocrx_word' id='word_1_127' title='bbox 528 2157 641 2231; x_wconf 78' lang='lat' dir='ltr'><strong><em>sui.</em></strong></span> <span class='ocrx_word' id='word_1_128' title='bbox 699 2157 720 2184; x_wconf 34' lang='grc' dir='ltr'><strong>κ</strong></span> 
     </span>
    </p>
   </div>
   <div class='ocr_carea' id='block_1_23' title="bbox 228 2269 1718 2346">
    <p class='ocr_par' dir='ltr' id='par_1_23' title="bbox 228 2269 1718 2346">
     <span class='ocr_line' id='line_1_23' title="bbox 228 2269 1718 2346; baseline 0.007 -26"><span class='ocrx_word' id='word_1_129' title='bbox 228 2269 450 2340; x_wconf 78' lang='lat' dir='ltr'><strong><em>Hymnus</em></strong></span> <span class='ocrx_word' id='word_1_130' title='bbox 479 2271 725 2325; x_wconf 86' lang='lat' dir='ltr'><strong><em>omnibus</em></strong></span> <span class='ocrx_word' id='word_1_131' title='bbox 754 2273 954 2326; x_wconf 88' lang='lat' dir='ltr'><strong><em>sanctis</em></strong></span> <span class='ocrx_word' id='word_1_132' title='bbox 975 2273 1114 2342; x_wconf 85' lang='lat' dir='ltr'><strong><em>ejus,</em></strong></span> <span class='ocrx_word' id='word_1_133' title='bbox 1140 2273 1266 2342; x_wconf 87' lang='lat' dir='ltr'><strong><em>ﬁliis</em></strong></span> <span class='ocrx_word' id='word_1_134' title='bbox 1299 2272 1495 2341; x_wconf 84' lang='lat' dir='ltr'><strong><em>Israel,</em></strong></span> <span class='ocrx_word' id='word_1_135' title='bbox 1525 2274 1718 2346; x_wconf 87' lang='lat' dir='ltr'><strong><em>populo</em></strong></span> 
     </span>
    </p>
   </div>
   <div class='ocr_carea' id='block_1_24' title="bbox 171 2363 1116 2435">
    <p class='ocr_par' dir='ltr' id='par_1_24' title="bbox 171 2363 1116 2435">
     <span class='ocr_line' id='line_1_24' title="bbox 171 2363 1116 2435; baseline 0.01 -24"><span class='ocrx_word' id='word_1_136' title='bbox 171 2365 592 2435; x_wconf 72' lang='lat' dir='ltr'><strong><em>appropinquanti</em></strong></span> <span class='ocrx_word' id='word_1_137' title='bbox 623 2364 746 2420; x_wconf 82' lang='lat' dir='ltr'><strong><em>sibi.</em></strong></span> <span class='ocrx_word' id='word_1_138' title='bbox 785 2380 1046 2420; x_wconf 75' lang='lat' dir='ltr'><strong><em>ALLELUIA</em></strong></span> <span class='ocrx_word' id='word_1_139' title='bbox 1071 2363 1116 2420; x_wconf 71' lang='grc'><strong><em>⁸.</em></strong></span> 
     </span>
    </p>
   </div>
   <div class='ocr_carea' id='block_1_25' title="bbox 3268 197 3375 264">
    <p class='ocr_par' dir='ltr' id='par_1_25' title="bbox 3268 197 3375 264">
     <span class='ocr_line' id='line_1_25' title="bbox 3268 197 3375 264; baseline 0.009 -2"><span class='ocrx_word' id='word_1_140' title='bbox 3268 197 3375 264; x_wconf 75' lang='grc'><strong><em>418</em></strong></span> 
     </span>
    </p>
   </div>
   <div class='ocr_carea' id='block_1_26' title="bbox 1869 315 3380 390">
    <p class='ocr_par' dir='ltr' id='par_1_26' title="bbox 1869 315 3380 390">
     <span class='ocr_line' id='line_1_26' title="bbox 1869 315 3380 390; baseline 0.002 -20"><span class='ocrx_word' id='word_1_141' title='bbox 1869 315 2111 372; x_wconf 87' lang='lat' dir='ltr'><strong><em>Laudate</em></strong></span> <span class='ocrx_word' id='word_1_142' title='bbox 2136 333 2284 381; x_wconf 89' lang='lat' dir='ltr'><strong><em>eum,</em></strong></span> <span class='ocrx_word' id='word_1_143' title='bbox 2312 317 2436 374; x_wconf 73' lang='lat' dir='ltr'><strong><em>cmli</em></strong></span> <span class='ocrx_word' id='word_1_144' title='bbox 2461 317 2750 374; x_wconf 68' lang='lat' dir='ltr'><strong><em>caelorum:</em></strong></span> <span class='ocrx_word' id='word_1_145' title='bbox 2792 326 2846 371; x_wconf 86' lang='lat' dir='ltr'><strong><em>et</em></strong></span> <span class='ocrx_word' id='word_1_146' title='bbox 2868 332 3040 387; x_wconf 65' lang='lat' dir='ltr'><strong><em>aquai,</em></strong></span> <span class='ocrx_word' id='word_1_147' title='bbox 3063 333 3182 386; x_wconf 66' lang='lat' dir='ltr'><strong><em>qua!</em></strong></span> <span class='ocrx_word' id='word_1_148' title='bbox 3213 333 3380 390; x_wconf 80' lang='lat' dir='ltr'><strong><em>super</em></strong></span> 
     </span>
    </p>
   </div>
   <div class='ocr_carea' id='block_1_27' title="bbox 1801 409 2888 476">
    <p class='ocr_par' dir='ltr' id='par_1_27' title="bbox 1801 409 2888 476">
     <span class='ocr_line' id='line_1_27' title="bbox 1801 409 2888 476; baseline 0.001 -13"><span class='ocrx_word' id='word_1_149' title='bbox 1801 409 1972 464; x_wconf 74' lang='lat' dir='ltr'><strong><em>etelos</em></strong></span> <span class='ocrx_word' id='word_1_150' title='bbox 1993 420 2144 476; x_wconf 91' lang='lat' dir='ltr'><strong><em>sunt,</em></strong></span> <span class='ocrx_word' id='word_1_151' title='bbox 2168 409 2392 464; x_wconf 91' lang='lat' dir='ltr'><strong><em>laudent</em></strong></span> <span class='ocrx_word' id='word_1_152' title='bbox 2418 426 2616 465; x_wconf 90' lang='lat' dir='ltr'><strong><em>nomen</em></strong></span> <span class='ocrx_word' id='word_1_153' title='bbox 2652 411 2888 464; x_wconf 82' lang='lat' dir='ltr'><strong><em>Domini.</em></strong></span> 
     </span>
    </p>
   </div>
   <div class='ocr_carea' id='block_1_28' title="bbox 1873 500 3381 575">
    <p class='ocr_par' dir='ltr' id='par_1_28' title="bbox 1873 500 3381 575">
     <span class='ocr_line' id='line_1_28' title="bbox 1873 500 3381 575; baseline 0 -21"><span class='ocrx_word' id='word_1_154' title='bbox 1873 501 2008 567; x_wconf 86' lang='lat' dir='ltr'><strong><em>Quia</em></strong></span> <span class='ocrx_word' id='word_1_155' title='bbox 2068 500 2192 565; x_wconf 89' lang='lat' dir='ltr'><strong><em>[ms.</em></strong></span> <span class='ocrx_word' id='word_1_156' title='bbox 2247 502 2544 575; x_wconf 67' lang='lat' dir='ltr'><strong><em>Quoniam}</em></strong></span> <span class='ocrx_word' id='word_1_157' title='bbox 2597 504 2716 572; x_wconf 87' lang='lat' dir='ltr'><strong><em>ipse</em></strong></span> <span class='ocrx_word' id='word_1_158' title='bbox 2749 503 2908 565; x_wconf 81' lang='lat' dir='ltr'><strong><em>dixit,</em></strong></span> <span class='ocrx_word' id='word_1_159' title='bbox 2942 510 2997 556; x_wconf 89' lang='lat' dir='ltr'><strong><em>et</em></strong></span> <span class='ocrx_word' id='word_1_160' title='bbox 3030 501 3168 555; x_wconf 86' lang='lat' dir='ltr'><strong><em>facta</em></strong></span> <span class='ocrx_word' id='word_1_161' title='bbox 3202 509 3333 556; x_wconf 91' lang='lat' dir='ltr'><strong><em>sunt</em></strong></span> <span class='ocrx_word' id='word_1_162' title='bbox 3365 517 3381 554; x_wconf 92' lang='lat'><strong>:</strong></span> 
     </span>
    </p>
   </div>
   <div class='ocr_carea' id='block_1_29' title="bbox 1805 597 2740 663">
    <p class='ocr_par' dir='ltr' id='par_1_29' title="bbox 1805 597 2740 663">
     <span class='ocr_line' id='line_1_29' title="bbox 1805 597 2740 663; baseline 0.001 -14"><span class='ocrx_word' id='word_1_163' title='bbox 1805 597 1925 663; x_wconf 78' lang='lat' dir='ltr'><strong><em>ipse</em></strong></span> <span class='ocrx_word' id='word_1_164' title='bbox 1957 597 2257 663; x_wconf 76' lang='lat' dir='ltr'><strong><em>mandavit,</em></strong></span> <span class='ocrx_word' id='word_1_165' title='bbox 2294 607 2349 651; x_wconf 89' lang='lat' dir='ltr'><strong><em>et</em></strong></span> <span class='ocrx_word' id='word_1_166' title='bbox 2384 607 2563 652; x_wconf 82' lang='lat' dir='ltr'><strong><em>creata</em></strong></span> <span class='ocrx_word' id='word_1_167' title='bbox 2592 605 2740 651; x_wconf 89' lang='lat' dir='ltr'><strong><em>sunt.</em></strong></span> 
     </span>
    </p>
   </div>
   <div class='ocr_carea' id='block_1_30' title="bbox 1876 684 3382 754">
    <p class='ocr_par' dir='ltr' id='par_1_30' title="bbox 1876 684 3382 754">
     <span class='ocr_line' id='line_1_30' title="bbox 1876 684 3382 754; baseline -0.004 -13"><span class='ocrx_word' id='word_1_168' title='bbox 1876 687 2079 741; x_wconf 91' lang='lat' dir='ltr'><strong><em>Statuit</em></strong></span> <span class='ocrx_word' id='word_1_169' title='bbox 2120 704 2183 742; x_wconf 90' lang='lat' dir='ltr'><strong><em>ea</em></strong></span> <span class='ocrx_word' id='word_1_170' title='bbox 2231 690 2284 742; x_wconf 90' lang='lat' dir='ltr'><strong><em>in</em></strong></span> <span class='ocrx_word' id='word_1_171' title='bbox 2331 697 2616 754; x_wconf 83' lang='lat' dir='ltr'><strong><em>aeternam,</em></strong></span> <span class='ocrx_word' id='word_1_172' title='bbox 2659 698 2717 742; x_wconf 92' lang='lat' dir='ltr'><strong><em>et</em></strong></span> <span class='ocrx_word' id='word_1_173' title='bbox 2769 692 2823 742; x_wconf 93' lang='lat' dir='ltr'><strong><em>in</em></strong></span> <span class='ocrx_word' id='word_1_174' title='bbox 2875 686 3134 742; x_wconf 63' lang='lat' dir='ltr'><strong><em>sasculnm</em></strong></span> <span class='ocrx_word' id='word_1_175' title='bbox 3161 684 3382 740; x_wconf 70' lang='lat' dir='ltr'><strong><em>saeculi:</em></strong></span> 
     </span>
    </p>
   </div>
   <div class='ocr_carea' id='block_1_31' title="bbox 1807 781 2960 853">
    <p class='ocr_par' dir='ltr' id='par_1_31' title="bbox 1807 781 2960 853">
     <span class='ocr_line' id='line_1_31' title="bbox 1807 781 2960 853; baseline -0.001 -19"><span class='ocrx_word' id='word_1_176' title='bbox 1807 792 2142 853; x_wconf 65' lang='lat' dir='ltr'><strong><em>praeceptum</em></strong></span> <span class='ocrx_word' id='word_1_177' title='bbox 2177 782 2382 849; x_wconf 74' lang='lat' dir='ltr'><strong><em>posuit,</em></strong></span> <span class='ocrx_word' id='word_1_178' title='bbox 2419 793 2473 835; x_wconf 87' lang='lat' dir='ltr'><strong><em>et</em></strong></span> <span class='ocrx_word' id='word_1_179' title='bbox 2507 798 2613 835; x_wconf 90' lang='lat' dir='ltr'><strong><em>non</em></strong></span> <span class='ocrx_word' id='word_1_180' title='bbox 2643 781 2960 850; x_wconf 61' lang='lat' dir='ltr'><strong><em>praeteribit.</em></strong></span> 
     </span>
    </p>
   </div>
   <div class='ocr_carea' id='block_1_32' title="bbox 1881 873 3388 941">
    <p class='ocr_par' dir='ltr' id='par_1_32' title="bbox 1881 873 3388 941">
     <span class='ocr_line' id='line_1_32' title="bbox 1881 873 3388 941; baseline -0.001 -15"><span class='ocrx_word' id='word_1_181' title='bbox 1881 875 2125 929; x_wconf 77' lang='lat' dir='ltr'><strong><em>Lautlate</em></strong></span> <span class='ocrx_word' id='word_1_182' title='bbox 2164 874 2455 928; x_wconf 89' lang='lat' dir='ltr'><strong><em>Dominum</em></strong></span> <span class='ocrx_word' id='word_1_183' title='bbox 2486 874 2556 928; x_wconf 87' lang='lat' dir='ltr'><strong><em>de</em></strong></span> <span class='ocrx_word' id='word_1_184' title='bbox 2589 883 2754 938; x_wconf 87' lang='lat' dir='ltr'><strong><em>terra,</em></strong></span> <span class='ocrx_word' id='word_1_185' title='bbox 2781 873 3067 936; x_wconf 77' lang='lat' dir='ltr'><strong><em>dracones,</em></strong></span> <span class='ocrx_word' id='word_1_186' title='bbox 3088 879 3167 941; x_wconf 31' lang='lat' dir='ltr'><strong><em>Oct</em></strong></span> <span class='ocrx_word' id='word_1_187' title='bbox 3195 885 3388 925; x_wconf 86' lang='lat' dir='ltr'><strong><em>omnes</em></strong></span> 
     </span>
    </p>
   </div>
   <div class='ocr_carea' id='block_1_33' title="bbox 1808 969 2011 1039">
    <p class='ocr_par' dir='ltr' id='par_1_33' title="bbox 1808 969 2011 1039">
     <span class='ocr_line' id='line_1_33' title="bbox 1808 969 2011 1039; baseline 0 -17"><span class='ocrx_word' id='word_1_188' title='bbox 1808 969 2011 1039; x_wconf 81' lang='lat' dir='ltr'><strong><em>abyssi.</em></strong></span> 
     </span>
    </p>
   </div>
   <div class='ocr_carea' id='block_1_34' title="bbox 1886 1055 3383 1130">
    <p class='ocr_par' dir='ltr' id='par_1_34' title="bbox 1886 1055 3383 1130">
     <span class='ocr_line' id='line_1_34' title="bbox 1886 1055 3383 1130; baseline -0.003 -18"><span class='ocrx_word' id='word_1_189' title='bbox 1886 1060 2049 1129; x_wconf 85' lang='lat' dir='ltr'><strong><em>Ignis,</em></strong></span> <span class='ocrx_word' id='word_1_190' title='bbox 2075 1059 2439 1129; x_wconf 86' lang='lat' dir='ltr'><strong><em>grando.nix,</em></strong></span> <span class='ocrx_word' id='word_1_191' title='bbox 2459 1058 2685 1130; x_wconf 78' lang='lat' dir='ltr'><strong><em>glacies,</em></strong></span> <span class='ocrx_word' id='word_1_192' title='bbox 2706 1057 2938 1128; x_wconf 87' lang='lat' dir='ltr'><strong><em>spiritus</em></strong></span> <span class='ocrx_word' id='word_1_193' title='bbox 2961 1055 3383 1127; x_wconf 84' lang='lat' dir='ltr'><strong><em>procellarnm&#39;:</em></strong></span> 
     </span>
    </p>
   </div>
   <div class='ocr_carea' id='block_1_35' title="bbox 1814 1152 2845 1223">
    <p class='ocr_par' dir='ltr' id='par_1_35' title="bbox 1814 1152 2845 1223">
     <span class='ocr_line' id='line_1_35' title="bbox 1814 1152 2845 1223; baseline 0.003 -18"><span class='ocrx_word' id='word_1_194' title='bbox 1814 1169 1936 1222; x_wconf 83' lang='lat' dir='ltr'><strong><em>qua:</em></strong></span> <span class='ocrx_word' id='word_1_195' title='bbox 1972 1153 2180 1206; x_wconf 78' lang='lat' dir='ltr'><strong><em>faciunt</em></strong></span> <span class='ocrx_word' id='word_1_196' title='bbox 2214 1152 2440 1207; x_wconf 77' lang='lat' dir='ltr'><strong><em>verbum</em></strong></span> <span class='ocrx_word' id='word_1_197' title='bbox 2477 1153 2616 1223; x_wconf 88' lang='lat' dir='ltr'><strong><em>ejus.</em></strong></span> <span class='ocrx_word' id='word_1_198' title='bbox 2834 1201 2845 1208; x_wconf 94' lang='lat'><strong><em>.</em></strong></span> 
     </span>
    </p>
   </div>
   <div class='ocr_carea' id='block_1_36' title="bbox 1886 1242 3392 1315">
    <p class='ocr_par' dir='ltr' id='par_1_36' title="bbox 1886 1242 3392 1315">
     <span class='ocr_line' id='line_1_36' title="bbox 1886 1242 3392 1315; baseline -0.002 -14"><span class='ocrx_word' id='word_1_199' title='bbox 1886 1248 2100 1301; x_wconf 83' lang='lat' dir='ltr'><strong><em>Montes</em></strong></span> <span class='ocrx_word' id='word_1_200' title='bbox 2122 1256 2177 1302; x_wconf 92' lang='lat' dir='ltr'><strong><em>et</em></strong></span> <span class='ocrx_word' id='word_1_201' title='bbox 2206 1261 2398 1302; x_wconf 89' lang='lat' dir='ltr'><strong><em>omnes</em></strong></span> <span class='ocrx_word' id='word_1_202' title='bbox 2435 1245 2788 1315; x_wconf 84' lang='lat' dir='ltr'><strong><em>colles,ligna</em></strong></span> <span class='ocrx_word' id='word_1_203' title='bbox 2812 1242 3094 1299; x_wconf 88' lang='lat' dir='ltr'><strong><em>fructifera</em></strong></span> <span class='ocrx_word' id='word_1_204' title='bbox 3117 1252 3172 1298; x_wconf 91' lang='lat' dir='ltr'><strong><em>et</em></strong></span> <span class='ocrx_word' id='word_1_205' title='bbox 3201 1257 3392 1298; x_wconf 81' lang='lat' dir='ltr'><strong><em>omnes</em></strong></span> 
     </span>
    </p>
   </div>
   <div class='ocr_carea' id='block_1_37' title="bbox 1816 1341 1992 1395">
    <p class='ocr_par' dir='ltr' id='par_1_37' title="bbox 1816 1341 1992 1395">
     <span class='ocr_line' id='line_1_37' title="bbox 1816 1341 1992 1395; baseline -0.006 0"><span class='ocrx_word' id='word_1_206' title='bbox 1816 1341 1992 1395; x_wconf 71' lang='lat' dir='ltr'><strong><em>ceer</em></strong></span> 
     </span>
    </p>
   </div>
   <div class='ocr_carea' id='block_1_38' title="bbox 1887 1425 3397 1500">
    <p class='ocr_par' dir='ltr' id='par_1_38' title="bbox 1887 1425 3397 1500">
     <span class='ocr_line' id='line_1_38' title="bbox 1887 1425 3397 1500; baseline -0.005 -12"><span class='ocrx_word' id='word_1_207' title='bbox 1887 1435 2082 1488; x_wconf 72' lang='lat' dir='ltr'><strong><em>Besuse</em></strong></span> <span class='ocrx_word' id='word_1_208' title='bbox 2113 1442 2169 1488; x_wconf 87' lang='lat' dir='ltr'><strong><em>et</em></strong></span> <span class='ocrx_word' id='word_1_209' title='bbox 2197 1432 2456 1488; x_wconf 85' lang='lat' dir='ltr'><strong><em>universa</em></strong></span> <span class='ocrx_word' id='word_1_210' title='bbox 2495 1444 2716 1500; x_wconf 88' lang='lat' dir='ltr'><strong><em>pecora,</em></strong></span> <span class='ocrx_word' id='word_1_211' title='bbox 2737 1435 3026 1498; x_wconf 80' lang='lat' dir='ltr'><strong><em>serpentes</em></strong></span> <span class='ocrx_word' id='word_1_212' title='bbox 3057 1436 3115 1481; x_wconf 89' lang='lat' dir='ltr'><strong><em>et</em></strong></span> <span class='ocrx_word' id='word_1_213' title='bbox 3145 1425 3397 1481; x_wconf 81' lang='lat' dir='ltr'><strong><em>volucres</em></strong></span> 
     </span>
    </p>
   </div>
   <div class='ocr_carea' id='block_1_39' title="bbox 1819 1535 2092 1594">
    <p class='ocr_par' dir='ltr' id='par_1_39' title="bbox 1819 1535 2092 1594">
     <span class='ocr_line' id='line_1_39' title="bbox 1819 1535 2092 1594; baseline -0.018 -15"><span class='ocrx_word' id='word_1_214' title='bbox 1819 1535 2092 1594; x_wconf 62' lang='lat' dir='ltr'><strong><em>pennatus.</em></strong></span> 
     </span>
    </p>
   </div>
   <div class='ocr_carea' id='block_1_40' title="bbox 1893 1611 3401 1683">
    <p class='ocr_par' dir='ltr' id='par_1_40' title="bbox 1893 1611 3401 1683">
     <span class='ocr_line' id='line_1_40' title="bbox 1893 1611 3401 1683; baseline -0.005 -13"><span class='ocrx_word' id='word_1_215' title='bbox 1893 1616 2069 1680; x_wconf 74' lang='lat' dir='ltr'><strong><em>Reges</em></strong></span> <span class='ocrx_word' id='word_1_216' title='bbox 2087 1625 2248 1668; x_wconf 83' lang='lat' dir='ltr'><strong><em>terrae</em></strong></span> <span class='ocrx_word' id='word_1_217' title='bbox 2268 1622 2322 1667; x_wconf 92' lang='lat' dir='ltr'><strong><em>et</em></strong></span> <span class='ocrx_word' id='word_1_218' title='bbox 2343 1627 2534 1668; x_wconf 87' lang='lat' dir='ltr'><strong><em>omnes</em></strong></span> <span class='ocrx_word' id='word_1_219' title='bbox 2559 1612 2766 1683; x_wconf 87' lang='lat' dir='ltr'><strong><em>populi,</em></strong></span> <span class='ocrx_word' id='word_1_220' title='bbox 2798 1611 3097 1682; x_wconf 87' lang='lat' dir='ltr'><strong><em>principes,</em></strong></span> <span class='ocrx_word' id='word_1_221' title='bbox 3129 1616 3186 1664; x_wconf 88' lang='lat' dir='ltr'><strong><em>et</em></strong></span> <span class='ocrx_word' id='word_1_222' title='bbox 3211 1622 3401 1663; x_wconf 79' lang='lat' dir='ltr'><strong><em>omnes</em></strong></span> 
     </span>
    </p>
   </div>
   <div class='ocr_carea' id='block_1_41' title="bbox 1749 1695 2256 1782">
    <p class='ocr_par' dir='ltr' id='par_1_41' title="bbox 1749 1695 2256 1782">
     <span class='ocr_line' id='line_1_41' title="bbox 1749 1695 2256 1782; baseline -0.008 -18"><span class='ocrx_word' id='word_1_223' title='bbox 1749 1695 1789 1750; x_wconf 72' lang='grc' dir='ltr'><strong>Β</strong></span> <span class='ocrx_word' id='word_1_224' title='bbox 1819 1708 2040 1782; x_wconf 86' lang='lat' dir='ltr'><strong><em>judices</em></strong></span> <span class='ocrx_word' id='word_1_225' title='bbox 2075 1718 2256 1762; x_wconf 67' lang='lat' dir='ltr'><strong><em>terrae.</em></strong></span> 
     </span>
    </p>
   </div>
   <div class='ocr_carea' id='block_1_42' title="bbox 1829 1793 3402 1870">
    <p class='ocr_par' dir='ltr' id='par_1_42' title="bbox 1829 1793 3402 1870">
     <span class='ocr_line' id='line_1_42' title="bbox 1829 1793 3402 1870; baseline -0.01 -9"><span class='ocrx_word' id='word_1_226' title='bbox 1829 1835 1834 1842; x_wconf 88' lang='lat'><strong><em>-</em></strong></span> <span class='ocrx_word' id='word_1_227' title='bbox 1895 1803 2139 1860; x_wconf 82' lang='lat' dir='ltr'><strong><em>Juvenes</em></strong></span> <span class='ocrx_word' id='word_1_228' title='bbox 2179 1813 2233 1857; x_wconf 90' lang='lat' dir='ltr'><strong><em>et</em></strong></span> <span class='ocrx_word' id='word_1_229' title='bbox 2274 1801 2535 1870; x_wconf 85' lang='lat' dir='ltr'><strong><em>virgines.</em></strong></span> <span class='ocrx_word' id='word_1_230' title='bbox 2569 1815 2730 1855; x_wconf 86' lang='lat' dir='ltr'><strong><em>senes</em></strong></span> <span class='ocrx_word' id='word_1_231' title='bbox 2756 1813 2880 1853; x_wconf 88' lang='lat' dir='ltr'><strong><em>cum</em></strong></span> <span class='ocrx_word' id='word_1_232' title='bbox 2915 1795 3248 1868; x_wconf 81' lang='lat' dir='ltr'><strong><em>junioribus,</em></strong></span> <span class='ocrx_word' id='word_1_233' title='bbox 3278 1793 3402 1847; x_wconf 86' lang='lat' dir='ltr'><strong><em>lau-</em></strong></span> 
     </span>
    </p>
   </div>
   <div class='ocr_carea' id='block_1_43' title="bbox 1825 1894 2465 1951">
    <p class='ocr_par' dir='ltr' id='par_1_43' title="bbox 1825 1894 2465 1951">
     <span class='ocr_line' id='line_1_43' title="bbox 1825 1894 2465 1951; baseline -0.008 0"><span class='ocrx_word' id='word_1_234' title='bbox 1825 1895 1962 1951; x_wconf 88' lang='lat' dir='ltr'><strong><em>dent</em></strong></span> <span class='ocrx_word' id='word_1_235' title='bbox 1987 1911 2188 1950; x_wconf 84' lang='lat' dir='ltr'><strong><em>nomen</em></strong></span> <span class='ocrx_word' id='word_1_236' title='bbox 2227 1894 2465 1948; x_wconf 81' lang='lat' dir='ltr'><strong><em>homini.</em></strong></span> 
     </span>
    </p>
   </div>
   <div class='ocr_carea' id='block_1_44' title="bbox 1898 1981 3404 2060">
    <p class='ocr_par' dir='ltr' id='par_1_44' title="bbox 1898 1981 3404 2060">
     <span class='ocr_line' id='line_1_44' title="bbox 1898 1981 3404 2060; baseline -0.006 -17"><span class='ocrx_word' id='word_1_237' title='bbox 1898 1988 2036 2055; x_wconf 85' lang='lat' dir='ltr'><strong><em>Quia</em></strong></span> <span class='ocrx_word' id='word_1_238' title='bbox 2084 1986 2209 2060; x_wconf 70' lang='lat' dir='ltr'><strong><em>[ms.</em></strong></span> <span class='ocrx_word' id='word_1_239' title='bbox 2255 1983 2551 2056; x_wconf 86' lang='lat' dir='ltr'><strong><em>Quoniam]</em></strong></span> <span class='ocrx_word' id='word_1_240' title='bbox 2601 1984 2898 2037; x_wconf 80' lang='lat' dir='ltr'><strong><em>exaltatum</em></strong></span> <span class='ocrx_word' id='word_1_241' title='bbox 2929 1993 3014 2035; x_wconf 71' lang='lat' dir='ltr'><strong><em>eat</em></strong></span> <span class='ocrx_word' id='word_1_242' title='bbox 3047 1995 3248 2034; x_wconf 89' lang='lat' dir='ltr'><strong><em>nomen</em></strong></span> <span class='ocrx_word' id='word_1_243' title='bbox 3283 1981 3404 2049; x_wconf 79' lang='lat' dir='ltr'><strong><em>ejus</em></strong></span> 
     </span>
    </p>
   </div>
   <div class='ocr_carea' id='block_1_45' title="bbox 1827 2075 3277 2149">
    <p class='ocr_par' dir='ltr' id='par_1_45' title="bbox 1827 2075 3277 2149">
     <span class='ocr_line' id='line_1_45' title="bbox 1827 2075 3277 2149; baseline -0.008 -12"><span class='ocrx_word' id='word_1_244' title='bbox 1827 2082 2036 2149; x_wconf 82' lang='lat' dir='ltr'><strong><em>solitis;</em></strong></span> <span class='ocrx_word' id='word_1_245' title='bbox 2073 2079 2348 2135; x_wconf 81' lang='lat' dir='ltr'><strong><em>confessio</em></strong></span> <span class='ocrx_word' id='word_1_246' title='bbox 2381 2079 2503 2146; x_wconf 89' lang='lat' dir='ltr'><strong><em>ejus</em></strong></span> <span class='ocrx_word' id='word_1_247' title='bbox 2532 2091 2699 2146; x_wconf 89' lang='lat' dir='ltr'><strong><em>super</em></strong></span> <span class='ocrx_word' id='word_1_248' title='bbox 2732 2075 2931 2130; x_wconf 66' lang='lat' dir='ltr'><strong><em>castum</em></strong></span> <span class='ocrx_word' id='word_1_249' title='bbox 2967 2083 3024 2129; x_wconf 86' lang='lat' dir='ltr'><strong><em>et</em></strong></span> <span class='ocrx_word' id='word_1_250' title='bbox 3051 2083 3277 2128; x_wconf 81' lang='lat' dir='ltr'><strong><em>terrain.</em></strong></span> 
     </span>
    </p>
   </div>
   <div class='ocr_carea' id='block_1_46' title="bbox 1899 2163 3402 2239">
    <p class='ocr_par' dir='ltr' id='par_1_46' title="bbox 1899 2163 3402 2239">
     <span class='ocr_line' id='line_1_46' title="bbox 1899 2163 3402 2239; baseline -0.01 -8"><span class='ocrx_word' id='word_1_251' title='bbox 1899 2177 1964 2231; x_wconf 87' lang='lat' dir='ltr'><strong><em>Et</em></strong></span> <span class='ocrx_word' id='word_1_252' title='bbox 2015 2173 2276 2230; x_wconf 73' lang='lat' dir='ltr'><strong><em>exultavit</em></strong></span> <span class='ocrx_word' id='word_1_253' title='bbox 2325 2187 2496 2226; x_wconf 91' lang='lat' dir='ltr'><strong><em>cornu</em></strong></span> <span class='ocrx_word' id='word_1_254' title='bbox 2540 2168 2727 2239; x_wconf 79' lang='lat' dir='ltr'><strong><em>papuli</em></strong></span> <span class='ocrx_word' id='word_1_255' title='bbox 2775 2167 2862 2223; x_wconf 89' lang='lat' dir='ltr'><strong><em>sui</em></strong></span> <span class='ocrx_word' id='word_1_256' title='bbox 2892 2181 2925 2230; x_wconf 59' lang='grc' dir='ltr'><strong><em>,ε</em></strong></span> <span class='ocrx_word' id='word_1_257' title='bbox 2973 2168 3234 2237; x_wconf 77' lang='lat' dir='ltr'><strong><em>hymnus“</em></strong></span> <span class='ocrx_word' id='word_1_258' title='bbox 3271 2163 3402 2236; x_wconf 83' lang='lat' dir='ltr'><strong><em>[ms.</em></strong></span> 
     </span>
    </p>
   </div>
   <div class='ocr_carea' id='block_1_47' title="bbox 1827 2254 3407 2342">
    <p class='ocr_par' dir='ltr' id='par_1_47' title="bbox 1827 2254 3407 2342">
     <span class='ocr_line' id='line_1_47' title="bbox 1827 2254 3407 2342; baseline -0.011 -17"><span class='ocrx_word' id='word_1_259' title='bbox 1827 2265 2116 2342; x_wconf 81' lang='lat' dir='ltr'><strong><em>hymnum]</em></strong></span> <span class='ocrx_word' id='word_1_260' title='bbox 2147 2265 2402 2321; x_wconf 90' lang='lat' dir='ltr'><strong><em>omnibus</em></strong></span> <span class='ocrx_word' id='word_1_261' title='bbox 2426 2265 2634 2319; x_wconf 88' lang='lat' dir='ltr'><strong><em>sanctis</em></strong></span> <span class='ocrx_word' id='word_1_262' title='bbox 2664 2262 2803 2333; x_wconf 87' lang='lat' dir='ltr'><strong><em>ejus,</em></strong></span> <span class='ocrx_word' id='word_1_263' title='bbox 2836 2259 2960 2314; x_wconf 83' lang='lat' dir='ltr'><strong><em>ﬁliis</em></strong></span> <span class='ocrx_word' id='word_1_264' title='bbox 2989 2257 3179 2322; x_wconf 85' lang='lat' dir='ltr'><strong><em>lsrael,</em></strong></span> <span class='ocrx_word' id='word_1_265' title='bbox 3205 2254 3407 2325; x_wconf 91' lang='lat' dir='ltr'><strong><em>popqu</em></strong></span> 
     </span>
    </p>
   </div>
   <div class='ocr_carea' id='block_1_48' title="bbox 1827 2357 2751 2437">
    <p class='ocr_par' dir='ltr' id='par_1_48' title="bbox 1827 2357 2751 2437">
     <span class='ocr_line' id='line_1_48' title="bbox 1827 2357 2751 2437; baseline -0.014 -18"><span class='ocrx_word' id='word_1_266' title='bbox 1827 2362 2290 2437; x_wconf 82' lang='lat' dir='ltr'><strong><em>apprOpinquanti</em></strong></span> <span class='ocrx_word' id='word_1_267' title='bbox 2318 2357 2751 2415; x_wconf 68' lang='lat' dir='ltr'><strong><em>sibi.‘n.t.st.uu.</em></strong></span> 
     </span>
    </p>
   </div>
   <div class='ocr_carea' id='block_1_49' title="bbox 1441 2548 2114 2615">
    <p class='ocr_par' dir='ltr' id='par_1_49' title="bbox 1441 2548 2114 2615">
     <span class='ocr_line' id='line_1_49' title="bbox 1441 2548 2114 2615; baseline 0 -3"><span class='ocrx_word' id='word_1_268' title='bbox 1441 2551 1803 2614; x_wconf 85' lang='lat' dir='ltr'><strong><em>PSALMUS</em></strong></span> <span class='ocrx_word' id='word_1_269' title='bbox 1854 2548 2114 2615; x_wconf 83' lang='lat' dir='ltr'><strong><em>CXLIX.</em></strong></span> 
     </span>
    </p>
   </div>
   <div class='ocr_carea' id='block_1_50' title="bbox 800 2679 1080 2719">
    <p class='ocr_par' dir='ltr' id='par_1_50' title="bbox 800 2679 1080 2719">
     <span class='ocr_line' id='line_1_50' title="bbox 800 2679 1080 2719; baseline 0.004 -1"><span class='ocrx_word' id='word_1_270' title='bbox 800 2679 1080 2719; x_wconf 68' lang='grc' dir='ltr'><strong><em>Διιειυιλ.</em></strong></span> 
     </span>
    </p>
   </div>
   <div class='ocr_carea' id='block_1_51' title="bbox 217 2776 1726 2847">
    <p class='ocr_par' dir='ltr' id='par_1_51' title="bbox 217 2776 1726 2847">
     <span class='ocr_line' id='line_1_51' title="bbox 217 2776 1726 2847; baseline 0.003 -17"><span class='ocrx_word' id='word_1_271' title='bbox 217 2776 434 2832; x_wconf 65' lang='lat' dir='ltr'><strong><em>Caritate</em></strong></span> <span class='ocrx_word' id='word_1_272' title='bbox 481 2778 712 2832; x_wconf 87' lang='lat' dir='ltr'><strong><em>Domino</em></strong></span> <span class='ocrx_word' id='word_1_273' title='bbox 766 2780 1032 2832; x_wconf 87' lang='lat' dir='ltr'><strong><em>canticum</em></strong></span> <span class='ocrx_word' id='word_1_274' title='bbox 1065 2791 1260 2834; x_wconf 67' lang='lat' dir='ltr'><strong><em>nouum</em></strong></span> <span class='ocrx_word' id='word_1_275' title='bbox 1289 2795 1307 2832; x_wconf 92' lang='lat'><strong><em>:</em></strong></span> <span class='ocrx_word' id='word_1_276' title='bbox 1351 2780 1470 2836; x_wconf 84' lang='lat' dir='ltr'><strong><em>laus</em></strong></span> <span class='ocrx_word' id='word_1_277' title='bbox 1514 2782 1629 2847; x_wconf 78' lang='lat' dir='ltr'><strong><em>eius</em></strong></span> <span class='ocrx_word' id='word_1_278' title='bbox 1669 2782 1726 2834; x_wconf 87' lang='lat' dir='ltr'><strong><em>in</em></strong></span> 
     </span>
    </p>
   </div>
   <div class='ocr_carea' id='block_1_52' title="bbox 161 2870 720 2924">
    <p class='ocr_par' dir='ltr' id='par_1_52' title="bbox 161 2870 720 2924">
     <span class='ocr_line' id='line_1_52' title="bbox 161 2870 720 2924; baseline 0.005 -5"><span class='ocrx_word' id='word_1_279' title='bbox 161 2870 352 2923; x_wconf 78' lang='lat' dir='ltr'><strong><em>ecclesia</em></strong></span> <span class='ocrx_word' id='word_1_280' title='bbox 385 2881 720 2924; x_wconf 84' lang='lat' dir='ltr'><strong><em>sanctorum.</em></strong></span> 
     </span>
    </p>
   </div>
   <div class='ocr_carea' id='block_1_53' title="bbox 223 2982 1732 3056">
    <p class='ocr_par' dir='ltr' id='par_1_53' title="bbox 223 2982 1732 3056">
     <span class='ocr_line' id='line_1_53' title="bbox 223 2982 1732 3056; baseline 0.004 -20"><span class='ocrx_word' id='word_1_281' title='bbox 223 2982 434 3036; x_wconf 79' lang='lat' dir='ltr'><strong><em>La&#39;tetur</em></strong></span> <span class='ocrx_word' id='word_1_282' title='bbox 454 2985 626 3037; x_wconf 88' lang='lat' dir='ltr'><strong><em>Israel</em></strong></span> <span class='ocrx_word' id='word_1_283' title='bbox 647 2987 704 3056; x_wconf 69' lang='lat' dir='ltr'><strong><em>in</em></strong></span> <span class='ocrx_word' id='word_1_284' title='bbox 729 2999 811 3048; x_wconf 90' lang='lat' dir='ltr'><strong><em>eo,</em></strong></span> <span class='ocrx_word' id='word_1_285' title='bbox 834 2987 922 3051; x_wconf 85' lang='lat' dir='ltr'><strong><em>qui</em></strong></span> <span class='ocrx_word' id='word_1_286' title='bbox 943 2985 1060 3054; x_wconf 87' lang='lat' dir='ltr'><strong><em>fecit</em></strong></span> <span class='ocrx_word' id='word_1_287' title='bbox 1083 3001 1198 3039; x_wconf 89' lang='lat' dir='ltr'><strong><em>eum</em></strong></span> <span class='ocrx_word' id='word_1_288' title='bbox 1227 3003 1247 3041; x_wconf 90' lang='lat'><strong><em>:</em></strong></span> <span class='ocrx_word' id='word_1_289' title='bbox 1271 2998 1335 3041; x_wconf 73' lang='grc' dir='ltr'><strong><em>σε-</em></strong></span> <span class='ocrx_word' id='word_1_290' title='bbox 1364 2995 1414 3040; x_wconf 94' lang='lat' dir='ltr'><strong><em>et</em></strong></span> <span class='ocrx_word' id='word_1_291' title='bbox 1434 2987 1457 3056; x_wconf 71' lang='grc' dir='ltr'>ζ</span> <span class='ocrx_word' id='word_1_292' title='bbox 1475 2985 1577 3054; x_wconf 81' lang='lat' dir='ltr'><strong><em>ﬁlii</em></strong></span> <span class='ocrx_word' id='word_1_293' title='bbox 1603 2984 1732 3042; x_wconf 88' lang='lat' dir='ltr'><strong><em>Sion</em></strong></span> 
     </span>
    </p>
   </div>
   <div class='ocr_carea' id='block_1_54' title="bbox 161 3077 784 3156">
    <p class='ocr_par' dir='ltr' id='par_1_54' title="bbox 161 3077 784 3156">
     <span class='ocr_line' id='line_1_54' title="bbox 161 3077 784 3156; baseline 0.008 -30"><span class='ocrx_word' id='word_1_294' title='bbox 161 3077 402 3129; x_wconf 68' lang='lat' dir='ltr'><strong><em>exsultent</em></strong></span> <span class='ocrx_word' id='word_1_295' title='bbox 433 3078 492 3130; x_wconf 88' lang='lat' dir='ltr'><strong><em>in</em></strong></span> <span class='ocrx_word' id='word_1_296' title='bbox 523 3093 648 3146; x_wconf 88' lang='lat' dir='ltr'><strong><em>rege</em></strong></span> <span class='ocrx_word' id='word_1_297' title='bbox 665 3093 784 3156; x_wconf 74' lang='lat' dir='ltr'><strong><em>suo.</em></strong></span> 
     </span>
    </p>
   </div>
   <div class='ocr_carea' id='block_1_55' title="bbox 216 3185 1734 3258">
    <p class='ocr_par' dir='ltr' id='par_1_55' title="bbox 216 3185 1734 3258">
     <span class='ocr_line' id='line_1_55' title="bbox 216 3185 1734 3258; baseline 0.001 -20"><span class='ocrx_word' id='word_1_298' title='bbox 216 3185 447 3240; x_wconf 81' lang='lat' dir='ltr'><strong><em>Laudent</em></strong></span> <span class='ocrx_word' id='word_1_299' title='bbox 489 3204 686 3242; x_wconf 85' lang='lat' dir='ltr'><strong><em>nomen</em></strong></span> <span class='ocrx_word' id='word_1_300' title='bbox 736 3189 852 3257; x_wconf 87' lang='lat' dir='ltr'><strong><em>ejus</em></strong></span> <span class='ocrx_word' id='word_1_301' title='bbox 907 3190 968 3243; x_wconf 89' lang='lat' dir='ltr'><strong><em>in</em></strong></span> <span class='ocrx_word' id='word_1_302' title='bbox 1023 3191 1233 3244; x_wconf 84' lang='lat' dir='ltr'><strong><em>choro:</em></strong></span> <span class='ocrx_word' id='word_1_303' title='bbox 1285 3191 1341 3242; x_wconf 90' lang='lat' dir='ltr'><strong><em>in</em></strong></span> <span class='ocrx_word' id='word_1_304' title='bbox 1378 3198 1625 3258; x_wconf 84' lang='lat' dir='ltr'><strong><em>tympano</em></strong></span> <span class='ocrx_word' id='word_1_305' title='bbox 1681 3195 1734 3242; x_wconf 88' lang='lat' dir='ltr'><strong><em>et</em></strong></span> 
     </span>
    </p>
   </div>
   <div class='ocr_carea' id='block_1_56' title="bbox 155 3279 777 3345">
    <p class='ocr_par' dir='ltr' id='par_1_56' title="bbox 155 3279 777 3345">
     <span class='ocr_line' id='line_1_56' title="bbox 155 3279 777 3345; baseline 0.01 -18"><span class='ocrx_word' id='word_1_306' title='bbox 155 3279 385 3340; x_wconf 77' lang='lat' dir='ltr'><strong><em>psalterio</em></strong></span> <span class='ocrx_word' id='word_1_307' title='bbox 425 3282 550 3345; x_wconf 86' lang='lat' dir='ltr'><strong><em>psal</em></strong></span> <span class='ocrx_word' id='word_1_308' title='bbox 558 3279 609 3331; x_wconf 91' lang='lat' dir='ltr'><strong><em>la</em></strong></span> <span class='ocrx_word' id='word_1_309' title='bbox 619 3288 676 3331; x_wconf 88' lang='lat' dir='ltr'><strong><em>nt</em></strong></span> <span class='ocrx_word' id='word_1_310' title='bbox 707 3279 777 3333; x_wconf 89' lang='lat' dir='ltr'><strong><em>ei.</em></strong></span> 
     </span>
    </p>
   </div>
   <div class='ocr_carea' id='block_1_57' title="bbox 210 3389 1729 3463">
    <p class='ocr_par' dir='ltr' id='par_1_57' title="bbox 210 3389 1729 3463">
     <span class='ocr_line' id='line_1_57' title="bbox 210 3389 1729 3463; baseline 0.001 -18"><span class='ocrx_word' id='word_1_311' title='bbox 210 3389 305 3457; x_wconf 79' lang='lat' dir='ltr'><strong><em>Qui</em></strong></span> <span class='ocrx_word' id='word_1_312' title='bbox 331 3393 736 3462; x_wconf 74' lang='lat' dir='ltr'><strong><em>beneplacitum</em></strong></span> <span class='ocrx_word' id='word_1_313' title='bbox 771 3402 847 3448; x_wconf 89' lang='lat' dir='ltr'><strong><em>est</em></strong></span> <span class='ocrx_word' id='word_1_314' title='bbox 878 3393 1105 3448; x_wconf 84' lang='lat' dir='ltr'><strong><em>Domino</em></strong></span> <span class='ocrx_word' id='word_1_315' title='bbox 1131 3395 1186 3447; x_wconf 90' lang='lat' dir='ltr'><strong><em>in</em></strong></span> <span class='ocrx_word' id='word_1_316' title='bbox 1219 3391 1411 3463; x_wconf 88' lang='lat' dir='ltr'><strong><em>populo</em></strong></span> <span class='ocrx_word' id='word_1_317' title='bbox 1430 3408 1525 3448; x_wconf 87' lang='lat' dir='ltr'><strong><em>suo</em></strong></span> <span class='ocrx_word' id='word_1_318' title='bbox 1552 3406 1614 3450; x_wconf 74' lang='grc' dir='ltr'><strong><em>-ιο</em></strong></span> <span class='ocrx_word' id='word_1_319' title='bbox 1643 3393 1729 3462; x_wconf 70' lang='lat' dir='ltr'><strong><em>et:</em></strong></span> 
     </span>
    </p>
   </div>
   <div class='ocr_carea' id='block_1_58' title="bbox 154 3487 1100 3541">
    <p class='ocr_par' dir='ltr' id='par_1_58' title="bbox 154 3487 1100 3541">
     <span class='ocr_line' id='line_1_58' title="bbox 154 3487 1100 3541; baseline 0.005 -5"><span class='ocrx_word' id='word_1_320' title='bbox 154 3487 390 3538; x_wconf 69' lang='lat' dir='ltr'><strong><em>exaltabit</em></strong></span> <span class='ocrx_word' id='word_1_321' title='bbox 429 3497 741 3540; x_wconf 86' lang='lat' dir='ltr'><strong><em>mansuetos</em></strong></span> <span class='ocrx_word' id='word_1_322' title='bbox 770 3503 824 3540; x_wconf 80' lang='lat' dir='ltr'><strong><em>tn</em></strong></span> <span class='ocrx_word' id='word_1_323' title='bbox 852 3489 1100 3541; x_wconf 89' lang='lat' dir='ltr'><strong><em>salutem.</em></strong></span> 
     </span>
    </p>
   </div>
   <div class='ocr_carea' id='block_1_59' title="bbox 210 3600 1738 3674">
    <p class='ocr_par' dir='ltr' id='par_1_59' title="bbox 210 3600 1738 3674">
     <span class='ocr_line' id='line_1_59' title="bbox 210 3600 1738 3674; baseline 0.002 -21"><span class='ocrx_word' id='word_1_324' title='bbox 210 3600 584 3657; x_wconf 68' lang='lat' dir='ltr'><strong><em>Exsultabunt</em></strong></span> <span class='ocrx_word' id='word_1_325' title='bbox 612 3602 788 3656; x_wconf 88' lang='lat' dir='ltr'><strong><em>sancti</em></strong></span> <span class='ocrx_word' id='word_1_326' title='bbox 817 3603 871 3656; x_wconf 89' lang='lat' dir='ltr'><strong><em>in</em></strong></span> <span class='ocrx_word' id='word_1_327' title='bbox 905 3602 1077 3674; x_wconf 87' lang='lat' dir='ltr'><strong><em>gloria</em></strong></span> <span class='ocrx_word' id='word_1_328' title='bbox 1103 3617 1120 3655; x_wconf 92' lang='lat'><strong><em>:</em></strong></span> <span class='ocrx_word' id='word_1_329' title='bbox 1144 3601 1478 3658; x_wconf 79' lang='lat' dir='ltr'><strong><em>ltetabuntur</em></strong></span> <span class='ocrx_word' id='word_1_330' title='bbox 1501 3603 1556 3657; x_wconf 88' lang='lat' dir='ltr'><strong><em>in</em></strong></span> <span class='ocrx_word' id='word_1_331' title='bbox 1590 3601 1738 3657; x_wconf 85' lang='lat' dir='ltr'><strong><em>cubi-</em></strong></span> 
     </span>
    </p>
   </div>
   <div class='ocr_carea' id='block_1_60' title="bbox 152 3691 430 3748">
    <p class='ocr_par' dir='ltr' id='par_1_60' title="bbox 152 3691 430 3748">
     <span class='ocr_line' id='line_1_60' title="bbox 152 3691 430 3748; baseline 0.022 -6"><span class='ocrx_word' id='word_1_332' title='bbox 152 3691 270 3746; x_wconf 77' lang='lat' dir='ltr'><strong><em>libus</em></strong></span> <span class='ocrx_word' id='word_1_333' title='bbox 297 3698 430 3748; x_wconf 75' lang='lat' dir='ltr'><strong><em>suis.</em></strong></span> 
     </span>
    </p>
   </div>
   <div class='ocr_carea' id='block_1_61' title="bbox 208 3805 1731 3878">
    <p class='ocr_par' dir='ltr' id='par_1_61' title="bbox 208 3805 1731 3878">
     <span class='ocr_line' id='line_1_61' title="bbox 208 3805 1731 3878; baseline 0.001 -17"><span class='ocrx_word' id='word_1_334' title='bbox 208 3805 597 3863; x_wconf 71' lang='lat' dir='ltr'><strong><em>Exaltationes</em></strong></span> <span class='ocrx_word' id='word_1_335' title='bbox 637 3809 730 3862; x_wconf 87' lang='lat' dir='ltr'><strong><em>Dei</em></strong></span> <span class='ocrx_word' id='word_1_336' title='bbox 774 3809 827 3860; x_wconf 89' lang='lat' dir='ltr'><strong><em>in</em></strong></span> <span class='ocrx_word' id='word_1_337' title='bbox 855 3816 1068 3878; x_wconf 84' lang='lat' dir='ltr'><strong><em>gutture</em></strong></span> <span class='ocrx_word' id='word_1_338' title='bbox 1098 3823 1323 3863; x_wconf 85' lang='lat' dir='ltr'><strong><em>eorum:</em></strong></span> <span class='ocrx_word' id='word_1_339' title='bbox 1351 3817 1401 3862; x_wconf 92' lang='lat' dir='ltr'><strong><em>et</em></strong></span> <span class='ocrx_word' id='word_1_340' title='bbox 1425 3807 1594 3878; x_wconf 84' lang='lat' dir='ltr'><strong><em>gladii</em></strong></span> <span class='ocrx_word' id='word_1_341' title='bbox 1631 3825 1731 3862; x_wconf 88' lang='lat' dir='ltr'><strong><em>an-</em></strong></span> 
     </span>
    </p>
   </div>
   <div class='ocr_carea' id='block_1_62' title="bbox 146 3902 941 3973">
    <p class='ocr_par' dir='ltr' id='par_1_62' title="bbox 146 3902 941 3973">
     <span class='ocr_line' id='line_1_62' title="bbox 146 3902 941 3973; baseline 0.004 -23"><span class='ocrx_word' id='word_1_342' title='bbox 146 3902 312 3968; x_wconf 80' lang='lat' dir='ltr'><strong><em>cipites</em></strong></span> <span class='ocrx_word' id='word_1_343' title='bbox 341 3904 400 3956; x_wconf 89' lang='lat' dir='ltr'><strong><em>in</em></strong></span> <span class='ocrx_word' id='word_1_344' title='bbox 435 3904 700 3973; x_wconf 64' lang='lat' dir='ltr'><strong><em>mqribns</em></strong></span> <span class='ocrx_word' id='word_1_345' title='bbox 733 3915 941 3953; x_wconf 83' lang='lat' dir='ltr'><strong><em>eorum.</em></strong></span> 
     </span>
    </p>
   </div>
   <div class='ocr_carea' id='block_1_63' title="bbox 203 4014 1741 4088">
    <p class='ocr_par' dir='ltr' id='par_1_63' title="bbox 203 4014 1741 4088">
     <span class='ocr_line' id='line_1_63' title="bbox 203 4014 1741 4088; baseline 0.003 -23"><span class='ocrx_word' id='word_1_346' title='bbox 203 4015 280 4066; x_wconf 80' lang='lat' dir='ltr'><strong><em>Ad</em></strong></span> <span class='ocrx_word' id='word_1_347' title='bbox 309 4015 638 4085; x_wconf 80' lang='lat' dir='ltr'><strong><em>faciendam</em></strong></span> <span class='ocrx_word' id='word_1_348' title='bbox 680 4014 966 4069; x_wconf 77' lang='lat' dir='ltr'><strong><em>uindictam</em></strong></span> <span class='ocrx_word' id='word_1_349' title='bbox 1014 4016 1069 4068; x_wconf 91' lang='lat' dir='ltr'><strong><em>in</em></strong></span> <span class='ocrx_word' id='word_1_350' title='bbox 1121 4016 1446 4082; x_wconf 86' lang='lat' dir='ltr'><strong><em>nationibus,</em></strong></span> <span class='ocrx_word' id='word_1_351' title='bbox 1495 4018 1741 4088; x_wconf 81' lang='lat' dir='ltr'><strong><em>increpa-</em></strong></span> 
     </span>
    </p>
   </div>
   <div class='ocr_carea' id='block_1_64' title="bbox 141 4105 658 4176">
    <p class='ocr_par' dir='ltr' id='par_1_64' title="bbox 141 4105 658 4176">
     <span class='ocr_line' id='line_1_64' title="bbox 141 4105 658 4176; baseline 0.008 -22"><span class='ocrx_word' id='word_1_352' title='bbox 141 4105 294 4159; x_wconf 72' lang='lat' dir='ltr'><strong><em>tione:</em></strong></span> <span class='ocrx_word' id='word_1_353' title='bbox 317 4109 374 4160; x_wconf 89' lang='lat' dir='ltr'><strong><em>in</em></strong></span> <span class='ocrx_word' id='word_1_354' title='bbox 403 4107 658 4176; x_wconf 84' lang='lat' dir='ltr'><strong><em>populis.</em></strong></span> 
     </span>
    </p>
   </div>
   <div class='ocr_carea' id='block_1_65' title="bbox 199 4222 1740 4292">
    <p class='ocr_par' dir='ltr' id='par_1_65' title="bbox 199 4222 1740 4292">
     <span class='ocr_line' id='line_1_65' title="bbox 199 4222 1740 4292; baseline 0.007 -22"><span class='ocrx_word' id='word_1_355' title='bbox 199 4222 278 4273; x_wconf 76' lang='lat' dir='ltr'><strong><em>Ad</em></strong></span> <span class='ocrx_word' id='word_1_356' title='bbox 334 4222 664 4292; x_wconf 80' lang='lat' dir='ltr'><strong><em>alligandos</em></strong></span> <span class='ocrx_word' id='word_1_357' title='bbox 727 4237 873 4292; x_wconf 87' lang='lat' dir='ltr'><strong><em>reges</em></strong></span> <span class='ocrx_word' id='word_1_358' title='bbox 927 4238 1107 4275; x_wconf 76' lang='lat' dir='ltr'><strong><em>eorum</em></strong></span> <span class='ocrx_word' id='word_1_359' title='bbox 1165 4223 1218 4275; x_wconf 88' lang='lat' dir='ltr'><strong><em>in</em></strong></span> <span class='ocrx_word' id='word_1_360' title='bbox 1273 4224 1654 4292; x_wconf 85' lang='lat' dir='ltr'><strong><em>compedibus:</em></strong></span> <span class='ocrx_word' id='word_1_361' title='bbox 1690 4235 1740 4281; x_wconf 86' lang='lat' dir='ltr'><strong><em>et</em></strong></span> 
     </span>
    </p>
   </div>
   <div class='ocr_carea' id='block_1_66' title="bbox 137 4313 1156 4382">
    <p class='ocr_par' dir='ltr' id='par_1_66' title="bbox 137 4313 1156 4382">
     <span class='ocr_line' id='line_1_66' title="bbox 137 4313 1156 4382; baseline 0.004 -20"><span class='ocrx_word' id='word_1_362' title='bbox 137 4313 322 4366; x_wconf 70' lang='lat' dir='ltr'><strong><em>nobiles</em></strong></span> <span class='ocrx_word' id='word_1_363' title='bbox 359 4331 564 4367; x_wconf 84' lang='lat' dir='ltr'><strong><em>eorum</em></strong></span> <span class='ocrx_word' id='word_1_364' title='bbox 599 4314 656 4367; x_wconf 90' lang='lat' dir='ltr'><strong><em>in</em></strong></span> <span class='ocrx_word' id='word_1_365' title='bbox 693 4315 914 4367; x_wconf 85' lang='lat' dir='ltr'><strong><em>manicis</em></strong></span> <span class='ocrx_word' id='word_1_366' title='bbox 952 4314 1156 4382; x_wconf 89' lang='lat' dir='ltr'><strong><em>ferreis.</em></strong></span> 
     </span>
    </p>
   </div>
   <div class='ocr_carea' id='block_1_67' title="bbox 2447 2664 2793 2718">
    <p class='ocr_par' dir='ltr' id='par_1_67' title="bbox 2447 2664 2793 2718">
     <span class='ocr_line' id='line_1_67' title="bbox 2447 2664 2793 2718; baseline -0.003 0"><span class='ocrx_word' id='word_1_367' title='bbox 2447 2678 2707 2718; x_wconf 63' lang='lat' dir='ltr'><strong><em>summa</em></strong></span> <span class='ocrx_word' id='word_1_368' title='bbox 2749 2664 2793 2717; x_wconf 82' lang='lat'><strong><em>&#39;.</em></strong></span> 
     </span>
    </p>
   </div>
   <div class='ocr_carea' id='block_1_68' title="bbox 1902 2770 3410 2843">
    <p class='ocr_par' dir='ltr' id='par_1_68' title="bbox 1902 2770 3410 2843">
     <span class='ocr_line' id='line_1_68' title="bbox 1902 2770 3410 2843; baseline -0.007 -7"><span class='ocrx_word' id='word_1_369' title='bbox 1902 2782 2132 2838; x_wconf 87' lang='lat' dir='ltr'><strong><em>Cantate</em></strong></span> <span class='ocrx_word' id='word_1_370' title='bbox 2165 2779 2392 2834; x_wconf 89' lang='lat' dir='ltr'><strong><em>Domino</em></strong></span> <span class='ocrx_word' id='word_1_371' title='bbox 2421 2777 2701 2834; x_wconf 88' lang='lat' dir='ltr'><strong><em>canticum</em></strong></span> <span class='ocrx_word' id='word_1_372' title='bbox 2732 2788 2932 2830; x_wconf 81' lang='lat' dir='ltr'><strong><em>novum</em></strong></span> <span class='ocrx_word' id='word_1_373' title='bbox 2964 2789 2979 2828; x_wconf 88' lang='lat'><strong>:</strong></span> <span class='ocrx_word' id='word_1_374' title='bbox 3015 2770 3260 2826; x_wconf 85' lang='lat' dir='ltr'><strong><em>laudatio</em></strong></span> <span class='ocrx_word' id='word_1_375' title='bbox 3289 2771 3410 2843; x_wconf 87' lang='lat' dir='ltr'><strong><em>ejus</em></strong></span> 
     </span>
    </p>
   </div>
   <div class='ocr_carea' id='block_1_69' title="bbox 1835 2874 2524 2930">
    <p class='ocr_par' dir='ltr' id='par_1_69' title="bbox 1835 2874 2524 2930">
     <span class='ocr_line' id='line_1_69' title="bbox 1835 2874 2524 2930; baseline -0.007 -1"><span class='ocrx_word' id='word_1_376' title='bbox 1835 2875 1890 2930; x_wconf 92' lang='lat' dir='ltr'><strong><em>in</em></strong></span> <span class='ocrx_word' id='word_1_377' title='bbox 1922 2874 2156 2930; x_wconf 85' lang='lat' dir='ltr'><strong><em>ecclesia</em></strong></span> <span class='ocrx_word' id='word_1_378' title='bbox 2187 2883 2524 2928; x_wconf 85' lang='lat' dir='ltr'><strong><em>sanctorum.</em></strong></span> 
     </span>
    </p>
   </div>
   <div class='ocr_carea' id='block_1_70' title="bbox 1907 2971 3413 3052">
    <p class='ocr_par' dir='ltr' id='par_1_70' title="bbox 1907 2971 3413 3052">
     <span class='ocr_line' id='line_1_70' title="bbox 1907 2971 3413 3052; baseline -0.007 -10"><span class='ocrx_word' id='word_1_379' title='bbox 1907 2987 2142 3042; x_wconf 71' lang='lat' dir='ltr'><strong><em>Laetetur</em></strong></span> <span class='ocrx_word' id='word_1_380' title='bbox 2176 2971 2339 3040; x_wconf 82' lang='lat' dir='ltr'><strong><em>Israel</em></strong></span> <span class='ocrx_word' id='word_1_381' title='bbox 2365 2985 2417 3038; x_wconf 92' lang='lat' dir='ltr'><strong><em>in</em></strong></span> <span class='ocrx_word' id='word_1_382' title='bbox 2443 2999 2513 3039; x_wconf 87' lang='lat' dir='ltr'><strong><em>eo</em></strong></span> <span class='ocrx_word' id='word_1_383' title='bbox 2551 2982 2644 3052; x_wconf 90' lang='lat' dir='ltr'><strong><em>qui</em></strong></span> <span class='ocrx_word' id='word_1_384' title='bbox 2679 2980 2807 3036; x_wconf 88' lang='lat' dir='ltr'><strong><em>fecit</em></strong></span> <span class='ocrx_word' id='word_1_385' title='bbox 2828 2981 3003 3050; x_wconf 91' lang='lat' dir='ltr'><strong><em>ipsum</em></strong></span> <span class='ocrx_word' id='word_1_386' title='bbox 3035 2996 3049 3032; x_wconf 89' lang='lat'><strong>:</strong></span> <span class='ocrx_word' id='word_1_387' title='bbox 3081 2987 3136 3032; x_wconf 90' lang='lat' dir='ltr'><strong><em>et</em></strong></span> <span class='ocrx_word' id='word_1_388' title='bbox 3161 2976 3255 3031; x_wconf 85' lang='lat' dir='ltr'><strong><em>lilii</em></strong></span> <span class='ocrx_word' id='word_1_389' title='bbox 3280 2974 3413 3033; x_wconf 89' lang='lat' dir='ltr'><strong><em>Sion</em></strong></span> 
     </span>
    </p>
   </div>
   <div class='ocr_carea' id='block_1_71' title="bbox 1755 3079 2612 3155">
    <p class='ocr_par' dir='ltr' id='par_1_71' title="bbox 1755 3079 2612 3155">
     <span class='ocr_line' id='line_1_71' title="bbox 1755 3079 2612 3155; baseline -0.011 -19"><span class='ocrx_word' id='word_1_390' title='bbox 1755 3092 1801 3155; x_wconf 77' lang='grc' dir='ltr'>ο</span> <span class='ocrx_word' id='word_1_391' title='bbox 1834 3079 2110 3135; x_wconf 82' lang='lat' dir='ltr'><strong><em>exsultent</em></strong></span> <span class='ocrx_word' id='word_1_392' title='bbox 2134 3093 2302 3146; x_wconf 87' lang='lat' dir='ltr'><strong><em>super</em></strong></span> <span class='ocrx_word' id='word_1_393' title='bbox 2335 3091 2464 3145; x_wconf 88' lang='lat' dir='ltr'><strong><em>rege</em></strong></span> <span class='ocrx_word' id='word_1_394' title='bbox 2491 3090 2612 3129; x_wconf 89' lang='lat' dir='ltr'><strong><em>suo.</em></strong></span> 
     </span>
    </p>
   </div>
   <div class='ocr_carea' id='block_1_72' title="bbox 1908 3183 3414 3258">
    <p class='ocr_par' dir='ltr' id='par_1_72' title="bbox 1908 3183 3414 3258">
     <span class='ocr_line' id='line_1_72' title="bbox 1908 3183 3414 3258; baseline -0.007 -12"><span class='ocrx_word' id='word_1_395' title='bbox 1908 3191 2159 3248; x_wconf 80' lang='lat' dir='ltr'><strong><em>Laudent</em></strong></span> <span class='ocrx_word' id='word_1_396' title='bbox 2210 3206 2410 3246; x_wconf 86' lang='lat' dir='ltr'><strong><em>nomen</em></strong></span> <span class='ocrx_word' id='word_1_397' title='bbox 2463 3189 2583 3258; x_wconf 87' lang='lat' dir='ltr'><strong><em>ejus</em></strong></span> <span class='ocrx_word' id='word_1_398' title='bbox 2637 3191 2692 3242; x_wconf 90' lang='lat' dir='ltr'><strong><em>in</em></strong></span> <span class='ocrx_word' id='word_1_399' title='bbox 2731 3187 2902 3242; x_wconf 85' lang='lat' dir='ltr'><strong><em>choro</em></strong></span> <span class='ocrx_word' id='word_1_400' title='bbox 2938 3195 2993 3240; x_wconf 91' lang='lat' dir='ltr'><strong><em>et</em></strong></span> <span class='ocrx_word' id='word_1_401' title='bbox 3018 3194 3316 3255; x_wconf 84' lang='lat' dir='ltr'><strong><em>tympano:</em></strong></span> <span class='ocrx_word' id='word_1_402' title='bbox 3357 3183 3414 3237; x_wconf 89' lang='lat' dir='ltr'><strong><em>in</em></strong></span> 
     </span>
    </p>
   </div>
   <div class='ocr_carea' id='block_1_73' title="bbox 1837 3283 2476 3355">
    <p class='ocr_par' dir='ltr' id='par_1_73' title="bbox 1837 3283 2476 3355">
     <span class='ocr_line' id='line_1_73' title="bbox 1837 3283 2476 3355; baseline -0.008 -13"><span class='ocrx_word' id='word_1_403' title='bbox 1837 3285 2099 3355; x_wconf 84' lang='lat' dir='ltr'><strong><em>psalterio</em></strong></span> <span class='ocrx_word' id='word_1_404' title='bbox 2140 3286 2376 3355; x_wconf 73' lang='lat' dir='ltr'><strong><em>psallunt</em></strong></span> <span class='ocrx_word' id='word_1_405' title='bbox 2401 3283 2476 3339; x_wconf 90' lang='lat' dir='ltr'><strong><em>ei.</em></strong></span> 
     </span>
    </p>
   </div>
   <div class='ocr_carea' id='block_1_74' title="bbox 1909 3388 3416 3465">
    <p class='ocr_par' dir='ltr' id='par_1_74' title="bbox 1909 3388 3416 3465">
     <span class='ocr_line' id='line_1_74' title="bbox 1909 3388 3416 3465; baseline -0.008 -13"><span class='ocrx_word' id='word_1_406' title='bbox 1909 3397 2045 3463; x_wconf 86' lang='lat' dir='ltr'><strong><em>Quia</em></strong></span> <span class='ocrx_word' id='word_1_407' title='bbox 2079 3395 2483 3465; x_wconf 84' lang='lat' dir='ltr'><strong><em>beneplacitum</em></strong></span> <span class='ocrx_word' id='word_1_408' title='bbox 2507 3401 2589 3449; x_wconf 89' lang='lat' dir='ltr'><strong><em>est</em></strong></span> <span class='ocrx_word' id='word_1_409' title='bbox 2620 3393 2850 3446; x_wconf 85' lang='lat' dir='ltr'><strong><em>Domino</em></strong></span> <span class='ocrx_word' id='word_1_410' title='bbox 2883 3393 2902 3422; x_wconf 87' lang='grc'><strong>⁷</strong></span> <span class='ocrx_word' id='word_1_411' title='bbox 2946 3392 3002 3446; x_wconf 91' lang='lat' dir='ltr'><strong><em>in</em></strong></span> <span class='ocrx_word' id='word_1_412' title='bbox 3044 3388 3246 3459; x_wconf 88' lang='lat' dir='ltr'><strong><em>p0pulo</em></strong></span> <span class='ocrx_word' id='word_1_413' title='bbox 3273 3400 3374 3441; x_wconf 81' lang='lat' dir='ltr'><strong><em>suo</em></strong></span> <span class='ocrx_word' id='word_1_414' title='bbox 3401 3404 3416 3441; x_wconf 92' lang='lat'><strong>:</strong></span> 
     </span>
    </p>
   </div>
   <div class='ocr_carea' id='block_1_75' title="bbox 1839 3486 2826 3544">
    <p class='ocr_par' dir='ltr' id='par_1_75' title="bbox 1839 3486 2826 3544">
     <span class='ocr_line' id='line_1_75' title="bbox 1839 3486 2826 3544; baseline -0.007 0"><span class='ocrx_word' id='word_1_415' title='bbox 1839 3489 2103 3544; x_wconf 82' lang='lat' dir='ltr'><strong><em>exaltabit</em></strong></span> <span class='ocrx_word' id='word_1_416' title='bbox 2131 3499 2448 3542; x_wconf 88' lang='lat' dir='ltr'><strong><em>mansuetos</em></strong></span> <span class='ocrx_word' id='word_1_417' title='bbox 2479 3486 2533 3539; x_wconf 89' lang='lat' dir='ltr'><strong><em>in</em></strong></span> <span class='ocrx_word' id='word_1_418' title='bbox 2567 3487 2826 3540; x_wconf 85' lang='lat' dir='ltr'><strong><em>salutem.</em></strong></span> 
     </span>
    </p>
   </div>
   <div class='ocr_carea' id='block_1_76' title="bbox 1918 3591 3423 3670">
    <p class='ocr_par' dir='ltr' id='par_1_76' title="bbox 1918 3591 3423 3670">
     <span class='ocr_line' id='line_1_76' title="bbox 1918 3591 3423 3670; baseline -0.005 -15"><span class='ocrx_word' id='word_1_419' title='bbox 1918 3600 2284 3656; x_wconf 81' lang='lat' dir='ltr'><strong><em>Exsultabunt</em></strong></span> <span class='ocrx_word' id='word_1_420' title='bbox 2325 3599 2500 3653; x_wconf 85' lang='lat' dir='ltr'><strong><em>sancti</em></strong></span> <span class='ocrx_word' id='word_1_421' title='bbox 2533 3599 2586 3651; x_wconf 88' lang='lat' dir='ltr'><strong><em>in</em></strong></span> <span class='ocrx_word' id='word_1_422' title='bbox 2621 3597 2795 3666; x_wconf 79' lang='lat' dir='ltr'><strong><em>gloria</em></strong></span> <span class='ocrx_word' id='word_1_423' title='bbox 2831 3594 2953 3670; x_wconf 84' lang='lat' dir='ltr'><strong><em>[ms.</em></strong></span> <span class='ocrx_word' id='word_1_424' title='bbox 2989 3595 3114 3648; x_wconf 89' lang='lat' dir='ltr'><strong><em>add.</em></strong></span> <span class='ocrx_word' id='word_1_425' title='bbox 3152 3591 3229 3664; x_wconf 84' lang='lat' dir='ltr'><strong><em>et]</em></strong></span> <span class='ocrx_word' id='word_1_426' title='bbox 3270 3591 3423 3647; x_wconf 68' lang='lat' dir='ltr'><strong><em>laata-</em></strong></span> 
     </span>
    </p>
   </div>
   <div class='ocr_carea' id='block_1_77' title="bbox 1847 3692 2635 3750">
    <p class='ocr_par' dir='ltr' id='par_1_77' title="bbox 1847 3692 2635 3750">
     <span class='ocr_line' id='line_1_77' title="bbox 1847 3692 2635 3750; baseline -0.009 0"><span class='ocrx_word' id='word_1_427' title='bbox 1847 3696 2057 3750; x_wconf 84' lang='lat' dir='ltr'><strong><em>buntur</em></strong></span> <span class='ocrx_word' id='word_1_428' title='bbox 2095 3693 2152 3748; x_wconf 88' lang='lat' dir='ltr'><strong><em>in</em></strong></span> <span class='ocrx_word' id='word_1_429' title='bbox 2191 3692 2466 3746; x_wconf 78' lang='lat' dir='ltr'><strong><em>cubilibus</em></strong></span> <span class='ocrx_word' id='word_1_430' title='bbox 2501 3692 2635 3744; x_wconf 84' lang='lat' dir='ltr'><strong><em>suis.</em></strong></span> 
     </span>
    </p>
   </div>
   <div class='ocr_carea' id='block_1_78' title="bbox 1911 3800 3422 3872">
    <p class='ocr_par' dir='ltr' id='par_1_78' title="bbox 1911 3800 3422 3872">
     <span class='ocr_line' id='line_1_78' title="bbox 1911 3800 3422 3872; baseline -0.003 -14"><span class='ocrx_word' id='word_1_431' title='bbox 1911 3802 2288 3859; x_wconf 80' lang='lat' dir='ltr'><strong><em>Exaltationes</em></strong></span> <span class='ocrx_word' id='word_1_432' title='bbox 2327 3802 2425 3858; x_wconf 92' lang='lat' dir='ltr'><strong><em>Dei</em></strong></span> <span class='ocrx_word' id='word_1_433' title='bbox 2473 3805 2526 3856; x_wconf 85' lang='lat' dir='ltr'><strong><em>in</em></strong></span> <span class='ocrx_word' id='word_1_434' title='bbox 2559 3802 2813 3857; x_wconf 84' lang='lat' dir='ltr'><strong><em>faucibus</em></strong></span> <span class='ocrx_word' id='word_1_435' title='bbox 2865 3817 3106 3858; x_wconf 84' lang='lat' dir='ltr'><strong><em>eorum:</em></strong></span> <span class='ocrx_word' id='word_1_436' title='bbox 3158 3810 3214 3856; x_wconf 87' lang='lat' dir='ltr'><strong><em>et</em></strong></span> <span class='ocrx_word' id='word_1_437' title='bbox 3256 3800 3422 3872; x_wconf 86' lang='lat' dir='ltr'><strong><em>gladii</em></strong></span> 
     </span>
    </p>
   </div>
   <div class='ocr_carea' id='block_1_79' title="bbox 1841 3895 2773 3973">
    <p class='ocr_par' dir='ltr' id='par_1_79' title="bbox 1841 3895 2773 3973">
     <span class='ocr_line' id='line_1_79' title="bbox 1841 3895 2773 3973; baseline -0.003 -23"><span class='ocrx_word' id='word_1_438' title='bbox 1841 3897 2111 3966; x_wconf 85' lang='lat' dir='ltr'><strong><em>ancipites</em></strong></span> <span class='ocrx_word' id='word_1_439' title='bbox 2152 3899 2204 3951; x_wconf 88' lang='lat' dir='ltr'><strong><em>itt</em></strong></span> <span class='ocrx_word' id='word_1_440' title='bbox 2246 3895 2500 3950; x_wconf 85' lang='lat' dir='ltr'><strong><em>inanibus</em></strong></span> <span class='ocrx_word' id='word_1_441' title='bbox 2532 3910 2773 3973; x_wconf 79' lang='lat' dir='ltr'><strong><em>eorum.-</em></strong></span> 
     </span>
    </p>
   </div>
   <div class='ocr_carea' id='block_1_80' title="bbox 1912 4010 3429 4079">
    <p class='ocr_par' dir='ltr' id='par_1_80' title="bbox 1912 4010 3429 4079">
     <span class='ocr_line' id='line_1_80' title="bbox 1912 4010 3429 4079; baseline -0.003 -13"><span class='ocrx_word' id='word_1_442' title='bbox 1912 4011 1995 4066; x_wconf 89' lang='lat' dir='ltr'><strong><em>Ad</em></strong></span> <span class='ocrx_word' id='word_1_443' title='bbox 2033 4011 2337 4068; x_wconf 85' lang='lat' dir='ltr'><strong><em>faciendam</em></strong></span> <span class='ocrx_word' id='word_1_444' title='bbox 2371 4013 2667 4068; x_wconf 68' lang='lat' dir='ltr'><strong><em>vindictam</em></strong></span> <span class='ocrx_word' id='word_1_445' title='bbox 2705 4014 2758 4067; x_wconf 92' lang='lat' dir='ltr'><strong><em>in</em></strong></span> <span class='ocrx_word' id='word_1_446' title='bbox 2793 4011 3137 4076; x_wconf 87' lang='lat' dir='ltr'><strong><em>nationibus,</em></strong></span> <span class='ocrx_word' id='word_1_447' title='bbox 3173 4010 3429 4079; x_wconf 80' lang='lat' dir='ltr'><strong><em>increpa~</em></strong></span> 
     </span>
    </p>
   </div>
   <div class='ocr_carea' id='block_1_81' title="bbox 1850 4105 2386 4177">
    <p class='ocr_par' dir='ltr' id='par_1_81' title="bbox 1850 4105 2386 4177">
     <span class='ocr_line' id='line_1_81' title="bbox 1850 4105 2386 4177; baseline 0.004 -17"><span class='ocrx_word' id='word_1_448' title='bbox 1850 4105 2031 4161; x_wconf 86' lang='lat' dir='ltr'><strong><em>tiones</em></strong></span> <span class='ocrx_word' id='word_1_449' title='bbox 2055 4107 2108 4160; x_wconf 88' lang='lat' dir='ltr'><strong><em>in</em></strong></span> <span class='ocrx_word' id='word_1_450' title='bbox 2145 4107 2386 4177; x_wconf 86' lang='lat' dir='ltr'><strong><em>populis.</em></strong></span> 
     </span>
    </p>
   </div>
   <div class='ocr_carea' id='block_1_82' title="bbox 1925 4217 3427 4290">
    <p class='ocr_par' dir='ltr' id='par_1_82' title="bbox 1925 4217 3427 4290">
     <span class='ocr_line' id='line_1_82' title="bbox 1925 4217 3427 4290; baseline -0.003 -15"><span class='ocrx_word' id='word_1_451' title='bbox 1925 4221 2004 4275; x_wconf 83' lang='lat' dir='ltr'><strong><em>Ad</em></strong></span> <span class='ocrx_word' id='word_1_452' title='bbox 2057 4221 2360 4290; x_wconf 78' lang='lat' dir='ltr'><strong><em>alligandos</em></strong></span> <span class='ocrx_word' id='word_1_453' title='bbox 2408 4236 2566 4289; x_wconf 85' lang='lat' dir='ltr'><strong><em>reges</em></strong></span> <span class='ocrx_word' id='word_1_454' title='bbox 2601 4235 2789 4274; x_wconf 88' lang='lat' dir='ltr'><strong><em>eorum</em></strong></span> <span class='ocrx_word' id='word_1_455' title='bbox 2833 4219 2888 4272; x_wconf 87' lang='lat' dir='ltr'><strong><em>in</em></strong></span> <span class='ocrx_word' id='word_1_456' title='bbox 2935 4217 3334 4287; x_wconf 84' lang='lat' dir='ltr'><strong><em>compedibus:</em></strong></span> <span class='ocrx_word' id='word_1_457' title='bbox 3371 4225 3427 4272; x_wconf 86' lang='lat' dir='ltr'><strong><em>et</em></strong></span> 
     </span>
    </p>
   </div>
   <div class='ocr_carea' id='block_1_83' title="bbox 1849 4311 2860 4368">
    <p class='ocr_par' dir='ltr' id='par_1_83' title="bbox 1849 4311 2860 4368">
     <span class='ocr_line' id='line_1_83' title="bbox 1849 4311 2860 4368; baseline -0.002 -1"><span class='ocrx_word' id='word_1_458' title='bbox 1849 4313 2065 4368; x_wconf 87' lang='lat' dir='ltr'><strong><em>nobiles</em></strong></span> <span class='ocrx_word' id='word_1_459' title='bbox 2091 4329 2283 4368; x_wconf 87' lang='lat' dir='ltr'><strong><em>eorum</em></strong></span> <span class='ocrx_word' id='word_1_460' title='bbox 2309 4315 2361 4366; x_wconf 90' lang='lat' dir='ltr'><strong><em>in</em></strong></span> <span class='ocrx_word' id='word_1_461' title='bbox 2387 4312 2618 4366; x_wconf 82' lang='lat' dir='ltr'><strong><em>vinculis</em></strong></span> <span class='ocrx_word' id='word_1_462' title='bbox 2643 4311 2860 4366; x_wconf 82' lang='lat' dir='ltr'><strong><em>ferreis.</em></strong></span> 
     </span>
    </p>
   </div>
   <div class='ocr_carea' id='block_1_84' title="bbox 191 4543 3424 4617">
    <p class='ocr_par' dir='ltr' id='par_1_84' title="bbox 191 4543 3424 4617">
     <span class='ocr_line' id='line_1_84' title="bbox 191 4543 3424 4617; baseline -0 -15"><span class='ocrx_word' id='word_1_463' title='bbox 191 4546 211 4579; x_wconf 75' lang='grc'>⁸</span> <span class='ocrx_word' id='word_1_464' title='bbox 243 4545 658 4617; x_wconf 69' lang='lat' dir='ltr'><strong><em>Expungenda</em></strong></span> <span class='ocrx_word' id='word_1_465' title='bbox 688 4555 772 4599; x_wconf 89' lang='lat' dir='ltr'><strong><em>est</em></strong></span> <span class='ocrx_word' id='word_1_466' title='bbox 817 4561 918 4599; x_wconf 79' lang='lat' dir='ltr'><strong><em>vox</em></strong></span> <span class='ocrx_word' id='word_1_467' title='bbox 960 4562 1161 4607; x_wconf 80' lang='lat' dir='ltr'><strong><em>omnes,</em></strong></span> <span class='ocrx_word' id='word_1_468' title='bbox 1215 4560 1378 4614; x_wconf 89' lang='lat' dir='ltr'><strong><em>quam</em></strong></span> <span class='ocrx_word' id='word_1_469' title='bbox 1411 4559 1590 4612; x_wconf 83' lang='lat' dir='ltr'><strong><em>neque</em></strong></span> <span class='ocrx_word' id='word_1_470' title='bbox 1618 4543 1743 4598; x_wconf 88' lang='lat' dir='ltr'><strong><em>libri</em></strong></span> <span class='ocrx_word' id='word_1_471' title='bbox 1776 4546 1826 4607; x_wconf 89' lang='lat' dir='ltr'><strong><em>D</em></strong></span> <span class='ocrx_word' id='word_1_472' title='bbox 1857 4547 2026 4601; x_wconf 88' lang='lat' dir='ltr'><strong><em>mina.</em></strong></span> <span class='ocrx_word' id='word_1_473' title='bbox 2059 4547 2117 4601; x_wconf 88' lang='lat' dir='ltr'><strong><em>lu</em></strong></span> <span class='ocrx_word' id='word_1_474' title='bbox 2146 4557 2326 4601; x_wconf 70' lang='lat' dir='ltr'><strong><em>textus</em></strong></span> <span class='ocrx_word' id='word_1_475' title='bbox 2359 4546 2536 4616; x_wconf 88' lang='lat' dir='ltr'><strong><em>primo</em></strong></span> <span class='ocrx_word' id='word_1_476' title='bbox 2567 4545 2750 4600; x_wconf 76' lang='lat' dir='ltr'><strong><em>statim</em></strong></span> <span class='ocrx_word' id='word_1_477' title='bbox 2781 4561 2965 4612; x_wconf 81' lang='lat' dir='ltr'><strong><em>versu,</em></strong></span> <span class='ocrx_word' id='word_1_478' title='bbox 2997 4545 3142 4607; x_wconf 88' lang='lat' dir='ltr'><strong><em>laus,</em></strong></span> <span class='ocrx_word' id='word_1_479' title='bbox 3172 4561 3274 4615; x_wconf 90' lang='lat' dir='ltr'><strong><em>pro</em></strong></span> <span class='ocrx_word' id='word_1_480' title='bbox 3303 4546 3424 4602; x_wconf 82' lang='lat' dir='ltr'><strong><em>lau-</em></strong></span> 
     </span>
    </p>
   </div>
   <div class='ocr_carea' id='block_1_85' title="bbox 128 4617 1740 4685">
    <p class='ocr_par' dir='ltr' id='par_1_85' title="bbox 128 4617 1740 4685">
     <span class='ocr_line' id='line_1_85' title="bbox 128 4617 1740 4685; baseline -0.003 -15"><span class='ocrx_word' id='word_1_481' title='bbox 128 4620 291 4672; x_wconf 82' lang='lat' dir='ltr'><strong><em>uostri</em></strong></span> <span class='ocrx_word' id='word_1_482' title='bbox 354 4632 508 4672; x_wconf 82' lang='lat' dir='ltr'><strong><em>mss.</em></strong></span> <span class='ocrx_word' id='word_1_483' title='bbox 580 4617 815 4676; x_wconf 79' lang='lat' dir='ltr'><strong><em>addunt,</em></strong></span> <span class='ocrx_word' id='word_1_484' title='bbox 879 4633 1055 4685; x_wconf 81' lang='lat' dir='ltr'><strong><em>neque</em></strong></span> <span class='ocrx_word' id='word_1_485' title='bbox 1110 4617 1370 4669; x_wconf 69' lang='lat' dir='ltr'><strong><em>Hebraeus</em></strong></span> <span class='ocrx_word' id='word_1_486' title='bbox 1430 4625 1632 4676; x_wconf 74' lang='lat' dir='ltr'><strong><em>textus,</em></strong></span> <span class='ocrx_word' id='word_1_487' title='bbox 1674 4617 1740 4666; x_wconf 80' lang='lat' dir='ltr'><strong><em>ad</em></strong></span> 
     </span>
    </p>
   </div>
   <div class='ocr_carea' id='block_1_86' title="bbox 129 4685 1744 4757">
    <p class='ocr_par' dir='ltr' id='par_1_86' title="bbox 129 4685 1744 4757">
     <span class='ocr_line' id='line_1_86' title="bbox 129 4685 1744 4757; baseline -0.002 -17"><span class='ocrx_word' id='word_1_488' title='bbox 129 4692 276 4757; x_wconf 80' lang='lat' dir='ltr'><strong><em>Cujus</em></strong></span> <span class='ocrx_word' id='word_1_489' title='bbox 304 4689 485 4742; x_wconf 77' lang='lat' dir='ltr'><strong><em>fidem</em></strong></span> <span class='ocrx_word' id='word_1_490' title='bbox 522 4687 728 4741; x_wconf 80' lang='lat' dir='ltr'><strong><em>saltem</em></strong></span> <span class='ocrx_word' id='word_1_491' title='bbox 755 4695 872 4757; x_wconf 86' lang='lat' dir='ltr'><strong><em>erat</em></strong></span> <span class='ocrx_word' id='word_1_492' title='bbox 898 4689 1057 4740; x_wconf 80' lang='lat' dir='ltr'><strong><em>nhelo</em></strong></span> <span class='ocrx_word' id='word_1_493' title='bbox 1079 4686 1399 4755; x_wconf 85' lang='lat' dir='ltr'><strong><em>jugulanda.</em></strong></span> <span class='ocrx_word' id='word_1_494' title='bbox 1435 4685 1744 4757; x_wconf 11' lang='lat' dir='ltr'><strong><em>Sed‘neqne</em></strong></span> 
     </span>
    </p>
   </div>
   <div class='ocr_carea' id='block_1_87' title="bbox 131 4755 1746 4824">
    <p class='ocr_par' dir='ltr' id='par_1_87' title="bbox 131 4755 1746 4824">
     <span class='ocr_line' id='line_1_87' title="bbox 131 4755 1746 4824; baseline -0.001 -14"><span class='ocrx_word' id='word_1_495' title='bbox 131 4755 198 4811; x_wconf 12' lang='lat' dir='ltr'><strong><em>ini</em></strong></span> <span class='ocrx_word' id='word_1_496' title='bbox 223 4759 431 4813; x_wconf 63' lang='lat' dir='ltr'><strong><em>Gnaeo</em></strong></span> <span class='ocrx_word' id='word_1_497' title='bbox 471 4767 602 4820; x_wconf 80' lang='lat' dir='ltr'><strong><em>est,</em></strong></span> <span class='ocrx_word' id='word_1_498' title='bbox 643 4767 738 4809; x_wconf 90' lang='lat' dir='ltr'><strong><em>aut</em></strong></span> <span class='ocrx_word' id='word_1_499' title='bbox 772 4756 982 4811; x_wconf 83' lang='lat' dir='ltr'><strong><em>Latinis</em></strong></span> <span class='ocrx_word' id='word_1_500' title='bbox 1016 4758 1146 4824; x_wconf 86' lang='lat' dir='ltr'><strong><em>ipsis</em></strong></span> <span class='ocrx_word' id='word_1_501' title='bbox 1179 4755 1654 4809; x_wconf 79' lang='lat' dir='ltr'><strong><em>etnentlatioribus</em></strong></span> <span class='ocrx_word' id='word_1_502' title='bbox 1682 4769 1746 4808; x_wconf 87' lang='lat' dir='ltr'><strong><em>ac</em></strong></span> 
     </span>
    </p>
   </div>
   <div class='ocr_carea' id='block_1_88' title="bbox 130 4825 1421 4895">
    <p class='ocr_par' dir='ltr' id='par_1_88' title="bbox 130 4825 1421 4895">
     <span class='ocr_line' id='line_1_88' title="bbox 130 4825 1421 4895; baseline -0.001 -15"><span class='ocrx_word' id='word_1_503' title='bbox 130 4831 557 4882; x_wconf 69' lang='lat' dir='ltr'><strong><em>tetustioribus</em></strong></span> <span class='ocrx_word' id='word_1_504' title='bbox 594 4826 751 4880; x_wconf 86' lang='lat' dir='ltr'><strong><em>libris</em></strong></span> <span class='ocrx_word' id='word_1_505' title='bbox 781 4842 793 4879; x_wconf 89' lang='lat'><strong>:</strong></span> <span class='ocrx_word' id='word_1_506' title='bbox 836 4842 897 4878; x_wconf 88' lang='lat' dir='ltr'><strong><em>ac</em></strong></span> <span class='ocrx_word' id='word_1_507' title='bbox 929 4827 1088 4895; x_wconf 86' lang='lat' dir='ltr'><strong><em>plane</em></strong></span> <span class='ocrx_word' id='word_1_508' title='bbox 1121 4825 1421 4893; x_wconf 86' lang='lat' dir='ltr'><strong><em>superﬂua.</em></strong></span> 
     </span>
    </p>
   </div>
   <div class='ocr_carea' id='block_1_89' title="bbox 195 4896 1455 4965">
    <p class='ocr_par' dir='ltr' id='par_1_89' title="bbox 195 4896 1455 4965">
     <span class='ocr_line' id='line_1_89' title="bbox 195 4896 1455 4965; baseline -0.005 -11"><span class='ocrx_word' id='word_1_509' title='bbox 195 4905 213 4930; x_wconf 82' lang='lat'><strong>’</strong></span> <span class='ocrx_word' id='word_1_510' title='bbox 255 4901 592 4965; x_wconf 78' lang='lat' dir='ltr'><strong><em>Perperam</em></strong></span> <span class='ocrx_word' id='word_1_511' title='bbox 631 4899 746 4951; x_wconf 84' lang='lat' dir='ltr'><strong><em>sine</em></strong></span> <span class='ocrx_word' id='word_1_512' title='bbox 790 4899 950 4948; x_wconf 71' lang='lat' dir='ltr'><strong><em>obvio</em></strong></span> <span class='ocrx_word' id='word_1_513' title='bbox 989 4897 1132 4948; x_wconf 81' lang='lat' dir='ltr'><strong><em>idem</em></strong></span> <span class='ocrx_word' id='word_1_514' title='bbox 1165 4912 1266 4948; x_wconf 91' lang='lat' dir='ltr'><strong><em>tns.</em></strong></span> <span class='ocrx_word' id='word_1_515' title='bbox 1303 4896 1455 4963; x_wconf 70' lang='lat' dir='ltr'><strong><em>legit.</em></strong></span> 
     </span>
    </p>
   </div>
   <div class='ocr_carea' id='block_1_90' title="bbox 190 4966 1748 5024">
    <p class='ocr_par' dir='ltr' id='par_1_90' title="bbox 190 4966 1748 5024">
     <span class='ocr_line' id='line_1_90' title="bbox 190 4966 1748 5024; baseline -0.006 0"><span class='ocrx_word' id='word_1_516' title='bbox 190 4973 208 5002; x_wconf 86' lang='grc'><em>³</em></span> <span class='ocrx_word' id='word_1_517' title='bbox 247 4974 304 5024; x_wconf 87' lang='lat' dir='ltr'><strong><em>In</em></strong></span> <span class='ocrx_word' id='word_1_518' title='bbox 349 4970 648 5024; x_wconf 82' lang='lat' dir='ltr'><strong><em>Palatino</em></strong></span> <span class='ocrx_word' id='word_1_519' title='bbox 681 4983 782 5019; x_wconf 86' lang='lat' dir='ltr'><strong><em>Ins.</em></strong></span> <span class='ocrx_word' id='word_1_520' title='bbox 816 4968 1012 5020; x_wconf 79' lang='lat' dir='ltr'><strong><em>Statuit</em></strong></span> <span class='ocrx_word' id='word_1_521' title='bbox 1043 4984 1103 5017; x_wconf 87' lang='lat' dir='ltr'><strong><em>ea</em></strong></span> <span class='ocrx_word' id='word_1_522' title='bbox 1154 4967 1206 5018; x_wconf 87' lang='lat' dir='ltr'><strong><em>in</em></strong></span> <span class='ocrx_word' id='word_1_523' title='bbox 1249 4966 1497 5019; x_wconf 81' lang='lat' dir='ltr'><strong><em>swculnm</em></strong></span> <span class='ocrx_word' id='word_1_524' title='bbox 1529 4980 1590 5021; x_wconf 62' lang='grc' dir='ltr'><strong><em>σί-</em></strong></span> <span class='ocrx_word' id='word_1_525' title='bbox 1617 4978 1662 5020; x_wconf 81' lang='lat' dir='ltr'><strong><em>et</em></strong></span> <span class='ocrx_word' id='word_1_526' title='bbox 1692 4969 1748 5022; x_wconf 76' lang='lat' dir='ltr'><strong><em>in</em></strong></span> 
     </span>
    </p>
   </div>
   <div class='ocr_carea' id='block_1_91' title="bbox 125 5036 1746 5108">
    <p class='ocr_par' dir='ltr' id='par_1_91' title="bbox 125 5036 1746 5108">
     <span class='ocr_line' id='line_1_91' title="bbox 125 5036 1746 5108; baseline -0.002 -14"><span class='ocrx_word' id='word_1_527' title='bbox 125 5043 381 5094; x_wconf 67' lang='lat' dir='ltr'><strong><em>srrculum</em></strong></span> <span class='ocrx_word' id='word_1_528' title='bbox 454 5042 480 5108; x_wconf 75' lang='grc' dir='ltr'>ζ</span> <span class='ocrx_word' id='word_1_529' title='bbox 548 5037 739 5091; x_wconf 75' lang='lat' dir='ltr'><strong><em>saeculi</em></strong></span> <span class='ocrx_word' id='word_1_530' title='bbox 797 5051 1140 5106; x_wconf 56' lang='lat' dir='ltr'><strong><em>praiceptnm,</em></strong></span> <span class='ocrx_word' id='word_1_531' title='bbox 1195 5048 1303 5089; x_wconf 83' lang='lat' dir='ltr'><strong><em>etc.</em></strong></span> <span class='ocrx_word' id='word_1_532' title='bbox 1357 5036 1523 5090; x_wconf 74' lang='lat' dir='ltr'><strong><em>Recte</em></strong></span> <span class='ocrx_word' id='word_1_533' title='bbox 1561 5050 1746 5093; x_wconf 87' lang='lat' dir='ltr'><strong><em>autem</em></strong></span> 
     </span>
    </p>
   </div>
   <div class='ocr_carea' id='block_1_92' title="bbox 129 5110 858 5179">
    <p class='ocr_par' dir='ltr' id='par_1_92' title="bbox 129 5110 858 5179">
     <span class='ocr_line' id='line_1_92' title="bbox 129 5110 858 5179; baseline -0.012 -13"><span class='ocrx_word' id='word_1_534' title='bbox 129 5114 289 5166; x_wconf 63' lang='lat' dir='ltr'><strong><em>habet</em></strong></span> <span class='ocrx_word' id='word_1_535' title='bbox 322 5114 638 5179; x_wconf 74' lang='lat' dir='ltr'><strong><em>impressa</em></strong></span> <span class='ocrx_word' id='word_1_536' title='bbox 675 5110 858 5160; x_wconf 73' lang='lat' dir='ltr'><strong><em>lectio.</em></strong></span> 
     </span>
    </p>
   </div>
   <div class='ocr_carea' id='block_1_93' title="bbox 188 5176 1256 5236">
    <p class='ocr_par' dir='ltr' id='par_1_93' title="bbox 188 5176 1256 5236">
     <span class='ocr_line' id='line_1_93' title="bbox 188 5176 1256 5236; baseline -0.002 -2"><span class='ocrx_word' id='word_1_537' title='bbox 188 5185 206 5212; x_wconf 74' lang='grc'><strong><em>⁵</em></strong></span> <span class='ocrx_word' id='word_1_538' title='bbox 247 5176 426 5236; x_wconf 55' lang='lat' dir='ltr'><strong><em>Deest</em></strong></span> <span class='ocrx_word' id='word_1_539' title='bbox 460 5181 525 5234; x_wconf 82' lang='lat' dir='ltr'><strong><em>in</em></strong></span> <span class='ocrx_word' id='word_1_540' title='bbox 570 5179 824 5231; x_wconf 83' lang='lat' dir='ltr'><strong><em>Palatino</em></strong></span> <span class='ocrx_word' id='word_1_541' title='bbox 863 5193 965 5230; x_wconf 86' lang='lat' dir='ltr'><strong><em>ms.</em></strong></span> <span class='ocrx_word' id='word_1_542' title='bbox 1001 5176 1256 5232; x_wconf 76' lang='lat' dir='ltr'><strong><em>Alleluia.</em></strong></span> 
     </span>
    </p>
   </div>
   <div class='ocr_carea' id='block_1_94' title="bbox 192 5247 1742 5318">
    <p class='ocr_par' dir='ltr' id='par_1_94' title="bbox 192 5247 1742 5318">
     <span class='ocr_line' id='line_1_94' title="bbox 192 5247 1742 5318; baseline -0.003 -12"><span class='ocrx_word' id='word_1_543' title='bbox 192 5255 213 5283; x_wconf 87' lang='lat'><strong>&#39;</strong></span> <span class='ocrx_word' id='word_1_544' title='bbox 254 5254 395 5306; x_wconf 73' lang='lat' dir='ltr'><strong><em>Post</em></strong></span> <span class='ocrx_word' id='word_1_545' title='bbox 431 5255 836 5318; x_wconf 67' lang='lat' dir='ltr'><strong><em>Augumnum</em></strong></span> <span class='ocrx_word' id='word_1_546' title='bbox 903 5247 1235 5301; x_wconf 73' lang='lat' dir='ltr'><strong><em>Veronensis</em></strong></span> <span class='ocrx_word' id='word_1_547' title='bbox 1287 5248 1465 5308; x_wconf 86' lang='lat' dir='ltr'><strong><em>liber,</em></strong></span> <span class='ocrx_word' id='word_1_548' title='bbox 1522 5249 1742 5318; x_wconf 83' lang='lat' dir='ltr'><strong><em>spiritus</em></strong></span> 
     </span>
    </p>
   </div>
   <div class='ocr_carea' id='block_1_95' title="bbox 120 5317 1748 5393">
    <p class='ocr_par' dir='ltr' id='par_1_95' title="bbox 120 5317 1748 5393">
     <span class='ocr_line' id='line_1_95' title="bbox 120 5317 1748 5393; baseline -0.004 -15"><span class='ocrx_word' id='word_1_549' title='bbox 120 5325 464 5393; x_wconf 81' lang='lat' dir='ltr'><strong><em>tempestatis</em></strong></span> <span class='ocrx_word' id='word_1_550' title='bbox 486 5337 510 5376; x_wconf 90' lang='lat'><strong><em>:</em></strong></span> <span class='ocrx_word' id='word_1_551' title='bbox 530 5317 598 5373; x_wconf 73' lang='grc' dir='ltr'><strong><em>ἐι</em></strong></span> <span class='ocrx_word' id='word_1_552' title='bbox 629 5333 774 5381; x_wconf 78' lang='lat' dir='ltr'><strong><em>mox,</em></strong></span> <span class='ocrx_word' id='word_1_553' title='bbox 799 5317 988 5393; x_wconf 50' lang='lat' dir='ltr'><strong><em>(justice</em></strong></span> <span class='ocrx_word' id='word_1_554' title='bbox 1002 5320 1243 5393; x_wconf 82' lang='lat' dir='ltr'><strong><em>etomnia</em></strong></span> <span class='ocrx_word' id='word_1_555' title='bbox 1274 5335 1484 5385; x_wconf 75' lang='lat' dir='ltr'><strong><em>perora,</em></strong></span> <span class='ocrx_word' id='word_1_556' title='bbox 1515 5317 1748 5386; x_wconf 81' lang='lat' dir='ltr'><strong><em>repttlia,</em></strong></span> 
     </span>
    </p>
   </div>
   <div class='ocr_carea' id='block_1_96' title="bbox 117 5387 1745 5460">
    <p class='ocr_par' dir='ltr' id='par_1_96' title="bbox 117 5387 1745 5460">
     <span class='ocr_line' id='line_1_96' title="bbox 117 5387 1745 5460; baseline -0.003 -12"><span class='ocrx_word' id='word_1_557' title='bbox 117 5408 162 5448; x_wconf 86' lang='lat' dir='ltr'><strong><em>et</em></strong></span> <span class='ocrx_word' id='word_1_558' title='bbox 199 5387 461 5448; x_wconf 30' lang='lat' dir='ltr'><strong><em>t-‘olatilia</em></strong></span> <span class='ocrx_word' id='word_1_559' title='bbox 494 5399 774 5460; x_wconf 67' lang='lat' dir='ltr'><strong><em>pennata.</em></strong></span> <span class='ocrx_word' id='word_1_560' title='bbox 812 5387 1118 5460; x_wconf 77' lang='lat' dir='ltr'><strong><em>Ttttninl&#39;ra</em></strong></span> <span class='ocrx_word' id='word_1_561' title='bbox 1149 5393 1375 5442; x_wconf 85' lang='lat' dir='ltr'><strong><em>seniores</em></strong></span> <span class='ocrx_word' id='word_1_562' title='bbox 1414 5407 1512 5457; x_wconf 83' lang='lat' dir='ltr'><strong><em>pro</em></strong></span> <span class='ocrx_word' id='word_1_563' title='bbox 1547 5406 1694 5441; x_wconf 81' lang='lat' dir='ltr'><strong><em>senes</em></strong></span> <span class='ocrx_word' id='word_1_564' title='bbox 1727 5405 1745 5443; x_wconf 70' lang='grc' dir='ltr'><strong><em>ε</em></strong></span> 
     </span>
    </p>
   </div>
   <div class='ocr_carea' id='block_1_97' title="bbox 115 5456 1747 5534">
    <p class='ocr_par' dir='ltr' id='par_1_97' title="bbox 115 5456 1747 5534">
     <span class='ocr_line' id='line_1_97' title="bbox 115 5456 1747 5534; baseline -0.004 -15"><span class='ocrx_word' id='word_1_565' title='bbox 115 5478 276 5534; x_wconf 75' lang='lat' dir='ltr'><strong><em>atque</em></strong></span> <span class='ocrx_word' id='word_1_566' title='bbox 310 5456 573 5522; x_wconf 75' lang='lat' dir='ltr'><strong><em>exinde,</em></strong></span> <span class='ocrx_word' id='word_1_567' title='bbox 616 5456 1122 5534; x_wconf 54' lang='lat' dir='ltr'><strong><em>Coiifessioejnsin</em></strong></span> <span class='ocrx_word' id='word_1_568' title='bbox 1174 5474 1317 5512; x_wconf 89' lang='lat' dir='ltr'><strong><em>terra</em></strong></span> <span class='ocrx_word' id='word_1_569' title='bbox 1375 5456 1426 5512; x_wconf 80' lang='lat' dir='ltr'><strong><em>et</em></strong></span> <span class='ocrx_word' id='word_1_570' title='bbox 1472 5462 1526 5512; x_wconf 90' lang='lat' dir='ltr'><strong><em>in</em></strong></span> <span class='ocrx_word' id='word_1_571' title='bbox 1568 5460 1747 5534; x_wconf 63' lang='lat' dir='ltr'><strong><em>caelo:</em></strong></span> 
     </span>
    </p>
   </div>
   <div class='ocr_carea' id='block_1_98' title="bbox 117 5529 1750 5598">
    <p class='ocr_par' dir='ltr' id='par_1_98' title="bbox 117 5529 1750 5598">
     <span class='ocr_line' id='line_1_98' title="bbox 117 5529 1750 5598; baseline -0.006 -8"><span class='ocrx_word' id='word_1_572' title='bbox 117 5529 311 5590; x_wconf 37' lang='lat' dir='ltr'><strong><em>ult—imo</em></strong></span> <span class='ocrx_word' id='word_1_573' title='bbox 341 5537 610 5587; x_wconf 76' lang='lat' dir='ltr'><strong><em>demum</em></strong></span> <span class='ocrx_word' id='word_1_574' title='bbox 645 5537 810 5582; x_wconf 68' lang='lat' dir='ltr'><strong><em>verbo</em></strong></span> <span class='ocrx_word' id='word_1_575' title='bbox 840 5529 1068 5582; x_wconf 74' lang='lat' dir='ltr'><strong><em>Alleluia</em></strong></span> <span class='ocrx_word' id='word_1_576' title='bbox 1120 5534 1512 5598; x_wconf 62' lang='lat' dir='ltr'><strong><em>ptwtcrm&#39;tsso,</em></strong></span> <span class='ocrx_word' id='word_1_577' title='bbox 1547 5532 1612 5583; x_wconf 78' lang='lat' dir='ltr'><strong><em>tle</em></strong></span> <span class='ocrx_word' id='word_1_578' title='bbox 1642 5546 1750 5598; x_wconf 75' lang='lat' dir='ltr'><strong><em>quo</em></strong></span> 
     </span>
    </p>
   </div>
   <div class='ocr_carea' id='block_1_99' title="bbox 117 5607 613 5659">
    <p class='ocr_par' dir='ltr' id='par_1_99' title="bbox 117 5607 613 5659">
     <span class='ocr_line' id='line_1_99' title="bbox 117 5607 613 5659; baseline -0.018 1"><span class='ocrx_word' id='word_1_579' title='bbox 117 5611 274 5659; x_wconf 82' lang='lat' dir='ltr'><strong><em>modo</em></strong></span> <span class='ocrx_word' id='word_1_580' title='bbox 299 5607 613 5658; x_wconf 68' lang='lat' dir='ltr'><strong><em>dixit-ius.</em></strong></span> 
     </span>
    </p>
   </div>
   <div class='ocr_carea' id='block_1_100' title="bbox 183 5666 1752 5740">
    <p class='ocr_par' dir='ltr' id='par_1_100' title="bbox 183 5666 1752 5740">
     <span class='ocr_line' id='line_1_100' title="bbox 183 5666 1752 5740; baseline -0.003 -8"><span class='ocrx_word' id='word_1_581' title='bbox 183 5676 204 5707; x_wconf 81' lang='lat'><strong><em>‘</em></strong></span> <span class='ocrx_word' id='word_1_582' title='bbox 229 5677 419 5732; x_wconf 75' lang='lat' dir='ltr'><strong><em>Addit</em></strong></span> <span class='ocrx_word' id='word_1_583' title='bbox 453 5682 520 5728; x_wconf 79' lang='lat' dir='ltr'><strong><em>et</em></strong></span> <span class='ocrx_word' id='word_1_584' title='bbox 571 5666 883 5725; x_wconf 81' lang='lat' dir='ltr'><strong><em>Veronens.</em></strong></span> <span class='ocrx_word' id='word_1_585' title='bbox 923 5685 1025 5725; x_wconf 90' lang='lat' dir='ltr'><strong><em>ms.</em></strong></span> <span class='ocrx_word' id='word_1_586' title='bbox 1065 5670 1242 5740; x_wconf 67' lang='grc' dir='ltr'><strong><em>Λειθωὶ</em></strong></span> <span class='ocrx_word' id='word_1_587' title='bbox 1265 5679 1314 5724; x_wconf 86' lang='lat' dir='ltr'><strong><em>et</em></strong></span> <span class='ocrx_word' id='word_1_588' title='bbox 1345 5670 1625 5728; x_wconf 71' lang='lat' dir='ltr'><strong><em>Zacharias</em></strong></span> <span class='ocrx_word' id='word_1_589' title='bbox 1659 5687 1752 5727; x_wconf 86' lang='lat' dir='ltr'><strong><em>no-</em></strong></span> 
     </span>
    </p>
   </div>
   <div class='ocr_carea' id='block_1_101' title="bbox 1852 4617 3422 4687">
    <p class='ocr_par' dir='ltr' id='par_1_101' title="bbox 1852 4617 3422 4687">
     <span class='ocr_line' id='line_1_101' title="bbox 1852 4617 3422 4687; baseline 0.001 -17"><span class='ocrx_word' id='word_1_590' title='bbox 1852 4619 1997 4671; x_wconf 88' lang='lat' dir='ltr'><strong><em>datio</em></strong></span> <span class='ocrx_word' id='word_1_591' title='bbox 2030 4637 2048 4676; x_wconf 91' lang='lat'><strong><em>:</em></strong></span> <span class='ocrx_word' id='word_1_592' title='bbox 2084 4630 2217 4677; x_wconf 88' lang='lat' dir='ltr'><strong><em>tum.</em></strong></span> <span class='ocrx_word' id='word_1_593' title='bbox 2246 4621 2332 4687; x_wconf 88' lang='lat' dir='ltr'><strong><em>qui</em></strong></span> <span class='ocrx_word' id='word_1_594' title='bbox 2367 4618 2481 4680; x_wconf 69' lang='lat' dir='ltr'><strong><em>fecit</em></strong></span> <span class='ocrx_word' id='word_1_595' title='bbox 2510 4633 2648 4675; x_wconf 79' lang='lat' dir='ltr'><strong><em>euut.</em></strong></span> <span class='ocrx_word' id='word_1_596' title='bbox 2682 4626 2733 4668; x_wconf 84' lang='lat' dir='ltr'><strong><em>et</em></strong></span> <span class='ocrx_word' id='word_1_597' title='bbox 2763 4617 3023 4670; x_wconf 77' lang='lat' dir='ltr'><strong><em>exsultent</em></strong></span> <span class='ocrx_word' id='word_1_598' title='bbox 3049 4617 3104 4668; x_wconf 88' lang='lat' dir='ltr'><strong><em>in</em></strong></span> <span class='ocrx_word' id='word_1_599' title='bbox 3137 4633 3256 4686; x_wconf 86' lang='lat' dir='ltr'><strong><em>rege</em></strong></span> <span class='ocrx_word' id='word_1_600' title='bbox 3287 4635 3383 4672; x_wconf 90' lang='lat' dir='ltr'><strong><em>suo</em></strong></span> <span class='ocrx_word' id='word_1_601' title='bbox 3409 4663 3422 4676; x_wconf 89' lang='lat'><strong><em>.</em></strong></span> 
     </span>
    </p>
   </div>
   <div class='ocr_carea' id='block_1_102' title="bbox 1851 4687 3425 4758">
    <p class='ocr_par' dir='ltr' id='par_1_102' title="bbox 1851 4687 3425 4758">
     <span class='ocr_line' id='line_1_102' title="bbox 1851 4687 3425 4758; baseline 0.002 -18"><span class='ocrx_word' id='word_1_602' title='bbox 1851 4691 2107 4758; x_wconf 84' lang='lat' dir='ltr'><strong><em>denique,</em></strong></span> <span class='ocrx_word' id='word_1_603' title='bbox 2153 4688 2206 4742; x_wconf 91' lang='lat' dir='ltr'><strong><em>in</em></strong></span> <span class='ocrx_word' id='word_1_604' title='bbox 2236 4691 2409 4751; x_wconf 84' lang='lat' dir='ltr'><strong><em>choro,</em></strong></span> <span class='ocrx_word' id='word_1_605' title='bbox 2445 4691 2498 4740; x_wconf 85' lang='lat' dir='ltr'><strong><em>in</em></strong></span> <span class='ocrx_word' id='word_1_606' title='bbox 2524 4697 2798 4757; x_wconf 85' lang='lat' dir='ltr'><strong><em>tympano,</em></strong></span> <span class='ocrx_word' id='word_1_607' title='bbox 2837 4697 2884 4740; x_wconf 92' lang='lat' dir='ltr'><strong><em>et</em></strong></span> <span class='ocrx_word' id='word_1_608' title='bbox 2911 4689 2966 4740; x_wconf 90' lang='lat' dir='ltr'><strong><em>in</em></strong></span> <span class='ocrx_word' id='word_1_609' title='bbox 2995 4687 3267 4754; x_wconf 86' lang='lat' dir='ltr'><strong><em>psalterio,</em></strong></span> <span class='ocrx_word' id='word_1_610' title='bbox 3299 4705 3425 4750; x_wconf 81' lang='lat' dir='ltr'><strong><em>cum</em></strong></span> 
     </span>
    </p>
   </div>
   <div class='ocr_carea' id='block_1_103' title="bbox 1849 4758 2543 4827">
    <p class='ocr_par' dir='ltr' id='par_1_103' title="bbox 1849 4758 2543 4827">
     <span class='ocr_line' id='line_1_103' title="bbox 1849 4758 2543 4827; baseline 0.001 -18"><span class='ocrx_word' id='word_1_611' title='bbox 1849 4758 2157 4827; x_wconf 80' lang='lat' dir='ltr'><strong><em>Augustino</em></strong></span> <span class='ocrx_word' id='word_1_612' title='bbox 2187 4760 2543 4813; x_wconf 84' lang='lat' dir='ltr'><strong><em>adamussim.</em></strong></span> 
     </span>
    </p>
   </div>
   <div class='ocr_carea' id='block_1_104' title="bbox 1928 4826 3427 4896">
    <p class='ocr_par' dir='ltr' id='par_1_104' title="bbox 1928 4826 3427 4896">
     <span class='ocr_line' id='line_1_104' title="bbox 1928 4826 3427 4896; baseline 0 -12"><span class='ocrx_word' id='word_1_613' title='bbox 1928 4826 1960 4859; x_wconf 25' lang='grc' dir='ltr'><strong><em>⁷ί</em></strong></span> <span class='ocrx_word' id='word_1_614' title='bbox 1984 4830 2100 4884; x_wconf 88' lang='lat' dir='ltr'><strong><em>Uno</em></strong></span> <span class='ocrx_word' id='word_1_615' title='bbox 2125 4833 2212 4884; x_wconf 84' lang='lat' dir='ltr'><strong><em>hic</em></strong></span> <span class='ocrx_word' id='word_1_616' title='bbox 2242 4834 2406 4883; x_wconf 81' lang='lat' dir='ltr'><strong><em>verbo</em></strong></span> <span class='ocrx_word' id='word_1_617' title='bbox 2429 4830 2590 4882; x_wconf 84' lang='lat' dir='ltr'><strong><em>aliter</em></strong></span> <span class='ocrx_word' id='word_1_618' title='bbox 2612 4840 2775 4896; x_wconf 70' lang='lat' dir='ltr'><strong><em>atque</em></strong></span> <span class='ocrx_word' id='word_1_619' title='bbox 2802 4826 2944 4896; x_wconf 89' lang='lat' dir='ltr'><strong><em>apud</em></strong></span> <span class='ocrx_word' id='word_1_620' title='bbox 2973 4827 3342 4896; x_wconf 81' lang='lat' dir='ltr'><strong><em>Augustinum</em></strong></span> <span class='ocrx_word' id='word_1_621' title='bbox 3374 4835 3427 4886; x_wconf 91' lang='lat' dir='ltr'><strong><em>in</em></strong></span> 
     </span>
    </p>
   </div>
   <div class='ocr_carea' id='block_1_105' title="bbox 1854 4897 3430 4962">
    <p class='ocr_par' dir='ltr' id='par_1_105' title="bbox 1854 4897 3430 4962">
     <span class='ocr_line' id='line_1_105' title="bbox 1854 4897 3430 4962; baseline 0.002 -9"><span class='ocrx_word' id='word_1_622' title='bbox 1854 4899 2155 4953; x_wconf 82' lang='lat' dir='ltr'><strong><em>Vcronensi</em></strong></span> <span class='ocrx_word' id='word_1_623' title='bbox 2184 4910 2265 4953; x_wconf 85' lang='lat' dir='ltr'><strong><em>est</em></strong></span> <span class='ocrx_word' id='word_1_624' title='bbox 2298 4897 2710 4962; x_wconf 75' lang='lat' dir='ltr'><strong><em>tns..Quonium</em></strong></span> <span class='ocrx_word' id='word_1_625' title='bbox 2759 4899 2886 4950; x_wconf 85' lang='lat' dir='ltr'><strong><em>bene</em></strong></span> <span class='ocrx_word' id='word_1_626' title='bbox 2929 4899 3094 4950; x_wconf 86' lang='lat' dir='ltr'><strong><em>sensit</em></strong></span> <span class='ocrx_word' id='word_1_627' title='bbox 3125 4899 3380 4955; x_wconf 88' lang='lat' dir='ltr'><strong><em>Dominus</em></strong></span> <span class='ocrx_word' id='word_1_628' title='bbox 3412 4918 3430 4955; x_wconf 89' lang='lat'><em>:</em></span> 
     </span>
    </p>
   </div>
   <div class='ocr_carea' id='block_1_106' title="bbox 1858 4969 3431 5038">
    <p class='ocr_par' dir='ltr' id='par_1_106' title="bbox 1858 4969 3431 5038">
     <span class='ocr_line' id='line_1_106' title="bbox 1858 4969 3431 5038; baseline 0.003 -16"><span class='ocrx_word' id='word_1_629' title='bbox 1858 4985 2057 5036; x_wconf 85' lang='lat' dir='ltr'><strong><em>nempe</em></strong></span> <span class='ocrx_word' id='word_1_630' title='bbox 2079 4972 2417 5038; x_wconf 77' lang='lat' dir='ltr'><strong><em>Augustinus</em></strong></span> <span class='ocrx_word' id='word_1_631' title='bbox 2438 4982 2588 5022; x_wconf 85' lang='lat' dir='ltr'><strong><em>certo</em></strong></span> <span class='ocrx_word' id='word_1_632' title='bbox 2621 4969 2826 5021; x_wconf 79' lang='lat' dir='ltr'><strong><em>certius</em></strong></span> <span class='ocrx_word' id='word_1_633' title='bbox 2845 4969 2973 5037; x_wconf 86' lang='lat' dir='ltr'><strong><em>legit</em></strong></span> <span class='ocrx_word' id='word_1_634' title='bbox 2997 4970 3269 5037; x_wconf 85' lang='lat' dir='ltr'><strong><em>benefecit,</em></strong></span> <span class='ocrx_word' id='word_1_635' title='bbox 3289 4977 3431 5038; x_wconf 83' lang='lat' dir='ltr'><strong><em>quod</em></strong></span> 
     </span>
    </p>
   </div>
   <div class='ocr_carea' id='block_1_107' title="bbox 1859 5039 3432 5109">
    <p class='ocr_par' dir='ltr' id='par_1_107' title="bbox 1859 5039 3432 5109">
     <span class='ocr_line' id='line_1_107' title="bbox 1859 5039 3432 5109; baseline 0.002 -18"><span class='ocrx_word' id='word_1_636' title='bbox 1859 5040 2029 5108; x_wconf 86' lang='lat' dir='ltr'><strong><em>liquet</em></strong></span> <span class='ocrx_word' id='word_1_637' title='bbox 2055 5056 2118 5092; x_wconf 79' lang='lat' dir='ltr'><strong><em>ex</em></strong></span> <span class='ocrx_word' id='word_1_638' title='bbox 2154 5044 2272 5108; x_wconf 84' lang='lat' dir='ltr'><strong><em>ejus</em></strong></span> <span class='ocrx_word' id='word_1_639' title='bbox 2301 5040 2678 5092; x_wconf 79' lang='lat' dir='ltr'><strong><em>Enat&#39;rationc.</em></strong></span> <span class='ocrx_word' id='word_1_640' title='bbox 2709 5039 2822 5092; x_wconf 82' lang='lat' dir='ltr'><strong><em>Sibi</em></strong></span> <span class='ocrx_word' id='word_1_641' title='bbox 2854 5053 2983 5091; x_wconf 65' lang='lat' dir='ltr'><strong><em>Vero</em></strong></span> <span class='ocrx_word' id='word_1_642' title='bbox 3012 5055 3185 5109; x_wconf 81' lang='lat' dir='ltr'><strong><em>magis</em></strong></span> <span class='ocrx_word' id='word_1_643' title='bbox 3218 5051 3432 5094; x_wconf 86' lang='lat' dir='ltr'><strong><em>constat</em></strong></span> 
     </span>
    </p>
   </div>
   <div class='ocr_carea' id='block_1_108' title="bbox 1858 5109 3433 5178">
    <p class='ocr_par' dir='ltr' id='par_1_108' title="bbox 1858 5109 3433 5178">
     <span class='ocr_line' id='line_1_108' title="bbox 1858 5109 3433 5178; baseline -0.001 -12"><span class='ocrx_word' id='word_1_644' title='bbox 1858 5109 2189 5166; x_wconf 77' lang='lat' dir='ltr'><strong><em>Veronensis</em></strong></span> <span class='ocrx_word' id='word_1_645' title='bbox 2211 5109 2472 5176; x_wconf 81' lang='lat' dir='ltr'><strong><em>liber,qui</em></strong></span> <span class='ocrx_word' id='word_1_646' title='bbox 2495 5125 2593 5176; x_wconf 88' lang='lat' dir='ltr'><strong><em>per</em></strong></span> <span class='ocrx_word' id='word_1_647' title='bbox 2613 5112 2998 5162; x_wconf 77' lang='lat' dir='ltr'><strong><em>benesentientli</em></strong></span> <span class='ocrx_word' id='word_1_648' title='bbox 3019 5115 3270 5174; x_wconf 80' lang='lat' dir='ltr'><strong><em>Verbum,</em></strong></span> <span class='ocrx_word' id='word_1_649' title='bbox 3291 5113 3433 5178; x_wconf 90' lang='lat' dir='ltr'><strong><em>quod</em></strong></span> 
     </span>
    </p>
   </div>
   <div class='ocr_carea' id='block_1_109' title="bbox 1858 5179 3432 5250">
    <p class='ocr_par' dir='ltr' id='par_1_109' title="bbox 1858 5179 3432 5250">
     <span class='ocr_line' id='line_1_109' title="bbox 1858 5179 3432 5250; baseline -0.001 -17"><span class='ocrx_word' id='word_1_650' title='bbox 1858 5182 1947 5233; x_wconf 83' lang='lat' dir='ltr'><strong><em>hic</em></strong></span> <span class='ocrx_word' id='word_1_651' title='bbox 1975 5194 2137 5250; x_wconf 84' lang='lat' dir='ltr'><strong><em>atque</em></strong></span> <span class='ocrx_word' id='word_1_652' title='bbox 2166 5182 2289 5232; x_wconf 81' lang='lat' dir='ltr'><strong><em>alibi</em></strong></span> <span class='ocrx_word' id='word_1_653' title='bbox 2323 5195 2580 5248; x_wconf 78' lang='lat' dir='ltr'><strong><em>superius</em></strong></span> <span class='ocrx_word' id='word_1_654' title='bbox 2621 5181 2745 5233; x_wconf 87' lang='lat' dir='ltr'><strong><em>bene</em></strong></span> <span class='ocrx_word' id='word_1_655' title='bbox 2765 5179 3020 5247; x_wconf 83' lang='lat' dir='ltr'><strong><em>placitum</em></strong></span> <span class='ocrx_word' id='word_1_656' title='bbox 3070 5197 3178 5234; x_wconf 85' lang='lat' dir='ltr'><strong><em>esse</em></strong></span> <span class='ocrx_word' id='word_1_657' title='bbox 3207 5182 3432 5242; x_wconf 86' lang='lat' dir='ltr'><strong><em>dicitur,</em></strong></span> 
     </span>
    </p>
   </div>
   <div class='ocr_carea' id='block_1_110' title="bbox 1854 5250 3432 5318">
    <p class='ocr_par' dir='ltr' id='par_1_110' title="bbox 1854 5250 3432 5318">
     <span class='ocr_line' id='line_1_110' title="bbox 1854 5250 3432 5318; baseline -0.001 -16"><span class='ocrx_word' id='word_1_658' title='bbox 1854 5261 2121 5317; x_wconf 82' lang='lat' dir='ltr'><strong><em>quantum</em></strong></span> <span class='ocrx_word' id='word_1_659' title='bbox 2147 5250 2394 5313; x_wconf 87' lang='lat' dir='ltr'><strong><em>memini,</em></strong></span> <span class='ocrx_word' id='word_1_660' title='bbox 2413 5251 2760 5304; x_wconf 80' lang='lat' dir='ltr'><strong><em>continenter</em></strong></span> <span class='ocrx_word' id='word_1_661' title='bbox 2780 5260 3071 5318; x_wconf 64' lang='lat' dir='ltr'><strong><em>expres-stt.</em></strong></span> <span class='ocrx_word' id='word_1_662' title='bbox 3091 5253 3295 5305; x_wconf 68' lang='lat' dir='ltr'><strong><em>Caetera</em></strong></span> <span class='ocrx_word' id='word_1_663' title='bbox 3322 5254 3432 5316; x_wconf 84' lang='lat' dir='ltr'><strong><em>pari</em></strong></span> 
     </span>
    </p>
   </div>
   <div class='ocr_carea' id='block_1_111' title="bbox 1856 5321 3436 5390">
    <p class='ocr_par' dir='ltr' id='par_1_111' title="bbox 1856 5321 3436 5390">
     <span class='ocr_line' id='line_1_111' title="bbox 1856 5321 3436 5390; baseline -0.001 -17"><span class='ocrx_word' id='word_1_664' title='bbox 1856 5335 1976 5373; x_wconf 79' lang='lat' dir='ltr'><strong><em>cum</em></strong></span> <span class='ocrx_word' id='word_1_665' title='bbox 2013 5323 2316 5390; x_wconf 75' lang='lat' dir='ltr'><strong><em>Augustino</em></strong></span> <span class='ocrx_word' id='word_1_666' title='bbox 2345 5335 2646 5383; x_wconf 84' lang='lat' dir='ltr'><strong><em>consensu,</em></strong></span> <span class='ocrx_word' id='word_1_667' title='bbox 2678 5321 2746 5374; x_wconf 85' lang='lat' dir='ltr'><strong><em>Et</em></strong></span> <span class='ocrx_word' id='word_1_668' title='bbox 2770 5321 3024 5373; x_wconf 75' lang='lat' dir='ltr'><strong><em>exaltabit</em></strong></span> <span class='ocrx_word' id='word_1_669' title='bbox 3062 5328 3358 5390; x_wconf 82' lang='lat' dir='ltr'><strong><em>mansuetos</em></strong></span> <span class='ocrx_word' id='word_1_670' title='bbox 3382 5321 3436 5372; x_wconf 83' lang='lat' dir='ltr'><strong><em>in</em></strong></span> 
     </span>
    </p>
   </div>
   <div class='ocr_carea' id='block_1_112' title="bbox 1856 5389 3436 5458">
    <p class='ocr_par' dir='ltr' id='par_1_112' title="bbox 1856 5389 3436 5458">
     <span class='ocr_line' id='line_1_112' title="bbox 1856 5389 3436 5458; baseline -0.001 -16"><span class='ocrx_word' id='word_1_671' title='bbox 1856 5390 2048 5444; x_wconf 84' lang='lat' dir='ltr'><strong><em>salute.</em></strong></span> <span class='ocrx_word' id='word_1_672' title='bbox 2106 5389 2242 5443; x_wconf 71' lang='lat' dir='ltr'><strong><em>&#39;l‘utn</em></strong></span> <span class='ocrx_word' id='word_1_673' title='bbox 2284 5391 2459 5444; x_wconf 83' lang='lat' dir='ltr'><strong><em>altero</em></strong></span> <span class='ocrx_word' id='word_1_674' title='bbox 2491 5395 2558 5442; x_wconf 86' lang='lat' dir='ltr'><strong><em>ab</em></strong></span> <span class='ocrx_word' id='word_1_675' title='bbox 2615 5393 2720 5445; x_wconf 88' lang='lat' dir='ltr'><strong><em>hoc</em></strong></span> <span class='ocrx_word' id='word_1_676' title='bbox 2757 5407 2940 5450; x_wconf 64' lang='lat' dir='ltr'><strong><em>versu,</em></strong></span> <span class='ocrx_word' id='word_1_677' title='bbox 2980 5392 3046 5442; x_wconf 75' lang='lat' dir='ltr'><strong><em>Et</em></strong></span> <span class='ocrx_word' id='word_1_678' title='bbox 3097 5389 3312 5458; x_wconf 76' lang='lat' dir='ltr'><strong><em>framete</em></strong></span> <span class='ocrx_word' id='word_1_679' title='bbox 3359 5390 3436 5442; x_wconf 83' lang='lat' dir='ltr'><strong><em>bis</em></strong></span> 
     </span>
    </p>
   </div>
   <div class='ocr_carea' id='block_1_113' title="bbox 1859 5460 3438 5529">
    <p class='ocr_par' dir='ltr' id='par_1_113' title="bbox 1859 5460 3438 5529">
     <span class='ocr_line' id='line_1_113' title="bbox 1859 5460 3438 5529; baseline -0.002 -15"><span class='ocrx_word' id='word_1_680' title='bbox 1859 5475 2031 5514; x_wconf 72' lang='lat' dir='ltr'><strong><em>acuta:</em></strong></span> <span class='ocrx_word' id='word_1_681' title='bbox 2069 5465 2123 5516; x_wconf 86' lang='lat' dir='ltr'><strong><em>in</em></strong></span> <span class='ocrx_word' id='word_1_682' title='bbox 2173 5465 2414 5514; x_wconf 79' lang='lat' dir='ltr'><strong><em>manibus</em></strong></span> <span class='ocrx_word' id='word_1_683' title='bbox 2456 5477 2658 5516; x_wconf 86' lang='lat' dir='ltr'><strong><em>eorum.</em></strong></span> <span class='ocrx_word' id='word_1_684' title='bbox 2688 5460 2769 5515; x_wconf 82' lang='lat' dir='ltr'><strong><em>Ad</em></strong></span> <span class='ocrx_word' id='word_1_685' title='bbox 2804 5462 3100 5529; x_wconf 79' lang='lat' dir='ltr'><strong><em>faciendam</em></strong></span> <span class='ocrx_word' id='word_1_686' title='bbox 3127 5460 3438 5529; x_wconf 23' lang='lat' dir='ltr'><strong><em>it&#39;lﬂlltl‘lafn</em></strong></span> 
     </span>
    </p>
   </div>
   <div class='ocr_carea' id='block_1_114' title="bbox 1858 5527 3438 5601">
    <p class='ocr_par' dir='ltr' id='par_1_114' title="bbox 1858 5527 3438 5601">
     <span class='ocr_line' id='line_1_114' title="bbox 1858 5527 3438 5601; baseline 0 -19"><span class='ocrx_word' id='word_1_687' title='bbox 1858 5536 1911 5583; x_wconf 85' lang='lat' dir='ltr'><strong><em>in</em></strong></span> <span class='ocrx_word' id='word_1_688' title='bbox 1965 5535 2227 5600; x_wconf 63' lang='lat' dir='ltr'><strong><em>ggntibtts,</em></strong></span> <span class='ocrx_word' id='word_1_689' title='bbox 2283 5533 2676 5601; x_wconf 83' lang='lat' dir='ltr'><strong><em>objurgationcs</em></strong></span> <span class='ocrx_word' id='word_1_690' title='bbox 2731 5527 3190 5600; x_wconf 52' lang='grc' dir='ltr'><strong><em>ἐπρορυιὲενυι</em></strong></span> <span class='ocrx_word' id='word_1_691' title='bbox 3221 5529 3438 5600; x_wconf 83' lang='lat' dir='ltr'><strong><em>alligent</em></strong></span> 
     </span>
    </p>
   </div>
   <div class='ocr_carea' id='block_1_115' title="bbox 1863 5615 2168 5671">
    <p class='ocr_par' dir='ltr' id='par_1_115' title="bbox 1863 5615 2168 5671">
     <span class='ocr_line' id='line_1_115' title="bbox 1863 5615 2168 5671; baseline 0.01 -19"><span class='ocrx_word' id='word_1_692' title='bbox 1863 5617 2030 5671; x_wconf 76' lang='lat' dir='ltr'><strong><em>reges,</em></strong></span> <span class='ocrx_word' id='word_1_693' title='bbox 2062 5615 2168 5658; x_wconf 80' lang='lat' dir='ltr'><strong><em>etc.</em></strong></span> 
     </span>
    </p>
   </div>
  </div>
