3840 6176
208 234 290 301 tn
982 232 1522 293 PRIEFATIONES
1591 231 1665 291 lN
1713 230 2495 293 LIBROSDEPEHDITOS.
3314 238 3415 300 ωδ

903 580 1618 678 ΑΒΜΟΝΙΤΙΟ
1688 588 1785 673 J.
1870 584 2584 672 MARTIANAEI

832 804 900 858 IN
956 805 1140 862 DUAS
1185 805 1599 874 SEQUENTES
1647 805 2155 865 PRIEFATIONES
2207 808 2266 864 S.
2306 808 2346 861 H

1190 805 1599 874 SEQUENTES
1647 805 2155 865 PRIEFATIONES
2207 808 2266 864 S.
2306 806 2706 864 [HERONYML

256 1126 433 1180 Praeter
463 1122 745 1177 volumina
789 1120 911 1177 Jobi
959 1136 1022 1176 ac
1064 1121 1284 1175 Davidis
1312 1137 1341 1176 a
1376 1122 1535 1177 nobis
1566 1123 1676 1193 jam
1702 1120 1870 1184 edita,
1907 1122 2123 1190 periere
2163 1120 2345 1177 caeteri
2398 1120 2529 1175 libri
2570 1122 2737 1185 sacri,
2786 1138 2928 1191 quos
2956 1122 3317 1194 Hieronymus
3343 1124 3412 1180 de
3483 1137 3489 1141 '

196 1219 345 1273 Graec
370 1211 787 1282 diligentissime
820 1210 1173 1272 emendatos.
1205 1211 1407 1263 additis
1432 1213 1655 1279 insuper
1682 1210 1846 1263 obelis
1878 1220 1933 1265 et
1978 1212 2265 1274 asteriscis,
2300 1211 2500 1277 lingua:
2530 1227 2642 1263 stuc
2680 1214 2945 1267 studiosis
2985 1214 3317 1279 hominibus,
3353 1218 3407 1271 id

190 1317 255 1358 est
286 1303 493 1363 Latinis,
533 1300 824 1353 tribuerat.
857 1299 1163 1366 Supersunt
1199 1306 1409 1350 tantum
1467 1298 1587 1350 dua:
1636 1286 2095 1362 Praefatiunculie,
2149 1314 2272 1366 qua:
2324 1298 2485 1351 libris
2519 1299 2967 1367 Paralipomenon
3000 1318 3063 1355 ac
3096 1304 3406 1359 Salomonis

192 1399 315 1441 erant
336 1388 496 1440 alii“:
523 1385 595 1438 ad
621 1385 1053 1438 declarationem
1080 1386 1221 1454 ejus,
1253 1384 1399 1452 quod
1433 1382 1798 1454 Hieronymus
1828 1386 2161 1449 praestiterat
2190 1388 2244 1439 in
2278 1386 2595 1454 hujusmodi
2628 1390 3080 1443 translationibus
3110 1408 3175 1444 cx
3208 1392 3401 1446 Graeco

193 1477 387 1530 Latinis.‘
436 1474 597 1528 Faxit
647 1472 814 1539 Deus,
852 1483 913 1526 ut
962 1475 1229 1542 mqualetn
1281 1475 1516 1527 habeant
1553 1473 1625 1525 illi
1658 1473 1785 1525 libri
1818 1482 2021 1527 sortem
2049 1489 2175 1527 cum
2210 1462 2667 1536 Jobi'volumine.
2704 1476 2851 1543 quod
2901 1490 3124 1545 excepta
3160 1480 3404 1547 ejusdem

192 1567 461 1632 praefatione
494 1563 767 1616 ineditum
797 1562 864 1614 ad
896 1576 996 1615 nos
1035 1576 1208 1630 usque
1236 1561 1457 1631 jacebat
1487 1562 1543 1614 in
1589 1560 1856 1624 tenebris,
1890 1576 2036 1615 nunc
2070 1570 2256 1614 autem
2289 1561 2562 1631 integrum
2594 1576 2657 1615 ac
2690 1562 3101 1618 immaculatum
3137 1568 3189 1618 in
3222 1566 3400 1620 lucem

191 1653 415 1720 prodiisse
435 1650 773 1719 gaudemus.
802 1649 859 1702 ld
897 1652 1076 1718 ipsum
1100 1649 1357 1717 equidem
1386 1650 1452 1703 de
1482 1647 1912 1717 Paralipomenis
1942 1658 1999 1702 et
2027 1649 2288 1717 operibus
2323 1650 2638 1705 Salomonis
2666 1667 2893 1719 sperare
2924 1653 3082 1708 nobis
3108 1654 3323 1716 liceret.
3356 1654 3403 1707 si

194 1746 339 1811 plures
378 1746 563 1793 essent
614 1753 679 1792 ac
734 1738 1031 1807 diligentes
1054 1736 1465 1806 Scripturarum
1499 1737 1868 1808 indagatores,
1903 1737 1998 1809 qui
2030 1738 2214 1791 labore
2244 1737 2497 1806 improbo
2528 1748 2719 1793 vetera
2768 1756 3056 1795 sacrorum
3097 1741 3400 1795 Bibliorum

192 1830 457 1883 evolverem
484 1834 849 1880 monumenta
882 1826 938 1879 in
968 1826 1211 1895 antiquis
1255 1826 1629 1879 Ecclesiarum
1655 1825 1898 1879 archivis
1928 1841 1993 1879 ac
2021 1825 2396 1879 Bibliothecis.
2457 1826 2755 1879 Hortamur
2809 1827 2995 1895 itaque
3034 1829 3200 1882 etiam
3234 1836 3401 1896 atque

192 1921 321 1972 etiam
363 1917 645 1973 studiosos
670 1932 886 1981 omnes,
952 1926 1008 1970 ut
1039 1917 1085 1971 si
1116 1917 1208 1985 qui
1244 1916 1355 1970 sint
1383 1932 1548 1986 penes
1582 1916 1730 1986 ipsos
1758 1914 2116 1990 manuscripti
2164 1913 2383 1967 codices
2427 1913 2591 1977 sacri,
2624 1913 2912 1983 diligenter
2941 1931 3066 1969 cum
3105 1916 3269 1969 editis
3299 1931 3395 1970 eos

192 2008 397 2060 conlerre
426 2021 539 2059 non
567 2013 884 2074 graventur.
921 2003 998 2058 Ex
1035 2005 1137 2058 hac
1161 2003 1306 2056 enim
1337 2004 1692 2058 contentione
1720 2002 1875 2056 facile
1903 2001 2361 2071 deprehenditur,
2396 2003 2676 2070 supersint
2708 2003 3029 2067 etiamnum.
3058 2019 3229 2059 necne
3267 2003 3397 2057 Hie-

193 2095 360 2162 ronymi
392 2093 678 2147 versioues
709 2092 917 2147 Latina:
943 2094 1092 2161 juxta
1120 2092 1283 2154 LXX,
1321 2092 1558 2146 maxime
1605 2091 1651 2144 si
1686 2093 1826 2144 intra
1853 2104 2066 2141 sacrum
2090 2098 2401 2141 contextum
2434 2091 2585 2155 signa
2608 2091 2891 2145 obelorum
2917 2104 2971 2146 et
3001 2092 3394 2146 asteriscorum

194 2184 453 2251 legentibus
482 2182 858 2235 occurrerint.
893 2179 936 2235 0
968 2181 1179 2234 felicem
1211 2188 1426 2234 aitatem
1460 2190 1728 2242 nostram,
1762 2178 1805 2231 si
1836 2184 1957 2245 post
1981 2176 2192 2228 editum
2229 2176 2508 2229 Canonetu
2544 2176 2828 2232 Hebraicae
2858 2180 3129 2243 veritatis,
3165 2179 3400 2232 transla-

193 2273 333 2325 tiones
363 2287 581 2340 quoque
615 2271 885 2323 universae
912 2271 978 2323 ab
1011 2269 1349 2337 Hieronymo
1393 2269 1735 2321 concinnata:
1770 2268 1837 2319 ad
1874 2264 2094 2318 Gra’cos
2135 2264 2189 2316 iu
2260 2264 2533 2333 integrum
2566 2266 3025 2321 restituerentur!
3076 2267 3401 2331 Quazramus

192 2360 323 2425 igitur
366 2359 685 2427 quicunque
744 2358 997 2411 utilitatis
1032 2357 1266 2427 publicae.
1310 2356 1515 2409 curiosi
1565 2371 1775 2421 sutnus,
1812 2353 2020 2422 aperiet
2052 2352 2237 2407 forsan
2274 2353 2562 2407 thesauros
2588 2354 2769 2409 adhuc
2808 2356 3127 2412 reconditos
3181 2356 3273 2411 ille
3306 2356 3402 2427 qui

185 2446 333 2500 dixit:
365 2445 618 2511 Quwrite.
648 2458 695 2497 et
728 2447 1017 2499 invenietis.

238 2558 485 2611 Caeterum
523 2558 583 2610 in
617 2560 911 2624 superstite
938 2555 1257 2624 praefatione
1286 2554 1353 2608 ad
1402 2554 1839 2623 Paralipomena,
1900 2558 1950 2607 in
1980 2553 2169 2621 primis
2218 2553 2519 2606 notandmn
2551 2556 2724 2620 venit,
2762 2555 3152 2625 llierouymum
3187 2574 3295 2612 non
3330 2577 3396 2617 ex

182 2645 351 2699 Graecis
376 2646 813 2713 exemplaribus,
848 2645 941 2698 sed
997 2660 1066 2697 ex
1118 2644 1348 2697 Hebraeo
1392 2644 1713 2697 emendasse
1746 2644 1892 2696 httnc
1947 2643 2167 2694 librum.
2225 2643 2522 2709 Assumpto
2556 2658 2789 2711 namque
2836 2644 2969 2713 legis
2994 2647 3218 2709 doctore
3248 2651 3394 2717 apud

182 2732 360 2787 ludzeos
388 2735 618 2804 iuclyto,
659 2743 832 2787 totum
869 2733 1125 2785 volumen
1158 2732 1615 2802 Paralipomenon
1646 2746 1768 2785 cum
1806 2746 1869 2781 eo
1897 2729 2125 2781 contulit
2162 2744 2189 2779 a
2229 2728 2431 2781 vertice
2463 2745 2634 2797 usque
2673 2732 2741 2782 ad
2785 2741 3092 2786 extremum
3128 2751 3388 2805 unguem,

182 2823 302 2890 quod
343 2822 476 2876 liber
532 2822 625 2875 ille
668 2822 951 2874 nominum
985 2821 1039 2874 in
1084 2819 1291 2874 Grai-cis
1316 2830 1371 2873 et
1401 2819 1609 2873 Latinis
1647 2818 1929 2872 codicibus
1961 2818 2032 2870 ita
2064 2820 2397 2887 scriptorum
2427 2819 2559 2871 vitio
2592 2819 2783 2870 fuisset
2806 2822 3158 2887 depravatus,
3193 2832 3253 2876 ut
3282 2840 3391 2878 non

182 2920 267 2962 tam
295 2910 507 2964 Hebraea
542 2926 705 2979 quam
746 2909 982 2962 Barbara
1020 2909 1269 2977 quaedam
1301 2925 1363 2960 ac
1395 2909 1693 2959 Sarmatica
1722 2908 1938 2958 nomina
1974 2907 2200 2958 haberet
2229 2906 2493 2975 conjecta.
2531 2906 2667 2958 lliuc
2701 2922 2919 2961 necesse
2953 2919 3071 2961 erat
3103 2909 3397 2965 adhaesisse

181 2996 494 3051 Hebraeorum
528 2998 801 3060 fontibus,
841 2997 930 3049 ubi
965 2997 1187 3049 nomina
1223 2996 1412 3048 isthaic
1443 2994 1715 3048 distinctis
1747 2994 2048 3046 intervallis
2078 2995 2274 3061 posita,
2310 2994 2534 3061 suisque
2568 2994 2792 3063 syllabis
2838 2996 3084 3063 apposite
3115 2998 3391 3067 descripta

179 3083 416 3152 leguntur.
450 3085 668 3137 Deinde
691 3084 854 3136 etiam
892 3085 1019 3136 illud
1050 3082 1635 3149 attemlentlum,quod
1668 3097 1791 3135 cum
1826 3080 2189 3150 Hieronymus
2214 3081 2679 3149 undiqueversum
2712 3098 2781 3135 cx
2811 3083 2927 3136 suis
2962 3084 3393 3151 prtefatiunculis

180 3173 455 3226 testimonia
493 3173 783 3239 collegerit
815 3172 879 3223 ad
911 3171 1307 3223 retundendam
1338 3170 1515 3222 H'ufini
1551 3168 2058 3238 reprehensionem.
2087 3186 2187 3238 qua
2218 3170 2275 3224 S.
2308 3172 2593 3225 Doctorem
2627 3171 2846 3224 invidia:
2871 3186 3001 3240 erga
3037 3174 3393 3245 Septuaginta

179 3258 479 3329 lnterpretes
501 3259 877 3313 calumniator
909 3257 1285 3321 insimulabat,
1317 3256 1449 3308 nihil
1479 3266 1657 3309 tamen
1685 3255 1849 3327 hujus
1882 3258 2094 3328 prologi
2126 3259 2354 3327 replicat
2390 3260 2442 3312 in
2474 3274 2585 3311 sum
2609 3260 2887 3328 Apologia:
2913 3261 3198 3327 posteriori
3232 3262 3397 3329 libro,

178 3345 229 3397 ad
259 3350 402 3415 cujus
445 3348 617 3401 ﬁnem
669 3348 851 3399 citata:
882 3346 1237 3414 reperiuntur
1267 3359 1461 3398 omnes
1502 3342 1851 3412 prtcfationes
1898 3346 2099 3399 veteris
2136 3345 2510 3400 lnstrumenti.
2563 3346 2674 3400 Cur
2704 3348 2806 3401 hoc
2838 3348 3124 3407 acciderit.
3157 3352 3394 3404 necdum

178 3436 289 3489 bene
328 3437 585 3491 novimus
620 3454 633 3489 :
675 3436 779 3488 nisi
812 3436 1125 3503 conjectare
1157 3444 1442 3503 utcunque
1467 3436 1628 3488 liceat
1651 3448 1774 3488 cum
1808 3433 2054 3495 Erasmo,
2081 3433 2469 3501 Hieronymum
2506 3449 2611 3485 non
2643 3449 2707 3486 ex
2738 3450 2833 3486 sua
2865 3437 3136 3488 sententia
3164 3436 3395 3499 dixisse,

179 3522 491 3593 Septuaginta
557 3524 874 3592 Interprctes
907 3523 1084 3591 plenos
1115 3524 1274 3591 {uisse
1304 3522 1508 3590 Spiritu
1550 3530 1755 3585 sancto,
1790 3530 1845 3575 et
1874 3521 1927 3573 in
1959 3521 2115 3574 libris
2152 3522 2320 3575 sacris
2357 3520 2523 3572 multa
2578 3520 2855 3574 addidisse
2897 3522 2958 3573 ob
3019 3527 3395 3578 auctaritatem

172 3607 366 3677 Spiritus
397 3614 579 3667 sancti
613 3628 631 3673 ;
663 3614 759 3665 sed
794 3613 845 3663 id
884 3611 1141 3664 tribuisse
1174 3612 1359 3663 animo
1384 3611 1701 3665 Domnionis
1732 3619 1787 3663 et
1818 3609 2106 3677 Rogatiani
2142 3609 2490 3662 familiarium
2524 3625 2777 3672 suorum,
2834 3611 2979 3676 apud
3016 3626 3155 3679 quos
3181 3621 3396 3668 tantum

175 3702 354 3765 pondus
403 3700 689 3753 habebant
746 3702 884 3751 forte
915 3699 1250 3766 exemplaria
1285 3698 1424 3752 LXX
1464 3698 1855 3767 luterpretum.
1909 3697 2187 3765 Quidquid
2221 3700 2291 3749 sit
2317 3698 2383 3749 de
2417 3698 2515 3750 hac
2552 3695 2761 3749 Erasini
2802 3700 3142 3767 conjectura,
3176 3709 3391 3754 certum

169 3795 335 3850 exstat,
369 3788 427 3841 S.
479 3788 877 3857 Hieronymum
936 3802 1135 3856 negare
1184 3788 1304 3840 aliis
1337 3791 1608 3840 sexcentis
1640 3788 1796 3850 locis,
1830 3787 2039 3855 Spiritu
2110 3794 2301 3838 sancto
2337 3794 2609 3846 movente,
2642 3786 2840 3837 editam
2874 3785 3041 3839 fuisse
3073 3787 3392 3842 Versionem

172 3870 383 3927 Grzecam
432 3876 823 3945 Septuaginta,
872 3876 998 3943 quia
1042 3875 1196 3927 aliud
1224 3888 1318 3938 est,
1351 3876 1529 3943 inquit
1563 3878 1785 3943 prologo
1816 3876 1871 3927 itt
1900 3874 2179 3937 Genesitn,
2217 3882 2413 3935 vatem,
2448 3871 2594 3925 aliud
2648 3881 2723 3925 est
2756 3888 2867 3925 esse
2901 3875 3265 3943 interpretem.
3308 3877 3389 3930 Ibi

168 3962 360 4028 spiritus
401 3974 627 4017 ventura
665 3965 927 4030 praedicit,
979 3966 1063 4016 hic
1109 3964 1336 4016 eruditio
1381 3972 1429 4015 et
1481 3964 1755 4017 verborum
1787 3966 1958 4029 copia,
1991 3977 2079 4023 ea,
2116 3976 2232 4030 quia
2262 3961 2537 4029 intelligit,
2570 3962 2846 4028 transfert.
2904 3962 2971 4016 Et
3004 3964 3202 4017 iterum
3235 3982 3247 4017 :
3283 3964 3390 4017 Aut

171 4051 302 4100 aliter
349 4052 414 4103 de
455 4053 653 4104 eisdem
691 4054 837 4104 libris
870 4068 961 4120 per
990 4051 1336 4121 Septuaginta
1371 4052 1711 4120 Interpretes,
1763 4052 1922 4104 aliter
1962 4066 2053 4117 per
2076 4048 2341 4118 apostolos
2371 4049 2605 4116 Spiritus
2632 4057 2845 4102 sanctus
2878 4050 3173 4103 testimonia
3202 4054 3394 4117 texuit,

172 4141 366 4207 utquod
396 4139 478 4193 illi
510 4149 815 4202 tacuerunt,
845 4141 898 4192 hi
925 4142 1177 4210 scriptum
1210 4157 1321 4194 esse
1358 4142 1561 4193 mentiti
1583 4142 1709 4193 sint.
1746 4138 1869 4192 Haec
1892 4140 2155 4191 adversus
2187 4136 2442 4190 Rufinum
2470 4138 2707 4191 allerens
2742 4138 2793 4191 in
2823 4154 2923 4191 suo
2951 4139 3227 4210 Apologia:
3250 4141 3391 4194 libro

167 4229 404 4290 secundo,
439 4245 550 4282 non
582 4230 763 4296 potuit
796 4229 996 4282 ibidem
1020 4230 1184 4283 verba
1214 4230 1600 4297 subsequentis
1633 4228 1965 4298 praafationis
1996 4228 2051 4281 in
2084 4227 2505 4296 Paralipomena
2537 4229 2801 4297 replicare
2827 4232 2893 4280 ad
2927 4217 3081 4282 suam
3114 4229 3393 4284 defensio-

172 4326 307 4377 Dt‘lll;
347 4317 481 4383 quin
539 4318 689 4369 illico
738 4316 984 4370 stultitiae
1031 4326 1359 4385 argueretur
1392 4318 1447 4370 itt
1486 4332 1652 4371 causa
1684 4315 1826 4369 LXX
1860 4315 2249 4383 luterpretum,
2286 4314 2354 4367 de
2384 4316 2586 4385 quibus
2610 4325 2717 4367 tant
2754 4317 3033 4369 contraria
3066 4326 3123 4369 et
3154 4316 3388 4371 invicem

170 4403 255 4453 sibi
281 4405 582 4472 pugnantia
611 4404 942 4471 scripsisset.
974 4400 1284 4456 Prudenter
1316 4405 1498 4473 itaque
1521 4406 1713 4458 reticet
1739 4405 1884 4473 quod
1920 4404 2048 4455 olim
2076 4405 2262 4456 animo
2286 4420 2347 4456 ac
2377 4404 2559 4457 salivae
2589 4403 2907 4456 Domnionis
2932 4403 3221 4469 tribuerat,
3248 4408 3393 4474 apud

170 4506 307 4554 quem
338 4508 555 4545 summa
597 4492 738 4545 forte
788 4493 851 4544 ea
903 4491 1002 4545 fuit
1040 4493 1337 4545 auctoritas
1366 4491 1622 4544 editionis
1651 4491 1814 4558 LXX,
1852 4491 1948 4545 sed
1979 4492 2131 4543 salvo
2163 4506 2382 4558 semper
2411 4491 2621 4544 honore
2653 4485 2867 4543 Hebraei
2899 4490 3049 4561 styli.
3079 4500 3140 4544 ut
3171 4502 3228 4546 et
3250 4493 3393 4561 apud

166 4593 337 4631 outnes
364 4581 504 4632 alios
534 4580 702 4648 huius
731 4580 992 4647 temporis
1023 4579 1429 4633 ecclesiasticos
1460 4580 1627 4641 viros.
1662 4582 1753 4649 qui
1784 4590 2071 4645 utramque
2107 4578 2521 4642 auctoritatem,
2579 4576 2932 4631 Hebraeorum
2982 4577 3192 4633 Scilicet
3242 4577 3393 4634 Grae-

167 4662 445 4736 corumque
474 4668 767 4733 librorum,
813 4669 1057 4721 divinam
1088 4683 1209 4721 esse
1236 4667 1565 4721 fatebantur.

219 4774 327 4827 lam
360 4776 513 4846 quod
564 4786 771 4845 spectat
812 4778 1094 4845 prologum
1129 4777 1184 4828 in
1235 4776 1403 4828 libros
1434 4774 1763 4839 Salomonis,
1800 4777 1931 4831 illud
1963 4790 2089 4831 ante
2142 4793 2243 4832 nos
2271 4788 2483 4832 monuit
2514 4777 2767 4833 Leander
2797 4778 2865 4831 de
2899 4777 2957 4832 S.
2988 4776 3242 4842 Martino,
3271 4794 3391 4833 eam

168 4862 524 4924 [inﬂationem
556 4864 877 4931 impressam
916 4864 1088 4919 fuisse
1115 4864 1167 4917 in
1203 4863 1458 4917 omnibus
1480 4864 1818 4917 editionibus
1843 4864 2049 4919 Glossm
2082 4867 2379 4919 ordinariae
2406 4884 2418 4918 :
2454 4865 2521 4919 ab
2552 4865 2780 4919 Erasmo
2805 4877 2986 4919 autem
3022 4876 3077 4920 et
3100 4881 3127 4919 a
3164 4867 3396 4920 Reatino

163 4950 400 5019 t'piscopo
435 4952 867 5018 praetermissam
896 4956 949 5003 in
981 4952 1304 5005 collectione
1334 4967 1560 5019 operum
1594 4952 1650 5006 S.
1689 4950 2003 5023 Hieronymi
2040 4968 2052 5007 :
2079 4954 2331 5023 quamvis
2357 4954 2629 5023 genuinus
2658 4956 2729 5008 sit
2775 4953 2919 5007 fetus
2950 4956 3195 5024 ejusdem
3223 4958 3396 5009 sancti

167 5033 418 5101 hectoris,
461 5043 545 5092 uti
586 5055 651 5094 ex
704 5050 1030 5105 argumento
1069 5039 1524 5108 praefatiunculae,
1574 5041 1885 5103 sententiis,
1916 5052 1970 5094 et
2003 5041 2163 5093 modo
2197 5041 2470 5093 scribendi
2510 5057 2734 5110 prorsus
2784 5040 3215 5113 llieronymiano
3250 5045 3394 5097 scire

165 5124 300 5177 nobis
334 5126 486 5181 licet.
530 5125 728 5181 Verum
773 5142 900 5195 pars
925 5127 1113 5180 ultima
1156 5127 1319 5196 hujus
1350 5127 1556 5195 prologi
1589 5128 2033 5183 manifestissime
2070 5129 2418 5197 supposititia
2451 5129 2568 5183 viro
2600 5130 2818 5184 erudito
2844 5132 3074 5187 nimium
3109 5130 3390 5200 imposuit,

162 5225 267 5263 cum
310 5215 425 5268 suis
456 5215 915 5267 adnotationibus
959 5231 1076 5269 eam
1118 5215 1398 5268 illustrans
1429 5215 1485 5267 ὃ.
1523 5213 1848 5285 Hieronymo
1880 5216 2158 5268 ascribere
2192 5224 2444 5269 conatur.
2480 5217 2701 5271 Poterat
2733 5219 2921 5288 utique
2950 5219 3195 5273 fraudem
3226 5232 3394 5285 agno-

160 5312 295 5352 scere
325 5317 391 5354 cx
431 5304 741 5368 incongrue
775 5317 961 5362 sensu,
995 5317 1156 5369 quem
1190 5302 1351 5355 verba
1380 5303 1644 5355 addititise
1674 5306 1843 5369 partis
1868 5304 2109 5357 elliciunt
2134 5303 2186 5355 in
2233 5301 2337 5357 hoc
2364 5305 2587 5373 prologo
2618 5322 2631 5359 :
2672 5323 2850 5375 neque
2880 5310 3026 5360 enim
3063 5308 3395 5371 Hieronymo

156 5390 392 5443 scribenti
433 5392 716 5444 ullatenus
773 5392 1129 5452 conveniunt,
1182 5403 1238 5444 ut
1274 5393 1412 5445 intra
1444 5394 1663 5461 planum
1695 5394 1753 5443 lit
1799 5393 1852 5444 in
1890 5392 2116 5445 scholiis
2159 5392 2366 5446 nostris
2396 5394 2463 5445 ad
2516 5394 2661 5448 hunc
2692 5396 2871 5448 locum
2910 5394 3244 5462 praefationis
3277 5392 3389 5457 jam

158 5471 314 5531 dicta.
349 5476 535 5531 Porro
588 5479 854 5531 edendam
892 5479 945 5530 in
981 5478 1089 5531 line
1136 5480 1322 5547 primae
1356 5481 1526 5547 partis
1560 5480 1765 5533 Divina:
1794 5480 2148 5535 Bibliotheca:
2195 5482 2667 5550 przefatiuneulam
2717 5481 3186 5552 spopondimusin
3223 5484 3393 5548 notis;

156 5565 233 5613 sed
267 5575 481 5619 "notato
509 5566 769 5635 deinceps
804 5566 1060 5632 consilio,
1097 5570 1149 5621 in
1177 5568 1324 5624 calce
1372 5569 1538 5638 hujus
1576 5568 1830 5624 secundat
1862 5570 2032 5637 partis
2066 5570 2312 5639 ejusdem
2339 5571 2688 5626 Bibliotheca:
2720 5572 2921 5625 Divina:
2956 5582 3075 5621 eam
3120 5567 3394 5623 collocare

154 5652 305 5704 satius
347 5653 639 5706 duximus.
