3840 6176
389 331 498 394 423

1295 332 1355 395 S.
1393 328 1831 391 HIERONI’MI
1869 325 2139 389 DIVINA
2171 322 2715 386 BIBLIOTHECA.

3535 312 3648 378 ΕΑ

1274 607 1916 699 ΡΒίΕΡΑΤΙΟ
1990 601 2705 696 HIEBONYMI
2747 600 2765 629 ⁸

828 812 909 872 ΙΝ
965 808 1269 871 LIBRUM
1325 804 2015 869 PARALIPOMENON
2081 805 2347 865 JUXTA
2412 801 2577 862 LXX
2630 796 3197 862 INTERPRETES.

815 1048 1121 1110 Eusebius
1141 1049 1568 1127 Hieronymus
1591 1045 1925 1110 Domnioni
1956 1050 2017 1107 et
2048 1045 2397 1120 Rogatiano
2431 1040 2559 1103 suis
2588 1040 2649 1100 in
2687 1039 2835 1099 Jesu
2870 1035 3199 1110 salutem).

480 1174 767 1243 Quomodo
812 1174 1129 1231 Grazcorum
1182 1176 1442 1229 historias
1475 1175 1493 1205 ³
1531 1176 1701 1243 magis
1746 1174 1949 1228 intelli—
1982 1180 2027 1233 Α
2055 1184 2110 1225 ct
2140 1171 2219 1225 sic
2243 1170 2626 1233 confirmatus,
2667 1182 2833 1221 ausus
2858 1182 2977 1221 sum
3010 1166 3192 1221 facere
3225 1165 3370 1233 quod
3399 1166 3650 1236 jubeba-

377 1281 532 1338 gunt,
582 1271 674 1338 qui
708 1268 949 1323 Athenas
1005 1268 1284 1331 viderint,
1344 1280 1399 1322 et
1459 1268 1679 1323 tertium
1738 1268 1954 1337 Virgilii

381 1363 613 1430 librum,
662 1360 756 1428 qui
824 1375 854 1411 a
915 1358 1129 1411 Troade
1164 1374 1262 1426 per
1297 1358 1602 1420 Leucaten,
1637 1368 1690 1411 et
1721 1358 1959 1412 Acroce-

380 1432 573 1504 raunia
619 1448 684 1502 ad
736 1448 1003 1505 Siciliam.
1029 1454 1085 1498 et
1116 1446 1244 1501 inde
1285 1449 1352 1501 ad
1382 1449 1522 1501 ostia
1555 1448 1772 1501 Tiberis
1804 1448 1958 1501 navi-

380 1544 562 1611 garint
598 1558 613 1595 :
648 1543 723 1593 ita
756 1550 1002 1594 sanctam
1057 1538 1404 1609 Scripturam
1438 1540 1676 1593 lucidius
1713 1540 1955 1594 intuebi-

382 1648 489 1697 tur,
516 1634 607 1701 qui
640 1632 881 1685 Judaeam
916 1632 1097 1686 oculis
1139 1631 1542 1698 contemplatus
1567 1642 1652 1684 est
1684 1632 1800 1703 {AL
1838 1630 1954 1703 sit],

376 1739 433 1779 et
478 1737 824 1793 antiquarum
858 1722 1075 1777 urbium
1106 1723 1425 1784 memorias,
1472 1724 1830 1792 locorumque
1872 1726 1954 1779 vel

377 1817 565 1868 cadem
614 1814 897 1878 vocabula,
936 1814 1016 1866 vel
1076 1824 1285 1867 mutata
1346 1820 1665 1885 cognoverit
1724 1817 1835 1886 [ΑΙ.
1866 1831 1956 1869 co-

378 1905 730 1977 gnoverunt].
760 1905 915 1961 Unde
946 1916 1002 1958 et
1052 1906 1214 1959 nobis
1250 1922 1392 1960 cura:
1442 1908 1564 1969 fuit,
1602 1924 1724 1961 cum
1765 1909 1955 1962 erudi-

381 1997 607 2050 tissimis
636 1998 984 2051 Hebraeorum
1016 1997 1160 2049 hunc
1194 1997 1434 2050 laborem
1488 1999 1693 2057 subire.
1740 2010 1797 2052 ut
1842 2002 1955 2054 cir-

375 2094 712 2145 cumiremus
734 2089 1091 2156 provinciam,
1122 2104 1283 2156 quam
1327 2091 1593 2143 universae
1618 2090 1821 2143 Christi
1848 2091 1954 2145 Ec-

373 2187 553 2239 clesLaz
578 2192 791 2240 sonant.
820 2181 1013 2236 Fateor
1034 2182 1200 2238 enim.
1235 2180 1302 2232 mi
1336 2180 1601 2234 Donmion
1630 2194 1679 2233 et
1703 2181 1956 2250 Rogatia—

380 2294 446 2329 ne
478 2276 1111 2342 charissimi,nnnquam
1139 2288 1225 2325 me
1256 2273 1309 2326 in
1330 2273 1530 2326 divinis
1560 2276 1952 2340 voluminibus,

375 2369 611 2436 propriis
670 2366 882 2421 viribus
926 2367 1227 2421 credidisse
1258 2408 1272 2431 ,
1313 2383 1413 2420 nec
1474 2366 1734 2422 habuisse
1786 2368 1953 2437 magi-

373 2470 545 2510 strum
578 2455 599 2486 ⁸
638 2455 742 2526 [AL
781 2464 885 2508 tae.
928 2454 1273 2526 magistrum]
1330 2457 1650 2525 opinionem
1718 2470 1893 2511 meam
1929 2500 1944 2523 ,

372 2551 466 2603 sed
497 2565 558 2603 ea
586 2550 745 2602 etiam
774 2549 842 2601 de
874 2548 1076 2615 quibus
1109 2546 1248 2601 scire
1281 2562 1366 2601 me
1398 2550 1741 2613 arbitrabar,
1779 2550 1973 2603 inter-i

374 2658 564 2713 rogare
614 2658 700 2697 me
742 2642 965 2696 solitum
1002 2658 1013 2693 :
1047 2651 1254 2710 quanto
1306 2643 1478 2711 magis
1533 2644 1601 2696 de
1653 2643 1739 2696 his
1779 2659 1945 2712 super

369 2733 572 2803 quibus
616 2746 816 2801 auceps
852 2748 1004 2785 eram
1035 2732 1058 2783 ?
1092 2732 1337 2800 Denique
1387 2750 1512 2787 cum
1559 2750 1589 2788 a
1643 2750 1729 2788 me
1766 2751 1944 2805 nuper

369 2827 569 2881 litteris
600 2824 1062 2895 flagitassetisﬁut
1096 2826 1253 2879 vobis
1271 2826 1470 2881 librum
1491 2826 1943 2897 Paralipomenon

372 2920 563 2973 Latino
603 2934 857 2974 sermone
912 2918 1306 2982 transferrem,
1365 2920 1433 2972 de
1484 2920 1774 2976 Tiberiade
1807 2923 1941 2990 legis

368 3012 641 3082 quondam
689 3010 969 3065 doctorem
1007 3011 1053 3070 ⁸.
1094 3010 1185 3078 qui
1218 3010 1359 3079 apud
1404 3009 1663 3065 Hebraeos
1694 3012 1937 3067 admira-

370 3106 512 3157 tion'i
552 3104 878 3165 habebatur,
936 3103 1205 3170 assumpsi
1244 3112 1342 3156 :et
1371 3105 1577 3157 contuli
1619 3121 1743 3158 cum
1794 3122 1861 3161 eo
1908 3126 1936 3161 a

368 3196 602 3261 vertice,
655 3204 714 3248 ut
765 3195 945 3256 aiunt,
989 3210 1162 3263 usque
1203 3197 1269 3246 ad
1303 3205 1609 3248 extremum
1649 3212 1883 3267 unguem
1921 3218 1935 3252 :

437 3335 452 3365 ‘
494 3333 741 3387 Diximus
797 3330 1500 3403 inbpraelixa”huic_tomo
1556 3335 1930 3403 praefatione,

364 3404 501 3474 nihil
530 3412 791 3470 praeterea
826 3400 972 3474 aliud
1005 3416 1035 3453 e
1061 3400 1287 3474 reliquis
1322 3400 1638 3474 Hieronymi
1692 3400 1932 3474 interpr.

362 3489 427 3526 ex
452 3473 663 3531 Graeco,
701 3479 821 3537 post
844 3470 1135 3540 Jobumdac
1168 3470 1490 3522 Psalterium
1521 3510 1535 3527 .
1572 3490 1694 3540 quae
1728 3470 1933 3531 dudum

367 3542 824 3614 recensuitnus,e
850 3541 1018 3614 veteri
1043 3538 1395 3614 Testamento
1427 3538 1740 3614 superesse,
1769 3562 1933 3614 quam

365 3615 417 3664 in
486 3612 687 3664 librum
781 3608 1232 3677 Paralipomenon
1313 3608 1733 3666 Prmlationein
1787 3608 1933 3671 hanc

362 3683 555 3747 ipsam,
600 3689 654 3731 ct
685 3678 830 3747 quod
863 3694 1005 3741 pone
1036 3679 1285 3746 sequitur
1311 3718 1324 3739 ,
1377 3679 1764 3747 Fragmentum
1801 3690 1933 3739 alle-

361 3754 479 3804 rius
515 3752 569 3803 in
611 3748 781 3802 libros
816 3749 1143 3809 Salomonis,
1204 3748 1504 3816 deperditis
1554 3753 1764 3817 jamdiu
1798 3757 1926 3809 olim

362 3824 722 3896 jpsol'pltllnel
750 3818 1016 3896 libroruin
1050 3818 1399 3896 versionibus
1427 3822 1477 3871 in
1513 3830 1659 3875 tanta
1690 3824 1782 3896 illa
1807 3828 1926 3896 ejus

358 3890 551 3962 operis
576 3891 785 3962 jactura
817 3896 872 3941 et
898 3891 1072 3944 clade.
1110 3890 1318 3943 Vidcsis
1365 3906 1528 3957 porro
1568 3908 1689 3962 qua}
1718 3895 1791 3949 ibi
1824 3890 1926 3951 tios

359 3958 462 4013 hac
491 3960 559 4013 de
578 3958 648 4013 re
683 3958 1047 4027 disputamus.

429 4033 451 4063 ³
484 4030 681 4084 Iisdem
715 4031 858 4083 haud
898 4032 1067 4082 multo
1118 4038 1239 4097 post
1294 4044 1449 4083 suam
1495 4047 1562 4085 ex
1596 4032 1761 4088 IIebr.
1801 4036 1929 4090 Ver-

355 4102 575 4171 sionem
591 4102 739 4153 Ezra:
772 4102 1111 4168 nuncupavit
1139 4113 1153 4151 :
1195 4113 1294 4151 nec
1328 4108 1533 4171 tamen,
1557 4106 1699 4171 quod
1732 4107 1920 4161 mirari

354 4172 520 4231 subit,
566 4170 728 4237 hujus
770 4171 936 4221 verbo
995 4179 1155 4240 tenus
1204 4170 1454 4223 meminit
1507 4170 1581 4225 in
1621 4188 1687 4227 ea
1748 4176 1917 4240 epist.

354 4242 494 4293 Sunt
521 4251 702 4293 autem
732 4247 791 4309 et
822 4254 952 4309 mss.
985 4239 1193 4309 aliquot
1219 4240 1461 4309 codices,
1484 4244 1576 4309 qui
1608 4244 1751 4297 hunc
1780 4239 1915 4299 Pro-

353 4310 536 4381 Iogum
589 4325 692 4381 non
730 4308 935 4381 Latina:
981 4307 1192 4381 ex_Gr_.
1247 4307 1537 4381 llexaplari
1571 4323 1712 4365 textu
1750 4315 1921 4369 Inter-

353 4378 663 4446 pretationi,
695 4378 790 4432 sed
825 4380 984 4431 alteri
1017 4378 1127 4430 τῶν
1163 4378 1617 4447 Paralipomenon
1642 4384 1780 4436 libro
1818 4386 1922 4439 lle-

352 4451 538 4505 braica
568 4450 798 4521 veritate
834 4465 1101 4521 converso
1135 4449 1418 4521 praeﬁgunt
1449 4468 1461 4502 :
1493 4453 1626 4521 quin
1660 4455 1827 4507 etiam
1862 4459 1915 4510 in

352 4536 482 4587 uno,
512 4535 674 4589 quem
705 4518 950 4571 llartian.
980 4520 1167 4573 laudat
1211 4520 1271 4571 Β.
1323 4520 1394 4571 Μ.
1440 4518 1725 4576 υιὶδυνθίω
1764 4536 1918 4580 nota-

353 4600 466 4642 tum
513 4588 580 4642 ab
620 4589 791 4643 sciolo
825 4588 1050 4641 librario
1095 4598 1274 4661 est_:_t
1316 4589 1421 4642 Iste
1474 4592 1776 4661 Prologus,
1812 4598 1917 4649 sci-

351 4661 501 4733 licet,
536 4661 823 4733 Eusebius,
851 4670 995 4733 etc._,
1023 4673 1129 4733 non
1162 4657 1327 4733 debet
1359 4675 1482 4733 esse
1528 4663 1578 4713 in
1611 4657 1713 4716 hoc
1744 4666 1865 4718 loco
1894 4682 1911 4733 ξ

347 4732 443 4782 sed
475 4730 638 4784 debet
667 4728 774 4795 legi
793 4737 847 4779 et
874 4726 1037 4780 scribi
1064 4729 1116 4779 in
1149 4728 1420 4797 principio
1444 4734 1671 4783 secundi
1700 4735 1849 4789 libri.
1887 4726 1905 4787 ἱ

346 4801 514 4872 Quod
533 4798 742 4872 oppido
764 4798 959 4849 lalsum
993 4811 1137 4872 esse,
1166 4813 1231 4872 ex
1272 4806 1686 4872 toto_contestu
1715 4805 1907 4872 liquet.

417 4871 437 4900 ³
469 4870 569 4923 Ms.
607 4867 908 4939 Bibliorum
957 4870 1129 4920 codex
1156 4868 1346 4939 beata:
1397 4868 1578 4922 Mariae
1606 4867 1909 4939 Deaur'aia',

346 4943 503 5008 cujus
555 4938 816 5010 nonnulla
878 4938 937 5010 in
981 4938 1362 5010 superioribus
1414 4942 1657 5007 prologis
1705 4938 1906 5010 attuli,

346 5012 489 5063 iatud
548 5011 709 5062 habet
738 5007 988 5061 scholion
1027 5008 1264 5074 positum
1310 5012 1377 5063 ab
1412 5020 1603 5063 eodem
1655 5007 1904 5079 librario,

345 5096 387 5133 si
424 5083 562 5134 bene
608 5078 863 5140 memini,
909 5079 1000 5149 qui
1041 5080 1322 5145 exemplar
1364 5082 1655 5149 descripsit
1690 5099 1702 5131 :
1745 5102 1761 5133 ι
1802 5078 1906 5139 Iste

344 5151 626 5219 Prologus,
662 5148 919 5219 δυιιὶοειη
947 5148 1235 5206 Eusebius.
1267 5160 1402 5214 etc.,
1438 5148 1559 5203 non,
1596 5154 1760 5205 debet
1784 5170 1907 5208 esse

324 5201 402 5273 'in
425 5201 535 5275 ibi?
567 5201 727 5292 loco,
763 5201 1055 5292 sed_:d_ebet
1098 5218 1202 5286 legi
1225 5201 1303 5271 vet
1340 5201 1906 5292 s'ériiaidp'riiicipié
1947 5201 1988 5255 ί)

342 5292 568 5346 secundi
607 5291 753 5343 libri.
791 5307 809 5340 ι
849 5288 1040 5363 Falsus
1083 5299 1167 5363 est
1217 5298 1399 5343 tamen
1454 5288 1693 5360 scriptor
1741 5288 1907 5363 hujus

342 5363 738 5423 annotationis,
773 5360 902 5428 quia
933 5362 1026 5410 hic
1055 5359 1310 5428 prologus
1352 5359 1588 5427 pertinet
1626 5363 1693 5413 ad
1725 5359 1905 5419 trans-

346 5436 602 5486 lationem
629 5427 901 5492 Latinam,
934 5444 1098 5498 quam
1138 5427 1503 5501 Hieronymus
1543 5434 1716 5485 edidit
1750 5435 1908 5501 juxta

347 5504 726 5570 Septuaginta,
780 5500 985 5553 additis
1029 5500 1205 5551 obelts
1238 5512 1291 5551 et
1317 5502 1640 5567 asteriscis;
1676 5500 1785 5559 non
1836 5511 1907 5558 ad

344 5588 643 5625 secundum
687 5575 887 5625 librum
936 5570 1390 5636 Paralipomenon
1419 5609 1433 5634 ,
1488 5587 1553 5624 ex
1604 5574 1754 5629 fonte
1803 5575 1912 5629 IIe-

346 5644 527 5695 braico
562 5643 753 5695 Latine
778 5654 1105 5694 conversum
1137 5655 1149 5691 :
1179 5641 1244 5709 ad
1280 5641 1435 5709 cujus
1460 5650 1639 5696 tamen
1668 5645 1909 5699 frontem

344 5714 574 5763 habetur
608 5713 917 5779 descriptus
970 5712 1023 5762 in
1059 5724 1164 5764 ms.
1190 5708 1496 5766 Bibltorum
1548 5715 1737 5771 codice
1768 5722 1912 5769 emi.

342 5783 653 5834 neutissimi
685 5786 840 5835 card.
880 5781 947 5833 de
978 5781 1202 5838 Bonitio.
1235 5782 1413 5839 MART.

2062 1264 2157 1315 tis.
2192 1261 2389 1315 Libere
2412 1260 2558 1313 enim
2604 1259 2761 1313 vobis
2793 1259 3010 1326 loquor,
3043 1258 3114 1311 ita
3144 1266 3200 1312 et
3246 1258 3302 1311 in
3338 1257 3553 1315 Graecis
3587 1272 3649 1317 et

2061 1355 2273 1407 Latinis
2308 1353 2597 1406 codicibus
2650 1352 2739 1404 hic
2786 1352 3067 1405 nominum
3097 1352 3235 1406 liber
3267 1353 3501 1408 vitiosus
3531 1362 3649 1419 est.

2061 1456 2120 1498 ut
2156 1461 2264 1497 non
2319 1454 2426 1497 tam
2467 1443 2689 1495 Hebraea
2737 1458 2899 1511 quam
2949 1442 3178 1496 barbara
3239 1444 3528 1513 quaedam,
3589 1456 3653 1500 et

2060 1534 2360 1588 Sarmatica
2417 1533 2636 1585 nomina
2702 1544 2963 1603 congesta
3017 1532 3129 1604 [ΑΙ.
3170 1534 3443 1608 conjecta]
3487 1537 3653 1591 arbi-

2064 1627 2317 1679 trandutn
2358 1626 2449 1678 sit.
2481 1623 2592 1677 Nec
2626 1624 2727 1677 hoc
2779 1623 3137 1694 Septuaginta
3189 1627 3601 1697 Interpretibus
3630 1669 3649 1694 ,

2058 1718 2151 1785 qui
2194 1718 2400 1784 Spiritu
2459 1728 2649 1771 sancto
2709 1717 2856 1786 pleni
2899 1718 2941 1781 ‘,
2979 1732 3041 1771 ea
3072 1734 3195 1788 quae
3229 1735 3355 1774 vera
3389 1721 3647 1786 fuerant,

2059 1811 2473 1873 transtulerunt,
2508 1809 2602 1863 sed
2639 1810 2967 1876 scriptorum
2995 1811 3171 1879 culpa:
3206 1813 3642 1879 ascribendum,

2058 1906 2187 1958 dum
2245 1903 2312 1957 de
2351 1904 2715 1957 incmendatis
2768 1903 2877 1974 [ΑΙ.
2914 1904 3246 1976 emendatis]
3282 1907 3647 1964 inemendata

2056 1997 2405 2065 scriptitarit:
2448 2006 2501 2049 et
2528 2010 2669 2064 sirpe
2710 1997 2810 2049 tria
2847 1998 3090 2060 nomina,
3125 1999 3420 2056 subtractis
3454 2016 3485 2056 e
3519 2018 3651 2058 me-

2057 2090 2149 2145 dio
2184 2091 2426 2159 syllabis,
2485 2091 2539 2144 in
2597 2106 2767 2144 unum
2806 2090 3132 2144 vocabulum
3185 2102 3408 2161 cogunt,
3462 2096 3557 2149 vel
3617 2112 3650 2149 e

2058 2182 2280 2251 regione
2330 2197 2500 2235 unum
2548 2197 2769 2246 nomen,
2804 2193 3030 2251 propter
3069 2183 3412 2239 latitudinem
3448 2198 3648 2253 suam,

2058 2275 2110 2327 in
2152 2275 2302 2336 duo,
2352 2275 2433 2327 vel
2484 2273 2584 2326 tria
2635 2274 2896 2327 vocabula
2945 2274 3220 2330 dividunt.
3254 2276 3360 2331 Sed
3391 2289 3450 2332 et
3500 2280 3649 2349 ipsa

2056 2366 2473 2436 appellationes,
2511 2382 2622 2420 non
2668 2366 2944 2433 homines,
2977 2375 3037 2420 ut
3072 2367 3323 2439 plerique
3353 2371 3653 2426 aestimant
3702 2370 3709 2375 ’

2056 2459 2167 2532 [ΑΙ.
2198 2456 2570 2526 existimant],
2595 2456 2691 2512 sed
2720 2458 2906 2521 urbes,
2943 2465 3000 2512 et
3044 2459 3316 2529 regiones,
3343 2468 3398 2514 et
3433 2461 3648 2522 saltus.

2050 2563 2107 2607 et
2145 2550 2458 2621 provincias
2506 2557 2728 2611 sonant.
2783 2556 2839 2601 et
2874 2547 3098 2618 oblique
3145 2550 3247 2603 sub
3294 2550 3648 2620 interpreta-

2050 2642 2197 2694 tione
2234 2650 2290 2693 et
2321 2639 2490 2709 figura
2515 2653 2709 2693 eorum
2740 2640 2784 2705 ⁷,
2825 2638 3074 2709 quaedam
3119 2649 3421 2695 narrantur
3456 2642 3649 2697 histo-

2048 2730 2141 2783 riae
2178 2746 2192 2783 :
2221 2732 2287 2783 de
2314 2729 2517 2798 quibus
2547 2729 2601 2782 in
2634 2728 2956 2798 Regnorum
2990 2729 3129 2784 libro
3181 2730 3407 2794 dicitur,
3436 2731 3646 2791 Nonne

2045 2837 2160 2877 ecce
2204 2824 2314 2877 lucc
2348 2823 2545 2890 scripta
2591 2831 2715 2875 sunt
2754 2825 2805 2876 in
2854 2822 2988 2876 libro
3046 2822 3341 2879 Verborum
3396 2827 3641 2883 Dierum

2047 2931 2228 2985 regum
2263 2914 2405 2969 Juda
2430 2916 2453 2967 ?
2475 2915 2606 2980 Quae
2641 2915 2827 2984 utique
2864 2916 2918 2970 in
2954 2919 3161 2972 nostris
3191 2920 3478 2976 codicibus
3513 2938 3642 2978 non

2044 3009 2337 3064 habentur.
2372 3008 2487 3064 Hoc
2529 3008 2767 3077 primum
2794 3010 3102 3069 sciendum.
3137 3014 3285 3081 quod
3332 3018 3479 3083 apud
3518 3015 3643 3073 He-

2044 3102 2240 3163 brmos,
2273 3102 2727 3170 Paralipomenon
2751 3101 2893 3155 liber
2915 3118 3057 3156 unus
3083 3105 3190 3159 sit:
3218 3116 3275 3161 et
3298 3108 3444 3177 apud
3474 3110 3639 3175 illos,

2044 3204 2267 3248 vocetur
2291 3192 2403 3265 [ΑΙ.
2452 3193 2702 3264 vocatus]
2731 3210 2894 3247 omne
2944 3211 3100 3249 unm
3142 3198 3185 3261 ⁸,
3222 3198 3273 3251 id
3306 3210 3412 3263 est,
3451 3201 3638 3277 γει-δα

2113 3333 2239 3411 ﬁlia
2275 3346 2406 3411 mss.
2455 3344 2684 3393 omnes,
2729 3340 2962 3411 excepto
3009 3333 3441 3411 Carcassonensi
3468 3378 3483 3403 ,
3523 3344 3635 3411 qui

2040 3403 2172 3469 legit
2206 3404 2547 3469 magistram,
2585 3415 2682 3467 pro
2710 3404 3043 3469 magistrum.
3075 3404 3257 3458 ΜΑιιτ.

2110 3474 2132 3505 ³
2166 3470 2534 3543 Quamplures
2572 3485 2703 3523 mss.
2743 3471 2987 3543 codices,
3026 3472 3153 3542 legis
3197 3477 3469 3543 quondam
3521 3498 3636 3536 au-

2037 3554 2199 3606 ctore,
2247 3541 2330 3593 vel
2387 3549 2681 3593 auctorem.
2739 3539 3311 3599 San-Gertna'nens'em
3363 3562 3421 3601 n.
3481 3552 3520 3604 4
3570 3567 3636 3610 ει

2041 3614 2381 3667 Tolosanum
2417 3611 2734 3663 monasterii
2788 3610 2849 3665 Β.
2891 3612 3073 3665 Maria:
3108 3613 3388 3670 lleaurataa
3430 3628 3630 3680 secuti

2036 3681 2427 3762 sumus._.Unus‘
2455 3681 2856 3762 e_monasterio
2884 3692 3073 3762 nostro
3105 3682 3447 3762 Narbonensi
3474 3691 3629 3762 legit

2036 3769 2160 3807 cum
2195 3752 2380 3814 editis,
2410 3748 2536 3819 legis
2561 3753 2838 3818 quemdam
2864 3755 3149 3808 doctorem.
3190 3754 3368 3810 MART.

2107 3853 2175 3865 .-.
2210 3820 2457 3891 Martiali.
2498 3819 2565 3891 fab
2614 3819 2806 3872 librum
2837 3822 3247 3891 reticuit,quod
3290 3841 3492 3883 nomen
3563 3846 3628 3889 et

2035 3893 2335 3962 prreferunt
2378 3889 2622 3962 plerique
2658 3903 2852 3946 omnes
2882 3892 3040 3954 editi,
3083 3889 3139 3946 ei.
3181 3910 3366 3949 revera
3398 3913 3498 3953 aut
3546 3912 3626 3957 at.

2033 3959 2153 4037 ipso
2188 3962 2434 4037 additum
2476 3959 2809 4037 Hieronymo
2841 3972 2944 4025 est,
2984 3971 3079 4037 aut
3130 3974 3278 4018 certe
3328 3970 3622 4037 scriptum

2083 4032 2472 4106 urah‘pomena.
2504 4027 2611 4081 Pro
2629 4027 2708 4106 _eo
2735 4031 3079 4106 etiamquod
3113 4037 3380 4103 sequitur,
3433 4027 3628 4106 quo";

2030 4106 2154 4156 dam
2192 4103 2482 4163 doctorem,
2537 4100 2763 4154 retineri
2824 4100 3010 4155 malim
3067 4100 3207 4157 cunt
3250 4100 3408 4161 antea
3440 4100 3626 4167 editis

2029 4174 2313 4249 quemdam
2348 4169 2514 4249 Yideo
2548 4176 2759 4249 tamen"
2781 4185 2881 4249 cur
2915 4171 3239 4249 adverbium
3288 4176 3426 4249 illud
3477 4196 3628 4249 pro-

2037 4238 2189 4297 barit
2214 4242 2465 4311 Martiali.
2501 4240 2696 4311 magis.
2726 4238 2950 4294 Scilicet
3003 4253 3126 4311 pOSt
3171 4244 3441 4300 Morinum
3477 4238 3627 4306 'exi-

2029 4312 2297 4374 stimavit,
2329 4310 2500 4387 Ileb_r_._
2534 4310 2837 4387 illuquuo
2870 4310 3206 4387 praeceptore
3237 4315 3622 4387 Hieronymus

2032 4399 2163 4438 usus
2190 4390 2295 4445 esi,
2335 4389 2390 4432 et
2444 4378 2544 4453 lib_.
2598 4394 2644 4453 tt_
2687 4378 3145 4453 Continentarior.
3184 4378 3499 4453 inEpistol.
3541 4395 3620 4446 ad

2028 4455 2251 4509 Galatas
2290 4464 2411 4517 cap.
2447 4463 2485 4501 tt
2520 4449 2727 4512 laudat,
2760 4451 2926 4505 fuisse
2963 4467 3030 4505 ex
3065 4449 3617 4516 Hebraeo—Christia-

2028 4538 2181 4575 num.
2229 4522 2401 4585 Quam
2445 4520 2763 4587 opinionem
2801 4535 2867 4574 ex
2904 4524 3097 4576 eodem
3140 4526 3234 4577 illo
3273 4530 3613 4587 testimonio

2024 4596 2354 4651 derivatum,
2383 4589 2609 4666 longius
2657 4591 2726 4666 ab
2775 4592 2925 4666 omni
2976 4594 3226 4666 veritatis
3273 4600 3465 4666 specie
3504 4603 3620 4656 ab-

2022 4679 2166 4727 esse,
2202 4659 2547 4714 ostendimus
2578 4660 2635 4712 in
2682 4660 2739 4714 S.
2774 4660 3024 4715 Doctoris
3065 4663 3204 4718 vim.

2095 4736 2115 4764 ⁸
2174 4732 2291 4785 Non
2356 4729 2575 4783 videtur
2630 4728 2999 4800 Hieronymus
3056 4748 3159 4786 suo
3213 4736 3331 4804 ipse
3384 4755 3560 4796 sensu
3597 4783 3616 4806 ,

2020 4806 2114 4859 sed
2154 4817 2235 4879 ex
2286 4808 2550 4879 concepta
2586 4815 2803 4879 eorum,
2852 4816 2991 4879 quos
3020 4808 3339 4879 compellat,
3372 4820 3430 4862 et
3470 4826 3613 4879 qua:

2020 4875 2229 4944 passitu
2259 4871 2581 4944 _o_btinebat,
2622 4872 2880 4938 opinione
2900 4873 3066 4944 loqui
3097 4891 3110 4924 :
3146 4871 3296 4930 certe
3340 4871 3623 4935 Θεοπῖεύ-

2023 4938 2179 5003 am;
2212 4938 2353 4993 LXX
2403 4942 2738 5007 luterpretes
2777 4938 3070 5006 exstitisSe,
3119 4944 3249 4999 alibi
3299 4959 3429 5001 totis
3480 4953 3618 5009 fere

2020 5013 2238 5081 paginis
2294 5026 2544 5081 suorum;
2576 5026 2804 5077 operum
2854 5023 3116 5081 pernegat
3170 5030 3183 5064 :
3243 5022 3459 5072 tametsi
3512 5024 3621 5077 hic

2019 5079 2217 5137 iterum
2247 5084 2303 5135 in
2336 5079 2674 5136 Prasfationis
2699 5082 2804 5133 line
2838 5079 3072 5147 Spiritus
3096 5090 3265 5139 sancti
3300 5099 3622 5147 auctorita-

2014 5165 2117 5207 tem
2154 5154 2345 5205 iisdem
2388 5167 2500 5202 non
2534 5153 2773 5203 deluisse
2805 5156 3131 5207 subinlerat.

2102 5224 2119 5253 ⁷
2148 5228 2325 5289 Atque
2362 5223 2451 5274 hic
2502 5219 2704 5273 frustra
2738 5221 2949 5275 Auctor
2985 5225 3203 5300 videtur
3234 5227 3301 5280 ad
3334 5229 3624 5300 allegori-

2022 5311 2146 5367 cum
2181 5310 2405 5367 sensum
2441 5306 2794 5358 consurgere,
2828 5310 2951 5347 cum
2986 5309 3106 5361 qua:
3133 5296 3619 5367 Paralipomenon

2016 5366 2177 5419 lihris
2210 5380 2319 5416 non
2353 5364 2656 5440 habentur,
2692 5377 2755 5414 ac
2782 5367 2899 5416 vult
2930 5377 3109 5440 tamen
3155 5384 3220 5419 ex
3263 5364 3329 5421 u;
3358 5372 3617 5440 laudari,

2016 5437 2241 5502 oblique
2278 5436 2878 5512 subuinterpretattone
2916 5450 2995 5512 ac
3037 5438 3208 5503 ligura
3251 5442 3479 5505 excipit.
3518 5436 3617 5512 Id,

2018 5508 2199 5573 inquit
2252 5506 2322 5557 cl.
2383 5504 2638 5566 liuettus,
2673 5505 2717 5555 si
2760 5507 3075 5572 recipimus,
3114 5524 3243 5559 sane
3280 5504 3463 5563 omnia
3519 5504 3621 5569 re;

2018 5589 2301 5645 pertentur
2348 5576 2401 5627 in
2454 5576 2732 5641 omnibus,
2766 5584 2822 5628 et
2859 5591 3049 5645 magna
3090 5584 3362 5646 lignicntts
3415 5586 3618 5639 homi-

2019 5664 2147 5699 num
2188 5654 2423 5699 lenestra
2458 5646 2699 5712 pateliet.
2889 5688 2900 5698 .

2088 5722 2108 5749 ⁸
2144 5720 2195 5769 In
2238 5725 2460 5767 Latione
2511 5714 2838 5769 Meuuniano
2886 5716 3057 5781 pritna
3094 5735 3255 5772 manu
3288 5722 3401 5774 inec
3428 5729 3619 5780 verba

2017 5799 2272 5855 corrupte
2307 5790 2670 5856 legebantur,
2699 5786 2931 5839 Jaomim
2957 5827 2969 5851 ,
3003 5800 3059 5841 et
3090 5792 3354 5841 Jodomim
3393 5808 3409 5848 ;
3447 5806 3618 5862 quod
