3840 6176
214 240 297 302 41⁸]
1473 246 1698 313 LIBER
1739 263 1740 306 ξ

1882 249 2191 312 ΙΕΝΤΙᾹζ.

799 354 1021 414 CAPUT
1065 356 1129 412 11.

267 422 517 476 Dixerunt
547 424 693 477 enim
730 429 1030 490 cogitantes
1078 431 1217 492 apud
1272 446 1327 479 se
1389 446 1494 482 non
1546 443 1741 484 recte:

211 494 472 562 Exiguum,
509 504 562 546 et
593 512 723 566 rum
784 499 944 550 tazdio
978 509 1062 552 est
1111 509 1327 566 tempus
1365 500 1488 552 vita:
1519 513 1742 562 nostrae,

209 573 252 637 et
274 580 373 637 non
399 572 483 637 est
523 563 864 637 refrigerium
901 568 955 619 in
1005 567 1110 620 fine
1138 563 1399 633 honiinis,
1434 585 1487 622 et
1522 582 1744 624 nonest

211 634 283 701 qui
308 635 517 698 agnitus
546 636 616 684 sit
652 650 907 688 reversus
939 637 1005 690 ab
1033 637 1245 691 inferis.

269 703 390 765 Quia
421 716 485 752 ex
522 702 698 756 nihilo
756 707 865 756 uati
921 721 1132 764 sumus.
1162 715 1217 758 et
1245 715 1370 774 post
1403 708 1507 760 hoc
1536 709 1745 763 erimus

213 784 438 844 tanquam
474 786 579 822 nun
615 774 917 826 fuerimus:
954 779 1211 844 quoniam
1250 777 1431 830 fumus
1457 778 1617 832 ﬂatus
1661 791 1745 833 est

210 843 253 894 in
284 840 498 894 naribus
535 846 757 904 nostris.
822 855 876 898 et
909 840 1090 899 sermo
1140 848 1374 900 scintilla
1408 848 1473 900 ad
1503 865 1746 902 commo-

211 911 418 964 vendunt
443 925 536 962 cor
564 924 830 968 nostrum.

268 980 689 1056 Qna_e_x_stincta,
717 986 855 1036 cinis
883 984 988 1038 erit
1023 999 1223 1053 corpus
1250 995 1519 1048 nostrum,
1546 995 1603 1040 et
1629 987 1745 1056 spi-

212 1052 324 1102 ritus
361 1050 704 1102 diffundetur
738 1063 993 1121 tanquam
1043 1050 1221 1109 mollis
1251 1073 1365 1119 aer,
1397 1068 1453 1108 et
1490 1050 1746 1111 transibit

210 1123 298 1172 vita
330 1131 511 1189 nostra
545 1133 798 1187 tauquam
834 1125 1120 1189 vestigium
1169 1127 1353 1185 nubis,
1388 1133 1440 1178 et
1477 1125 1622 1179 sicut
1650 1142 1747 1180 ne-

211 1190 312 1240 ltula
335 1188 686 1260 dissolvetur,
719 1207 839 1258 quae
868 1188 1049 1260 fugata
1078 1203 1164 1248 est
1197 1211 1226 1247 a
1249 1195 1417 1249 radiis
1446 1194 1602 1260 solis,
1630 1208 1684 1250 et
1715 1213 1744 1249 a

210 1259 360 1311 calore
403 1258 548 1309 illius
583 1273 894 1323 aggravata.

263 1329 320 1380 Et
347 1343 544 1378 nomen
575 1341 821 1381 nostrum
855 1331 1186 1404 oblivionem
1213 1336 1448 1403 accipiet
1481 1350 1577 1404 per
1610 1342 1745 1388 tem-

211 1413 308 1464 pus,
355 1404 411 1448 et
447 1412 607 1449 neiuo
645 1401 962 1453 memoriam
996 1403 1222 1460 habebit
1268 1401 1493 1474 operum
1532 1413 1746 1457 nostro-

209 1482 325 1518 1⁵11111.

268 1535 474 1590 Umbra:
523 1537 666 1611 enim
703 1541 963 1611 transitus
993 1552 1077 1596 est
1112 1553 1330 1611 tempus
1383 1555 1654 1608 nostrum,
1689 1551 1745 1596 et

209 1616 389 1658 nonest
429 1609 674 1662 reversio
714 1609 1032 1682 fmis,uostri
1070 1627 1083 1667 :
1134 1609 1390 1681 quantam
1427 1614 1743 1682 consignata

205 1685 288 1736 est,
317 1685 367 1726 et
397 1692 563 1729 nemo
596 1679 909 1735 revertitur.

3311 241 3414 304 4:0

1928 362 2134 416 Invidia
2181 368 2365 416 autem
2405 357 2608 415 diaboli
2661 374 2809 414 mors
2841 357 3084 414 introivit
3133 358 3185 413 in
3224 358 3416 414 Otbcm

1855 442 2202 557 loiiiiiltlaliii.itr
2227 511 2408 556 autem
2440 500 2592 554 illum
2620 499 2710 569 qui
2739 509 2959 555 suntex
2988 505 3145 568 parte
3175 497 3354 566 illius.

2453 658 2679 716 CAPUT
2714 656 2799 714 111.

1921 759 2200 814 Justorum
2250 769 2428 812 autem
2479 759 2673 810 anima:
2709 756 2760 807 in
2823 767 2984 806 manu
3037 751 3129 806 Dei
3178 760 3322 818 sunt,
3357 762 3412 818 et

1849 845 1955 884 non
1993 837 2177 895 tanget
2212 828 2334 880 illos
2372 839 2700 881 tormentum
2738 823 2949 876 mortis.

1925 899 2041 952 Visi
2070 892 2199 950 sunt
2228 899 2402 950 oculis
2440 896 2816 962 insipientium
2850 892 2986 946 mori
3019 907 3032 950 :
3064 900 3120 945 et
3148 892 3411 946 mstimata

1847 979 1929 1023 est
1960 967 2178 1020 afﬂictio
2219 968 2400 1020 exitus
2433 969 2674 1020 illorum.

1922 1040 1988 1091 Et
2017 1037 2162 1105 quod
2194 1051 2222 1088 a
2253 1037 2414 1090 nobis
2448 1045 2534 1090 est
2575 1036 2699 1099 iter,
2730 1032 3117 1088 exterminium
3149 1047 3164 1085 :
3200 1030 3278 1085 illi
3312 1048 3413 1084 an.

1847 1117 1957 1162 tem
1986 1117 2114 1159 sunt
2148 1111 2200 1158 in
2232 1121 2388 1174 pace.

1911 1178 1978 1230 Et
2005 1179 2048 1229 si
2079 1190 2264 1228 coram
2296 1174 2612 1228 hominibus
2635 1181 2900 1228 tormenta
2934 1175 3074 1242 passi
3105 1182 3253 1233 sunt,
3284 1187 3410 1239 spes

1846 1248 2065 1300 illorum
2101 1247 2510 1298 immortalitate
2542 1245 2696 1311 plena
2737 1253 2844 1297 est.

1920 1317 1975 1370 ln
2009 1313 2195 1382 paucis
2228 1317 2427 1377 vexati,
2477 1315 2529 1365 in
2569 1314 2750 1366 multis
2800 1312 2940 1365 bene
2993 1311 3354 1382 disiionentur
3395 1331 3408 1364 :

1846 1380 2103 1456 quoniam
2153 1385 2296 1437 Deus
2350 1385 2578 1439 tentavit
2625 1398 2741 1447 eos,
2797 1392 2852 1436 et
2897 1383 3106 1435 invenit
3160 1380 3281 1434 illos
3331 1382 3410 1436 di-

1846 1471 1981 1525 gnos
2011 1470 2089 1508 se.

1914 1525 2191 1592 Tanquam
2223 1539 2414 1579 aurum
2474 1524 2527 1576 in
2577 1522 2798 1576 fornace
2847 1519 3098 1592 probavit
3150 1517 3292 1592 illos,
3355 1529 3410 1572 et

1848 1597 1997 1660 quasi
2053 1588 2374 1649 'holocausti
2426 1593 2658 1647 hostiam
2689 1588 2901 1660 accepit
2936 1590 3079 1653 illos,
3111 1597 3166 1642 et
3193 1588 3247 1642 in
3277 1601 3415 1642 tem-

1850 1679 1982 1733 pore
2017 1667 2122 1716 erit
2155 1675 2434 1731 respectus
2468 1664 2708 1718 illorum.
2882 1730 2892 1733 _
3099 1727 3110 1733 ,
3265 1678 3270 1682 ’

263 1721 983 1816 velut?Eigdféiiiiiiiiiur
1019 1752 1179 1806 bonis
1208 1768 1329 1820 quae
1362 1760 1512 1814 sunt,
1539 1761 1596 1805 et
1624 1761 1745 1806 uta-
1779 1721 1818 1778 Β
1851 1721 1867 1733 ³
1922 1721 2416 1820 ῩυΙξόΪ⁵¹³¹¹¹η¹1υείίν
2445 1743 2498 1786 Gl
2526 1741 2788 1800 umquam
2819 1729 3069 1785 δοίηῑίηίθ
3098 1727 3153 1782 in
3186 1727 3414 1782 θτυηάίο

210 1826 584 1894 titurereatura
620 1827 877 1882 tanquam
915 1821 968 1873 in
1000 1823 1286 1890 iuventute
1325 1825 1596 1894 celeriter.

272 1883 390 1936 Vino
432 1898 668 1952 pl't'lluso
721 1883 1100 1963 et__unguentis
1132 1907 1231 1946 nos
1280 1893 1602 1963 impleamus
1638 1907 1652 1943 :
1689 1898 1746 1944 et

204 1969 297 2034 non.
317 1966 600 2018 praetereat
631 1972 731 2010 nos
763 1958 860 2011 llos
895 1963 1174 2029 temporis.

265 2027 592 2098 coronemus
645 2043 747 2098 nos
782 2031 944 2090 rosis,
1003 2027 1295 2098 antequam
1338 2039 1683 2088 marcescant
1725 2045 1739 2085 :

207 2096 386 2212 multum
433 2107 647 2161 pratum
687 2097 776 2162 sit,
833 2101 980 2167 quod
1017 2117 1123 2155 non
1150 2096 1501 2168 pertranseat
1527 2100 1741 2156 luxuria

207 2181 284 2212 ΙΙυδ
313 2179 384 2212 ra.

206 2179 384 2214 nostra.

255 2233 408 2314 hcine
449 2244 696 2314 nostrum
729 2254 922 2314 ersors
949 2241 1016 2294 sit
1046 2240 1276 2314 luxuria:
1295 2252 1520 2302 nostrae,
1540 2239 1743 2309 ubique

203 2307 552 2380 relinquamus
584 2308 741 2374 signa
776 2311 973 2363 iiBllllu!
1011 2327 1022 2362 :
1061 2312 1318 2378 quoniam
1353 2315 1466 2365 haec
1500 2321 1585 2365 est
1613 2307 1743 2380 pars

203 2383 382 2429 nostra.
407 2385 463 2425 et
494 2375 608 2426 lucc
639 2389 724 2431 est
755 2394 894 2433 Sors.

232 2445 632 2521 .lJpprimamus
661 2463 954 2515 pauperem
977 2448 1208 2518 justum,
1237 2460 1421 2503 etnon
1453 2464 1742 2521 parcamus

200 2515 369 2590 videat,
403 2529 507 2568 nec
537 2521 780 2571 veterani
834 2515 1184 2574 revereamur
1212 2535 1377 2574 canos
1411 2515 1568 2574 niulti
1606 2530 1740 2574 tem-

201 2596 342 2648 ports.

256 2649 561 2733 Sttautem
598 2657 865 2733 fortitudo
901 2669 1084 2733 nostra
1137 2659 1222 2733 lex
1266 2657 1540 2729 iustitiae:
1591 2659 1736 2728 quod

196 2735 320 2805 enim
351 2727 630 2778 infirmum
660 2741 764 2793 est,
799 2731 990 2805 inutile
1019 2727 1318 2783 invenitur.

256 2797 760 2873 Circumveniamus
797 2817 931 2873 ergo
963 2800 1192 2868 justum,
1230 2799 1488 2868 quoniam
1527 2797 1737 2852 inutilis

192 2869 263 2913 est
283 2864 455 2928 nobis,
480 2876 539 2919 et
567 2864 979 2924 contrarius—est
1007 2864 1264 2936 Operibus
1296 2873 1515 2932 nosu'is,
1549 2877 1603 2922 et
1633 2872 1738 2920 im-

197 2946 423 2998 properat
475 2939 638 2991 nobis
695 2951 915 3008 peccata
951 2942 1108 3008 legis,
1141 2952 1196 2994 et
1233 2940 1478 2992 diffamat
1529 2939 1585 2991 in
1641 2954 1738 2990 nos

193 3017 388 3074 peccata
418 3009 724 3074 disciplinae
762 3022 982 3063 nostrae.

252 3073 521 3133 l’ronnttit
550 3060 850 3134 scienti-ain
870 3060 980 3134 Dei
998 3079 1222 3146 habere,
1255 3088 1312 3132 et
1345 3078 1520 3132 filium
1550 3077 1645 3132 Dei
1678 3093 1736 3132 se
1764 3060 1809 3114 θ

199 3157 441 3200 nominat.
641 3177 644 3180 ~
1213 3159 1227 3172 ‘

251 3213 434 3270 Factus
466 3229 554 3273 est
602 3221 763 3275 nobis
801 3221 855 3274 in
894 3219 1290 3275 traductionem
1336 3217 1734 3286 cogitationum

194 3295 504 3344 uestrarum.

225 3357 426 3432 putaris
471 3371 560 3414 est
591 3361 754 3414 nobis
796 3361 963 3414 etiam
994 3361 1060 3413 ad
1099 3359 1420 3432 videndum,
1473 3359 1732 3428 quoniam

187 3427 446 3504 dissimilis
495 3443 585 3485 est
624 3433 747 3485 aliis
797 3435 905 3486 vita
952 3432 1122 3494 illius,
1162 3430 1217 3484 et
1252 3427 1550 3484 immutata:
1605 3442 1733 3484 sunt

188 3512 270 3548 ita:
290 3513 422 3564 qus.

246 3566 515 3635 Tanquam
572 3587 809 3642 nugaccs
843 3571 1094 3624 aestimati
1153 3585 1341 3623 sumus
1396 3571 1463 3623 ab
1518 3571 1633 3637 illo,
1675 3583 1732 3628 et

185 3637 398 3693 abstinet
428 3657 488 3695 se
517 3657 550 3694 a
585 3637 685 3695 viis
720 3651 918 3695 nostris
946 3652 1199 3710 tanquam
1235 3642 1301 3693 ab
1337 3642 1728 3708 ltllllltltltiliilb‘,

188 3718 233 3757 et
258 3713 468 3773 prtel'ert
502 3714 805 3766 novissima
827 3714 1122 3781 justorum,
1146 3721 1199 3762 et
1219 3711 1484 3778 gloriatur
1516 3726 1726 3779 patrem

187 3790 233 3828 se
248 3781 446 3852 habere
481 3784 682 3835 Deum.

248 3846 535 3906 Videamus
589 3868 723 3921 ergo
755 3855 797 3908 si
845 3866 1129 3907 sermones
1167 3850 1313 3904 illius
1362 3853 1471 3903 vari
1504 3853 1634 3917 sint,
1673 3864 1729 3908 et

186 3927 432 3975 tenteuius
463 3939 592 3990 qua:
621 3935 850 3976 ventura
901 3933 1031 3976 sunt
1064 3923 1164 3987 illi,
1211 3929 1264 3972 et
1321 3924 1558 3974 sciemus
1609 3939 1728 3992 qua:

181 4002 320 4041 erunt
352 3998 658 4046 novissima
692 3995 859 4046 illius.

203 4060 290 4132 Wst
321 4063 468 4115 enim
506 4075 595 4116 est
627 4078 790 4117 verus
823 4063 963 4116 lilius
998 4062 1118 4125 Dei,
1154 4060 1416 4128 suscipiet
1461 4061 1634 4127 illum,
1673 4073 1728 4116 et

184 4130 416 4185 liberabit
446 4148 579 4185 cum
612 4135 683 4186 de
714 4136 967 4186 inanibus
997 4144 1424 4185 contrariorum.

235 4200 581 4256 Contumelia
615 4213 672 4257 et
709 4213 979 4256 tormento
1035 4206 1431 4268 interrogemus
1477 4217 1624 4269 eum,
1667 4214 1726 4256 ut

179 4273 394 4393 sititamus
425 4276 799 4328 reverentiam
828 4273 968 4342 ejus,
993 4282 1047 4326 et
1079 4272 1376 4340 probemus
1407 4275 1724 4340 patientiam

179 4355 190 4391 l
231 4356 322 4393 ius.

179 4355 322 4396 1111115.

235 4413 397 4468 Morte
433 4414 762 4484 turpissima
789 4415 1221 4468 condemnemus
1247 4427 1375 4466 cum
1406 4429 1419 4464 :
1451 4412 1555 4465 erit
1581 4419 1726 4468 enim
1761 4409 1807 4467 Ι)

178 4483 219 4535 ei
244 4483 624 4552 respectusex
658 4487 1007 4540 sermonibus
1042 4485 1213 4538 illius.

234 4572 352 4630 llaec
375 4581 788 4644 cogitaverunt,
811 4585 867 4631 et
884 4584 1211 4631 erraverunt
1234 4592 1248 4630 :
1270 4577 1570 4630 excaecavit
1587 4578 1735 4631 enim

178 4645 284 4698 illos
299 4650 507 4699 malitia
527 4662 752 4700 eorum.

233 4738 294 4794 Et
316 4743 643 4796 nescierunt
690 4747 1030 4795 sacramenta
1064 4740 1179 4804 Dei;
1215 4755 1392 4808 neque
1425 4744 1734 4796 mercedem

176 4822 522 4886 speraverunt
575 4813 823 4879 justitiae,
879 4811 1390 4882 necjudicaverunt
1471 4814 1734 4866 honorem

177 4898 472 4935 annuaruut
503 4892 846 4936 sanctarum.

233 4978 501 5041 Quoniam
560 4977 705 5031 Deus
761 4976 967 5030 creavit
1024 4975 1303 5033 hominem
1343 4977 1737 5033 inextermina-

178 5046 344 5110 bilem.
402 5063 459 5104 et
517 5051 591 5102 ad
641 5051 935 5118 imaginem
992 5047 1371 5105 similitudinis
1431 5065 1543 5103 suae
1607 5052 1737 5103 fecit

178 5130 336 5174 lllum.

234 5323 621 5392 ‘Augustinus
662 5322 726 5375 de
763 5321 1013 5376 Doctrina
1055 5323 1360 5376 Christiana
1395 5323 1430 5372 Ι.
1463 5338 1523 5384 ιι,
1553 5337 1601 5376 c.
1641 5322 1727 5382 1‘2,

174 5408 222 5444 ll.
278 5391 382 5448 ιὸξ
449 5412 468 5444 ι
507 5395 650 5448 lltne
700 5408 782 5447 est
830 5408 988 5445 etiam
1027 5397 1182 5454 illud,
1235 5397 1490 5461 quoniam
1530 5391 1732 5461 μόσχος

174 5465 327 5529 iliiht.
367 5481 655 5534 perperam
684 5471 867 5532 κόχος)
898 5466 1081 5517 Graece
1115 5465 1306 5516 titulus
1368 5466 1592 5525 dieitur,
1644 5480 1739 5531 μο-

174 5539 545 5604 ηίύμςιτιιιυί
559 5547 677 5588 iam
701 5553 809 5587 non
827 5538 1210 5588 intellexermit
1226 5551 1344 5587 esse
1364 5535 1737 5600 plantationes,

169 5621 209 5654 rt
236 5622 553 5659 tuumtuum
590 5610 926 5674 Interpretati
956 5615 1082 5659 sunt
1109 5625 1119 5657 ι
1153 5606 1245 5672 qui
1277 5621 1430 5657 error
1463 5616 1569 5658 tam
1598 5605 1741 5655 Inul-

172 5685 237 5730 lJa
271 5684 494 5734 codices
527 5684 955 5746 praeoccupavit,
995 5688 1052 5729 ut
1096 5677 1182 5728 vix
1232 5675 1544 5730 inveniatur
1572 5677 1732 5727 aliter

1849 1813 1977 1856 neto
2010 1805 2344 1858 discurrent.

1914 1875 2245 1926 Judiealmnt
2288 1875 2559 1936 nationes,
2596 1882 2649 1925 et
2681 1869 3117 1925 dominabuntur
3171 1865 3410 1936 populis,

1847 1953 1901 1997 et
1932 1943 2179 2010 regnabit
2211 1943 2471 1995 Dominus
2499 1944 2713 1994 illorum
2744 1943 2798 1993 in
2827 1949 3171 2010 perpetuum.

1917 2009 2017 2076 Qui
2058 2015 2341 2065 contldunt
2391 2014 2439 2064 in
2493 2011 2607 2074 illo,
2647 2011 2951 2078 intelligent
2984 2009 3270 2078 veritatem
3305 2021 3322 2059 :
3355 2015 3413 2060 et

1849 2083 2035 2136 fideles
2074 2085 2124 2134 in
2165 2082 2458 2135 dilectione
2490 2077 2843 2148 aeqniescent
2871 2078 2949 2131 illi
2976 2093 2989 2128 :
3019 2077 3281 2145 quoniam
3314 2079 3413 2131 do-

1848 2168 1975 2205 num
2013 2164 2066 2206 et
2099 2169 2197 2220 pax
2231 2161 2313 2204 est
2342 2152 2531 2205 electis
2563 2152 2702 2221 ejus.

1914 2223 2066 2289 [inpii
2096 2216 2274 2274 autem
2310 2216 2612 2273 secundum
2640 2234 2757 2283 quae
2788 2216 3189 2289 cogitaverunt,
3225 2229 3410 2268 corre-

1846 2287 2086 2358 ptiouem
2123 2292 2406 2344 habebunt
2443 2306 2456 2346 :
2506 2291 2595 2357 qui
2634 2290 2991 2358 neglexerunt
3024 2287 3257 2356 justum,
3291 2292 3346 2337 et
3381 2300 3411 2336 ιι

1845 2361 2078 2414 lloiiiino
2120 2369 2485 2414 recesserunt.

1917 2431 2248 2498 Sapientiam
2301 2432 2446 2481 enim
2516 2438 2572 2482 et
2643 2427 2989 2496 disciplinam
3043 2428 3134 2494 qui
3181 2423 3408 2494 abjicit,

1845 2501 2034 2555 infelix
2067 2510 2150 2554 est
2189 2517 2203 2552 :
2254 2508 2308 2550 et
2339 2514 2505 2551 vacua
2537 2509 2620 2552 est
2655 2515 2779 2568 spes
2827 2498 3069 2560 illorum,
3103 2504 3159 2551 et
3196 2498 3410 2551 labores

1841 2573 1960 2624 sine
2004 2572 2206 2634 fructu,
2241 2581 2290 2621 et
2327 2569 2538 2638 inutilia
2572 2584 2736 2638 opera
2768 2582 2986 2621 eorum.

1916 2640 2169 2693 Mulieres
2221 2654 2412 2692 eorum
2463 2635 2752 2692 insciisata:
2811 2647 2959 2697 sunt.
2999 2645 3052 2691 et
3086 2635 3408 2704 nequissimi

1842 2709 1936 2762 lilii
1963 2726 2178 2763 eorum.

1915 2779 2196 2832 Maledicta
2261 2786 2510 2830 creatura
2562 2792 2776 2838 eorum,
2835 2777 3094 2843 quoniam
3147 2773 3272 2826 felix
3326 2786 3407 2828 est

1840 2851 2042 2904 sterilis
2075 2864 2088 2904 :
2126 2860 2180 2903 et
2209 2849 2640 2916 incoinquinata,
2679 2862 2803 2918 quae
2836 2846 3071 2898 nescivit
3103 2846 3318 2918 thorum
3351 2847 3403 2900 in

1841 2921 2058 2984 delicto,
2094 2921 2319 2975 habebit
2356 2915 2594 2972 fructum
2624 2922 2675 2971 in
2698 2915 3061 2984 vrespectione
3099 2915 3402 2968 animarum

1842 3003 2178 3045 sanctarum.

1913 3061 1978 3113 Et
2007 3063 2199 3130 spado,
2237 3061 2328 3130 qui
2361 3075 2467 3113 non
2502 3069 2761 3128 operatus
2793 3067 2872 3112 est
2907 3071 3006 3130 per
3044 3069 3239 3108 manus
3269 3069 3400 3130 suas

1841 3127 2205 3198 iniquitatem.
2251 3127 2351 3183 nec
2385 3127 2641 3198 cogitavit
2667 3133 2931 3181 adversus
2974 3128 3142 3198 Deum
3179 3127 3404 3191 nequis-

1839 3197 1974 3257 sima
2013 3216 2028 3255 :
2081 3202 2304 3254 dabitur
2337 3197 2480 3252 enim
2515 3199 2590 3250 illi
2624 3201 2744 3252 lidei
2796 3199 3000 3251 donum
3048 3197 3310 3257 electum,
3347 3201 3405 3245 et

1838 3287 1962 3327 sors
1985 3273 2037 3323 in
2069 3275 2272 3338 templo
2307 3272 2397 3323 Dei
2433 3269 2840 3335 acceptissima.

1913 3334 2198 3393 Bonorunf
2219 3345 2366 3393 enim
2405 3334 2653 3391 laborum
2679 3340 2948 3406 gloriosus
2974 3347 3056 3391 est
3088 3334 3321 3396 fructus,
3344 3343 3399 3387 et

1837 3425 1958 3480 quae
2000 3426 2103 3462 non
2137 3412 2390 3463 concnlat
2424 3410 2576 3480 radix
2608 3409 2911 3475 sapientia.

1914 3480 2032 3533 Filii
2110 3491 2289 3533 autem
2358 3471 2738 3532 adulterorum
2807 3482 2862 3530 in
2932 3471 3410 3529 consummatione

1834 3562 2020 3615 eru..t,
2070 3560 2126 3604 et
2172 3552 2239 3602 ab
2275 3552 2463 3616 iniquo
2497 3550 2656 3600 thoro
2687 3563 2872 3601 semen
2912 3543 3399 3599 exterminabitur.

1911 3625 1974 3674 lat
2008 3623 2052 3674 si
2087 3623 2307 3688 quidem
2334 3621 2506 3684 longae
2537 3620 2662 3669 vitae
2688 3632 2874 3681 erunt,
2902 3623 2956 3669 in
2984 3616 3216 3668 nihilum
3245 3625 3398 3663 com-

1833 3705 1960 3762 puta
1973 3694 2196 3757 buntur,
2227 3700 2283 3744 et
2303 3692 2422 3743 sine
2455 3691 2665 3740 honore
2689 3698 2797 3739 erit
2822 3689 3114 3741 novissima
3139 3691 3402 3736 senectus

1834 3767 2071 3818 illorum.

1905 3833 1970 3885 Et
2001 3836 2046 3886 si
2096 3831 2332 3886 celerius
2377 3833 2620 3888 defuncti
2674 3832 2898 3893 fuerint,
2953 3844 3059 3881 non
3122 3827 3402 3880 habebunt

1832 3919 2004 3972 Spem,
2042 3918 2144 3956 nec
2173 3906 2228 3954 in
2259 3901 2350 3954 die
2375 3904 2672 3974 agnitionis
2694 3901 3108 3974 allocutionem.

1905 3975 2154 4027 Μιιυιιίε
2211 3978 2359 4026 enim
2417 3976 2622 4044 iniqua:
2673 3973 2808 4026 dira:
2862 3981 2992 4024 sunt
3045 3979 3401 4022 consumma—

1832 4045 2028 4098 tiones.

2421 4113 2651 4171 CAPUT
2703 4112 2794 4168 IV.

1904 4207 1948 4261 0
1979 4223 2140 4276 quam
2180 4207 2410 4276 pulchra
2440 4218 2524 4261 est
2567 4215 2716 4260 casta
2766 4203 3052 4277 generatio
3089 4214 3212 4255 cum
3244 4197 3403 4277 clari-

1831 4289 1940 4332 tate
1965 4282 1978 4333 l
2005 4275 2332 4334 immortalis
2364 4290 2448 4332 est
2470 4279 2617 4330 enim
2642 4276 2905 4329 memoria
2927 4275 3112 4326 illius:
3143 4275 3403 4338 quoniam

1833 4360 1890 4404 et
1922 4352 2062 4418 apud
2099 4352 2266 4402 Deum
2301 4357 2429 4401 nota
2457 4359 2558 4410 cst,
2591 4355 2646 4398 et
2671 4347 2815 4413 apud
2847 4347 3121 4397 homines.

1909 4439 2043 4495 Cum
2069 4447 2442 4510 prazsensest,
2475 4438 2756 4510 imitantur
2782 4436 2931 4488 illam
2966 4449 2979 4486 :
3012 4446 3068 4488 et
3094 4433 3411 4488 desiderant

1843 4526 1961 4565 eam
2021 4507 2145 4564 cum
2181 4526 2238 4564 se
2268 4509 2542 4572 eduxerit,
2579 4518 2638 4560 et
2670 4507 2724 4560 in
2760 4514 3088 4574 perpetuum
3142 4514 3403 4557 coronata

1843 4582 2145 4662 triumphat
2173 4583 2710 4647 incotnqumatorum
2733 4586 3091 4631 certaminum
3118 4576 3404 4643 praemium

1843 4667 2095 4707 VIIICCHS.

1907 4745 2198 4814 Multigena
2246 4753 2426 4798 autem
2481 4743 2772 4814 impiorum
2830 4741 3126 4794 multitudo
3157 4741 3409 4814 nonet-it

1842 4817 2010 4880 utilis,
2067 4811 2120 4869 et
2172 4818 2353 4884 spuria
2392 4813 2750 4866 vitulamiua‘
2792 4828 2898 4863 non
2933 4813 3143 4884 dabunt
3198 4811 3413 4864 I'adiCes

1839 4889 2002 4949 altas,
2059 4900 2164 4939 nec
2194 4883 2387 4939 Stabile
2444 4884 2854 4936 tinnamentum
2892 4883 3264 4936 collocabunt.

1906 4978 1973 5032 Et
2002 4979 2046 5032 si
2081 4980 2133 5032 in
2162 4966 2326 5030 ramis
2359 4978 2413 5030 in
2452 4985 2698 5044 tempore
2755 4976 3212 5043 germinaverint,
3254 4973 3410 5030 infit-

1841 5051 2002 5104 initer
2034 5059 2210 5118 posna
2237 5064 2267 5100 a
2301 5055 2465 5118 vento
2497 5049 3016 5109 commovebuntur,
3053 5055 3108 5099 et
3140 5062 3168 5098 a
3205 5046 3401 5100 nimie-

1842 5132 1950 5174 tate
1979 5117 2266 5172 ventorum
2299 5117 2748 5170 eradicabuntur.

1839 5322 2128 5390 scriptum,
2173 5330 2227 5372 et
2257 5329 2438 5372 tamen
2471 5316 2743 5390 sententia
2792 5316 3242 5390 manifestissmia
3297 5323 3404 5375 est,

1838 5385 1968 5461 quia
2026 5391 2278 5443 clarescit
2336 5388 2811 5461 consequentibus
2861 5388 3106 5461 verbis__:
3159 5385 3407 5461 Namque

1837 5454 2149 5514 titlulterinat
2195 5461 2552 5526 plantationes
2587 5475 2686 5510 non
2721 5459 2918 5511 dabunt
2980 5455 3182 5507 radices
3243 5454 3404 5513 alias,

1839 5533 2258 5586 eonvetiietitiits
2281 5533 2505 5592 dicitur,
2537 5543 2699 5595 quam
2739 5528 3069 5587 vitulantina,
3095 5541 3217 5593 qua:
3257 5526 3408 5592 pcdi~

1841 5608 1943 5656 bus
1979 5604 2035 5655 in
2072 5614 2215 5656 terra
2271 5601 2616 5672 gradiuntur,
2673 5609 2722 5652 et
2783 5615 2891 5653 non
2946 5597 3154 5649 luerent
3211 5596 3409 5652 radicis

1842 5675 1962 5727 bus.
2007 5690 2026 5723 ι
