3840 6176
350 261 451 329 431

1792 245 2198 308 ΑΡΓΕΝΒΙΧ.

3506 242 3612 305 43?.

413 375 851 447 Conlringentur
910 373 1058 430 enim
1113 367 1732 447 rami_i_nconsum_mati
1772 367 1813 447 ξ,
1872 375 1928 419 et
1958 373 2000 427 Α
2032 369 2173 423 dens
2200 381 2294 447 per
2326 366 2431 420 vim
2463 365 2676 447 itineris
2706 378 2889 447 aerem
2928 380 2940 416 :
2970 364 3261 446 commotis
3302 363 3404 447 alis
3430 373 3609 447 trans-

344 451 557 505 frucms
579 435 791 501 illorum
813 444 1058 507 inutiles,
1075 441 1322 498 etacerbi
1353 442 1418 493 ad
1444 435 1909 501 manducandum,

344 532 402 575 et
430 519 496 573 ad
526 518 758 589 nihilum
783 517 920 589 apti.
1165 580 1177 589 .
1267 578 1353 589 mu
1519 578 1531 589 _

422 591 497 644 Ex
552 587 755 655 iniquis
807 578 952 655 enim
1002 580 1210 636 somnis
1263 578 1380 639 lllii.
1439 578 1532 646 qui
1586 585 1925 655 nascuntur,

350 671 515 714 testes
554 650 684 711 sunt
713 654 969 723 nequitia:
1004 655 1271 706 adversus
1307 658 1566 719 parentes
1594 650 1648 702 in
1684 650 1827 702 inter
1844 662 1929 701 ro-

349 732 710 798 gationesua.
900 790 912 798 _
1517 797 1520 798 ν
1631 787 1650 798 Α

411 796 600 853 Justus
650 801 832 847 autem
869 790 912 845 si
951 799 1129 845 morte
1180 797 1598 858 praeoccupatus
1628 787 1826 854 fuerit,
1870 788 1927 841 in

350 866 637 934 refrigerio
662 864 790 915 erit.
814 931 825 938 ἡ
1146 929 1158 938 _
1652 926 1685 938 ..

420 926 688 991 Senectus
739 931 885 984 enim
939 929 1273 983 venerabilis
1330 940 1414 982 est
1466 942 1574 980 non
1633 926 1923 987 diuturna.

348 1021 527 1075 neque
577 1017 853 1075 annorum
889 1015 1122 1075 numero
1181 1009 1540 1070 computata:
1579 999 1699 1051 cani
1735 1009 1923 1053 autem

350 1070 476 1130 sunt
498 1088 692 1129 sensus
712 1070 967 1124 liomiiiis.

421 1146 489 1199 Et
518 1154 651 1197 anas
682 1144 985 1194 senet-tutis
1017 1140 1125 1193 vita
1158 1141 1532 1194 immaculata.

423 1215 653 1268 Placeas
688 1210 800 1264 Deo
837 1209 1013 1264 lactus
1044 1221 1123 1263 est
1156 1210 1412 1275 dilectus,
1449 1221 1505 1263 et
1546 1213 1735 1264 vivens
1778 1208 1922 1263 inter

352 1293 672 1357 peceatores
705 1281 1141 1357 lt‘ﬂllSlalllS“e_Sl.

422 1356 630 1422 Raptus
669 1362 772 1416 est,
804 1366 872 1422 ne
908 1350 1114 1403 malitia
1141 1350 1754 1422 mutaretintellectum
1778 1352 1924 1422 ejus,

350 1434 446 1481 aut
476 1420 542 1477 ne
571 1423 718 1475 lictio
741 1420 1017 1488 deciperet
1052 1422 1289 1473 animam
1328 1421 1499 1474 illius.

429 1494 739 1547 Fasciuatio
790 1506 934 1543 enim
987 1489 1317 1559 nugacitatis
1350 1492 1613 1544 obscurat
1663 1489 1831 1553 bona,
1870 1501 1925 1545 et

355 1567 721 1621 inconstantia
782 1562 1248 1629 concupiscentia:
1314 1561 1637 1615 traiisvertit
1695 1576 1919 1615 sensum

356 1638 480 1694 sine
498 1632 700 1687 malitia
715 1672 727 1685 .

425 1705 851 1760 Consummatus
885 1702 939 1756 in
976 1700 1126 1753 brevi
1161 1700 1401 1768 explevit
1444 1710 1685 1769 tempora
1728 1702 1920 1757 multa.

423 1775 633 1831 Plaeita
669 1772 814 1827 enim
844 1781 961 1825 erat
995 1770 1104 1822 Deo
1132 1772 1313 1823 anima
1341 1771 1488 1823 illius
1516 1786 1529 1823 :
1565 1780 1792 1841 propter
1821 1774 1927 1828 lioc

358 1844 675 1915 properavit
726 1841 965 1915 educere
1015 1842 1162 1892 illniii
1199 1840 1267 1892 de
1303 1843 1484 1915 medio
1516 1840 1875 1915 in’iquitatum
1908 1860 1922 1896 :

357 1911 544 1985 populi
602 1921 787 1967 autem
823 1912 1090 1985 videntes,
1126 1919 1193 1985 et
1233 1925 1343 1963 non
1398 1911 1787 1980 intelligentes,
1826 1928 1927 1967 nec

359 1980 625 2056 ponentes
658 1985 710 2036 in
750 1981 1068 2056 prtccordiis
1104 1980 1249 2056 talia.

428 2058 696 2120 Quoniam
732 2050 906 2122 gratia
948 2052 1039 2103 llei
1095 2062 1149 2105 et
1183 2050 1558 2122 misericordia
1589 2060 1677 2105 est
1708 2050 1761 2105 in
1796 2068 1927 2107 san-

360 2137 477 2179 ctos
502 2125 643 2194 ejus,
681 2120 753 2177 ct'
770 2132 1051 2194 respectus
1086 2124 1137 2173 in
1159 2120 1369 2174 electos
1402 2121 1570 2174 illius.

431 2192 778 2247 (loudemnat
806 2200 986 2245 autem
1021 2193 1206 2259 justus
1236 2200 1487 2244 mortuus
1518 2194 1676 2245 vivos
1708 2192 1925 2259 impios,

359 2276 419 2319 et.
446 2268 705 2335 juvi-ntus
750 2265 985 2317 celerius
1031 2270 1414 2319 oonsuniiiiata
1492 2262 1708 2331 longam
1760 2265 1928 2317 vitam

365 2334 575 2389 iniusti.

420 2353 711 2458 J{gilii-bunt
740 2403 887 2458 enim
915 2402 1076 2458 linem
1101 2406 1388 2474 sapientis,
1414 2416 1600 2461 etnon
1625 2401 1932 2471 intelligent

362 2477 496 2545 quid
551 2474 871 2546 cogitaverit
900 2475 969 2528 de
1003 2476 1098 2532 illo
1150 2477 1314 2542 Deus,
1364 2488 1420 2532 et
1450 2491 1621 2546 quare
1668 2475 1932 2529 niuiiicrit

364 2544 516 2601 illum
562 2544 849 2598 Dominus.

441 2617 735 2678 Videbunt,
777 2626 827 2667 et
859 2625 1214 2671 contemncnt
1248 2633 1373 2672 eum
1409 2634 1422 2671 :
1458 2616 1579 2671 illos
1617 2624 1798 2669 autem
1830 2614 1934 2669 Do-

362 2688 549 2743 mitius
588 2684 861 2739 irridebit.

431 2759 499 2811 Et
525 2765 689 2809 erunt
719 2763 839 2824 post
869 2757 985 2811 haec
1013 2756 1333 2811 decidentes
1364 2756 1483 2811 sine
1521 2757 1753 2821 honore,
1786 2768 1839 2811 et
1877 2758 1934 2810 in

361 2826 694 2882 contumelia
726 2826 868 2879 inter
892 2836 1139 2897 mortuos
1164 2830 1218 2880 in
1251 2839 1578 2897 perpetuum
1617 2839 1634 2882 :
1673 2830 1931 2893 quoniam

362 2901 672 2964 disrumpet
715 2897 839 2950 illos
884 2896 1099 2952 inﬂatos
1124 2898 1242 2952 sine
1272 2914 1423 2963 voce,
1458 2908 1514 2952 et
1567 2898 1936 2951 cominuveliit

364 2971 487 3022 illos
534 2984 562 3019 a
594 2967 987 3030 fundamentis,
1016 2978 1071 3020 et
1102 2983 1281 3036 usque
1316 2968 1383 3021 ad
1420 2983 1740 3035 supremum
1778 2968 1935 3022 deso-

363 3040 623 3091 labuntur
657 3053 672 3089 :
704 3050 759 3090 et
787 3048 947 3089 erunt
977 3052 1281 3107 gementes,
1314 3048 1369 3091 et
1402 3037 1671 3091 memoria
1711 3037 1932 3092 illorum

403 3108 561 3161 eribit
574 3144 589 3160 .

403 3124 589 3161 erinii.

365 3124 398 3177 ν
430 3178 666 3233 Venicnt
716 3176 771 3231 in
823 3178 1154 3246 cogitatione
1206 3185 1556 3245 peccatorum
1606 3194 1832 3234 suorum
1866 3180 1931 3233 ti-

364 3248 522 3311 midi,
548 3258 603 3301 et
627 3251 918 3313 traduccnt
944 3249 1067 3302 illos
1087 3263 1153 3301 ex
1185 3250 1419 3301 adverso
1440 3249 1762 3318 iniquitates
1781 3251 1934 3319 ipso-

366 3333 511 3371 rum.

984 3389 1212 3447 CAPUT
1241 3398 1306 3452 Υ.

436 3457 591 3534 Tunc
616 3460 992 3529 stabuntjusti
1017 3464 1071 3514 in
1094 3480 1288 3534 magna
1324 3460 1638 3519 constantia
1673 3460 1938 3534 adversus

365 3543 460 3583 eos
479 3531 649 3597 quise
666 3542 1141 3599 aiigustiaveruut,
1161 3530 1218 3588 εἰ
1239 3536 1335 3607 qui
1356 3535 1701 3589 abstulerunt
1718 3530 1939 3587 labores

362 3614 582 3653 εοτυιιι.

438 3670 697 3723 Videntes
730 3672 1101 3728 turbabuntur
1133 3676 1330 3732 timore
1362 3674 1638 3741 horribili,
1681 3682 1737 3730 et
1772 3671 1941 3727 mira-

363 3739 575 3813 buntur
612 3742 666 3794 iii
698 3744 1031 3798 subitatione
1058 3746 1348 3813 insperatae
1368 3747 1580 3801 salutis.
1625 3739 1630 3741 ⁷
1829 3764 1835 3771 ’

445 3809 875 3886 Dicentesiutra
917 3832 995 3879 se,
1035 3809 1412 3883 pmiiitentiain
1442 3826 1687 3886 agentes,
1720 3824 1778 3869 et
1822 3828 1935 3881 pra:

361 3883 612 3955 angustia
643 3883 871 3955 spiritus
900 3898 1225 3953 gementes:
1268 3887 1334 3942 lli
1372 3883 1499 3941 sunt
1537 3902 1678 3955 quos
1744 3885 1939 3938 liabui-

362 3966 486 4005 mus
509 3952 803 4018 aliquandu
834 3956 887 4007 iii
912 3952 1157 4010 derisum
1183 3968 1240 4013 et
1278 3962 1334 4012 in
1363 3952 1783 4011 similitudinem
1834 3955 1940 4008 im-

362 4037 623 4091 properii.

430 4092 539 4145 Nos
577 4092 838 4148 insensati
878 4096 1044 4150 vitam
1080 4096 1300 4150 illorum
1342 4097 1754 4151 :estimabanius
1788 4094 1934 4149 insa-

361 4161 532 4225 niant,
560 4175 615 4216 et
646 4166 806 4217 linem
843 4166 1061 4219 illorum
1090 4168 1210 4221 sine
1241 4167 1473 4221 honore.

434 4232 576 4286 Ecce
608 4236 886 4302 quomodo
911 4239 1207 4305 cumputati
1241 4247 1369 4291 sunt
1392 4238 1534 4291 inter
1562 4238 1704 4292 filios
1735 4236 1853 4304 Dei,
1885 4249 1938 4295 et

363 4304 508 4356 inter
541 4315 761 4358 sanctos
785 4320 906 4358 sors
942 4304 1162 4359 illorum
1196 4317 1301 4361 est.

439 4373 579 4450 Ergo
601 4378 919 4450 erravimus
956 4391 986 4429 a
1016 4376 1393 4450 viajveritatis,
1417 4377 1720 4450 ctjustitia:
1749 4377 1937 4433 lumen

361 4435 639 4518 noirlnsit
687 4446 867 4510 nobis,
909 4457 966 4500 et
991 4449 1070 4501 sul
1104 4435 1616 4518 iiitelligeii'tite'iion
1644 4460 1729 4503 est
1781 4461 1937 4504 ortus
1970 4435 2013 4490 Ῑ)

361 4514 544 4569 nobis.

442 4584 647 4637 Lassati
677 4599 867 4639 sumus
899 4586 952 4640 in
977 4587 1063 4641 via
1088 4587 1400 4656 iniquitatis
1430 4596 1486 4641 et
1518 4590 1863 4657 perditionis,
1883 4600 1938 4645 et

362 4658 769 4710 ambulavnnus
798 4660 912 4712 vias
968 4658 1240 4721 dillicdes,
1280 4660 1420 4712 viain
1458 4670 1642 4713 autem
1718 4660 1935 4716 Domini

362 4740 760 4791 ignoravimus.

441 4794 579 4856 Quid
611 4796 769 4849 nobis
797 4797 1001 4866 proluit
1023 4799 1329 4872 superbia?
1362 4808 1458 4854 aut
1486 4799 1804 4858 divitiarum
1853 4802 1939 4872 ja-

361 4872 569 4917 ctantia
590 4873 722 4931 quid
761 4872 995 4923 contulit
1022 4870 1182 4924 nobis
1210 4869 1233 4921 ?

442 4933 802 4995 Transierunt
833 4940 1016 4995 omnia
1040 4939 1130 4993 illa
1162 4950 1422 5010 tanquam
1463 4940 1676 5007 umbra,
1704 4951 1759 4997 et
1817 4952 1937 4997 tan-

359 5021 522 5077 quam
550 5019 775 5061 nuntius
809 5025 1154 5077 percurrens.

436 5074 1001 5143 Ettanqnam'navis,
1053 5096 1173 5150 quae
1228 5082 1528 5150 pertransit
1581 5081 1932 5138 ﬂuctuantem

358 5160 558 5224 aquam
592 5160 604 5195 :
638 5162 797 5213 cujus
831 5166 952 5202 cum
991 5154 1318 5219 prwtericrit
1370 5170 1475 5206 non
1520 5165 1604 5207 est
1643 5156 1931 5223 vestigium

360 5220 608 5269 invenire
648 5232 827 5286 neque
882 5234 1129 5274 semitam
1186 5225 1385 5277 carina:
1442 5224 1592 5279 illius
1638 5228 1690 5276 iii
1750 5220 1930 5277 ﬂucti-

357 5290 462 5339 bus
495 5301 512 5342 :

427 5364 537 5433 aut
567 5368 824 5430 tanquam
849 5361 982 5425 avis,
1017 5378 1138 5431 qua:
1173 5365 1473 5418 transvolat
1505 5366 1558 5417 in
1586 5381 1735 5427 acre,
1772 5364 1932 5433 cujus

355 5429 567 5482 nullum
602 5429 881 5485 invenitur
908 5429 1293 5503 argumentum
1330 5438 1562 5498 itineris,
1593 5440 1686 5489 sed
1719 5429 1927 5489 tantum

356 5502 567 5553 sonitus
594 5505 804 5556 alarum
839 5502 1136 5560 verberans
1164 5509 1341 5559 levem
1380 5515 1600 5558 ventum
1634 5522 1647 5558 :
1683 5514 1739 5561 et
1783 5506 1931 5560 εςὶιιο

2042 439 2264 496 Volavit.
2294 449 2348 491 et
2370 446 2490 503 pOst
2551 436 2653 489 hoc
2689 435 2897 489 nullum
2948 436 3164 506 signum
3196 437 3475 489 invenitur
3524 436 3614 488 iti-

2041 510 2189 562 neris
2218 507 2364 561 illius
2408 525 2421 561 :

2122 581 2230 632 Aut
2261 590 2514 640 tanquam
2546 577 2740 645 sagitta
2775 574 2975 632 emissa
3023 580 3077 628 i'ii
3138 576 3317 629 locum
3370 574 3618 629 destina-

2042 658 2178 711 tum,
2216 648 2425 701 divisus
2456 662 2550 700 aer
2579 646 2921 700 continuoin
2960 660 3022 700 se
3082 649 3328 701 reclusus
3388 655 3494 708 cst,
3553 654 3615 698 ut

2041 719 2326 787 ignoretur
2360 719 2623 771 transitus
2655 718 2818 771 illim.

2119 788 2211 842 Sic
2243 798 2412 841 etiins
2442 788 2553 839 nati
2589 789 2854 841 continuo
2881 789 3180 844 desivimus
3211 801 3333 841 esse
3365 800 3381 840 :
3416 795 3472 839 et
3498 785 3613 838 viro

2042 860 2173 911 tutis
2205 858 2424 926 quidem
2460 858 2669 910 nullum
2696 858 2905 927 signum
2961 861 3235 913 valuimus
3268 856 3560 910 ostendere
3597 870 3614 908 ;

2041 930 2092 981 in
2122 928 2464 995 malignitate
2500 937 2680 980 autem
2713 940 2895 983 nostra
2923 928 3232 994 consumpti
3258 943 3472 981 sumus.

2115 996 2265 1050 Talia
2298 1000 2553 1049 dixerunt
2595 997 2648 1050 in
2706 997 2920 1053 inferno
2971 1001 3024 1052 lii
3086 998 3179 1066 qui
3226 1005 3615 1067 peccaverunt.

2105 1069 2375 1131 Quoniam
2406 1083 2530 1134 spes
2562 1068 2712 1136 impii
2739 1077 3001 1136 tanquam
3049 1070 3245 1138 lanugo
3272 1080 3375 1127 est,
3436 1082 3561 1133 qua:
3587 1081 3617 1117 a

2039 1149 2201 1191 vetito
2235 1138 2465 1200 tollitur,
2497 1150 2547 1189 et
2582 1148 2835 1205 tanquam
2872 1154 3063 1207 spuma
3093 1138 3332 1207 grachs,
3390 1152 3513 1202 qua:
3586 1150 3617 1189 a

2037 1207 2273 1275 prccella
2305 1208 2677 1276 dispergitur:
2702 1216 2757 1259 et
2789 1206 3043 1277 tanquam
3078 1210 3281 1272 fumus,
3310 1206 3453 1275 quia
3486 1221 3622 1258 ven-

2039 1288 2093 1332 to
2133 1278 2366 1330 dill‘usus
2416 1287 2545 1330 est:
2608 1287 2664 1330 et
2718 1288 2977 1347 tanquam
3054 1280 3321 1332 memoria
3380 1277 3619 1345 hospitis

2037 1350 2201 1401 unius
2231 1347 2336 1399 diei
2365 1352 2766 1415 praetereuntis.

2110 1416 2251 1469 Justi
2280 1430 2461 1469 autem
2488 1418 2540 1470 in
2574 1429 2897 1487 perpetuum
2931 1418 3137 1483 vivent,
3175 1426 3230 1471 et
3300 1415 3447 1485 apud
3513 1415 3617 1470 Do-

2037 1487 2246 1539 minum
2271 1496 2355 1539 est
2376 1502 2587 1541 merces
2617 1504 2834 1553 eorum,
2863 1498 2919 1542 et
2940 1489 3438 1558 cogitatioillorum
3471 1488 3619 1556 apud

2034 1557 2391 1609 Altissimum.

2118 1626 2244 1680 ldeo
2277 1627 2546 1695 accipient
2586 1644 2813 1698 regnum
2849 1628 3065 1682 decoris
3125 1636 3182 1683 et
3215 1628 3467 1681 diadema
3488 1642 3615 1695 spe-

2034 1696 2138 1749 ciei
2184 1699 2260 1768 de
2280 1712 2442 1750 manu
2474 1696 2689 1753 Domini
2725 1718 2738 1753 :
2779 1714 3039 1768 quoniam
3080 1699 3305 1752 dextera
3336 1714 3436 1751 sua
3472 1710 3618 1765 teget

2028 1782 2145 1827 eos,
2170 1780 2223 1821 et
2253 1767 2478 1822 brachio
2515 1782 2706 1822 saneto
2733 1767 2832 1824 suo
2859 1770 3115 1823 defendet
3148 1770 3289 1822 illos.

2112 1838 2360 1906 Accipiet
2430 1848 2765 1893 armaturam
2823 1841 2978 1893 zelus
3038 1842 3206 1904 illius,
3264 1850 3320 1893 et
3374 1838 3617 1893 armabit

2029 1916 2339 1961 creaturam
2371 1912 2437 1962 ad
2483 1910 2740 1963 ultionem
2774 1910 3143 1963 inimicorum.

2114 1977 2316 2051 lod‘uet
2362 1995 2457 2047 pro
2494 1984 2716 2034 thorace
2762 1981 3060 2051 justitiam,
3092 1992 3147 2034 et
3209 1984 3447 2049 aecipiet
3518 1996 3616 2047 pro

2030 2049 2179 2115 galea
2202 2047 2471 2117 judicium
2508 2060 2743 2115 certum.

2114 2118 2306 2191 Suiiiet
2331 2130 2547 2172 scutum
2588 2120 3006 2189 iiieXpugnabile
3030 2120 3366 2191 aequitatem.

2123 2190 2296 2240 Acuet
2327 2200 2509 2243 autem
2539 2192 2733 2243 duram
2785 2207 2920 2244 iram
2954 2193 3005 2245 in
3033 2194 3298 2255 lanceam,
3329 2199 3387 2243 et
3409 2203 3625 2259 pugna-

2032 2257 2115 2311 bit
2143 2272 2266 2310 cum
2300 2259 2392 2313 illo
2427 2264 2575 2314 orbis
2606 2272 2876 2315 terrarum
2892 2271 3081 2316 contra
3116 2257 3449 2316 inscnsatos.

2102 2328 2265 2382 '.buiit
2304 2331 2525 2383 directae
2553 2331 2880 2385 emissiones
2896 2332 3199 2402 fulgurum,
3231 2343 3286 2384 et
3348 2339 3625 2400 tanquam

2034 2415 2064 2453 a
2104 2402 2239 2453 bene
2272 2413 2502 2453 curvato
2537 2417 2668 2455 arcu
2692 2402 2923 2455 nubium
2980 2402 3527 2467 exterminabuntur,
3566 2416 3625 2461 et

2035 2472 2099 2522 ad
2128 2480 2339 2524 certum
2372 2473 2551 2523 locum
2582 2474 2849 2526 iiisilient.
3008 2476 3011 2477 ⁷

2122 2539 2187 2615 Et
2222 2558 2249 2593 a
2284 2551 2499 2615 petrosa
2526 2544 2603 2595 ira
2626 2544 2797 2611 plena:
2821 2545 3111 2598 mittentur
3136 2542 3457 2615 grandines,
3518 2559 3626 2600 es-

2035 2614 2403 2664 candescetin
2440 2612 2562 2664 illos
2609 2631 2747 2682 aqua
2782 2617 2968 2677 maris,
3004 2626 3057 2669 et
3105 2612 3329 2668 ﬂumina
3382 2629 3628 2669 concur-

2050 2692 2171 2733 rent
2200 2682 2437 2735 duriter.

2110 2754 2312 2827 Contra
2343 2753 2467 2807 illos
2499 2753 2911 2827 stabitrSpiritus
2941 2752 3186 2820 virtutis,
3244 2765 3301 2811 et
3355 2765 3632 2827 tanquam

2042 2826 2205 2875 turbo
2236 2827 2384 2876 venti
2419 2824 2627 2897 dividet
2659 2826 2781 2878 illos
2820 2827 2999 2880 :ctad
3060 2842 3306 2880 cremuin
3350 2824 3629 2897 perducet

2037 2908 2254 2945 onmem
2301 2904 2498 2947 terram
2557 2896 2818 2962 iniquitas
2871 2898 3139 2964 illorum,
3190 2911 3246 2952 et
3304 2904 3634 2968 malignitas

2039 2973 2248 3017 evertet
2283 2969 2441 3017 sedes
2472 2972 2804 3033 potentium.

2641 3079 2871 3136 CAPUT
2908 3079 2995 3135 Vl.

2138 3172 2326 3225 Melior
2359 3181 2445 3249 est
2476 3175 2741 3249 sapientia
2774 3190 2941 3243 quam
2972 3176 3117 3231 vires
3150 3192 3165 3230 :
3221 3188 3278 3233 et
3338 3177 3424 3239 vir
3493 3194 3633 3249 pru—

2043 3244 2181 3298 dens
2200 3258 2361 3311 quam
2399 3245 2576 3297 l’ortis.

2134 3314 2334 3390 Audite
2368 3329 2522 3383 ergo,
2569 3331 2747 3385 reges,
2784 3327 2840 3371 et
2876 3316 3182 3389 intelligite,
3215 3319 3432 3386 discite,
3469 3320 3629 3390 judi~

2042 3400 2131 3438 ccs
2155 3386 2343 3436 linium
2379 3394 2558 3439 terrai.

2121 3455 2365 3528 l’riebete
2383 3470 2565 3519 aures.
2598 3472 2695 3511 vos
2744 3461 2835 3526 qui
2866 3460 3162 3517 continetis
3204 3461 3631 3528 multitudines,

2041 3537 2097 3581 et
2128 3526 2354 3592 placetis
2389 3528 2544 3581 vobis
2577 3528 2630 3580 in
2671 3530 2850 3584 turbis
2874 3534 3188 3588 nationum.

2121 3598 2387 3672 Quoniam
2426 3599 2551 3672 data
2583 3610 2666 3653 est
2703 3614 2731 3651 a
2768 3598 3003 3654 Domino
3038 3614 3280 3672 potestas
3330 3605 3518 3665 vobis,
3564 3614 3626 3658 et

2040 3667 2648 3745 virtusabAltissiiiio,
2683 3674 2775 3737 qui
2813 3667 3175 3742 interrogabit
3204 3689 3371 3743 opera
3408 3687 3619 3739 vestra,

2042 3748 2097 3792 ct
2123 3740 2484 3803 cogitationes
2515 3746 2882 3795 scrutabitur.

2125 3810 2394 3885 Quoniam
2431 3824 2553 3885 eum
2611 3816 2810 3865 essetis
2856 3813 3097 3869 ministri
3126 3816 3471 3885 regniillius,
3508 3832 3626 3871 nou

2042 3890 2188 3959 recte
2207 3881 2518 3948 jndicastis,
2584 3897 2687 3935 nec
2719 3887 3038 3959 custodistis
3093 3881 3409 3959 legéiirlAl.
3442 3888 3622 3959 leges]

2037 3953 2283 4018 justitite,
2319 3965 2494 4020 neque
2524 3957 2827 4008 secundum
2862 3953 3201 4012 voluntatem
3263 3953 3360 4012 D‘ei
3422 3953 3628 4012 ambo:

2041 4021 2215 4073 lastis.

2112 4091 2396 4169 llorreiide
2420 4104 2477 4169 et
2508 4094 2615 4149 cito
2646 4096 2935 4169 apparebit
2966 4098 3121 4153 vobis
3159 4113 3177 4152 :
3225 4099 3488 4169 quoniam
3529 4100 3624 4169 ju-

2043 4161 2248 4237 dici_um
2277 4165 2633 4221 durissimum
2658 4161 2761 4237 bis,
2795 4167 2887 4235 qui
2929 4180 3195 4237 praesunt,
3218 4161 3333 4226 lict.

2127 4232 2341 4303 Exiguo
2358 4238 2504 4290 enim
2537 4232 2858 4291 conceditur
2888 4232 3264 4296 misericordia
3305 4255 3323 4293 .'
3357 4250 3630 4310 potentes

2041 4313 2222 4377 autem
2249 4315 2502 4373 potenter
2539 4317 2808 4360 tormenta
2852 4313 3149 4377 patientur.

2087 4375 2203 4428 Non
2234 4379 2382 4453 enim
2416 4375 3024 4453 subtralietpersonaiii
3067 4381 3394 4452 cujusquam
3455 4383 3629 4453 llcus,

2044 4448 2448 4521 nec-verebitur
2483 4450 2913 4521 magnitudinem
2942 4448 3265 4520 cujusquam
3301 4468 3317 4519 ξ
3352 4448 3621 4521 quoniam

2044 4516 2304 4592 pusillum
2331 4527 2385 4570 et
2417 4534 2673 4587 magnum
2710 4519 2828 4587 ipse
2860 4516 3416 4592 fecit,'ct'iequaliter
3478 4538 3617 4579 cura

2041 4586 2127 4641 est
2158 4586 2229 4637 illi
2254 4593 2320 4641 de
2350 4586 2632 4643 omnibus.

2122 4656 2465 4713 Fortioribus
2492 4672 2673 4713 autem
2706 4660 2900 4715 fortior
2928 4664 3097 4717 instat
3125 4664 3417 4720 cruciatio.

2120 4727 2331 4808 Adjvos
2356 4745 2724 4808 ergo,_rcges,
2759 4744 2888 4786 sunt
2927 4736 2982 4786 lii
3006 4751 3304 4808 sermones
3366 4736 3504 4808 mei,
3564 4749 3625 4791 ut

2043 4796 2274 4853 discatis
2300 4796 2648 4869 sapientiam}
2679 4813 2733 4857 et
2763 4818 2870 4856 non
2898 4806 3189 4860 excidatis.

2114 4870 2221 4935 Qui
2248 4871 2394 4947 enim
2418 4874 2784 4947 custodieriiit
2829 4875 2976 4943 justa
3003 4877 3173 4945 juste,
3230 4877 3625 4947 justilicabtiti-

2041 4954 2130 5019 t_ur
2162 4957 2175 4993 :
2217 4953 2274 4993 et
2305 4943 2397 5009 qui
2424 4945 2718 4999 didicerint
2738 4945 2865 5013 ista,
2900 4943 3183 5001 invenient
3217 4943 3347 5017 qunl
3389 4966 3625 5019 respon-

2040 5015 2225 5067 deant.

2118 5082 2504 5161 Quncupiscite
2527 5099 2657 5161 ergo
2682 5102 2969 5145 sermones
2995 5103 3170 5156 meos,
3231 5088 3446 5161 diligite
3474 5094 3627 5157 illos,

2038 5164 2095 5208 et
2122 5154 2394 5227 habebitis
2424 5154 2793 5226 disciplinam.
2936 5222 2941 5227 ,

2130 5225 2289 5302 tjlara
2317 5235 2421 5302 est,
2452 5236 2506 5278 et
2538 5225 2972 5302 qullilitlllllquam
3007 5234 3298 5287 marcescit
3322 5235 3627 5302 sapientia,

2038 5304 2093 5371 et
2120 5295 2277 5371 lacile
2314 5296 2536 5371 videtur
2565 5300 2635 5352 ab
2671 5301 2757 5354 liis
2777 5295 2868 5370 qui
2900 5304 3138 5371 diligunt
3164 5320 3306 5370 eam,
3373 5295 3431 5358 et
3469 5310 3627 5364 ane-

2038 5369 2190 5418 nitur
2218 5365 2286 5418 ab
2314 5367 2396 5419 liis
2436 5370 2529 5435 qui
2561 5365 2814 5437 quwrunt
2849 5365 3021 5427 illam:

2038 5492 2044 5499 ν
2106 5438 2461 5559 ξἰοεειοῗουρειι
2491 5440 2588 5508 qui
2614 5458 2671 5498 se
2698 5446 3124 5515 concupiscunt,
3160 5444 3350 5503 utillis
3380 5460 3441 5502 se
3465 5445 3627 5519 prior

2039 5525 2099 5559 υδ
2128 5522 2215 5559 Clit
2239 5523 2266 5559 a
2295 5544 2309 5559 .

2039 5517 2309 5561 ostendat.

429 5712 450 5743 ³
480 5708 622 5766 Editi
659 5713 749 5767 alii
786 5714 909 5769 libri
950 5730 1234 5784 perperam
1277 5718 1663 5771 ronsumnmii:
1704 5728 1894 5771 contra
1942 5715 2043 5772 Gr.
2084 5719 2442 5774 ἀτελέστατοι
