3840 6176
237 382 321 442 131
1449 391 1679 451 LIBER
1724 396 2177 459 ΞᾹΙἾΕΝΤΗΕ.

295 503 382 567 Qui
411 501 479 554 de
504 500 628 555 lucc
666 500 975 569 vigilaverit
1000 503 1067 558 ad
1105 504 1274 568 illam,
1302 521 1409 560 non
1440 507 1756 567 laborabit:
1793 515 1841 570 Λ

235 573 527 630 assidentem
559 571 706 624 enim
743 572 889 625 illam
923 573 1133 629 foribus
1172 577 1288 630 suis
1322 576 1585 632 inveniet.

288 642 687 711 Cogitareergo
740 641 807 694 de
869 642 981 704 illa.
1035 659 1232 699 sensus
1293 656 1378 700 est
1421 662 1769 703 consumma-

236 710 426 791 tugg’et
467 710 559 777 qni
592 711 901 780 vigilaverit
953 724 1175 783 propter
1211 714 1359 769 illam
1390 756 1404 779 ,
1459 716 1569 771 cito
1610 733 1769 773 secu-

234 799 309 839 rus
328 790 443 837 erit.
1152 836 1157 839 _

288 852 541 923 Quoniam
565 848 989 923 dignosseipsa
1022 853 1218 908 circuit
1272 869 1544 923 quaerens,
1600 866 1655 910 et
1712 856 1768 911 in

230 921 560 995 viisostendit
586 919 786 995 seillis
821 919 1092 987 hilariter,
1130 933 1187 977 et
1210 924 1264 979 in
1289 919 1440 979 omni
1470 927 1768 995 providen-

233 994 289 1045 tia
317 990 551 1046 occurrit
590 990 720 1044 illis.

300 1062 505 1134 Initium
530 1061 675 1114 enim
702 1060 849 1115 illius
883 1061 1166 1117 verissima
1191 1072 1277 1118 est
1301 1061 1607 1134 disciplinae
1634 1080 1769 1119 con-

233 1132 567 1198 cupiscentia.
930 1160 933 1161 ν

288 1201 413 1269 Cura
442 1216 579 1269 ergo
601 1199 922 1267 disciplinae,
962 1200 1185 1256 dilectio
1246 1211 1373 1257 est:
1409 1213 1465 1257 et
1521 1203 1765 1269 dilectio,

228 1268 441 1324 custodia
462 1268 644 1344 legum
670 1270 815 1322 illius
834 1278 967 1344 est;
1004 1271 1303 1344 custoditio
1333 1283 1513 1327 autem
1552 1268 1764 1344 legum,

229 1342 600 1393 consummatio
630 1339 1063 1404 incorrumionis
1096 1349 1203 1395 est.

211 1462 219 1475 ,
291 1411 621 1478 Incorruptio
650 1419 831 1463 autem
865 1409 995 1463 lacit
1022 1425 1142 1465 esse
1173 1412 1477 1478 proximum
1512 1412 1662 1469 Deo:

210 1486 213 1495 “
282 1477 723 1543 Concupiscentia
750 1480 933 1549 itaque
966 1477 1249 1548 sapientiae
1278 1482 1501 1536 deducit
1538 1483 1608 1537 ad
1676 1497 1767 1537 re-

228 1565 365 1617 gnum
401 1560 729 1616 perpetuum
743 1588 753 1599 .

204 1652 214 1692 ρ
282 1619 329 1672 Si
358 1632 484 1686 ergo
511 1618 862 1692 delectamini
924 1619 1153 1692 sedibus
1202 1628 1259 1673 et
1282 1622 1515 1688 sceptris
1552 1663 1566 1688 ,
1616 1638 1648 1676 o
1680 1638 1771 1676 re-

226 1704 302 1755 ges
342 1688 525 1756 populi
560 1727 590 1766 ,I
634 1686 844 1759 diligite
898 1690 1226 1759 sapientiam
1270 1730 1285 1756 ,
1332 1686 1391 1745 ut
1452 1694 1506 1746 in
1554 1686 1767 1763 perpe-

230 1770 355 1811 tuum
382 1769 646 1823 regnetis.

256 1898 364 1952 uiis.

226 1913 434 2039 1ῗωὲίιίά
462 1978 553 2039 est
582 1978 764 2023 autem
825 1970 1118 2037 sapientia,
1196 1978 1251 2023 et
1311 1970 1775 2039 quemadmodum

224 2037 339 2091 facta
362 2038 429 2091 sit
464 2038 704 2091 referam
744 2050 840 2093 :et
877 2056 985 2092 non
1020 2037 1357 2094 abscondam
1396 2056 1425 2094 a
1477 2042 1635 2095 vobis
1676 2057 1771 2095 sa-

224 2121 474 2160 rratllettta
508 2105 629 2168 Dei,
656 2108 749 2161 sed
782 2110 849 2161 ab
882 2108 1039 2163 initio
1069 2110 1373 2163 nativitatis
1403 2112 1771 2178 investigabo.

223 2184 267 2249 et
294 2192 474 2244 ponam
511 2178 568 2229 in
604 2179 777 2231 lucem
818 2179 1103 2233 scientiam
1133 2179 1368 2244 illius,et
1407 2196 1515 2233 non
1548 2190 1774 2249 prater-

220 2246 294 2297 ibo
325 2249 636 2300 veritatem.

276 2314 449 2389 Neque
474 2333 605 2370 cum
634 2316 837 2369 invidia
888 2319 1202 2372 tabescente
1231 2320 1335 2373 iter
1366 2321 1575 2375 habebo
1600 2338 1615 2375 ε
1642 2334 1779 2389 quo-

222 2385 344 2457 niani
363 2388 482 2438 talis
516 2390 683 2439 homo
722 2402 828 2439 non
856 2390 959 2442 erit
989 2390 1264 2456 particeps
1292 2390 1599 2457 sapientiae.

281 2455 569 2508 Multitudo
603 2466 785 2511 autem
858 2455 1431 2526 sapientiumsanitas
1479 2470 1565 2513 est
1625 2460 1780 2513 orbis

219 2532 510 2580 terrarum:
552 2536 608 2580 et
689 2542 785 2580 rex
834 2531 1054 2596 sapiens
1105 2528 1541 2583 stabilimenttun
1591 2531 1777 2600 populi

215 2604 303 2649 εισι.
1654 2649 1659 2654 Α

276 2667 407 2733 Ergo
426 2666 669 2734 accipite
703 2665 1051 2737 disciplinam
1084 2682 1184 2737 per
1220 2683 1508 2724 sermones
1566 2685 1722 2724 meos
1763 2708 1777 2731 .

214 2736 521 2804 ctproderit
548 2737 730 2790 vobis.

811 2848 1039 2906 CAPUT
1073 2849 1186 2906 VII.

292 2942 418 2995 Sum
456 2941 688 3011 quidem
720 2950 777 2995 et
808 2956 907 3010 ego
933 2944 1180 2995 mortalis
1212 2940 1397 3006 homo,
1425 2944 1630 2998 similis
1662 2959 1781 2998 om-

208 3012 378 3078 nibus,
425 3026 483 3067 et
522 3028 594 3066 ex
629 3026 830 3078 genere
868 3015 1066 3065 terreni
1104 3013 1273 3076 illius,
1329 3015 1423 3081 qui
1489 3016 1643 3081 prior
1695 3017 1781 3067 la-

210 3095 319 3135 etus
340 3093 447 3146 est,
484 3092 545 3135 ct
580 3082 632 3134 in
668 3090 859 3136 ventre
891 3084 1080 3134 matris
1106 3084 1366 3150 ﬁguratus
1399 3099 1707 3137 sum'caro.

285 1826 484 1916 Diligite
508 1826 697 1880 lumen
727 1828 1030 1897 sapientiae,
1056 1844 1249 1884 omnes
1278 1831 1373 1900 qui
1406 1831 1657 1899 praeestis
1676 1847 1773 1902 po-
1803 1856 1851 1916 Β

3342 408 3443 470 434

1955 515 2011 567 1η
2076 530 2239 568 manu
2274 516 2418 570 enim
2450 517 2599 571 illius
2654 530 2707 571 et
2754 534 2852 572 nos
2883 560 2897 583 ,
2952 530 3005 571 et
3036 532 3318 574 sermones
3349 537 3444 575 no-

1875 586 1977 707 atri
1999 624 2024 665 θ
2056 593 2133 705 let
2159 588 2335 640 omnis
2387 587 2673 657 sapientia,
2732 596 2786 642 et
2814 604 3042 656 operum
3096 588 3352 655 scientia,
3392 600 3447 646 et

1918 668 2053 707 lSCID
2078 669 2187 707 ma.

1918 668 2187 710 lSClDllna.

1946 669 2242 791 iglspeugzim
2261 721 2412 793 dedit
2450 723 2583 777 mihi
2616 723 2808 777 horum
2844 739 2966 793 qua:
2985 734 3133 789 sunt,
3160 726 3447 781 scientiam

1875 807 2057 863 veram
2096 807 2112 848 :
2145 801 2206 845 ut
2243 792 2409 847 sciam
2433 793 2845 863 dispositionem
2864 792 3027 850 orbis
3083 804 3356 850 terrarum
3393 806 3450 852 et

1880 862 2111 917 virtutes
2135 862 2552 916 elementorum.

1943 930 2191 997 Initium,
2272 941 2325 984 et
2378 933 2926 997 consummationem,
2983 942 3041 987 et
3101 933 3449 989 medietatem

1878 1008 2205 1071 temporum,
2255 1000 2691 1059 vicissitudinum
2737 1003 3186 1071 permutationes.
3216 1013 3271 1059 et
3294 1020 3451 1060 com-

1878 1070 2205 1124 mutationes
2228 1079 2552 1138 temporum.

1956 1139 2097 1209 auni
2133 1154 2348 1209 cursus,
2376 1150 2430 1209 et
2455 1140 2732 1194 stellarum
2763 1139 3168 1209 dispositiones.

1948 1208 2178 1262 Naturas
2212 1208 2550 1269 animalium,
2577 1210 2761 1263 etiras
2792 1208 3115 1274 bestiarum,
3144 1211 3252 1265 vim
3318 1227 3450 1267 ven-

1879 1285 2082 1341 torum,
2110 1286 2165 1329 et
2212 1278 2569 1345 cogitationes
2604 1279 2909 1341 hominum,
2958 1280 3299 1337 diﬂ‘erentias
3344 1283 3453 1337 vir-

1879 1347 2181 1413 gultorum,
2214 1358 2268 1399 et
2293 1348 2525 1400 virtutes
2547 1348 2815 1401 radicum.

1972 1414 2034 1488 _Et
2061 1431 2400 1488 quaecunque
2429 1425 2556 1470 sunt
2601 1419 2867 1488 absconsa
2898 1428 2954 1472 et
3011 1419 3329 1488 improvisa,
3365 1423 3455 1476 di-

1878 1485 1987 1558 dici
2016 1502 2029 1538 :
2058 1486 2300 1558 omnium
2332 1488 2477 1558 enim
2508 1487 2704 1558 artiiex
2734 1486 2917 1558 docuit
2938 1503 3025 1542 me
3057 1485 3345 1558 sapientia.

1950 1554 2043 1627 ljlst
2074 1558 2218 1608 enim
2239 1555 2303 1627 in
2335 1556 2424 1627 illa
2461 1556 2687 1627 Spiritus
2758 1554 3151 1627 intelligentiae,
3209 1568 3453 1621 sanctus,

1882 1624 2101 1687 unicus,
2143 1625 2441 1691 multiplex,
2476 1625 2716 1685 subtilis.
2756 1624 3019 1691 disertus,
3080 1628 3322 1692 mobilis,
3372 1630 3457 1681 in-

1882 1694 2290 1761 coinquinatus,
2318 1704 2525 1753 certus.
2564 1696 2770 1757 suavis,
2795 1709 2988 1750 amans
3036 1696 3266 1760 bonum,
3326 1714 3457 1752 acu-

1886 1774 1993 1825 tus,
2022 1777 2182 1830 quem
2224 1763 2359 1815 nihil
2394 1772 2561 1824 vetat,
2584 1762 2957 1819 benel‘aeiens.

1961 1832 2264 1893 Humanus,
2300 1832 2588 1900 benignus,
2645 1834 2882 1897 stabilis,
2945 1841 3152 1901 certus,
3186 1850 3454 1899 securus,

1878 1917 2093 1955 omnem
2155 1903 2362 1955 habens
2414 1905 2692 1973 virtutem,
2749 1902 2931 1955 omnia
2981 1905 3341 1973 prospiciens,
3401 1915 3458 1959 et

1879 1974 1970 2092 qu|i
2014 1973 2428 2092 'lcapiatomnes
2475 1972 2729 2040 spiritus,
2783 1972 3160 2044 intelligibilis,
3178 1975 3454 2039 mundus,

1882 2057 1942 2092 su
1968 2052 2026 2092 »ιι
2056 2057 2121 2092 is.

1882 2040 2121 2094 subtilis.

1963 2110 2229 2182 Ominibus
2247 2110 2407 2182 enim
2436 2109 2734 2182 mobilibus
2762 2111 3015 2166 mobilior
3042 2120 3128 2166 est
3149 2111 3416 2182 sapientia
3440 2130 3453 2166 :

1880 2181 2305 2248 attingitautem
2336 2178 2559 2248 ;ubique
2625 2192 2847 2248 propter
2907 2198 3060 2235 suam
3102 2178 3453 2237 munditiam.

1967 2250 2141 2316 Vapor
2172 2258 2256 2303 est
2280 2252 2427 2303 enim
2463 2250 2680 2302 vii-tutis
2712 2252 2822 2313 Dei,
2863 2261 2918 2303 ct
2976 2252 3253 2306 emanatio
3310 2268 3456 2320 qlia:-

1886 2320 2007 2370 dam
2039 2330 2124 2372 est
2156 2320 2424 2372 claritatis
2473 2321 2868 2387 omnipotentis
2918 2322 3009 2375 Dei
3078 2324 3336 2375 sincera:
3398 2331 3455 2375 et

1884 2387 2007 2440 ideo
2039 2389 2169 2441 nihil
2198 2390 2540 2457 inquinatum
2582 2390 2636 2440 in
2664 2404 2786 2441 eam
2816 2390 3073 2443 incurrit.

1955 2457 2173 2510 Candor
2192 2470 2276 2512 est
2306 2458 2452 2511 enim
2494 2458 2632 2511 lucis
2660 2468 2900 2521 aeternae,
2935 2469 2991 2513 et
3020 2460 3299 2527 Speculum
3335 2460 3457 2516 sine

1885 2532 2093 2580 tnacula
2134 2528 2223 2580 Dei
2259 2529 2578 2595 majestatis,
2602 2542 2657 2581 et
2678 2532 2856 2597 imago
2889 2529 3147 2583 bonitatis
3180 2532 3346 2586 illius.

1969 2598 2035 2649 Et
2075 2614 2196 2650 cum
2228 2600 2299 2651 sit
2332 2613 2459 2668 una,
2518 2600 2699 2650 omnia
2758 2609 2977 2664 potest:
3025 2607 3081 2651 et
3124 2598 3185 2668 in
3229 2614 3287 2652 se
3338 2616 3456 2668 per-

1884 2682 2109 2719 manens
2133 2669 2313 2719 omnia
2346 2667 2592 2730 innovat,
2621 2678 2674 2719 et
2699 2682 2796 2734 per
2832 2668 3081 2721 nationes
3119 2667 3171 2720 in
3228 2667 3456 2723 aniinas

1883 2746 2099 2788 sanctas
2134 2752 2217 2807 se
2267 2738 2527 2789 translert
2558 2774 2573 2799 ,
2614 2739 2823 2789 amicos
2887 2738 2980 2791 Dei
3034 2747 3090 2790 et
3145 2740 3454 2807 prOphetas

1882 2805 2190 2858 constituit.

1965 2874 2244 2928 Neminem
2266 2875 2412 2927 enim
2447 2873 2626 2944 diligit
2653 2874 2817 2939 Dens,
2850 2877 2954 2931 nisi
2987 2891 3137 2942 eum,
3169 2876 3264 2946 qui
3326 2893 3453 2931 cum

1884 2945 2150 3011 sapientia
2187 2945 2476 2998 inhabitat.

1957 3015 2209 3067 listenim
2244 3016 2355 3067 lnec
2378 3014 2678 3083 speciosior
2706 3016 2842 3081 sole,
2888 3023 2944 3069 et
3012 3030 3177 3084 super
3235 3031 3456 3070 omnem

1887 3084 2302 3150 dispositionem
2330 3088 2633 3146 stellarum,
2666 3086 2774 3139 luci
2823 3098 3139 3155 comparata
3173 3087 3457 3140 invenitur

274 3153 467 3205 Decem
499 3226 510 3244 Ι
533 3152 809 3231 mensium
858 3162 1104 3244 teltnlpnre
1170 3154 1514 3234 coagulatus.
1549 3168 1672 3207 sum
1723 3154 1776 3206 in
1804 3185 1849 3244 ο
1888 3156 2060 3244 prilolr.

206 3238 459 3288 sanguine
498 3223 767 3286 hotninis,
804 3232 860 3275 ct
888 3224 1287 3275 delectamento
1339 3224 1518 3276 somni
1578 3239 1779 3278 conve-

206 3304 401 3346 mente.

256 3362 316 3414 Et
345 3376 449 3432 ego
478 3370 653 3415 natus
684 3362 867 3432 accepi
904 3376 1249 3414 communem
1276 3376 1481 3424 aerem,
1522 3373 1579 3416 et
1620 3364 1673 3415 in
1706 3366 1781 3418 si-

206 3431 400 3485 iniliter
438 3432 647 3484 factam
693 3431 1123 3494 deeiditerram,
1194 3442 1249 3485 et
1300 3432 1530 3500 primam
1591 3448 1778 3488 vocem

204 3502 427 3553 similem
459 3502 732 3554 omnibus
758 3501 909 3553 emisi
939 3503 1183 3567 plorans.

260 3570 316 3641 In
348 3571 761 3624 involo-uentis
788 3573 1024 3641 nutritus
1048 3585 1170 3641 sunt
1218 3579 1275 3623 et
1294 3571 1443 3623 curis
1472 3573 1706 3641 magnis.

208 3708 217 3716 η
262 3638 437 3716 βοειιο
477 3644 636 3693 enim
673 3655 740 3693 cx
774 3640 992 3709 regibus
1027 3640 1175 3693 aliud
1240 3641 1432 3694 habuit
1484 3638 1783 3697 nativitatis

207 3721 441 3762 11111ιυί11.

272 3778 426 3833 Unus
462 3794 608 3845 ergo
662 3779 925 3833 introitus
949 3788 1035 3834 est
1066 3781 1326 3836 omnibus
1386 3780 1455 3834 ad
1490 3783 1678 3844 vitam,
1729 3793 1785 3835 et

200 3851 383 3903 similis
408 3850 631 3903 exitus.

272 3919 510 3987 Propter
542 3922 653 3971 hoc
682 3919 889 3987 optavi,
920 3930 974 3973 et
996 3918 1157 3974 datus
1184 3930 1269 3974 est
1295 3920 1429 3973 mihi
1465 3937 1657 3975 sensus
1686 3938 1698 3973 :
1730 3932 1787 3975 et

199 3986 470 4059 invocavi,
496 3998 563 4041 et
598 3986 748 4041 venit
776 3990 829 4041 in
858 4006 941 4042 me
970 3990 1198 4057 spiritus
1230 3992 1531 4059 sapientiae.

265 4058 330 4110 Et
356 4060 651 4125 przeposui
676 4060 820 4110 illam
880 4059 1062 4126 regnis
1101 4071 1154 4112 et
1195 4058 1435 4125 Sedibus,
1470 4070 1525 4114 et
1565 4061 1788 4115 divitias

198 4128 325 4180 nihil
355 4144 487 4181 esse
517 4129 659 4181 duxi
694 4131 746 4180 in
780 4131 1186 4195 comparatione
1217 4130 1389 4182 illius.

258 4198 375 4251 Nec
402 4200 739 4266 comparavi
773 4199 847 4250 illi
876 4200 1111 4266 lapidem
1146 4202 1479 4264 pretiosum:
1525 4202 1784 4269 quoniam

194 4280 353 4319 omne
388 4281 635 4332 aurum,
658 4270 710 4320 in
744 4269 1151 4335 comparatione
1192 4269 1357 4330 illius,
1384 4286 1548 4323 arena
1572 4273 1788 4324 estexi-

193 4353 312 4404 sua,
348 4346 408 4393 et
441 4346 725 4406 tanquam
761 4340 933 4391 IUtum
966 4340 1333 4392 aestimabitut'
1384 4350 1671 4407 argentum
1729 4342 1788 4394 in

192 4416 499 4475 wnSpectu
544 4409 722 4460 illius.

261 4478 452 4544 Super
493 4480 753 4531 salutem
782 4486 837 4529 et
868 4479 1102 4545 speciem
1122 4478 1285 4531 dilext
1317 4478 1485 4541 illam,
1516 4489 1571 4532 et
1593 4495 1792 4547 propo-

187 4552 268 4599 sui
292 4566 397 4615 pro
424 4550 563 4601 luce
602 4548 806 4601 habere
839 4548 983 4599 illam
1017 4550 1314 4615 :quoniam
1349 4549 1797 4619 inexstinguibile

189 4629 269 4670 est
298 4621 497 4670 lumen
526 4619 709 4671 illius.

278 4688 589 4741 Venerunt
675 4695 856 4739 autem
937 4686 1070 4739 mihi
1134 4686 1315 4739 omnia
1381 4688 1521 4741 bona
1602 4688 1805 4755 pariter

188 4775 308 4809 cum
372 4759 501 4819 illa,
546 4769 616 4811 et
670 4759 1090 4810 innumerabilis
1136 4759 1397 4809 honestas
1456 4774 1554 4824 per
1609 4772 1808 4810 manus

188 4832 357 4880 illius.

266 4898 331 4951 Et
365 4900 620 4952 laetatus
659 4912 782 4951 sum
820 4897 871 4948 in
898 4896 1164 4950 omnibus
1191 4913 1206 4951 :
1237 4895 1500 4965 quoniam
1524 4897 1817 4949 antecede-

189 4970 276 5020 bat
301 4986 394 5021 me
424 4971 539 5021 ista
574 4968 851 5031 sapientia
887 4976 977 5021 :ct
1000 4970 1315 5035 ignorabam
1340 4967 1595 5033 quoniam
1621 4969 1815 5019 borum

184 5053 433 5091 omnium
474 5049 676 5090 mater
699 5049 805 5092 εει.

257 5114 439 5174 Quam
464 5125 607 5160 sine
640 5109 865 5162 ticttone
898 5107 1099 5171 didici,
1141 5118 1201 5164 et
1234 5108 1354 5162 sine
1408 5105 1613 5159 invidia
1670 5120 1821 5158 com-

186 5184 433 5241 munico,
460 5188 527 5231 et
565 5181 922 5232 honestatem
957 5180 1235 5241 ι11ιιιε,ιιυη
1270 5178 1576 5230 abscondo.

269 5250 549 5302 lutiuitus
585 5249 744 5301 enim
783 5250 1074 5301 thesaurus
1100 5257 1185 5301 est
1212 5247 1547 5309 hominibus,
1582 5260 1689 5313 quo
1718 5246 1815 5313 qui

184 5320 263 5372 usi
305 5331 470 5383 sunt,
522 5319 840 5386 partietpcs
860 5320 987 5371 laeti
1018 5326 1150 5370 sunt
1190 5318 1448 5370 amicitia:
1500 5321 1616 5379 bet,
1683 5331 1812 5383 pro-

185 5408 300 5457 pter
332 5391 681 5456 disciplina:
704 5389 845 5439 dona
876 5386 1267 5441 commendati.

246 5460 381 5513 Mihi
412 5454 630 5513 autem
670 5457 820 5507 dedit
850 5458 993 5510 Deus
1018 5457 1203 5510 dicere
1262 5471 1329 5508 ex
1394 5454 1692 5515 sententia,
1753 5463 1811 5506 ct

643 5526 809 5592 digna
874 5528 1115 5591 horum,
1173 5542 1295 5594 qua:
1344 5528 1475 5577 mihi
1528 5525 1730 5594 dantur
1792 5539 1806 5575 :

198 5614 454 5668 multum
528 5600 671 5666 ipse
726 5594 1003 5664 sapientia:
1056 5593 1312 5648 dux’est
1369 5607 1425 5647 et
1475 5593 1806 5662 Sapientium

182 5546 537 5598 pra—sumere

180 5678 548 5725 emendator.

1966 3225 2046 3278 llli
2086 3225 2231 3279 enim
2265 3225 2641 3279 succeditnox
2680 3241 2695 3280 :
2728 3225 3053 3295 sapientiam
3084 3237 3274 3280 autem
3345 3242 3455 3280 non

1885 3295 2051 3350 vincit
2085 3298 2318 3349 malitia.

2454 3430 2685 3487 CAPUT
2724 3430 2864 3487 Vlll.

1959 3545 2191 3614 Attingit
2224 3559 2353 3612 ergo
2391 3542 2546 3596 aline
2573 3558 2749 3612 usque
2790 3548 2860 3599 ad
2915 3544 3078 3602 linem
3118 3549 3357 3616 fortiter,
3408 3562 3465 3607 et

1886 3613 2135 3679 disponit
2157 3620 2338 3667 omnia
2368 3616 2630 3666 suaviter.

1980 3684 2129 3735 llanc
2158 3684 2332 3736 amavi
2384 3692 2442 3735 .et
2490 3684 2811 3753 exquisivia
2866 3686 3154 3753 juventute
3213 3702 3353 3753 mea,
3406 3701 3463 3743 et

1886 3752 2553 3820 quaesivispmisammihi
2612 3770 2733 3807 eam
2792 3752 3095 3818 assumere,
3161 3767 3217 3811 et
3250 3752 3463 3812 amator

1888 3827 2064 3876 Iactus
2102 3838 2221 3876 sum
2252 3823 2439 3875 forma:
2470 3821 2638 3877 illius.

1969 3891 2399 3945 Generositatem
2463 3890 2608 3962 illius
2662 3893 2975 3962 gloriﬁcat,
3037 3896 3460 3959 contubernium

1890 3962 2225 4035 habensDei
2258 3979 2273 4014 ι
2304 3963 2401 4015 sed
2436 3958 2603 4031 ειμι.
2643 3958 2751 4017 tuo.
2783 3962 3111 4035 etjotnnium
3176 3968 3451 4019 Dominus

1889 4032 2078 4085 dilexit
2105 4034 2275 4084 illam.

1960 4102 2179 4174 Doctrix
2216 4101 2362 4153 enim
2392 4110 2476 4154 est
2505 4100 2809 4171 disciplina:
2825 4103 2917 4156 Dei
2946 4141 2963 4166 ,
2985 4113 3042 4157 et
3068 4104 3301 4159 elextrix
3329 4122 3462 4174 ope-

1890 4186 2009 4224 rum
2038 4172 2206 4225 illius.

1973 4262 2347 4335 Etsidivitize
2376 4274 2713 4331 appetuntur
2736 4265 2790 4317 in
2833 4267 2966 4328 vita,
2995 4265 3127 4334 quid
3180 4266 3457 4335 sapientia

1890 4332 2237 4401 locupletius,
2267 4349 2388 4400 qua:
2414 4349 2677 4401 operatur
2702 4338 2887 4389 omnia
2929 4338 2950 4386 Υ

1979 4402 2036 4455 Si
2069 4411 2251 4475 autem
2285 4416 2766 4475 SCIISUS‘Opel'aHH'
2799 4419 2830 4475 :7
2875 4404 3000 4471 quis
3058 4405 3277 4469 horum,
3343 4421 3468 4475 qua:

1896 4486 2045 4535 sunt,
2077 4474 2249 4541 magis
2274 4488 2437 4540 quam
2468 4472 2555 4525 illa
2582 4483 2667 4526 est
2699 4474 2892 4527 artitex
2925 4476 2946 4526 ἳ

1984 4542 2051 4594 Ει
2085 4542 2411 4609 sijustitiaui
2442 4544 2566 4608 quis
2595 4543 2811 4610 diligit:
2844 4545 3062 4596 labores
3122 4544 3288 4612 hujus
3344 4561 3463 4599 mae

1905 4612 2267 4684 gnashabent
2295 4614 2941 4684 virtuteszsobrietatem
2998 4615 3145 4666 enim
3202 4623 3258 4667 et
3327 4631 3467 4684 pru-

1905 4682 2144 4753 dentiain
2175 4682 2439 4753 docet,r_et
2498 4681 2794 4753 justitiam,
2844 4691 2926 4753 etp
2960 4685 3217 4753 virtutem
3244 4684 3259 4714 ι
3293 4681 3470 4753 [ψη-

1914 4755 2018 4804 bus
2046 4751 2233 4802 utilius
2262 4749 2397 4802 nihil
2433 4763 2515 4804 est
2547 4752 2600 4803 in
2638 4752 2746 4803 vita
2785 4751 3120 4805 hominibus.

2001 4819 2067 4871 Et
2104 4820 2149 4891 si
2188 4821 2595 4873 multitudinem
2626 4821 2869 4873 scientia:
2898 4821 3176 4875 desiderat
3199 4826 3347 4891 quis,
3372 4827 3477 4877 scit

1914 4890 2214 4959 praeterita.
2272 4899 2327 4941 et
2376 4891 2442 4942 de
2495 4892 2696 4941 Iuturis
2720 4892 2954 4941 aestimat
2990 4904 3008 4941 :
3041 4893 3145 4943 scit
3204 4890 3476 4947 versuttas

1918 4974 2259 5019 sermonum,
2285 4969 2340 5009 et
2372 4962 2754 5012 dtssolutiones
2786 4972 3235 5027 argumentorum
3271 4978 3286 5017 :
3312 4981 3466 5028 signa

1918 5040 1974 5079 et
2011 5037 2250 5080 monstra
2283 5028 2704 5097 scit,antequatn
2731 5030 2882 5094 liaut,
2931 5038 2988 5085 et
3013 5040 3242 5086 eventus
3267 5042 3479 5100 tenipo-

1923 5114 2041 5152 rum
2073 5111 2127 5149 et
2156 5100 2496 5149 saeculorum.

1993 5168 2256 5233 l’roposui
2283 5181 2414 5235 ergo
2444 5167 2585 5221 hanc
2611 5166 2884 5223 adducere
2913 5169 3045 5223 mihi
3074 5169 3142 5225 ad
3171 5169 3472 5225 conviven-

1916 5239 2045 5292 dutn
2081 5251 2096 5289 :
2129 5237 2311 5289 sciens
2342 5240 2601 5305 quoniam
2644 5253 2855 5291 tnecum
2925 5239 3355 5293 communicabit
3405 5240 3479 5293 do

1916 5310 2094 5369 bonis,
2119 5317 2174 5359 et
2210 5305 2316 5359 erit
2373 5307 2634 5362 allocutio
2681 5310 3029 5376 cogitationis
3082 5319 3135 5360 et
3166 5309 3310 5361 tedii
3344 5310 3475 5363 inci.

2003 5378 2227 5429 Habebo
2263 5386 2487 5443 propter
2520 5378 2663 5431 hanc
2710 5382 3013 5433 «daritateut
3043 5378 3111 5432 ad
3164 5379 3373 5443 turbas,
3413 5390 3475 5433 et

1918 5449 2180 5501 honorem
2207 5447 2347 5512 apud
2377 5447 2624 5501 seniores
2642 5449 2878 5517 juvenis.

1992 5517 2061 5570 Et
2094 5527 2303 5588 acutus,
2350 5521 2603 5570 inveniar
2642 5514 2693 5571 iu
2724 5518 2952 5587 judicio,
2984 5523 3039 5569 et
3074 5514 3127 5588 in
3172 5527 3473 5588 conspectu

1918 5587 2217 5658 potentium
2243 5586 2584 5642 admirabilis
2607 5586 2735 5653 ero,
2755 5598 2808 5641 et
2840 5588 3006 5642 facies
3033 5586 3344 5658 principum
3369 5590 3476 5643 mi.

1920 5661 2187 5713 rabuntur
2210 5672 2316 5710 me.

250 5813 263 5839 '
292 5810 399 5864 Alii
446 5806 606 5862 editi
650 5803 796 5869 libri,
851 5808 1145 5869 veritatem,
1183 5805 1395 5870 longius
1436 5822 1462 5857 a
1491 5805 1677 5859 Grazt'o
1712 5803 1948 5864 mpm.
