3840 6176
259 409 284 467 4
297 401 343 462 i7

837 511 1064 568 CAPUT
1117 511 1209 567 XI.

324 607 518 690 tiirexit
582 621 750 675 opera
807 622 998 662 eorum
1070 607 1127 661 in
1198 604 1454 662 manibus
1532 607 1816 676 prophetae

268 703 302 738 ε,
385 697 445 732 ιι.

266 698 416 806 ’τίιιξετ
446 748 693 802 [iecerunt
714 764 809 816 per
831 747 1072 806 deserta.
1099 763 1219 815 quae
1247 760 1354 802 non
1383 745 1770 801 habitabantur
1794 763 1810 802 :

263 835 307 880 et
338 825 384 874 in
414 820 550 873 locis
575 819 813 872 desertis
842 818 1078 872 lixerunt
1109 832 1282 871 casas.

319 894 594 944 Steterunt
626 898 816 942 contra
851 887 1058 948 hostes.
1085 897 1137 942 et
1165 887 1234 942 de
1268 886 1506 941 inimicis
1538 901 1599 941 se
1628 884 1813 940 vindi-

261 971 493 1020 ("JVtBl'lllH
507 1002 520 1014 .

321 1053 606 1109 Sitierunt.
645 1057 698 1102 et
750 1049 1148 1102 invocaverunt
1189 1056 1261 1103 te.
1301 1055 1355 1097 et
1401 1047 1523 1100 data
1575 1057 1658 1101 est
1706 1048 1812 1102 illis

258 1140 373 1190 aqua
405 1121 471 1174 de
504 1132 660 1189 petra
707 1119 996 1180 altissima.
1032 1129 1087 1171 et
1118 1118 1339 1186 requies
1364 1117 1488 1170 sitis
1529 1117 1596 1171 de
1633 1117 1813 1185 lapide

258 1198 399 1248 duro.

320 1288 414 1339 Per
440 1299 564 1349 quae
591 1283 734 1335 enim
768 1296 960 1350 pinnas
982 1281 1126 1342 passi
1156 1290 1283 1335 sunt
1318 1279 1526 1333 inimici
1563 1278 1808 1341 illorum.

259 1375 281 1410 ιι
316 1357 618 1408 delectione
649 1362 815 1421 potus
855 1352 964 1416 sui,
995 1360 1049 1404 et
1087 1351 1143 1404 in
1170 1350 1272 1414 eis,
1299 1366 1426 1404 cum
1463 1350 1812 1403 abundarent

261 1428 341 1481 lilii
371 1425 561 1484 lsrael,
594 1422 754 1476 laetati
788 1431 915 1474 sunt
950 1437 966 1475 :

320 1497 411 1548 l'cr
467 1494 605 1558 lucc,
667 1507 792 1547 cuni
843 1492 952 1546 illis
1007 1491 1282 1558 deessent,
1341 1489 1481 1543 bene
1530 1504 1654 1543 cum
1702 1489 1810 1544 illis

257 1577 414 1621 actum
443 1573 551 1616 est.

321 1636 448 1688 Nam
490 1647 590 1700 pro
630 1630 785 1684 fonte
819 1631 1042 1700 quidem
1072 1632 1396 1700 sempiterni
1433 1627 1679 1684 ﬂuminis
1709 1629 1811 1682 liu-

265 1721 468 1761 mannin
504 1701 826 1767 sanguinem
870 1701 1069 1755 dedisti
1105 1702 1346 1770 injustis.

317 1776 408 1839 Qui
447 1790 574 1826 cum
611 1771 1072 1839 minuerenturin
1124 1768 1469 1824 traductione
1517 1768 1808 1822 infantium

1519 395 1743 456 LIBER
1786 395 2234 455 SAI’lEN'l‘le.

3367 392 3468 452 4'8

2500 507 2725 563 CAPUT
2767 507 2884 563 ΧΗ.

1984 600 2029 654 Ο
2058 615 2218 665 quam
2251 600 2428 654 bonus
2472 608 2529 654 et
2589 600 2774 655 suavis
2823 606 2927 665 est,
2957 598 3213 664 Domine,
3247 599 3473 668 spiritus

1914 679 2041 724 tuus
2077 671 2127 722 in
2158 669 2448 723 omnibus!

1982 739 2216 806 Ideoque
2241 754 2357 800 eos,
2389 738 2482 806 qui
2513 747 2796 799 exet-rant,
2830 737 3078 806 partibus
3122 737 3382 803 corripis,
3411 749 3468 791 et

1913 807 1980 861 de
2035 811 2234 875 quibus
2278 817 2526 876 peccant.
2581 809 2862 869 admones.
2925 819 2980 860 et
3035 807 3335 876 alloqueris
3393 818 3471 872 ut,

1913 878 2099 930 relicta
2128 879 2357 939 malitia,
2388 877 2613 930 credant
2640 878 2691 929 in
2730 887 2799 939 te,
2833 877 3082 930 Domine.

1985 947 2110 1000 Illos
2139 949 2286 1000 enim
2345 946 2600 1010 antiquos
2631 946 3028 1002 inhabitatores
3067 955 3224 1001 terra:
3271 955 3472 1001 sancta:

1915 1023 2040 1077 tua»,
2071 1033 2207 1084 quos
2240 1016 2593 1074 exhorruisti.

1985 1086 2254 1147 Quoniam
2297 1085 2524 1155 odibilia
2563 1101 2728 1152 opera
2763 1087 2857 1140 tibi
2900 1085 3180 1141 iaciebant
3214 1101 3312 1155 per
3356 1099 3471 1138 me-

1915 1155 2183 1208 dicamina
2213 1165 2267 1209 et
2295 1154 2561 1209 Sacriﬁcia
2594 1156 2814 1223 injusia.

1986 1225 2050 1277 Et
2079 1227 2312 1278 tiliorum
2341 1239 2564 1278 suorum
2591 1222 2893 1289 necatores,
2924 1224 3043 1279 sine
3063 1222 3467 1284 misericordia,

1911 1304 1965 1346 et
2000 1306 2336 1350 comestores
2366 1295 2636 1347 viscerum
2681 1296 2986 1358 hominum,
3027 1306 3085 1349 et
3115 1295 3470 1348 dcvoratores

1913 1363 2195 1429 sanguinis
2222 1380 2251 1416 a
2286 1363 2466 1416 medio
2492 1376 2838 1418 sacramento
2879 1375 2990 1418 tuo.

1980 1430 2047 1484 Et
2081 1441 2333 1486 auctores
2367 1443 2620 1498 parentes
2652 1434 2958 1488 animarum
2994 1434 3464 1495 inauxiliatarum,
3545 1479 3552 1484 .

1915 1502 2387 1572 perderevoliiisti
2435 1518 2530 1565 per
2561 1519 2756 1556 manus
2800 1514 3087 1572 parentum
3135 1516 3468 1557 nostrorum.

1986 1571 2055 1624 Ut
2107 1571 2324 1640 dignam
2365 1573 2713 1640 perciperent
2749 1571 3472 1640 peregrinationem‘puero-

1916 1655 2033 1690 rum
2071 1640 2188 1704 Dei,
2220 1655 2341 1708 quae
2373 1641 2469 1694 tibi
2501 1644 2745 1695 omnium
2777 1643 3114 1702 cliariorcst
3154 1654 3317 1693 terra.

1984 1710 2088 1760 Sed
2135 1719 2190 1763 et
2252 1711 2338 1763 liis
2387 1718 2639 1777 tanquam
2696 1712 3010 1765 hominibus
3052 1710 3367 1779 pepercisti,
3415 1720 3470 1763 et

1915 1778 2109 1849 misisti
2149 1790 2528 1834 antecessores
2557 1781 2835 1846 exercitus
2877 1781 2954 1834 tui
3002 1778 3215 1849 vespas.
3253 1789 3310 1833 ut
3349 1780 3471 1834 illos

256 1838 573 1907 occisorum,
607 1838 807 1895 dedisti
848 1843 954 1896 illis
985 1841 1352 1895 abundantem
1388 1855 1584 1909 aquam
1626 1840 1807 1909 inspe-

1952 1847 2168 1901 anlatiin
2195 1841 2649 1904 eaterininarent.

258 1927 619 2038 ra‘(Qi'stendens
649 1999 746 2049 per
769 1981 940 2043 sitim,
973 1996 1093 2049 qua:
1124 1988 1253 2033 tunc
1284 1979 1409 2038 fuit,
1443 1980 1808 2046 quemadmo-

255 2060 369 2112 dum
405 2069 529 2107 tuos
559 2054 854 2117 cxaltares,
886 2062 942 2106 et
989 2051 1331 2105 adversarios
1382 2050 1598 2104 illorum
1644 2066 1810 2104 neca-

256 2146 349 2184 I’CS.

318 2225 445 2276 Cum
482 2218 628 2272 enim
666 2216 861 2271 tentati
893 2224 1042 2278 sunt,
1084 2224 1139 2270 et
1181 2211 1403 2280 quidem
1432 2228 1554 2266 cum
1593 2212 1810 2267 miseri-

255 2293 424 2347 cordia
460 2287 810 2353 disciplinam
863 2285 1221 2352 accipientes.
1270 2284 1513 2336 scierunt
1549 2284 1811 2349 quemad-

255 2366 457 2412 nmdnm
478 2375 606 2411 eum
634 2359 711 2410 ira
730 2355 964 2423 judicati
993 2355 1143 2421 impii
1174 2362 1442 2407 tormenta
1464 2364 1803 2420 paterentur.

315 2434 418 2484 llos
445 2428 674 2494 quidem
728 2436 990 2493 tanquam‘
1033 2433 1186 2492 pater
1237 2437 1464 2494 monens
1508 2423 1755 2479 Droliasti
1791 2439 1806 2478 :

250 2507 358 2552 iliis
383 2492 570 2553 autem
604 2492 867 2565 tanquam
916 2497 1091 2548 durus
1137 2509 1229 2546 rex
1278 2492 1627 2561 interrogans
1673 2509 1808 2546 con-

267 2570 537 2622 ii'tiillasli.

298 2593 325 2622 ιι
441 2595 461 2619 .s
499 2586 537 2621 Ι.

251 2581 572 2695 ὼιδξὲιῒιεε
625 2638 775 2692 enim
834 2647 891 2691 et
944 2643 1246 2704 praesentes
1279 2631 1535 2689 similiter
1582 2642 1808 2704 torque-

281 2724 455 2765 antur.
1483 2751 1488 2756 .

247 2714 524 2849 ιλὙῖδῖῐΑ
554 2783 702 2836 enim
731 2781 866 2860 illos
908 2785 1196 2858 acceperat
1249 2751 1492 2840 taedium,
1543 2785 1597 2829 et
1636 2778 1808 2845 gemi-

247 2864 326 2906 tus
357 2870 480 2906 cum
513 2859 778 2907 memoria
815 2859 1240 2916 prmteritorum.

308 2923 440 2976 Cum
490 2925 639 2976 enim
705 2922 961 2974 audirent
1021 2933 1115 2983 per
1174 2931 1270 2968 sua
1331 2925 1606 2969 tormenta
1667 2917 1834 2971 bene.

246 3009 420 3046 secum
468 2995 580 3063 agi.
635 2990 1048 3045 commemorati
1081 2995 1228 3040 sunt
1283 2987 1572 3040 Dominum
1629 2988 1806 3040 admio

244 3075 418 3117 rantes
446 3055 700 3116 in'tincm
729 3063 928 3114 exitus.

310 3132 482 3197 Quem
525 3136 666 3185 enini
698 3133 751 3184 in
783 3128 1127 3197 eiipositionc.
1166 3141 1330 3192 prava
1369 3126 1673 3194 projectum
1706 3127 1801 3179 de-

1992 1918 2106 1969 i\Lon
2137 1919 2264 1986 quia
2308 1922 2580 1987 impotens
2610 1934 2736 1973 eras
2773 1919 2827 1973 in
2871 1919 3016 1973 bello
3050 1918 3323 1984 subjicere
3374 1922 3477 1975 iiii-

1918 1988 2033 2054 pios
2062 1987 2244 2065 justis,
2276 2000 2372 2044 aut
2407 1989 2598 2042 bestiis
2627 1992 2806 2050 sazvis,
2829 2000 2924 2043 aut
2957 1991 3120 2043 verbo
3144 1991 3284 2043 duro
3311 1991 3468 2044 simul

1913 2072 2274 2112 caterintnare
2303 2075 2319 2113 ζ

1983 2125 2091 2204 Sed
2126 2128 2670 2204 partibusjudicans,
2699 2128 2867 2181 dabas
2900 2130 3076 2182 locum
3113 2129 3467 2204 pcenitenihc.

1915 2211 2021 2247 non
2053 2201 2331 2261 ignorans,
2368 2201 2626 2266 quoniam
2675 2215 2908 2266 nequam
2942 2208 3025 2252 est
3062 2201 3213 2251 natio
3248 2216 3465 2253 eorum.

1912 2275 1968 2316 et
1999 2267 2263 2318 naturalis
2293 2270 2494 2320 malitia
2529 2272 2796 2336 ipsorum,
2829 2278 2882 2321 et
2917 2269 3174 2336 quoniam
3219 2285 3327 2322 non
3373 2287 3467 2338 po-

1914 2343 2053 2407 terat
2095 2339 2293 2389 mutari
2327 2339 2580 2407 cogitatio
2616 2339 2828 2390 illorum
2861 2342 2912 2390 in
2942 2350 3287 2406 perpetuum.

1984 2403 2182 2458 Semen
2231 2407 2374 2459 enim
2397 2403 2546 2460 verat
2601 2403 2957 2460 maledictum
3006 2403 3073 2461 ab
3131 2408 3332 2463 initio:
3370 2424 3470 2463 nec

1914 2472 2113 2545 timetis
2143 2475 2402 2543 aliquem.
2437 2477 2648 2529 veniam
2692 2479 2859 2530 dabas
2889 2481 3126 2545 peccatis
3157 2479 3400 2530 illorntn.

1979 2544 2118 2616 Quis
2165 2549 2311 2598 enim
2363 2546 2511 2600 dicet
2565 2548 2659 2599 tibi
2693 2565 2706 2600 :
2741 2544 2898 2610 Quid
2940 2547 3166 2600 iecisti?
3212 2559 3305 2600 aut
3349 2551 3473 2616 quis

1909 2615 2079 2664 stabit
2107 2624 2291 2686 contra
2317 2617 2583 2683 judicium
2614 2616 2798 2668 tuum?
2825 2625 2918 2668 ant
2938 2618 3062 2684 quis
3095 2620 3146 2666 in
3173 2629 3466 2686 conspectu

1912 2693 2006 2754 tuo
2047 2685 2230 2754 veniet
2259 2686 2456 2737 vindex
2512 2688 2820 2753 iniquorum
2867 2686 3189 2738 hominum?
3219 2697 3314 2737 aut
3347 2689 3472 2754 quis

1911 2753 2006 2804 tibi
2042 2753 2352 2823 imputabit,
2377 2774 2380 2775 ν
2406 2757 2450 2808 si
2495 2757 2764 2823 perierint
2815 2757 3089 2818 nationes,
3122 2770 3258 2823 quas
3291 2753 3471 2809 tu’t'e-

1907 2824 2028 2874 cisti
2059 2821 2082 2873 ?

1977 2915 2095 2968 Non
2123 2916 2268 2970 enim
2297 2928 2381 2973 est
2409 2918 2548 2974 alius
2587 2920 2734 2973 Deus
2761 2934 2921 2988 quam
2962 2931 3040 2981 tu,
3077 2919 3164 2972 cui
3214 2933 3347 2972 cura
3384 2931 3468 2976 est

1906 2984 2298 3060 de__oiiiiiibiis,
2355 2999 2414 3042 ut
2473 2990 2732 3044 ostendas
2778 2984 3046 3058 quoniam
3106 3004 3213 3042 non
3270 2989 3471 3060 injuste

1900 3055 2119 3123 jiidicas
2146 3059 2438 3124 judicium.
2802 3055 2816 3058 “
3086 3107 3090 3110 -

1981 3125 2167 3192 Neque
2213 3143 2349 3200 ιςιίἈ
2385 3144 2566 3196 neque
2623 3137 2886 3200 tyrannus
2930 3131 2985 3185 in
3027 3141 3328 3198 conspectu
3376 3137 3470 3184 tuo

249 3187 508 3267 risi-runt,
541 3204 589 3256 in
623 3203 784 3254 ﬁnem
825 3187 1052 3251 eirentus
1103 3187 1281 3250 mirati
1316 3187 1484 3260 sunt;
1508 3211 1617 3250 non
1656 3198 1809 3251 simi-
1836 3187 1877 3242 C
1913 3187 2196 3267 iIHtUIl—‘em
2233 3187 2443 3259 de’his.
2477 3187 2620 3266 ὶιυοε
2644 3187 2960 3261 iwrdidiSli.

245 3277 363 3327 liter
398 3274 570 3342 jiistis
599 3273 876 3342 sitientes.

317 3335 419 3397 Pro
452 3340 889 3407 cogitationibus
930 3347 1111 3390 autem
1161 3335 1458 3389 insensatis
1498 3336 1809 3404 iniquitatis

246 3417 485 3476 illorum,
543 3412 680 3480 quod
728 3408 948 3475 quidam
1007 3415 1259 3459 errantes
1309 3407 1585 3480 colebant
1622 3418 1810 3480 mutos

243 3476 647 3550 si-rpentes'et
707 3480 908 3533 bestias
953 3490 1340 3550 snpervaeiias,
1370 3477 1662 3550 _imn_ii.~'isti
1700 3476 1810 3528 illis

243 3543 655 3607 nniititudinein
704 3559 980 3602 mutorum
1016 3546 1333 3597 animalium
1370 3543 1424 3596 in
1465 3547 1760 3598 vindictam
1791 3560 1809 3599 :

306 3625 372 3677 [ι
395 3625 617 3676 scirent
640 3619 771 3689 quia
807 3633 902 3686 per
936 3631 1054 3686 qme
1080 3622 1272 3683 peccat
1304 3615 1450 3682 quis,
1485 3632 1582 3684 per
1614 3616 1728 3669 lucc
1755 3625 1812 3669 et

238 3703 559 3759 torquetur.

301 3787 419 3836 Non
465 3784 623 3837 enim
680 3778 1039 3848 impossibilis
1078 3785 1198 3830 erat
1227 3777 1578 3845 omnipotens
1621 3793 1814 3832 manus

237 3867 345 3916 tua,
373 3870 501 3920 quae
540 3847 958 3905 creavit’orbem
997 3857 1266 3920 terrarum
1306 3862 1371 3900 ex
1405 3847 1632 3900 materia
1676 3849 1816 3900 invi-

237 3940 315 3983 sa,
381 3916 691 3976 immittere
761 3920 870 3973 illis
931 3916 1655 3981 multitudinemursorum,
1721 3928 1818 3973 aut

236 3994 476 4047 audaces
515 3994 706 4046 leones
741 4007 755 4044 :

305 4088 412 4138 Ani
447 4084 581 4136 novi
609 4080 825 4150 generis
863 4080 942 4133 ira
990 4079 1180 4148 plenas
1212 4079 1424 4150 ignotas
1459 4078 1682 4144 bestias,
1720 4089 1815 4133 aut

238 4170 497 4220 vaporem
535 4149 744 4221 ignium
779 4151 1074 4217 spirantes,
1102 4159 1196 4202 aut
1254 4149 1387 4221 fumi
1416 4150 1639 4221 odorem
1689 4165 1816 4214 pro-

233 4219 504 4290 lurcntes,
544 4219 640 4276 aut
694 4221 997 4275 horrendas
1043 4221 1110 4272 ab
1155 4219 1332 4274 oculis
1359 4219 1629 4272 scintillas
1652 4222 1816 4272 crnit-

234 4305 435 4347 tentes.

303 4388 564 4450 Quarum
598 4402 706 4439 non
737 4386 914 4440 solum
965 4385 1160 4437 lmsura
1216 4392 1434 4450 poterat
1485 4383 1606 4436 illos
1639 4393 1821 4436 exter-

232 4459 470 4518 minare,
503 4456 602 4510 sed
631 4466 687 4508 et
709 4464 960 4523 aspectus
989 4470 1080 4522 per
1112 4454 1360 4507 timorem
1388 4452 1661 4505 occidere.

449 4536 511 4577 et
540 4528 664 4578 sine
698 4528 780 4602 liis
806 4525 1136 4602 ntio_sjiiritii
1158 4536 1162 4544 '
1187 4532 1444 4602 poterant
1478 4523 1649 4602 occidi
1677 4537 1806 4602 per:
1841 4548 1884 4602 ι)

229 4598 592 4648 secutiunem
626 4596 768 4661 passi
819 4601 886 4646 ab
918 4593 1050 4660 ipsis
1091 4592 1250 4644 factis
1289 4593 1517 4661 suis,ct
1571 4591 1806 4658 diSpersi

232 4681 328 4730 per
358 4660 646 4732 spiritum.
663 4665 883 4715 virtuus
916 4675 1022 4714 tuae
1055 4677 1069 4715 ;
1098 4662 1193 4713 sed
1226 4661 1408 4732 omnia
1447 4660 1500 4712 in
1531 4676 1810 4726 mensura,

231 4745 283 4786 et
316 4731 585 4790 numero.
608 4745 663 4786 et
695 4734 937 4801 pondere
967 4731 1313 4797 disposuisti.

305 4806 552 4856 Stultum
581 4805 724 4853 cnim
764 4803 944 4855 valere
977 4801 1075 4853 tibi
1100 4801 1198 4852 soli
1235 4807 1518 4866 supererat
1547 4813 1762 4868 semper
1798 4816 1812 4852 :

232 4884 284 4926 et
315 4875 519 4925 \irtuti
570 4872 780 4925 brachii
811 4871 888 4922 tui
923 4871 1046 4937 quis
1081 4869 1335 4923 resistet?

301 4944 595 5008 Quoniam
632 4955 892 5009 tanquam
943 4936 1278 4992 momentum
1324 4948 1562 5000 staterzc,
1605 4936 1685 4990 sic
1734 4946 1818 4989 est

230 5028 356 5065 ante
392 5026 446 5065 te
482 5014 641 5064 orbis
691 5022 986 5069 tetrarum,
1045 5018 1100 5060 et
1158 5018 1412 5075 tanquam
1474 5019 1625 5074 gutta
1677 5010 1818 5060 roris

232 5085 590 5142 antelucaiii,
618 5097 740 5147 qua:
764 5079 1048 5131 deSCettdil
1080 5079 1132 5130 in
1173 5088 1394 5130 terram.

300 5153 410 5205 Sed
486 5149 782 5203 miseri-ris
833 5149 1101 5207 omnium,
1159 5148 1287 5214 quia
1337 5147 1518 5199 omnia
1557 5155 1728 5212 potes.
1763 5156 1818 5198 et

230 5221 571 5274 dissimulas
601 5229 821 5285 peceata
847 5215 1132 5268 hominum
1165 5229 1387 5284 propter
1413 5216 1816 5285 paenitentiam.

303 5292 508 5357 Diligis
546 5284 700 5341 enim
753 5289 937 5338 omnia
989 5301 1110 5357 quae
1166 5297 1314 5345 sunt,
1349 5295 1404 5338 et
1465 5284 1818 5357 niliil_odisti

229 5354 604 5428 eorumque:
627 5359 808 5428 fecisti
844 5373 858 5409 :
894 5372 994 5408 nec
1022 5356 1170 5408 enim
1202 5356 1396 5409 odieiis
1435 5354 1637 5424 aliquid
1687 5369 1820 5406 con-

229 5425 498 5492 stituisti,
529 5439 628 5481 aut
656 5425 858 5481 iemsti.

296 5521 614 5586 Quomodo
639 5527 823 5571 autem
862 5527 1043 5586 posset
1093 5516 1297 5580 aliquid
1335 5533 1678 5583 permanere,
1719 5517 1820 5570 nisi

231 5602 287 5642 tu
327 5592 664 5644 uoluisses?
694 5599 786 5642 aut
814 5590 961 5657 quod
1003 5605 1032 5640 ιι
1087 5597 1139 5639 te
1192 5597 1443 5639 vocatum
1501 5604 1609 5640 non
1657 5597 1822 5648 esset,

231 5658 728 5712 conservaretur?

305 5751 508 5804 l'arcis
577 5759 757 5803 autem
814 5751 1074 5804 ontiiibns
1136 5769 1148 5803 :

237 5821 502 5881 Domine,
538 5820 646 5888 qui
672 5838 811 5876 amas
845 5838 1084 5875 annuas.

1209 5748 1464 5803 quoniam
1521 5757 1614 5802 tua
1677 5755 1824 5811 sunt,

1978 3266 2114 3318 Cum
2171 3283 2301 3332 ergo
2351 3269 2428 3321 sis
2471 3270 2671 3337 justus,
2722 3269 2871 3336 juste
2915 3271 3097 3322 omnia
3147 3269 3397 3337 disponis
3453 3285 3468 3323 τ

1911 3335 2088 3402 ipsum
2129 3353 2368 3405 quoque,
2398 3335 2491 3406 qui
2519 3354 2626 3391 non
2651 3335 2816 3393 debet
2850 3341 3052 3409 puniti,
3088 3335 3470 3406 condemnare,

1909 3419 2158 3457 cxterum
2194 3410 2434 3461 aestimas
2463 3425 2491 3460 a
2527 3418 2616 3460 tua
2642 3411 2869 3463 virtute.

1989 3473 2170 3530 Virtus
2197 3481 2343 3529 enim
2384 3488 2476 3530 tua
2507 3478 2737 3547 jttsliliat:
2771 3481 2986 3533 initium
3019 3489 3102 3532 est
3131 3497 3144 3532 :
3176 3490 3232 3532 et
3264 3480 3334 3533 ob
3373 3481 3477 3533 line

1912 3549 2056 3612 quod
2114 3551 2357 3601 omnium
2413 3548 2679 3603 Dominus
2725 3565 2805 3614 es,
2849 3550 3108 3603 omnibus
3159 3561 3209 3604 te
3251 3565 3474 3618 parcere

1911 3619 2067 3668 locis.
2785 3625 2788 3628 ’

1915 3777 1926 3787 θ
1986 3707 2254 3786 Virtutem
2278 3710 2423 3764 enim
2450 3711 2697 3766 ostendis
2722 3721 2802 3787 ιιι.
2831 3712 2924 3782 qui
2953 3727 3060 3765 nou
3089 3711 3476 3787 crederiseSse

1914 3781 1968 3830 in
2001 3782 2199 3850 rirtnte
2224 3793 2655 3850 consummatus,
2683 3793 2736 3836 et
2765 3781 2982 3847 horum,
3010 3781 3104 3850 qui
3131 3791 3180 3834 te
3199 3784 3476 3844 nesciunt,

1917 3847 2201 3899 audaciam
2239 3849 2496 3902 tradums.

1987 3916 2068 3987 Tu
2100 3930 2303 3982 autem,
2337 3921 2648 3974 dominator
2678 3920 2913 3984 virtutis,
2944 3935 3066 3974 cum
3087 3914 3481 3987 tranquillitate

1915 3985 2152 4060 judicas,
2186 3999 2243 4041 et
2275 4003 2397 4042 cum
2443 4007 2636 4060 magna
2687 3992 2994 4044 reverentia
3027 3985 3276 4058 disponis
3326 4006 3424 4042 nos
3460 4009 3474 4041 :

1919 4057 2109 4130 subest
2135 4060 2278 4130 enim
2315 4061 2431 4119 tibi.
2461 4057 2584 4112 cuin
2614 4061 2872 4124 volueris,
2907 4076 3087 4130 posse.

1992 4127 2230 4199 Docuisti
2257 4138 2438 4181 autem
2479 4131 2738 4198 populum
2779 4127 2930 4182 tuum
2984 4146 3081 4199 per
3122 4129 3252 4181 talia
3287 4142 3478 4196 opera,

1918 4198 2177 4268 quoniam
2207 4203 2644 4268 oporietjustuiii
2665 4217 2785 4254 esse
2811 4215 2868 4254 et
2899 4198 3225 4261 liuiiiaiiuin,
3246 4211 3301 4251 et
3328 4207 3483 4253 bona:

1920 4268 2035 4334 spei
2060 4264 2407 4320 feeistiilitios
2435 4264 2579 4330 iuos,
2616 4272 2870 4339 quoniam
2890 4269 3144 4339 judicans
3173 4271 3271 4322 das
3299 4271 3480 4326 locum

1921 4340 1976 4388 in
2018 4339 2256 4403 peccatis
2284 4340 2646 4405 pwniientiw.

1994 4408 2049 4459 Si
2080 4411 2227 4458 euim
2265 4411 2516 4461 inimicos
2549 4424 2832 4462 Serrorum
2880 4418 3122 4472 tuorum,
3165 4418 3220 4463 et
3267 4409 3485 4462 debitus

1923 4478 2105 4549 morti,
2133 4491 2254 4527 cum
2289 4488 2434 4529 tanta
2463 4481 2719 4533 eruciasti
2746 4484 3073 4544 attentione,
3101 4484 3238 4533 dans
3269 4489 3485 4549 tempus

1915 4556 1964 4599 et
1999 4548 2200 4608 locum,
2234 4562 2330 4613 per
2361 4564 2484 4614 qua:
2517 4560 2746 4616 possent
2778 4551 2979 4603 mutari
3009 4568 3036 4602 ει
3070 4550 3301 4612 malitia,

1987 4616 2123 4668 Cum
2151 4627 2354 4689 quanta
2386 4619 2666 4689 diligentia
2693 4620 2949 4689 judicasti
2985 4620 3129 4672 iilios
3162 4629 3306 4683 tuos,
3343 4635 3487 4686 quo-

1917 4702 2037 4738 rum
2066 4687 2390 4753 parentibus
2424 4687 2728 4752 iuramenta
2759 4699 2816 4742 et
2868 4691 3263 4744 conventiones
3285 4692 3486 4744 dedisti

1919 4760 2184 4809 bonarum
2219 4761 2644 4824 promissionum
2669 4762 2685 4810 .’

1987 4827 2121 4880 Cum
2155 4832 2405 4899 ergodas
2437 4831 2597 4880 nobis
2644 4829 3014 4899 disciplinain,
3081 4829 3338 4899 inimicos
3390 4845 3490 4880 no-

1921 4909 2066 4950 stros
2100 4898 2472 4963 multipliciter
2530 4898 2796 4965 ﬂagellas,
2867 4911 2926 4952 ut
2977 4898 3276 4952 bonitatem
3339 4909 3488 4951 tuam

1921 4977 2222 5033 cogitemus
2244 4970 2558 5031 judieantes
2591 4983 2604 5021 :
2633 4981 2682 5020 et
2715 4987 2838 5023 cuin
2884 4976 2951 5026 de
2991 4968 3151 5024 nobis
3178 4969 3486 5037 jiidicaiur,

1923 5050 2208 5106 spei'ciiius
2234 5041 2660 5088 intsei'icordiaiii
2687 5050 2855 5091 tttaiii.

1999 5107 2148 5159 Unde
2179 5122 2232 5157 ei
2272 5109 2374 5158 iliis
2403 5124 2494 5172 qui
2527 5123 2579 5158 ιιι
2617 5121 2723 5159 vna
2756 5127 2852 5162 sua
2884 5108 3164 5160 iiiscnsatc
3189 5119 3240 5161 et
3289 5108 3487 5174 injuste

1926 5183 2201 5237 riserunt,
2231 5192 2324 5242 per
2355 5185 2489 5240 inec,
2521 5193 2642 5246 qua:
2683 5180 2999 5240 coluerunt,
3028 5178 3230 5232 dedisti
3275 5195 3484 5229 summa

1925 5260 2214 5301 tormenta.

2002 5319 2214 5369 Etenim
2251 5323 2302 5370 in
2338 5321 2544 5371 erroris
2582 5322 2668 5372 via
2709 5320 2922 5372 diutius
2963 5327 3310 5381 erraverunt,
3355 5320 3488 5389 deos

1925 5399 2264 5442 acstnnantes
2299 5391 2432 5455 haec,
2459 5406 2579 5456 qua:
2607 5393 2658 5443 iii
2699 5392 3027 5445 animalibus
3060 5399 3189 5441 sunt
3220 5404 3486 5455 SUpCl'Vu-

1929 5477 2051 5520 cUa,
2085 5459 2371 5510 ttil'antium
2412 5474 2812 5513 ιιιδυιιδίιιυτιιιιι
2853 5476 3000 5511 more
3029 5459 3293 5510 viventes.

1998 5533 2229 5592 t’iopter
2264 5534 2360 5580 hoc
2390 5545 2645 5597 tauquam
2680 5531 2867 5598 pueris
2899 5527 3484 5596 insensatisjudiciuin

1931 5616 1980 5652 tu
2011 5603 2250 5650 dei'isuui
2285 5600 2503 5654 dedisti.

2002 5671 2103 5732 Qui
2150 5679 2332 5719 aliti-ni
2387 5672 2637 5723 ludibriis
2679 5681 2734 5720 et
2783 5668 3332 5734 iiiterprelalionibus
3379 5686 3486 5724 non

1930 5755 2058 5793 sunt
2101 5751 2352 5813 correcti,
2397 5751 2619 5803 dignum
2657 5740 2746 5813 llei
2787 5740 3050 5813 judicium
3088 5747 3298 5813 experti
3343 5754 3486 5794 sunt.

2006 5813 2062 5859 tn
2113 5810 2309 5874 quibus
2366 5825 2508 5860 enim
2565 5811 2838 5876 patientes
2894 5810 3340 5876 indignabantur,
3399 5827 3488 5877 per
