3840 6176
312 407 419 473 £39

1710 408 2118 467 APPENDIX.

3440 398 3545 461 4ἷο

317 523 435 576 lianc
466 535 606 589 quos
631 522 891 590 putabant
923 522 1078 583 deos,
1108 521 1162 574 in
1210 521 1343 589 ipsis
1384 536 1506 575 cum
1539 524 1879 576 extermina-
1907 523 1955 582 Α
1985 517 2357 590 ιιίθιιιῗάθιιίεῑί
2389 517 2520 572 etin
2553 515 2689 571 mari
2721 514 2888 578 viam,
2912 522 2966 570 et
2997 513 3140 568 inter
3158 511 3353 569 fluctus
3380 516 3548 568 semi-

318 599 513 648 rcntur
566 592 838 656 videntes,
881 592 1056 653 illum,
1105 605 1263 656 quem
1314 591 1443 645 oliiii
1503 593 1773 659 negabant
1821 607 1881 645 se

316 675 501 725 nosse,
535 675 721 713 verum
760 662 927 713 Deum
954 668 1294 726 agnoverunt
1325 670 1596 730 :‘propter
1637 660 1781 729 quod
1828 672 1883 714 et

319 731 445 784 linis
466 730 941 784 condemnationis
971 744 1161 782 eorum
1195 730 1344 784 venit
1372 745 1537 799 super
1574 731 1716 785 illos.

878 883 1103 942 CAPUT
1143 883 1286 940 Xlll.

390 997 527 1050 Varii
562 1005 742 1051 autem
775 1009 905 1053 sunt
934 1014 1128 1054 omnes
1153 1000 1425 1064 homines,
1454 1000 1508 1053 in
1548 998 1747 1068 quibus
1772 1014 1880 1052 non

320 1068 508 1126 subest
533 1070 769 1121 scientia
801 1070 892 1122 Dei
921 1086 936 1126 :
962 1080 1016 1123 et
1051 1075 1116 1124 de
1148 1071 1252 1133 liis,
1273 1086 1393 1138 qua:
1426 1068 1683 1123 videntur
1711 1070 1883 1132 bona,

320 1152 429 1194 non
462 1145 769 1207 potuerunt
824 1139 1136 1206 intelligere
1195 1155 1345 1204 eum,
1407 1140 1500 1207 qui
1555 1149 1658 1203 est,
1706 1154 1885 1205 neque

319 1206 580 1329 pperibus
622 1208 991 1271 attendentes,
1019 1219 1365 1278 agnoverunt
1390 1206 1518 1279 quis
1572 1217 1720 1263 esset
1747 1210 1883 1261 arti-

342 1289 428 1329 ex.

342 1289 428 1331 CX.

393 1344 497 1397 Sed
527 1353 621 1396 aut
648 1344 850 1418 ignem,
882 1357 976 1401 aut
998 1346 1271 1414 spiritum,
1297 1357 1389 1402 aut
1418 1347 1647 1402 citatum
1673 1362 1879 1414 aerem,

320 1422 415 1486 put
448 1429 638 1486 gyrum
670 1416 976 1478 stellarum,
1004 1428 1098 1469 aut
1124 1418 1349 1470 nimiam
1395 1432 1615 1486 aquam,
1649 1427 1745 1471 aut
1791 1432 1879 1469 so-

220 1536 237 1547 ,
321 1483 427 1538 lein
458 1496 512 1535 et
546 1485 755 1549 lunam,
790 1497 1030 1541 rectores
1059 1487 1211 1540 orbis
1263 1483 1529 1540 terrarum
1563 1489 1697 1541 deos
1728 1497 1874 1554 puta-

323 1561 541 1606 verunt.

390 1622 635 1701 Quorum
681 1624 724 1678 si
762 1624 941 1701 specie
978 1624 1258 1701 delectati,
1304 1624 1436 1679 deos
1481 1632 1817 1701 putaverunt
1866 1640 1882 1680 :

326 1695 499 1769 sciant
515 1696 850 1773 ‘qllafthJIlS
872 1696 1181 1773 dominator
1211 1710 1404 1773 eorum
1426 1695 1727 1773 speciosior
1753 1702 1837 1748 est
1864 1707 1885 1749 :

324 1765 527 1829 speciei
561 1765 706 1817 enim
739 1777 1025 1832 generator
1059 1765 1174 1817 haec
1204 1766 1385 1817 omnia
1417 1765 1723 1817 constituit.

399 1833 509 1915 tellit
538 1835 587 1915 si_
631 1833 1001 1915 virtutemmet
1047 1833 1685 1915 operaoeorummiirati
1731 1841 1885 1915 sunt,
1918 1861 1957 1915 Β

328 1898 707 1971 intelligebant
758 1902 825 1959 ab
891 1902 1021 1966 illis,
1077 1898 1335 1971 quoniam
1397 1902 1489 1971 qui
1548 1902 1664 1957 haec
1728 1902 1880 1968 fecit,

326 1967 524 2030 fortior
550 1983 634 2025 est
667 1971 791 2025 illis.

398 2042 853 2111 ﬁilllagltiludine
883 2040 1027 2096 enim
1056 2042 1254 2109 speciei
1283 2053 1338 2095 et
1367 2050 1633 2096 creatura:
1682 2056 1886 2111 cogno-

327 2110 596 2163 scibiliter
637 2115 828 2176 poterit
860 2122 1075 2165 creator
1100 2114 1291 2164 horum
1325 2113 1522 2166 videri.

403 2178 508 2232 Sed
541 2190 719 2251 tamen
752 2182 931 2234 adhuc
981 2182 1031 2233 in
1084 2182 1169 2234 liis
1208 2182 1387 2235 minor
1421 2192 1503 2237 est
1542 2181 1785 2251 querela.
1816 2181 1886 2235 Et

330 2248 385 2305 lii
408 2251 552 2302 enim
585 2249 817 2328 fortasse
847 2261 1052 2317 errant,
1089 2251 1256 2305 Deum
1287 2248 1593 2321 quaerentes
1614 2259 1670 2305 et
1694 2252 1884 2305 volen.

330 2330 413 2377 ιυε
455 2334 723 2373 invenire.

404 2386 618 2441 Etenim
643 2406 768 2443 cuin
799 2390 851 2442 in
880 2388 1140 2456 operibus
1182 2389 1328 2446 illius
1353 2399 1773 2456 conversentnr,
1800 2388 1886 2443 in-

332 2469 563 2531 quirunt
591 2476 603 2510 :
630 2471 684 2514 ct
712 2473 1033 2528 persuasum
1064 2460 1267 2517 habent
1290 2461 1547 2531 quoniam
1584 2463 1726 2515 bona
1756 2468 1886 2515 sunt

329 2544 452 2596 qua:
484 2529 733 2582 tidentur
767 2549 781 2585 :

399 2598 604 2670 lterum
632 2609 813 2659 autem
844 2616 943 2663 nec
980 2604 1065 2659 his
1094 2601 1259 2658 debet
1286 2601 1514 2670 ignosci.

402 2668 457 2723 Si
487 2671 631 2721 enim
660 2680 868 2742 tantum
899 2681 1198 2742 potuerunt
1221 2668 1383 2732 scire,
1404 2682 1463 2726 ut
1489 2679 1712 2741 possent
1738 2671 1886 2725 testi-

330 2753 481 2812 mare
538 2741 795 2812 saeculum
841 2758 856 2794 :
900 2741 1201 2812 iquoniodo
1239 2742 1402 2811 liuius
1458 2742 1740 2797 Dominum
1776 2756 1883 2795 non

330 2808 542 2869 facilius
572 2811 938 2866 invenerunt?

401 2878 651 2934 lnlclices
681 2891 860 2933 autem
904 2892 1051 2948 sunt,
1085 2892 1140 2938 et
1170 2882 1312 2935 inter
1341 2889 1587 2935 mortuos
1612 2897 1733 2949 spes
1760 2882 1883 2934 illo-

333 2963 454 3020 rum
485 2961 587 3013 est,
622 2954 715 3019 qui
770 2955 1186 3019 appellaverunt
1232 2953 1367 3009 deos
1415 2966 1581 3020 opera
1624 2966 1882 3005 inanuuin

334 3019 642 3095 hominum,
680 3037 878 3095 aurum
904 3034 959 3076 et
989 3034 1294 3092 argentum.
1325 3019 1463 3095 artis
1483 3025 1881 3095 inventionem,

333 3100 387 3143 et
425 3091 815 3143 similitudines
842 3091 1183 3158 animalium,
1216 3103 1308 3145 aut
1346 3091 1584 3161 lapidem
1634 3092 1883 3153 inutilem

333 3172 470 3226 opus
502 3175 695 3212 manus
723 3162 977 3229 antiquze.

405 3232 513 3279 Aut
538 3230 591 3301 si
620 3231 743 3301 quis
771 3233 963 3301 artifex
995 3230 1146 3284 faber
1168 3229 1234 3284 de
1267 3229 1403 3283 silva
1437 3230 1639 3299 lignum
1676 3240 1883 3283 rectum

335 3300 597 3361 secuerit,
637 3298 691 3350 et
730 3298 894 3367 hujus
927 3304 1083 3354 docte
1115 3304 1307 3354 eradat
1352 3298 1569 3355 omnem
1603 3302 1887 3362 corticem,

332 3379 390 3421 et
423 3378 539 3419 arte
581 3384 680 3445 sua
722 3384 886 3445 usus,
914 3370 1206 3438 diligenter
1248 3371 1481 3424 fabricet
1533 3384 1629 3424 vas
1662 3370 1795 3422 Utile
1835 3376 1891 3421 in

335 3442 807 3499 conversationem
842 3442 983 3501 vitae.

411 3508 676 3576 ttetiquiis
710 3518 893 3561 autem
929 3516 1047 3581 ejus
1086 3507 1291 3577 operis,
1324 3506 1392 3560 ad
1430 3506 1889 3577 przeparationein

334 3591 473 3637 esca:
500 3584 780 3641 abutatur,
961 3579 978 3586 ”

404 3646 471 3699 Ει
504 3648 770 3715 reliquum
816 3649 1030 3712 borum,
1065 3646 1210 3716 quod
1243 3646 1311 3700 ad
1363 3646 1542 3700 nullos
1574 3659 1704 3698 usus
1740 3644 1889 3716 facit,

334 3715 543 3785 lignum
609 3732 835 3774 curvum
915 3729 969 3770 et
1030 3715 1329 3773 verticibus
1380 3718 1621 3783 plenum,
1671 3715 1894 3785 sculpat

336 3785 628 3854 diligenter
673 3802 771 3855 per
794 3789 1120 3851 vacuitatem
1167 3802 1348 3852 suam,
1379 3796 1435 3838 et
1481 3801 1579 3855 per
1605 3784 1891 3855 scientiam

334 3870 447 3917 βιιω
480 3860 616 3909 artis
649 3854 843 3924 figuret
888 3859 1045 3921 illud,
1085 3867 1141 3911 et
1175 3856 1439 3911 assimilet
1483 3854 1617 3909 illud
1671 3854 1894 3923 imagini

334 3927 571 3989 nominis
605 3943 623 3984 ς

405 4002 511 4050 Aut
538 3998 702 4052 alicui
732 4011 798 4051 ex
847 3995 1176 4051 animalibus
1207 3994 1339 4049 illud
1391 4002 1690 4061 comparet,
1723 3995 1893 4064 perli-

336 4067 492 4121 niens
530 4069 769 4130 rubrica,
798 4078 852 4122 et
875 4068 1234 4121 rubicundum
1260 4065 1467 4119 faciens
1497 4064 1621 4121 fuco
1655 4069 1892 4128 colorem

342 4154 508 4199 titius,
546 4148 602 4193 et
631 4153 851 4192 omnem
878 4138 1169 4199 maculam,
1204 4151 1324 4204 qua:
1353 4134 1408 4187 iii
1443 4135 1538 4187 illo
1568 4145 1673 4199 eat,
1723 4137 1893 4203 perli-

335 4221 513 4268 aiens,

407 4278 472 4327 lit
510 4277 667 4340 faciat
691 4276 741 4341 ei
771 4275 990 4346 dignam
1035 4274 1457 4346 habitationem,
1500 4282 1556 4328 et
1592 4274 1645 4327 in
1686 4275 1894 4344 pariete

337 4361 545 4426 potiens
577 4346 730 4409 illud,
755 4356 810 4426 et
838 4344 1165 4426 confirmans
1191 4344 1358 4426 ferro,

406 4417 486 4473 Ne
511 4416 653 4471 forte
688 4419 868 4493 cadat,
907 4416 1245 4493 prospiciens
1283 4416 1382 4481 illi,
1412 4415 1592 4493 sciens
1630 4418 1891 4485 quoniam

338 4502 449 4553 non
484 4497 660 4556 potest
687 4486 946 4556 adjuvare
980 4501 1039 4540 se
1084 4502 1101 4540 :
1142 4486 1152 4540 i

338 4560 522 4631 est__ilii
550 4558 902 4631 adiutorium;

408 4628 476 4683 Et
534 4623 963 4680 de‘substantia
1008 4638 1129 4689 sua,
1169 4632 1225 4677 et
1273 4624 1341 4680 de
1383 4625 1508 4681 filiis
1556 4625 1693 4693 suis,
1729 4634 1782 4678 et
1826 4623 1893 4676 de

339 4698 542 4764 nuptiis
570 4706 753 4759 votum
787 4700 992 4757 taeieiis
1015 4696 1280 4761 inquirit:
1309 4710 1416 4749 non
1444 4696 1719 4749 erubescu
1746 4693 1893 4762 loqui

339 4783 461 4827 cuin
498 4770 608 4831 illo,
646 4767 739 4833 qui
770 4770 889 4818 sine
922 4766 1105 4829 anima
1142 4772 1247 4817 est.

410 4837 475 4886 Et
524 4852 622 4903 pro
663 4836 896 4895 sanitate
951 4836 1170 4901 quidem
1211 4833 1488 4885 infirmum
1544 4833 1893 4904 deprecatur,

337 4914 393 4983 et
429 4921 524 4983 pro
560 4906 669 4957 vita
704 4914 859 4983 rogat
886 4918 1184 4971 ηηιοιίιμιιιιι,
1214 4914 1271 4966 et
1319 4906 1374 4955 iit
1405 4906 1738 4971 adjutoriuiii
1770 4905 1895 4955 inu-

337 4976 487 5040 tilem
512 4980 746 5039 invocat.

412 5046 643 5126 Etgpro‘
677 5045 875 5126 itinere
919 5041 1159 5126 petita!)
1206 5042 1421 5126 eo,.qui
1474 5043 1753 5126 ambulare
1788 5058 1896 5126 non

335 5124 517 5199 potest
547 5129 560 5161 τ
594 5124 651 5169 et
689 5117 757 5169 de
786 5115 1142 5199 acquirendo,
1178 5124 1232 5199 et
1389 5116 1689 5191 operando,
1743 5122 1799 5166 et
1832 5115 1899 5165 de

335 5185 584 5240 omnium
621 5202 804 5247 rerum
838 5195 1037 5240 eventu
1069 5187 1221 5257 ponit
1251 5185 1319 5235 ab
1369 5202 1456 5250 eo,
1503 5186 1595 5254 qui
1631 5199 1685 5235 in
1719 5197 1896 5236 omni-

334 5263 439 5323 tius
466 5269 549 5319 est
577 5257 815 5319 inutilis.
1530 5256 1535 5263 ’

911 5349 1136 5405 CAPUT
1175 5347 1318 5414 ιιιν,

408 5470 606 5527 lterum
664 5468 802 5529 alius
852 5470 1107 5532 navigare
1155 5466 1420 5533 cogitans,
1499 5471 1555 5522 et
1616 5475 1710 5528 per
1757 5458 1903 5521 feros

333 5542 531 5607 ﬂuctus
583 5546 685 5594 iter
746 5540 925 5592 facere
979 5538 1270 5605 incipiens,
1322 5538 1472 5601 ligno
1531 5539 1787 5599 portante
1820 5546 1899 5592 se,

332 5612 581 5678 fragiltus
615 5613 816 5678 lignum
851 5611 1085 5661 invocat.
1222 5676 1227 5678 ί
1364 5672 1393 5678 __
1626 5670 1635 5678 _
1741 5667 1750 5677 .

404 5670 540 5732 liiud
574 5670 717 5733 enfm
771 5680 1044 5745 cupiditas
1075 5672 1397 5741 acquirendi
1451 5670 1799 5739 excogitavit,
1853 5682 1905 5722 et

333 5750 531 5813 artifex
561 5753 829 5815 sapientia
866 5748 1157 5799 fabricovit
1188 5758 1341 5815 sua._
1482 5810 1492 5815 _
1892 5770 1899 5773 -

408 5817 523 5882 Tua
555 5810 759 5885 autem,
814 5818 991 5881 Pater,
1030 5812 1377 5878 i’i'ovidciitia
1408 5810 1672 5882 gubernat
1715 5826 1727 5863 ;
1763 5824 1898 5877 quo-

1987 599 2092 642 tam
2133 589 2520 642 firmissimam.

2056 659 2120 713 Et
2149 658 2255 728 [Αι.
2286 668 2389 710 lac.
2428 655 2505 728 et]
2538 654 3122 728 ostendensqnoniam
3163 664 3358 728 potens
3381 667 3450 728 es
3475 668 3543 706 ex

1984 722 2241 789 omnibus
2266 722 2505 791 salvare;
2530 729 2697 782 etiam
2728 726 2773 779 si
2812 722 2933 778 sine
2979 734 3098 781 arte
3139 722 3339 794 aliquis
3386 722 3549 775 adcat

1984 814 2163 853 mare.

2057 868 2162 922 Sed
2200 878 2260 921 ut
2286 882 2397 921 non
2425 875 2611 920 essent
2650 878 2821 917 vacua
2855 865 3139 933 sapientiai
3186 873 3292 918 ture
3325 877 3491 929 opera
3531 880 3544 913 :

1984 947 2211 1006 propter
2243 938 2344 991 lioc
2375 937 2539 989 etiam
2563 943 2619 988 et
2640 934 2839 1003 exiguo
2871 933 3021 1002 ligno
3042 934 3277 988 credunt
3299 933 3549 1006 homines

1984 1005 2195 1060 animas
2222 1021 2373 1069 suas,
2409 1015 2464 1058 et
2498 1014 2841 1058 transeuntes
2882 1019 3033 1059 mare
3066 1020 3161 1073 per
3200 1012 3369 1058 ratem
3399 1005 3539 1058 libe-

1986 1080 2086 1130 rati
2110 1085 2278 1138 sunt;

2055 1146 2159 1201 Sed
2185 1146 2252 1199 ab
2286 1144 2442 1198 initio
2470 1158 2593 1196 cum
2620 1142 2866 1213 perirent
2892 1143 3109 1213 superbi
3138 1142 3548 1212 gigantes,spes

1984 1216 2134 1270 orbis
2177 1225 2447 1267 terrarum
2486 1213 2553 1265 ad
2603 1212 2774 1266 ratem
2811 1212 3151 1279 confugiens,
3187 1214 3397 1266 remisit
3444 1229 3547 1266 sa:-

1984 1285 2109 1338 culo
2145 1299 2332 1339 semen
2359 1282 2685 1350 nativitatis,
2716 1296 2838 1352 quae
2861 1296 3028 1335 manu
3063 1291 3153 1336 tua
3193 1292 3312 1337 erat
3340 1281 3545 1350 guber.

1985 1362 2132 1406 nata.

1985 1493 1997 1506 _
2058 1421 2411 1506 Benedictum
2462 1431 2551 1477 est
2607 1421 2756 1475 enim
2812 1421 3047 1492 lignum,
3116 1435 3215 1490 per
3270 1419 3416 1490 quod
3486 1421 3547 1474 lit

2008 1504 2210 1549 11241112.

2044 1512 2067 1543 2~
2196 1530 2210 1549 .

1979 1510 2382 1616 luIl’lelil-amanus
2409 1571 2593 1614 autem
2646 1560 2790 1627 quod
2825 1558 2883 1611 tit
2924 1559 3153 1625 idolum,
3189 1559 3546 1614 maledictum

1983 1643 2069 1684 est
2100 1640 2156 1685 et
2187 1633 2387 1700 ipsum,
2409 1642 2464 1685 et
2496 1630 2589 1699 qui
2632 1630 2763 1685 fecit
2795 1630 2929 1683 illud
2960 1645 2975 1686 :
3026 1631 3153 1697 quia
3183 1630 3273 1683 ille
3297 1630 3546 1700 quidem

1985 1699 2240 1782 operatus
2270 1710 2355 1755 est
2392 1718 2408 1757 :
2440 1701 2575 1757 illud
2613 1711 2798 1756 autem
2827 1715 2948 1752 cum
2978 1708 3125 1755 esset
3170 1699 3382 1768 fragile,
3414 1703 3553 1752 deus

1985 1781 2405 1837 Ctignominalus
2431 1781 2538 1825 est.

2030 1836 2325 1921 .Similiter
2376 1850 2558 1894 autem
2595 1839 2722 1894 odio
2747 1847 2878 1894 sunt
2921 1838 3029 1895 Deo
3074 1838 3274 1909 impius
3343 1846 3397 1892 et
3449 1836 3553 1895 im-

1992 1912 2164 1980 pietas
2189 1912 2327 1979 ejus.

2062 1974 2275 2035 Etenim
2319 1977 2463 2048 quod
2506 1978 2707 2035 factum
2772 1987 2878 2043 est,
2916 1992 3040 2033 cum
3092 1978 3209 2042 illo,
3255 1977 3346 2046 qui
3389 1974 3551 2039 fecit,

1989 2057 2257 2119 tormenta
2281 2052 2541 2119 patietur.

2062 2114 2295 2186 Propter
2324 2119 2426 2171 lioc
2463 2127 2519 2171 et
2549 2118 2603 2171 in
2634 2118 2794 2173 idolis
2825 2118 3105 2171 nationum
3150 2121 3257 2170 non
3291 2114 3413 2186 erit!
3461 2131 3555 2169 re-

1987 2184 2209 2256 spectus
2240 2206 2256 2242 :
2284 2188 2546 2258 quoniam
2598 2198 2865 2242 creaturae
2906 2188 2998 2241 Dei
3052 2188 3105 2258 in
3160 2188 3343 2239 odium
3390 2184 3556 2258 factis

1987 2268 2135 2323 sunt,
2171 2270 2226 2311 et
2257 2256 2316 2311 in
2358 2258 2714 2311 tentationein
2748 2258 3040 2311 animabus
3069 2257 3377 2320 hominum,
3401 2264 3457 2308 et
3488 2256 3551 2313 iii

1988 2328 2355 2396 muscipulam
2386 2328 2620 2396 pedibus
2646 2328 3041 2395 insipientium.

2059 2393 2277 2451 Initium
2317 2393 2467 2451 enim
2495 2393 2883 2453 fornicationis
2906 2409 2991 2450 est
3021 2395 3318 2464 exquisitio
3369 2393 3554 2447 idolo-

1987 2482 2111 2521 runi
2152 2483 2168 2527 ;
2223 2476 2277 2520 et
2330 2469 2646 2520 adinventio
2695 2468 2913 2519 illorum
2951 2466 3231 2534 corruptio
3283 2465 3406 2517 vitai
3439 2474 3555 2516 est.

2057 2538 2245 2606 Neque
2272 2540 2421 2593 enini
2445 2546 2608 2591 erant
2629 2536 2699 2591 ab
2725 2538 2902 2599 initio,
2930 2552 3109 2605 neque
3142 2546 3306 2590 erunt
3335 2540 3386 2587 iii
3422 2548 3559 2603 per.

2025 2617 2235 2661 Clllum.

1988 2623 2480 2746 pegiiuplgrvacuitas
2505 2677 2655 2730 enim
2688 2675 2982 2746 hominum
3013 2676 3129 2729 haec
3161 2672 3448 2746 adiuvenit
3487 2670 3558 2732 in

1987 2744 2175 2800 orbem
2206 2756 2471 2800 terrarum
2505 2762 2520 2800 :
2558 2756 2613 2800 et
2648 2745 2771 2800 ideo
2817 2748 3002 2800 brevis
3041 2747 3264 2802 illorum
3297 2744 3419 2798 linis
3462 2753 3561 2800 est

1988 2818 2262 2870 inventus.

2057 2886 2274 2939 Acerbo
2304 2886 2449 2939 enim
2489 2886 2644 2939 luctu
2680 2885 2873 2939 dolens
2907 2893 3085 2954 pater.
3123 2883 3233 2936 cito
3269 2881 3370 2934 sibi
3388 2882 3554 2954 rapti

1989 2956 2082 3009 ﬁlii
2110 2954 2239 3008 fecit
2263 2956 2552 3024 imaginem
2585 2972 2601 3009 :
2636 2967 2690 3010 et
2718 2952 3013 3023 illuinpqui
3049 2962 3175 3006 tunc
3204 2967 3355 3024 quasi
3386 2952 3560 3003 homo

1989 3035 2240 3078 mortuus
2270 3023 2468 3088 fuerat,
2510 3041 2656 3079 nunc
2705 3035 2959 3092 tanquam
3001 3026 3160 3076 deum
3203 3023 3382 3075 colere
3438 3036 3563 3092 «τῳ-

1990 3097 2087 3163 pit,
2117 3104 2171 3147 et
2198 3097 2482 3149 constituit
2514 3097 2657 3152 inter
2695 3090 2886 3149 servos
2918 3108 3048 3147 suos
3079 3105 3234 3147 sacra
3273 3099 3329 3144 et
3365 3090 3519 3143 sacri
3540 3117 3559 3130 ο

1992 3166 2131 3221 licia.

1992 3199 2105 3218 ιιι...

1910 3199 1956 3260 C
2064 3202 2271 3289 Deinde
2325 3234 2726 3289 interveniente
2787 3243 3055 3302 tempore,
3127 3228 3561 3302 convalescente

1996 3305 2188 3371 iniqua
2218 3306 2641 3366 consuetudine.
2680 3306 2769 3358 hic
2801 3300 2957 3357 error
3002 3310 3258 3367 tanquam
3294 3300 3381 3371 les
3454 3314 3566 3349 cu-

1992 3369 2231 3428 stotlitus
2290 3383 2392 3439 cst,
2418 3384 2474 3429 et
2541 3384 2892 3443 tirannorum
2949 3372 3181 3439 imperio
3230 3369 3567 3425 colebantur

1994 3446 2272 3512 figmenta.
2855 3511 2860 3512 γ
2932 3498 2933 3501 η

2084 3514 2151 3567 Et
2184 3514 2304 3579 lios,
2344 3527 2483 3581 quos
2524 3512 2579 3565 in
2634 3514 2806 3580 palam
2852 3511 3101 3564 homines
3132 3508 3400 3581 honorare
3443 3520 3563 3581 non

1994 3593 2266 3652 poterant,
2291 3576 2520 3651 propter
2553 3576 2653 3634 hoc
2682 3584 2824 3650 quod
2856 3582 3015 3650 longe
3043 3588 3247 3652 essent,
3280 3592 3309 3629 e
3342 3576 3568 3652 longin-

1994 3646 2102 3722 ἰιυο
2126 3646 2713 3722 ίὶςιιτειέοιιιιιιειιηιῑιιξ
2733 3646 3036 3722 evidentem
3062 3651 3347 3722 imaginem
3381 3646 3559 3722 regis,

1995 3717 2480 3792 queni'lionorare
2525 3722 2796 3778 volebant.
2824 3720 3073 3792 fecerunt
3108 3733 3125 3772 ;
3166 3724 3223 3768 ut
3252 3717 3422 3792 illuni,
3453 3717 3563 3790 qui

1995 3784 2206 3857 aberat,
2238 3802 2497 3861 tanquam
2530 3800 2851 3858 praesentem
2879 3788 3125 3843 colerent
3151 3801 3247 3841 sua
3286 3784 3565 3843 sollicitu-

1995 3863 2138 3915 dine.

2075 3931 2327 3985 l’rovexit
2371 3939 2555 3986 autem
2584 3929 2650 3991 ad
2682 3930 2877 3984 borum
2910 3926 3184 3982 culturam
3214 3932 3267 3978 et
3304 3922 3428 3985 hos,
3460 3924 3565 3991 qui

1995 3999 2338 4070 ignorabant,
2378 4003 2603 4056 artificis
2630 4001 2826 4054 eximia
2858 3998 3164 4070 diligentia.
3487 4000 3493 4070 I‘

2070 4073 2161 4123 ille
2197 4061 2342 4123 enim
2388 4072 2577 4125 volens
2621 4072 2833 4139 placere
2871 4061 2986 4139 illi,—
3013 4066 3201 4139 qui_se
3232 4061 3560 4139 assumpsit,

1995 4140 2294 4199 elaboravit
2313 4152 2429 4197 arte
2448 4156 2565 4205 sua,
2593 4131 2651 4197 ιιί
2669 4131 3087 4192 similitudinem
3113 4134 3168 4186 in
3188 4131 3384 4186 melius
3415 4132 3563 4199 tign-

1996 4220 2161 4261 raret.

2060 4298 2348 4354 Multitudo
2382 4308 2561 4353 autem
2598 4296 2880 4355 hominum
2918 4293 3152 4351 abducta
3183 4306 3278 4361 per
3314 4290 3567 4361 speciem

1994 4371 2195 4440 operis.
2236 4384 2385 4440 eum,
2420 4371 2512 4436 qui
2555 4378 2691 4440 ante
2724 4376 3225 4440 teiiipus_taiiquaiii
3260 4361 3423 4413 homo
3454 4360 3567 4412 ho-

1995 4434 2216 4492 iioratus
2241 4434 2453 4500 fuerat,—
2486 4452 2629 4489 nunc
2666 4438 2826 4488 deum
2855 4434 3281 4485 .izstimaverunt.

1084 4502 1101 4540 :
1142 4489 1320 4555 imago
1349 4489 1497 4540 enini
1526 4494 1632 4548 est,
1668 4493 1726 4539 et
1753 4501 1890 4553 epus

2017 4489 2146 4581 :Et
2166 4489 2279 4581 [nec
2304 4489 2406 4559 fuit
2428 4489 2560 4581 'vita:
2584 4504 3101 4581 linmauaideccptio
3132 4515 3148 4558 :
3178 4497 3437 4579 quoniam
3470 4506 3571 4561 aut

1997 4578 2241 4636 all'ectui,
2273 4586 2365 4629 aut
2401 4576 2621 4642 regibus
2647 4569 3017 4627 descrvientes
3048 4573 3318 4642 homines,
3349 4569 3572 4620 inconi-

1997 4646 2327 4699 inunicabiie
2386 4640 2585 4697 nomen
2638 4643 2912 4711 lapidibus
2966 4650 3023 4695 et
3076 4640 3238 4708 lignis
3285 4640 3573 4706 imposne-.-

1998 4726 2144 4769 τυιιῐ.
3158 4730 3160 4733 ’

2066 4806 2133 4861 Ει
2154 4821 2259 4861 ιιοιι
2286 4803 2574 4861 sulfecerat
2619 4815 2834 4855 errasse
2853 4816 2947 4854 eos
2966 4800 3108 4855 circa
3130 4797 3222 4851 Dei
3246 4798 3571 4865 scientiam,

1998 4878 2090 4930 sed
2122 4890 2177 4931 et
2221 4878 2275 4927 iii
2319 4890 2514 4942 magno
2560 4881 2806 4925 Viventes
2856 4870 3157 4923 inscientia:
3188 4870 3358 4932 bello,
3394 4880 3479 4922 tot
3508 4882 3575 4925 et

2002 4956 2108 5001 tam
2142 4961 2331 5015 magna
2372 4945 2510 4995 mala
2552 4956 2733 5012 νίκη-ιιι
2764 4943 3058 5015 appellant.
3252 4950 3258 5014 ξ

2069 5018 2177 5068 Αιιῑ
2202 5008 2345 5067 enim
2374 5017 2511 5065 tilios
2534 5008 2663 5064 suos
2695 5014 3084 5070 sacriﬁcantes.
3114 5008 3454 5062 autobscura
3480 5022 3579 5064 sa-

2001 5087 2209 5139 crificia
2257 5084 2544 5145 iacientes,
2578 5090 2673 5132 aut
2709 5080 2940 5133 insania:
2989 5082 3178 5146 plenas
3217 5078 3436 5146 Vigilias
3467 5078 3576 5130 lia-

1999 5156 2208 5217 Dentes.

2072 5248 2261 5313 Neque
2286 5245 2477 5308 vitam,
2523 5258 2703 5312 neque
2734 5242 2954 5311 nuptias
2985 5241 3215 5293 mundas
3243 5239 3581 5313 jatti__cust¢i-

2002 5308 2196 5373 όὶυιιιὶ
2231 5317 2327 5367 sed
2374 5316 2511 5377 alios
2554 5308 2721 5367 alium
2768 5308 2863 5383 per
2908 5315 3169 5371 iiiVidiain
3214 5308 3440 5369 occidit,
3471 5318 3581 5367 aut

2002 5389 2317 5445 adulterans
2344 5388 2651 5436 contristat.

2083 5457 2148 5507 l‘Lt
2181 5469 2363 5505 omnia
2396 5457 2679 5507 coinmista
2717 5462 2869 5517 sunt,
2908 5450 3151 5518 sanguis,
3182 5445 3580 5512 homicidium,

2003 5526 2227 5586 furtum,
2261 5533 2315 5575 et
2348 5526 2517 5585 fictio,
2567 5535 2846 5591 corruptio
2881 5530 2937 5574 ct
2980 5522 3291 5581 inﬁdelitas,
3322 5519 3582 5572 turbatio

2004 5606 2055 5650 et
2090 5596 2406 5661 periurium,
2445 5597 2709 5647 tumultus
2750 5601 3053 5644 bonorum:

2073 5655 2612 5721 DelVlllilllCllitll‘ﬂilll,
2647 5667 2951 5713 aiiiiiiaruui
3005 5658 3331 5727 inquinatio,
3364 5655 3586 5710 nativi-

2010 5746 2137 5786 iaiis
2185 5736 2513 5793 immutatio,
2568 5734 2882 5799 nuptiaiuni
2934 5734 3318 5790 inconstantia,
3358 5728 3585 5791 inordi-

2011 5820 2159 5856 llilliU
2191 5806 2434 5858 mtctiiia'
2468 5814 2521 5854 ct
2561 5804 2930 5875 iiiipudicitiic.
