3840 6176
170 392 243 451 ill
1395 391 1624 451 LIBER
1667 392 2112 456 SAI’IENTL’E.

221 504 529 562 lnfandorum
559 502 706 558 enim
748 501 1019 558 idolorum
1053 504 1271 561 cultura
1329 507 1510 562 omnis
1546 509 1674 564 mali
1708 517 1754 569 Α

166 592 293 635 causa
317 584 406 632 est.
435 584 490 628 et
533 573 752 627 initium
783 583 840 629 et
872 574 1016 630 linis.

219 648 305 702 Aut
341 644 474 700 enim
524 642 655 697 dum
687 642 963 707 laetantur,
1013 645 1340 711 insaniunt,
1387 656 1482 701 aut
1529 658 1677 701 certe

165 717 482 798 vaticinantur
519 712 678 780 falsa,
710 722 806 768 aut
837 715 1030 768 vivunt
1066 716 1288 786 injuste,
1319 727 1413 771 aut
1436 718 1680 788 pejerant

165 797 266 843 cito.

206 867 316 918 Dum
355 861 495 934 enim
524 861 809 916 conﬁdunt
853 863 906 916 in
955 863 1136 925 idolis.
1182 880 1305 934 quae
1343 865 1464 920 sine
1498 866 1678 921 anima

163 944 276 996 sunt,
308 932 431 986 male
469 932 720 1000 jurantes
751 934 936 986 noceri
969 949 1028 988 se
1059 950 1166 988 non
1193 932 1436 1003 sperant.

213 1013 416 1080 Utraque
444 1027 575 1084 ergo
605 1013 711 1066 illis
744 1013 1002 1066 evenient
1032 1015 1217 1081 digne,
1251 1017 1510 1084 quoniam
1539 1017 1680 1070 male

164 1093 398 1155 senserunl
427 1082 498 1155 de
529 1083 667 1155 ilco.
697 1085 1252 1155 attendentesidolis,
1271 1082 1680 1155 etjuraverunt

163 1153 338 1218 injuste,
365 1153 416 1204 in
451 1153 578 1204 dolo
603 1161 1016 1206 contemnentes
1038 1153 1326 1222 justitiam.

207 1233 452 1306 Noiienini
476 1233 782 1306 juratornm
815 1236 1012 1306 virtus,
1035 1234 1127 1287 sed
1156 1238 1496 1304 peccantium
1520 1253 1678 1306 po‘na

163 1304 451 1373 perambulat
501 1318 720 1372 semper
773 1304 1102 1372 injustorum
1143 1304 1677 1374 praevaricationem.

692 1461 923 1517 CAPUT
964 1463 1080 1518 XV.

213 1575 276 1627 'l'u
302 1585 502 1640 autem,
528 1577 692 1652 _Deus
734 1587 946 1652 noster.
977 1583 1162 1632 suavis
1189 1588 1242 1634 et
1273 1593 1438 1636 verus
1467 1596 1547 1647 cs,
1583 1599 1680 1652 pa-

160 1645 282 1705 tiens,
310 1654 358 1698 et
384 1652 432 1698 in
468 1647 855 1700 misericordia
889 1649 1195 1715 disiionens
1222 1653 1428 1704 omnia.

207 1725 382 1777 Etenim
409 1726 456 1779 si
491 1727 928 1793 peccaverimus,
962 1728 1037 1781 tui
1065 1744 1278 1792 sumus,
1303 1732 1545 1786 scientes
1568 1748 1682 1788 ma-

157 1794 446 1863 gnitudinem
483 1805 631 1849 tuam
665 1815 678 1851 :
714 1807 769 1850 et
800 1802 843 1851 si
876 1814 982 1850 non
1017 1801 1444 1865 peccaverinius,
1473 1804 1680 1859 scimus

156 1865 361 1934 quoniam
394 1865 542 1931 apud
581 1878 631 1919 te
655 1882 846 1920 sumus
879 1868 1197 1934 compiitati.

201 1933 337 2005 Nosse
363 1935 511 1986 enim
539 1944 613 1999 te,
652 1933 1026 1990 consummata
1051 1936 1261 2005 justitia
1294 1947 1378 1992 est
1411 1957 1424 1997 :
1453 1952 1508 1996 et
1536 1941 1681 1997 scire

156 2003 371 2083 liistitiam
393 2011 446 2056 et
480 2007 746 2060 virtutem
783 2018 956 2070 tuam,
991 2003 1146 2060 radix
1180 2019 1265 2062 est
1297 2009 1680 2067 immortalita-

157 2085 222 2127 its.

205 2153 298 2209 Non
328 2157 470 2211 enirn
508 2155 564 2210 in
596 2169 839 2210 errorem
871 2153 1083 2210 induxit
1122 2170 1222 2209 nos
1249 2155 1531 2214 hominum
1566 2178 1680 2216 nia-

155 2221 204 2295 le
226 2230 339 2280 artis
356 2226 711 2295 excogitatio,
735 2239 839 2278 nec
862 2227 1048 2277 umbra
1085 2226 1337 2292 picturae.
1380 2229 1533 2284 labor
1555 2232 1677 2287 sine

151 2290 309 2361 fructu,
339 2290 542 2365 elligies
574 2295 787 2362 sculpta
825 2310 916 2364 per
948 2290 1130 2348 varios
1161 2297 1370 2348 colores
1401 2314 1417 2353 ;

215 2373 355 2445 Cujus
393 2374 1104 2445 aspectusinsensatodat
1141 2377 1673 2445 concupiscentiam,

153 2447 192 2492 et
212 2441 364 2512 diligit
401 2455 634 2497 mortuae
669 2442 1180 2511 imaginis-eiligiem
1216 2441 1337 2497 sine
1364 2449 1566 2502 anima.

149 2576 158 2586 ι
209 2511 440 2586 Malorum
469 2512 1097 2586 amatoresdigniaunt,
1125 2514 1218 2581 qui
1255 2529 1407 2586 spem
1437 2518 1674 2574 habeant

149 2581 404 2657 intalibus,
445 2594 507 2638 et
535 2585 631 2652 qui
673 2581 881 2638 faciunt
926 2583 1069 2645 illos,
1103 2595 1158 2636 et
1197 2586 1290 2653 qui
1319 2585 1575 2657 diligunt,
1619 2603 1676 2646 et

145 2649 215 2713 qui
240 2652 428 2706 colunt.
552 2649 570 2652 “
1214 2649 1230 2653 ’
1422 2649 1446 2657 ⁷
1563 2649 1572 2652 ⁷
1603 2711 1608 2716 _

199 2727 288 2801 Sed
315 2741 362 2784 et
389 2732 593 2801 ﬁgulus
629 2732 848 2787 mollem
881 2741 1082 2788 terram
1119 2747 1375 2799 premens
1401 2735 1674 2793 laboriose

146 2799 264 2871 lingit
296 2802 354 2852 ad
392 2799 527 2855 usus
553 2803 774 2856 nostros
804 2803 1232 2871 unumquodque
1260 2820 1374 2868 vas,
1404 2818 1458 2859 et
1491 2810 1557 2860 de
1583 2825 1676 2862 eo-

140 2870 234 2940 deut
259 2871 364 2922 luto
399 2873 702 2940 tingitqua:
754 2874 955 2925 munda
993 2870 1200 2926 suntin
1238 2890 1397 2926 usuin
1439 2892 1587 2937 vxsa.
1616 2890 1673 2932 et

140 2939 354 2990 tuuiliter
390 2939 517 3009 qua:
571 2943 660 2994 lns
697 2954 824 2994 sunt
874 2943 1150 2994 contraria
1184 2959 1202 2998 :
1263 2944 1456 2999 Lorum
1488 2960 1668 3002 autem

144 3020 355 3063 iasorum
390 3013 520 3079 quis
568 3015 640 3064 sit
675 3027 826 3074 usus,
852 3013 1016 3081 judex
1057 3022 1141 3064 est
1167 3013 1385 3080 ﬁgulus,

196 3092 248 3143 Et
280 3108 396 3162 cum
422 3096 616 3148 labore
647 3107 782 3147 vatio
806 3096 967 3149 deum
1003 3095 1154 3162 lingit
1185 3095 1252 3147 de
1281 3099 1474 3151 eodem
1497 3098 1612 3152 luto
1645 3117 1659 3154 :

3243 391 3348 452 ΜΞ).

2322 549 2336 558 ,
2369 504 2590 562 CAPUT
2652 504 2792 559 XVI.

1854 643 2090 711 Propter
2120 644 2258 706 hinc,
2291 651 2347 698 et
2374 658 2472 709 per
2497 642 2582 695 liis
2601 639 2801 711 similia
2842 639 2984 708 passi
3017 649 3144 693 sunt
3194 637 3354 704 digne

1784 710 2076 774 tormenta,
2117 725 2172 768 et
2202 730 2300 784 per
2327 712 2736 768 multitudinem
2768 710 3066 765 bestiarum
3093 712 3353 764 extermi-

1780 784 1893 836 nati
1935 793 2084 838 sunt.

1853 854 1957 906 Pro
1995 853 2197 922 quibus
2246 852 2536 906 tormentis
2560 851 2704 918 bene
2742 848 3059 922 disposuisti
3088 849 3350 922 populum

1783 930 1960 982 tuum,
1979 919 2180 990 quibus
2211 922 2409 976 dedisti
2434 921 2940 989 concupiscentiam
2967 919 3353 972 delectamenti

1781 992 1863 1046 ειιὶ
1888 1007 2086 1044 novum
2110 1007 2380 1056 saporem,
2398 1007 2576 1044 escam
2593 992 2880 1058 paranseis
2903 1005 3352 1058 ortygometraui.

1856 1060 1920 1115 Ut
1942 1061 2015 1114 illi
2050 1062 2271 1130 quidem
2303 1061 2758 1125 concupiscentcs
2794 1074 2975 1113 escam
3013 1068 3234 1125 propter
3263 1073 3351 1130 ea,

1781 1146 1901 1199 qua:
1933 1131 2037 1184 illis
2069 1129 2287 1185 estensa
2313 1142 2368 1184 et
2403 1131 2571 1183 missa
2605 1138 2754 1200 sunt,
2779 1132 2946 1182 etiam
2979 1143 3006 1200 a
3036 1129 3353 1200 necessaria

1783 1196 2231 1267 concupiscentia
2262 1208 2666 1254 averterentur.
2692 1196 2753 1250 Hi
2774 1208 2957 1252 autem
2980 1197 3037 1250 in
3057 1196 3205 1250 brevi
3233 1196 3353 1249 ino-

1785 1285 1881 1338 pes
1924 1271 2070 1330 iacti,
2107 1285 2296 1323 novam
2320 1277 2677 1338 gustaverunt
2702 1281 2904 1338 escam.

1852 1338 2150 1400 Oportebat
2175 1334 2455 1392 enim‘illis
2484 1337 2603 1390 sine
2627 1337 2984 1389 excusatione
3004 1334 3224 1403 quidem
3257 1350 3352 1389 su-

1784 1407 2072 1474 pervenire
2105 1407 2384 1462 interitum
2418 1406 2804 1462 exercentibus
2844 1404 3187 1474 tyrannidem
3216 1419 3232 1460 :
3262 1405 3350 1460 bis

1783 1473 1966 1530 autem
2002 1485 2210 1530 tantum
2233 1481 2522 1532 oSIendere
2543 1473 3000 1545 quemadmodum
3026 1473 3234 1529 inimici
3254 1489 3350 1529 eo-

1784 1562 1900 1598 rum
1932 1547 2460 1600 exterminabzintur.

1853 1615 2068 1668 Etenim
2089 1632 2211 1670 cum
2243 1617 2351 1669 illis
2395 1615 2714 1684 supervenit
2743 1628 2881 1666 saeva
2909 1611 3349 1684 bestiarumira,

1784 1683 2064 1738 morsibus
2085 1681 2476 1754 perversurum
2512 1685 2864 1738 colubrorum
2908 1681 3352 1736 exterminabitu-

1787 1763 1894 1806 tur.

1860 1821 1964 1876 Sed
2001 1838 2108 1876 non
2139 1823 2192 1876 in
2227 1833 2549 1890 perpetuum
2581 1823 2656 1876 ira
2692 1832 2781 1876 tua
2810 1821 3131 1889 permansit,
3155 1819 3248 1874 sed
3281 1820 3350 1874 ad

1784 1894 2187 1960 correptionem
2222 1895 2273 1944 iu
2306 1893 2454 1946 brevi
2491 1893 2691 1946 turbati
2725 1902 2872 1955 sunt,
2897 1891 3114 1960 signum
3147 1891 3350 1944 haben-

1786 1969 1869 2014 tes
1901 1961 2099 2015 salutis
2113 1963 2177 2015 ad
2204 1964 2773 2016 commemorationem
2796 1961 3033 2014 mandati
3058 1961 3196 2029 legis
3220 1971 3346 2014 tute.

1846 2030 1947 2095 Qui
1993 2032 2138 2084 enim
2178 2047 2476 2085 conversus
2507 2042 2612 2095 est,
2663 2045 2772 2084 non
2806 2045 2903 2098 per
2942 2031 3064 2090 hoc.
3090 2030 3234 2098 quod
3269 2031 3350 2082 vi-

1782 2099 1964 2163 debat,
2015 2102 2328 2162 sanabatur,
2367 2101 2461 2153 sed
2500 2118 2595 2169 per
2627 2111 2676 2154 te
2706 2101 2947 2151 omnium
2991 2101 3344 2153 salvatorem.

1851 2169 1908 2222 ln
1960 2170 2063 2223 lioc
2093 2181 2270 2224 autem
2300 2168 2586 2224 ostendisti
2621 2168 2856 2222 inimicis
2895 2171 3099 2223 nostris
3131 2169 3260 2238 quia
3287 2179 3346 2222 tu

1780 2254 1863 2297 es,
1895 2241 1985 2306 qui
2020 2239 2220 2293 liberas
2244 2241 2310 2291 ab
2338 2241 2486 2293 omni
2538 2241 2699 2294 malo.

1848 2309 1970 2362 Illos
2017 2309 2161 2362 enim
2200 2309 2536 2363 locusmruni
2583 2322 2637 2362 et
2671 2326 2984 2364 muscarum
3013 2309 3346 2363 occiderunt

1780 2393 2018 2440 morsus,
2051 2389 2106 2432 et
2131 2395 2239 2431 non
2265 2389 2346 2432 est
2379 2379 2595 2433 inventa
2625 2382 2828 2433 sanitas
2858 2385 3051 2433 animae
3081 2380 3340 2436 illururii:

1778 2448 1904 2514 quia
1936 2447 2082 2515 digni
2120 2457 2275 2502 erant
2297 2448 2367 2502 ab
2399 2449 2707 2516 huiusmodi
2738 2449 3118 2503 exterminari.

1843 2517 2007 2571 Filios
2053 2528 2234 2571 autem
2283 2528 2402 2571 tuos
2448 2534 2548 2572 nec
2611 2519 2911 2572 draconum
2951 2529 3340 2572 venenatorum

1777 2589 2028 2640 vicerunt
2071 2589 2264 2642 dentes
2291 2605 2307 2644 :
2338 2588 2710 2644 misericordia
2741 2591 2885 2643 enini
2920 2599 3009 2642 tua
3046 2589 3342 2644 adveniens

1776 2656 2002 2709 sanabat
2031 2657 2172 2711 illos.
2893 2695 2900 2702 -

1853 2725 1908 2777 lu
1961 2727 2226 2778 memoria
2278 2727 2424 2780 enim
2460 2742 2772 2781 sermonum
2811 2739 3028 2781 tuorum
3055 2728 3340 2780 examina-

1773 2794 2000 2857 bantur,
2034 2805 2088 2847 et
2122 2797 2384 2848 velociter
2405 2797 2774 2858 salvabantur,
2805 2812 2870 2850 ne
2903 2798 2954 2848 in
2987 2799 3156 2849 altam
3195 2797 3338 2850 inci-

1774 2865 1966 2934 dentes
2011 2865 2335 2918 oblivionem
2390 2881 2494 2917 non
2557 2877 2780 2934 possent
2809 2875 2901 2918 tuo
2930 2868 3005 2918 uti
3043 2867 3335 2934 adjutorio.

1849 2933 2064 2986 Etenim
2124 2951 2301 3002 neque
2349 2933 2753 3004 berba,rneque
2804 2937 3064 3003 malagma
3113 2933 3340 2989 ειιιιιιιιι

1775 3017 1890 3073 eos,
1941 3004 2035 3056 sed
2095 3013 2242 3066 tuus,
2282 3005 2529 3069 Domine,
2565 3020 2769 3064 sermo.
2811 3008 2904 3073 qui
2944 3015 3098 3056 sanat.
3125 3008 3334 3059 omnia.

1846 3071 1925 3122 Tit
1959 3087 2018 3126 es
2055 3077 2222 3136 enim,
2278 3075 2524 3138 ltomine,
2558 3075 2646 3142 qui
2698 3071 2842 3127 vine
2865 3085 2916 3125 et
2947 3076 3136 3126 mortis
3168 3075 3338 3128 liaties

137 3157 207 3211 me
233 3160 315 3226 qui
352 3144 694 3230 ρδῶδτὸίηέί
719 3144 786 3214 de
812 3144 972 3218 ἷξςῶ
1004 3144 1664 3238 ὧδῖῦδνιῖηέἦίςεί’ἦᾶδὶ
1693 3170 1735 3228 C
1774 3151 2119 3238 iititfslaletli.
2144 3153 2196 3194 et
2215 3144 2438 3224 deducis
2468 3146 2532 3224 ad
2556 3155 2740 3224 portas
2770 3146 2979 3206 mortis,
3001 3153 3062 3238 ειΙ
3078 3146 3332 3222 reducis.

137 3230 354 3306 pusillum
398 3233 638 3306 reducit,
672 3248 732 3286 se
763 3234 904 3306 unde
949 3244 1206 3301 acceptus
1244 3246 1348 3306 est,
1397 3230 1663 3306 rcpeiitus

133 3293 220 3366 [AL
253 3302 519 3373 repertus]
552 3303 750 3356 animae
801 3305 1044 3358 debitum
1075 3293 1235 3371 quam
1270 3293 1528 3363 habebat.

193 3378 285 3455 Sed
323 3396 452 3434 cura
484 3393 574 3455 est
608 3383 706 3455 illi,
749 3399 855 3437 non
890 3385 1016 3452 quia
1049 3385 1395 3440 laboraturus
1427 3399 1528 3455 est,
1560 3397 1664 3445 nec

132 3453 354 3512 quoniam
407 3453 598 3507 brevis
632 3453 708 3504 illi
737 3455 844 3507 vita
872 3463 975 3518 est,
1001 3455 1096 3506 sed
1131 3466 1481 3509 concertatur
1513 3453 1662 3514 auri-

134 3519 292 3593 ticibus
315 3532 367 3573 et
392 3524 728 3589 argentariis
757 3541 770 3576 :
798 3526 893 3577 sed
923 3533 980 3577 et
1011 3526 1235 3577 aerarios
1294 3527 1557 3593 imitatur,
1607 3541 1661 3585 et

131 3587 323 3666 gloriam
378 3587 628 3666 praefert,
664 3593 924 3666 quoniam
954 3609 1042 3646 res
1077 3589 1446 3662 supervacuas
1483 3587 1656 3666 lingit.

131 3657 322 3738 miluus
346 3657 432 3738 est
462 3662 624 3738 enim
644 3657 738 3715 cor
758 3663 909 3738 pejus,
929 3675 986 3718 et
1006 3657 1160 3718 terra
1174 3678 1509 3733 supervacua
1537 3657 1662 3738 spes

130 3725 268 3802 illius.
299 3738 351 3802 et
379 3729 499 3783 luto
533 3732 695 3784 vilior
719 3725 824 3784 vita
853 3733 991 3802 ejus.

155 3797 433 3876 .Quoniain
469 3803 742 3868 ignoravit
767 3797 945 3870 qui'se
986 3804 1164 3870 ﬁnxit,
1201 3813 1256 3876 et
1291 3805 1392 3876 qui
1427 3806 1662 3876 inspira-

127 3869 188 3943 vit
212 3869 278 3944 illi
307 3872 572 3944 animam,
609 3887 728 3938 qua:
761 3869 1042 3942 operatur,
1079 3885 1136 3928 et
1165 3875 1257 3942 qui
1290 3869 1585 3932 iiisutllavit
1607 3881 1659 3933 ci

126 3943 343 4001 spiritum
377 3943 624 3997 vitalem.

176 4006 270 4058 Sed
297 4016 350 4060 et
379 4009 802 4083 aestimaverunt
824 4011 1005 4069 lusum
1042 4029 1164 4069 esse
1194 4014 1362 4068 vitam
1391 4027 1656 4083 nostram,

122 4083 163 4124 et
186 4079 654 4153 conversationem
687 4081 808 4135 vitae
840 4086 1196 4153 compositam
1239 4086 1306 4138 ad
1344 4087 1577 4152 lucrum,
1606 4079 1656 4143 ei

123 4149 757 4223 emrterelundecunque
790 4149 1039 4208 etiam'ex
1069 4156 1211 4208 malo
1260 4149 1568 4223 acquirere.

173 4211 260 4267 llic
284 4217 431 4268 enim
461 4220 575 4295 scit
600 4211 851 4295 setsuper
877 4237 1072 4278 omnes
1103 4211 1446 4293 delinquere.
1472 4228 1565 4293 qui
1593 4243 1656 4282 ex

120 4291 252 4364 terra:
279 4288 514 4364 materia
551 4287 769 4364 fragilia
801 4306 927 4344 vasa
952 4305 1006 4346 et
1033 4287 1300 4364 sculptilis
1338 4287 1509 4363 lingit;

177 4354 368 4433 Omnes
393 4358 548 4417 enim
590 4354 932 4427 insipientes,
966 4373 1023 4414 et
1063 4354 1309 4418 infelices
1339 4354 1506 4433 supra
1540 4381 1659 4420 mo-

114 4420 222 4473 dum
247 4426 452 4502 animai
473 4420 723 4497 superbi,
751 4441 878 4484 sunt
901 4420 1106 4487 mimici
1135 4436 1315 4502 pepuli
1347 4420 1446 4498 tui,
1473 4448 1526 4488 et
1552 4438 1656 4491 iiii-

117 4505 341 4557 ρετ-διήιξε
372 4495 480 4550 illi.

121 4604 124 4607 -
180 4576 441 4640 Quoniam
468 4580 661 4633 omnia
692 4580 832 4634 idola
877 4582 1158 4636 nationum
1201 4585 1332 4637 deos
1352 4584 1662 4644 azsdmave-

115 4655 237 4706 runt,
271 4648 480 4712 quibus
532 4665 710 4718 neque
747 4653 1031 4704 oculorum
1079 4669 1210 4708 usus
1254 4665 1336 4706 cst
1378 4657 1444 4707 ad
1484 4657 1666 4712 rideti-

114 4721 236 4774 dum,
281 4733 480 4792 neque
501 4734 665 4772 nares
704 4721 769 4772 ad
796 4727 1211 4789 percipiendum
1253 4727 1531 4792 spiritum,
1564 4743 1662 4782 ne-

107 4799 194 4847 que
221 4799 380 4861 aures
409 4788 483 4839 ad
519 4791 872 4852 audiendum,
908 4788 1085 4859 neque
1118 4788 1561 4861 digiti'inanuum
1597 4798 1664 4852 ad

106 4859 462 4972 mitigandum,
502 4861 600 4911 sed
625 4870 680 4912 et
705 4864 872 4928 pedes
896 4877 1085 4914 eorum
1117 4859 1255 4932 pigri
1283 4865 1348 4916 ad
1377 4867 1665 4920 ambulan-

163 4992 329 5052 Homo
382 4996 711 5070 ettimrfecit
745 4999 902 5070 illos:
944 5011 1000 5054 et
1030 5003 1123 5070 qui
1161 5003 1413 5069 spiritum
1451 5016 1664 5062 mutua-

105 5069 180 5116 tus
203 5075 307 5128 est,
341 5071 390 5119 is
427 5069 591 5122 tinxit
623 5070 766 5122 illos.
802 5069 974 5124 Nemo
997 5069 1143 5125 enim
1169 5075 1269 5126 sibi
1304 5075 1536 5128 similem
1566 5082 1664 5129 tio-

101 5145 179 5186 tuo
209 5140 410 5201 poterit
449 5141 632 5208 deuml
667 5140 893 5208 lingere.

155 5215 284 5291 _Cui_n
309 5221 471 5291 enirn
504 5220 576 5273 sit
606 5220 874 5291 mortalis,
903 5231 1177 5274 mortuum
1212 5222 1366 5291 lingit
1411 5226 1664 5281 manibus

99 5288 314 5364 iniquis.
347 5289 728 5364 Meliorcniui
760 5304 846 5344 eat
872 5292 986 5358 ipse
1038 5293 1141 5355 bis,
1177 5288 1314 5362 quos
1347 5295 1499 5353 Colit,
1536 5299 1663 5364 quia

95 5367 195 5419 lpSe
224 5361 460 5426 quidem
524 5362 677 5424 vixit,
715 5376 838 5416 cum
889 5371 1035 5415 esset
1078 5361 1344 5428 mortalis,
1376 5367 1450 5416 illi
1482 5361 1664 5420 autem

94 5437 385 5492 nunquam.

155 5493 256 5548 Sed
311 5510 366 5550 et
423 5495 690 5553 animalia
741 5499 1052 5556 miserrima
1103 5504 1333 5560 colunt:
1389 5506 1664 5562 inscnsata

88 5577 218 5616 enim
251 5577 589 5635 comparata
619 5572 722 5634 liis,
760 5572 870 5626 illis
901 5583 1030 5626 sunt
1063 5575 1359 5626 deteriora.

148 5639 248 5687 Sed
280 5655 388 5690 nec
413 5651 651 5705 aspectu
699 5641 896 5710 aliquis
929 5659 994 5695 ea
1044 5644 1130 5695 liis
1165 5643 1492 5699 animalibus
1523 5647 1663 5700 bona

87 5715 251 5783 intust
281 5724 644 5774 coiispiCeic.
680 5711 996 5783 bifugerunt
1029 5724 1210 5768 autem
1242 5717 1333 5768 νει
1367 5717 1585 5772 laudem
1612 5731 1666 5773 et

87 5782 537 5832 bciicdictiuucttt
572 5785 705 5848 eius.

1849 3211 2022 3263 Homo
2080 3227 2258 3265 autem
2311 3215 2511 3267 occluit
2557 3211 2778 3282 Quidetit
2823 3230 2920 3280 per
2961 3213 3247 3278 tiialitiaiii,
3284 3224 3337 3264 cl.

1768 3295 1888 3351 Cum
1925 3283 2127 3335 exierit
2174 3283 2420 3350 spiritus,
2459 3299 2564 3336 non
2613 3294 2937 3343 revertetur,
2972 3299 3072 3336 nec
3113 3299 3338 3336 revoca-

1767 3351 2133 3419 bitganimani,
2170 3368 2291 3419 quzc
2318 3363 2532 3418 recepta
2569 3365 2694 3417 est._

1837 3417 1944 3491 Sed
1975 3429 2122 3472 tuam
2155 3417 2372 3474 manum
2403 3417 2639 3491 elfugere
2668 3423 3007 3489 impossibile
3037 3428 3146 3474 est.

1853 3488 2123 3560 Negantcs
2153 3493 2299 3544 enim
2345 3501 2394 3545 te
2429 3488 2591 3546 nosse
2618 3488 2788 3559 impii,
2828 3509 2922 3560 per
2957 3492 3332 3549 fortitudinem

1765 3556 1976 3630 brachii
2008 3559 2084 3612 tui
2115 3561 2371 3628 llagellati
2399 3571 2527 3613 sunt
2564 3579 2577 3614 :
2617 3556 2774 3614 novis
2813 3556 2989 3630 aquis.
3023 3571 3078 3614 et
3112 3567 3333 3628 grandi-

1765 3629 1949 3689 nibus,
1979 3640 2032 3681 et
2067 3630 2268 3696 pluviis
2290 3630 2727 3698 persecutionem
2749 3629 2913 3699 passi,
2947 3643 3002 3685 et
3030 3647 3124 3700 per
3155 3635 3334 3700 ignem

1762 3702 2096 3765 censumpti.

1833 3769 1987 3831 Quod
2030 3768 2179 3821 enim
2220 3767 2472 3821 mirabile
2515 3777 2654 3829 erat,
2689 3767 2744 3820 in
2777 3781 2942 3836 aqua,
2993 3783 3114 3836 qua:
3147 3770 3335 3832 ouinia

1761 3838 2080 3906 exstinguit,
2110 3838 2229 3904 plus
2259 3838 2396 3906 ignis
2431 3838 2684 3892 valebat:
2718 3840 2917 3890 vindex
2961 3848 3045 3892 est
3067 3853 3214 3891 etum
3244 3855 3336 3891 or-.

1763 3906 1846 3958 bis
1883 3906 2180 3974 justorum.

1833 3974 2076 4040 Quodam
2134 3977 2280 4029 enim
2335 3985 2575 4042 tempore
2603 3975 3046 4030 mansuetabatur
3073 3975 3232 4044 ignis,
3268 3992 3338 4035 ne

1763 4048 2214 4118 comburerentur
2232 4062 2351 4107 qua:
2372 4054 2436 4098 ad
2459 4047 2656 4118 impios
2680 4049 2844 4102 inissa
2866 4050 3287 4118 erantaniioalia
3313 4063 3331 4112 ;

1764 4117 1858 4166 sed
1906 4127 1960 4165 ut
1995 4117 2096 4183 ipsi
2153 4119 2392 4169 videntes
2424 4116 2650 4183 scirent,
2700 4131 2959 4186 quoniam
3002 4116 3093 4171 Dei
3124 4118 3334 4185 judicio

1765 4187 2049 4251 patiuntur
2089 4190 2542 4251 perstcutionetn.

1833 4253 1900 4307 Et
1955 4253 2192 4322 quodam
2268 4265 2513 4323 tempore
2550 4255 2605 4309 in
2665 4269 2806 4323 aqua
2864 4271 3031 4324 supra
3062 4257 3327 4309 virtutem
3392 4276 3394 4278 ν

1762 4321 1901 4391 ignis
1957 4321 2350 4379 exardescebat
2388 4321 2661 4394 undique,
2719 4321 2778 4379 ut
2809 4321 3008 4393 iniquae
3041 4335 3198 4379 terra:
3235 4343 3334 4385 na-

1765 4402 1968 4444 tionem
1993 4403 2404 4448 extet-titillaret.

1837 4461 1940 4514 Pro
1985 4465 2185 4530 quibus
2221 4466 2535 4530 angelorum
2587 4479 2711 4518 esca
2756 4463 3039 4535 nutrivisti
3070 4463 3332 4535 populum

1695 4519 1739 4574 Ι)
1772 4537 1944 4604 tuum,
1980 4519 2048 4604 et
2095 4519 2337 4604 paratum
2370 4550 2562 4602 panem
2596 4539 2662 4587 de
2702 4519 2841 4587 coelo
2897 4519 3197 4601 praestitisti
3230 4535 3336 4591 illis

1768 4615 1886 4652 sine
1921 4602 2128 4661 labore,
2173 4618 2336 4655 omne
2362 4606 2820 4658 delcctamentum
2860 4604 2914 4656 iii
2945 4620 3004 4656 se
3038 4605 3335 4658 habentem

1765 4679 1822 4722 et
1847 4685 2027 4740 omnis
2057 4688 2269 4740 saporis
2295 4675 2640 4729 suavitatem.

1849 4739 2167 4794 Substaiitia
2197 4746 2341 4794 enim
2372 4754 2462 4796 tua
2494 4745 2842 4801 dulcedinem
2873 4753 3045 4804 tuam,
3080 4757 3243 4809 quam
3281 4741 3336 4804 iii

1768 4807 1904 4861 ﬁlios
1937 4811 2122 4874 babes,
2143 4813 2506 4866 ostendebat:
2541 4826 2596 4865 et
2629 4816 2950 4867 deserviens
2981 4807 3336 4880 uniuscuius-

1765 4894 1872 5000 (dite
1904 4881 2189 4948 voluntati,
2224 4891 2290 4936 ad
2325 4883 2471 4953 quod
2503 4887 2736 4956 quisque
2766 4888 3004 4946 volebat,
3044 4895 3340 4934 CUIIVOI'IC?

1806 4959 1948 5000 alur.

1806 4959 1948 5000 alur.

1857 5017 1958 5071 Nix
1993 5029 2174 5074 autem
2221 5031 2276 5073 et
2320 5021 2522 5088 glacies
2571 5021 2918 5074 sustinebant
2943 5021 3050 5074 vim
3083 5021 3249 5088 ignis,
3283 5032 3342 5079 ct

1767 5102 1875 5145 non
1924 5089 2312 5153 tabesCebant;
2354 5104 2412 5142 ut
2444 5094 2645 5143 scirent
2676 5107 2936 5159 quoniam
2980 5093 3195 5154 fructus
3223 5093 3335 5144 iiii-

1769 5173 1927 5211 llltt:0l
1947 5175 2034 5211 uni
2068 5168 2469 5214 exteriniuabat
2497 5178 2636 5229 ignis
2661 5165 2860 5219 ardens
2896 5177 2953 5218 in
2991 5164 3258 5230 grandine
3283 5168 3340 5217 et

1768 5231 1948 5294 pluvia
1976 5245 2292 5282 coruscans.

1853 5299 1948 5350 llic
1996 5310 2178 5351 autem
2222 5305 2419 5351 iterum
2463 5312 2522 5352 ιιι
2557 5301 2905 5356 nutrirentur
2942 5298 3101 5369 justi,
3148 5298 3315 5351 etiam

1769 5380 1880 5420 sua:
1917 5372 2137 5422 virtutis
2167 5370 2370 5422 oblitus
2399 5385 2502 5423 eSt.

1844 5438 2105 5492 Creatura
2140 5454 2285 5490 euuu
2321 5440 2414 5493 tibi
2439 5440 2648 5494 Factori
2681 5440 3020 5501 deserviens,
3075 5435 3336 5490 cxardcsv

1768 5508 1841 5559 cit
1894 5511 1944 5560 iii
1989 5521 2320 5562 tormentum
2367 5514 2631 5565 adversus
2671 5515 2941 5577 iniustos:
2983 5517 3039 5561 et
3070 5508 3246 5559 lenior
3279 5507 3339 5566 ιιι

1770 5583 1834 5629 ad
1869 5579 2320 5632 benclaeiendum
2351 5597 2448 5648 pro
2491 5585 2574 5633 liis
2605 5585 2696 5650 qui
2733 5598 2788 5634 in
2819 5594 2869 5634 te
2898 5579 3200 5632 conﬁdunt.

1845 5651 2072 5717 Propter
2107 5652 2208 5702 hoc
2242 5659 2298 5701 et
2330 5663 2458 5703 tnui:
2494 5654 2548 5702 iii
2577 5653 2759 5704 omnia
2802 5650 3185 5715 transﬁgurata
3216 5661 3340 5708 om-

1772 5719 1923 5771 nium
1961 5722 2158 5772 nutrici
2210 5726 2399 5788 gratia:
2445 5730 2550 5773 tu.e
2580 5723 2946 5785 deserviebat,
2988 5722 3058 5772 ad
3090 5721 3347 5783 volunt»

1775 5802 1880 5841 tem
1910 5808 2124 5855 eorum,
2153 5807 2239 5858 qni
2273 5807 2302 5842 a
2329 5801 2377 5842 te
2412 5791 2820 5855 desiderabant.
