3840 6176
413 396 515 461 ω

1849 396 2266 465 ΑΡΙἘΝΒΙΧ.

3567 390 3662 452 418

697 544 3632 574 Μ

1900 732 2198 793 INCIPIT

1138 917 1609 1043 LIBER
1720 910 2967 1047 ECCLESIASTICI.

904 1332 1134 1394 CAPUT
1205 1338 1502 1396 PRIMUM.

498 1433 695 1488 Omnis
722 1430 996 1498 sapientia
1050 1446 1079 1483 a
1138 1432 1371 1486 Domino
1402 1433 1513 1488 Deo
1541 1442 1643 1501 est,
1674 1443 1731 1489 et
1757 1449 1882 1490 cum
1912 1435 2009 1489 illo

424 1504 531 1558 fuit
554 1516 771 1569 semper
815 1513 870 1553 et
901 1510 985 1555 est
1014 1511 1140 1554 ante
1164 1517 1360 1556 aevum.

488 1575 723 1627 Arenain
750 1574 936 1642 maris,
964 1571 1244 1642 etpluvize
1299 1581 1503 1642 guttas,
1560 1582 1616 1628 et
1650 1573 1766 1627 dics
1817 1576 2003 1629 saeculi

422 1643 552 1711 quis
580 1639 991 1711 dinumeravit?
1024 1639 1382 1695 Altitudiiiém
1411 1644 1560 1705 coeli,
1584 1654 1639 1697 et
1658 1644 2001 1699 latitudinem

424 1709 613 1768 terra}.
648 1721 702 1763 et
734 1709 1065 1780 profundum
1128 1711 1310 1779 abyssi
1350 1713 1475 1780 quis
1531 1714 1817 1767 dimensus
1871 1716 2006 1767 eat?

384 1786 387 1791 “
497 1781 831 1851 Sapientiam
875 1778 1385 1851 Deiprtccedenteni
1411 1784 1594 1837 omnia
1620 1784 1743 1851 quis
1774 1785 2004 1836 investi-

426 1852 614 1920 κεινίιῖ
642 1850 795 1921 Pi-ior
825 1849 1070 1921 omnium
1105 1861 1289 1904 creata
1318 1861 1403 1904 est
1429 1849 1720 1921 sapientia,
1752 1861 1807 1905 et
1838 1854 2003 1907 intel-

424 1917 601 1974 lectus
628 1918 927 1987 prudentia:
954 1917 1022 1970 ab
1052 1932 1187 1972 :evo.

493 1988 635 2061 Fons
657 1989 939 2061 sapientiae
964 1990 1189 2040 verbum
1228 1989 1321 2043 Dei
1352 1989 1405 2041 in
1435 1989 1689 2053 excelsis,
1721 1999 1775 2044 et
1796 1991 2008 2061 ingres-

428 2074 526 2113 sus
545 2060 690 2110 illius
719 2058 970 2110 mandata
1017 2066 1247 2111 aeterna.

503 2127 675 2181 Radix
700 2127 979 2195 sapientiae
1003 2128 1090 2178 cui
1123 2128 1363 2194 revelata
1392 2136 1477 2182 est
1517 2136 1573 2182 et
1604 2129 1838 2185 astutias
1861 2131 2009 2187 illius

429 2199 556 2264 quis
583 2196 849 2265 agnovit?
1974 2206 1983 2214 ·

504 2268 800 2333 Disciplina
832 2266 1113 2334 sapieiitiie
1143 2267 1233 2321 cui
1270 2268 1505 2320 revelata
1572 2275 1659 2321 est
1712 2278 1766 2321 et
1827 2272 2008 2325 mani-

428 2337 747 2459 festalta‘le;
777 2336 1293 2405 multiplicationem
1346 2339 1630 2406 ingressus
1677 2338 1826 2394 illius
1886 2343 2010 2409 quis

432 2416 547 2459 mle
593 2417 703 2458 exit

432 2408 703 2459 intellexit

450 2518 459 2527 .
505 2476 658 2530 Unus
686 2485 773 2529 est
802 2474 1112 2527 altissimus
1146 2474 1375 2529 Creator
1397 2478 1772 2544 omnipotens,
1800 2489 1852 2531 et
1894 2478 2011 2534 Rex

431 2557 650 2614 potens,
680 2552 735 2615 et
765 2545 1090 2615 metuendus
1116 2546 1300 2609 nimis,
1328 2548 1526 2600 sedens
1552 2561 1720 2615 super
1748 2549 2008 2604 thronum

432 2616 587 2669 illius
612 2625 666 2668 et
685 2614 975 2666 dominans
998 2614 1157 2670 Deus.

2031 1354 2079 1413 Α
2192 1346 2519 1401 Exsecratio
2549 1353 2735 1400 autem
2769 1341 3072 1414 peccaturi,
3105 1341 3320 1394 cultura
3355 1335 3477 1392 Dei.

2185 1418 2312 1481 Fili,
2345 1408 2786 1486 concupiscens-
2813 1414 3163 1486 sapientiam,
3208 1425 3486 1465 conserva
3529 1408 3676 1476 jusii-

2110 1490 2265 1559 tiam,
2297 1498 2350 1559 et
2385 1482 2825 1559 Dciis'prazbebit
2872 1483 3015 1559 illam
3045 1482 3192 1559 tibi‘:
3334 1549 3366 1559 Ἀ
3479 1549 3492 1559 .
3541 1548 3551 1557 1

2190 1549 2640 1626 Sapientiaeiiini
2675 1564 2730 1607 et
2759 1554 3070 1626 disciplina,
3124 1552 3287 1605 timor
3334 1549 3552 1603 Domini
3588 1562 3599 1598 :
3628 1558 3675 1601 et

2108 1622 2703 1694 quod'beneplacitum
2742 1634 2826 1677 est
2859 1622 2935 1676 illi
2972 1637 2985 1674 :

2182 1695 2342 1749 Fides
2374 1688 2845 1756 ct'mansuetudo,
2895 1701 2953 1746 et
3004 1688 3327 1760 adimplebit
3388 1689 3674 1742 thesauros

2107 1765 2277 1819 illius.

2181 1833 2260 1887 Ne
2293 1833 2731 1888 sisincredibilis
2771 1830 2955 1886 timori
2988 1829 3228 1893 Domini,
3263 1838 3319 1883 et
3348 1843 3416 1881 ne
3438 1842 3675 1883 accesse-

2111 1904 2186 1957 ris
2212 1907 2275 1955 ad
2311 1905 2465 1958 illum
2498 1903 2702 1972 duplici
2734 1902 2922 1957 corde.

2175 1973 2249 2027 Ne
2285 1974 2455 2028 fueris
2481 1967 2758 2042 hypocrita
2810 1972 2862 2042 in
2901 1979 3203 2042 conspectu
3257 1967 3574 2029 hominum,
3629 1976 3679 2021 et

2109 2060 2216 2097 non
2248 2040 2640 2098 scandaliz'eris
2674 2044 2728 2096 in
2757 2041 2918 2096 labiis
2951 2040 3080 2095 tuis.

2122 2174 2125 2175 ν
2186 2115 2420 2167 Attende
2451 2115 2501 2165 in
2552 2113 2683 2175 illis,
2739 2126 2809 2164 ne
2869 2110 3014 2164 forte
3071 2107 3236 2162 cadas
3300 2116 3357 2162 et
3443 2107 3678 2162 adducas

2110 2184 2301 2236 animae
2331 2194 2434 2235 tua:
2464 2182 2967 2241 inhonorationein,

2187 2253 2248 2307 lit
2282 2257 2488 2305 ri-velct
2521 2254 2661 2305 Deus
2686 2252 2954 2304 absconsa
2990 2258 3105 2313 tua,
3140 2248 3267 2302 etin
3304 2247 3494 2302 medio
3522 2248 3677 2318 Syna-

2111 2339 2261 2392 gugie
2289 2323 2457 2374 elidat
2489 2334 2563 2375 te.

2182 2393 2446 2451 Quoniam
2479 2390 2759 2445 occessisti
2799 2389 3037 2457 maligne
3065 2388 3131 2441 ad
3167 2388 3488 2451 Dominum,
3513 2397 3566 2442 et
3590 2403 3679 2442 cor

2116 2472 2267 2515 tuum
2300 2464 2521 2531 plenum
2556 2469 2640 2516 est
2663 2461 2788 2514 dolo
2823 2468 2878 2512 et
2906 2459 3145 2511 fallacia.

2719 2589 2947 2647 CAPUT
3003 2590 3069 2644 ll.

503 2688 620 2754 Ipse
650 2684 1024 2757 ereavitillam
1053 2684 1106 2736 in
1136 2682 1337 2751 Spiritu
1375 2694 1588 2751 sancto,
1619 2696 1677 2741 et
1732 2688 1891 2754 vidit,
1955 2698 2010 2743 et
2044 2703 2083 2757 Β
2142 2755 2149 2757 _
2194 2684 2321 2748 Fili,
2369 2684 2639 2757 accedens
2682 2684 2747 2736 ad
2786 2682 3115 2757 servitutem
3173 2680 3289 2745 Dei,
3314 2688 3399 2737 'sta
3437 2682 3497 2737 in
3529 2683 3680 2757 justi—

430 2753 821 2815 dinuuirravit,
857 2763 912 2806 et
949 2768 1167 2807 mensus
1201 2764 1305 2808 est.

500 2829 565 2881 Et
593 2823 789 2879 eﬂ‘udit
820 2823 964 2875 illam
994 2838 1159 2896 super
1179 2826 1359 2896 omnia
1389 2837 1555 2890 opera
1589 2842 1711 2893 sua,
1751 2837 1804 2882 et
1841 2843 2005 2896 super

432 2907 903 2967 omnemucarnem
935 2895 1236 2948 secundum
1268 2894 1455 2947 datum
1489 2909 1673 2963 suum,
1698 2894 2009 2967 etpraibiiit

436 2969 581 3022 illam
610 2962 966 3029 diligentibus
997 2977 1080 3015 se.

508 3037 699 3090 Timor
728 3032 940 3104 Domitii
972 3032 1165 3100 gloria,
1202 3042 1258 3087 et
1281 3035 1554 3104 gloriatio,
1598 3044 1653 3090 et
1687 3036 1900 3102 laetitia,
1955 3049 2010 3095 et

435 3118 639 3161 corona
663 3102 1066 3155 exsultationis.

509 3175 698 3245 Timor
730 3171 952 3245 Domini
978 3171 1269 3245 delectabit
1298 3188 1421 3245 cor,
1449 3184 1506 3227 et
1552 3175 1706 3230 dabit
1737 3176 2007 3245 laetitiam,

434 3257 493 3300 et
528 3243 815 3312 gaudium,
851 3239 1341 3312 etlongituiliiiem
1373 3244 1612 3298 dierum.

504 3309 741 3381 T'iiiienti
787 3309 1075 3381 Dominum
1103 3313 1244 3364 bene
1270 3313 1377 3365 erit
1440 3314 1493 3367 in
1530 3317 1812 3381 extremis,
1869 3326 1924 3373 et
1953 3318 2009 3372 in

438 3384 530 3439 die
562 3378 936 3433 delunctiouis
969 3394 1080 3431 sua:
1111 3381 1490 3436 benedicetur.

508 3449 739 3505 Dilectiu
770 3447 864 3500 Dei
892 3449 1232 3504 honorabilis
1260 3454 1550 3518 sapientia.

509 3520 723 3593 Quibus
757 3527 937 3593 autem
972 3522 1289 3586 apparuerit
1328 3538 1379 3574 in
1406 3528 1549 3585 visu,
1590 3522 1828 3593 diligunt
1885 3541 2007 3581 eam

440 3594 494 3647 in
531 3592 734 3643 visione
785 3597 841 3640 et
872 3588 933 3659 in
958 3594 1233 3657 agnitione
1265 3595 1588 3659 iiiagnalium
1615 3588 1864 3650 suorum.

515 3660 737 3715 Initium
768 3658 1072 3724 sapientue,
1114 3661 1275 3713 timor
1307 3658 1543 3723 Domini,
1574 3674 1630 3716 et
1674 3680 1797 3717 cum
1833 3665 2009 3719 fideli-

440 3734 545 3787 bus
576 3729 631 3781 in
667 3728 823 3779 vulva
853 3737 1179 3783 concreatiis
1201 3740 1302 3793 est,
1363 3748 1486 3784 cum
1531 3733 1721 3787 electis
1787 3735 2010 3789 feminis

441 3798 714 3877 graditur,
749 3796 800 3877 ei
832 3797 1147 3877 cumjustis
1175 3810 1231 3877 et
1256 3800 1507 3877 ﬁdelibus
1528 3804 1865 3877 agnoscitur.

534 3869 724 3939 Timor
755 3865 990 3939 Domini,
1025 3872 1269 3923 scientia:
1303 3865 1652 3939 religiosit'as.

522 3937 868 4003 Religiositas
895 3940 1194 4013 etistodiet_
1218 3952 1272 4013 et
1297 3937 1621 4009 justiticabit
1658 3956 1774 4009 cor,
1806 3944 2010 4013 jucun-

441 4008 671 4071 ditateiii
696 4016 860 4074 atque
885 4008 1141 4073 gaudium
1167 4008 1341 4077 dabit.

441 4146 830 4209 suiutnationis
863 4146 1007 4199 illius
1036 4149 1414 4202 benedicelur.

514 4218 800 4293 Plenitudo
827 4216 1108 4293 sapientia:
1131 4228 1215 4272 est
1243 4221 1436 4275 timere
1481 4220 1675 4288 Deum,
1727 4232 1784 4277 et
1838 4225 2019 4293 pleni-

444 4289 581 4353 tudo
614 4302 642 4337 a
679 4285 948 4337 fructibus
983 4287 1151 4339 illius.

516 4360 742 4411 Uiiineiii
772 4357 1160 4432 domuinillius
1200 4357 1447 4432 implebit
1473 4375 1502 4414 a
1545 4364 2019 4432 generationibus,

438 4437 498 4485 et
532 4426 872 4491 receptacula
906 4440 936 4476 a
971 4430 1247 4481 thesauris
1269 4431 1438 4484 Illius.

520 4495 1054 4574 Co‘roualsapientia:
1086 4502 1249 4551 tiiiior
1279 4498 1515 4567 Domini,
1574 4504 1795 4573 replens
1826 4519 2019 4574 pacem

443 4577 499 4623 et
531 4567 724 4619 salutis
752 4568 1009 4617 fructum.

531 4636 595 4687 Et
619 4706 627 4711 _
655 4634 801 4711 vidit
833 4643 890 4711 et
942 4636 1316 4691 dinuiiieravit
1365 4654 1486 4693 eam
1522 4653 1795 4711 :utraqne
1832 4654 2017 4699 autem

447 4715 579 4763 sunt
599 4706 741 4757 dona
766 4704 886 4757 Dei.

525 4775 826 4850 Scientiain
876 4783 932 4824 et
982 4774 1322 4853 intellectum
1379 4781 1684 4846 prudentiae
1748 4783 2017 4853 sapientia

448 4845 841 4911 coiiipartietur
871 4882 885 4905 ,
929 4854 980 4895 et
1009 4848 1231 4911 gloriam
1260 4858 1561 4902 tenentium
1597 4867 1656 4905 se
1689 4845 1911 4908 exaliat.

517 4908 689 4967 Radix
718 4913 995 4976 sapientic
1016 4908 1102 4968 est
1138 4919 1327 4972 timere
1386 4918 1677 4975 Dominum
1720 4940 1732 4975 :
1766 4934 1820 4975 ct
1879 4925 2017 4978 rami

449 4984 597 5038 illius
625 4983 872 5048 longaevi.

515 5054 896 5129 ln_th_esauris
940 5055 1224 5122 sapientia:
1309 5058 1618 5114 intellectus
1667 5073 1724 5115 et
1776 5063 2019 5118 scicntia:

449 5123 780 5201 religiosius
827 5138 841 5174 :
887 5130 1185 5179 exsecratio
1237 5138 1421 5182 autem
1478 5133 1862 5198 peccatoribus
1920 5150 2017 5188 sa-

490 5206 679 5247 ieutta.

450 5209 714 5316 μεθιπῶ
742 5262 955 5316 Domini
987 5264 1208 5332 expellit
1243 5278 1550 5334 peccatum.

2116 2755 2187 2809 tia
2257 2764 2313 2807 et
2356 2755 2579 2820 timore,
2603 2763 2659 2807 et
2694 2768 2941 2823 praepara
2969 2752 3211 2806 animam
3270 2761 3417 2805 tuam
3473 2753 3541 2807 ad
3576 2765 3681 2806 ten-

2114 2836 2401 2878 tationem.

2180 2895 2429 2959 Deprime
2460 2908 2555 2947 cor
2588 2902 2765 2954 tuum,
2824 2905 2878 2948 et
2925 2894 3135 2947 sustine
3180 2891 3431 2948 :inclina
3500 2907 3679 2946 aurem

2112 2973 2280 3025 tiiani,
2308 2974 2361 3017 et
2401 2966 2619 3031 suscipe
2655 2965 2815 3017 verba
2852 2965 3162 3018 intellectus
3211 2982 3221 3018 :
3262 2971 3319 3016 et
3352 2979 3419 3016 ne
3457 2963 3680 3017 festines

2114 3036 2169 3087 in
2200 3043 2446 3101 tempore
2481 3034 2856 3087 ubductionis.

2190 3103 2409 3157 Sustine
2435 3105 2861 3156 susteiitationes
2916 3101 3006 3156 Dei
3041 3119 3054 3157 :
3090 3104 3422 3172 conjungere
3473 3103 3603 3168 Deo,
3633 3111 3684 3158 ct

2113 3174 2344 3236 sustine,
2373 3182 2431 3225 ut
2460 3183 2673 3225 crescat
2708 3175 2761 3226 in
2797 3173 3099 3226 novissimo
3130 3174 3238 3226 vita
3282 3185 3397 3225 tua.

2183 3246 2358 3295 Omne
2409 3242 2555 3310 quod
2588 3243 2707 3314 tibi
2771 3243 3089 3314 applicitum
3125 3243 3306 3307 fuerit,
3368 3245 3582 3314 accipe,
3632 3252 3685 3298 et

2114 3312 2166 3434 ibi]
2192 3314 2405 3435 bdolore
2460 3312 2693 3377 sustine,
2720 3324 2775 3367 et
2806 3317 2857 3365 in
2892 3313 3203 3367 humilitate
3241 3323 3330 3367 tua
3366 3312 3682 3382 patientiam

2154 3396 2182 3433 a
2228 3399 2279 3435 ρ.

2154 3396 2279 3435 808.

2184 3452 2453 3516 Quoniam
2488 3454 2543 3509 in
2573 3455 2695 3523 igne
2725 3450 2993 3523 probatur
3038 3465 3236 3504 aurum
3262 3522 3268 3523 ί
3292 3459 3347 3506 et
3377 3462 3681 3523 argentum,

2114 3520 2363 3575 homines
2392 3538 2518 3576 vero
2550 3520 2897 3591 re'ceptibiles
2929 3525 2982 3573 in
3010 3523 3225 3574 camino
3260 3522 3677 3577 humiliationis.

2183 3591 2361 3645 Crede
2406 3592 2542 3659 Deo,
2570 3607 2627 3649 et
2680 3594 3031 3660 recuperauit
3089 3600 3140 3644 te
3174 3607 3187 3640 :
3226 3603 3281 3645 et
3319 3592 3496 3659 dirige
3548 3594 3681 3645 viam

2114 3669 2286 3725 tuam,
2322 3672 2379 3716 et
2408 3678 2567 3731 spera
2594 3665 2653 3718 in
2684 3662 2860 3715 illum.
2895 3661 3066 3715 Serva
3125 3661 3379 3717 timorem
3438 3662 3607 3729 illius,
3632 3675 3684 3716 et

2116 3731 2170 3783 in
2200 3732 2294 3784 illo
2326 3741 2629 3788 veterasce.

2183 3801 2489 3856 Metuentes
2544 3802 2857 3866 Dominum,
2907 3803 3177 3856 sustinete
3252 3803 3679 3859 miscricordiam

2113 3869 2255 3938 ejus,
2286 3882 2341 3923 et
2375 3888 2481 3925 non
2507 3872 2809 3927 dellectatis
2833 3872 2902 3926 ab
2937 3874 3053 3935 illo,
3080 3888 3146 3926 ne
3172 3875 3403 3927 cadatis.

2190 3943 2293 4005 Qui
2326 3944 2528 3999 timetis
2564 3944 2873 4005 Dominum,
2906 3945 3113 3997 credite
3146 3943 3223 3996 illi
3261 3959 3275 4001 ;
3310 3954 3368 3998 et
3419 3959 3526 3998 non
3558 3961 3681 4000 eva-

568 4016 671 4085 teiii
696 4016 860 4091 atq-tie
885 4013 1141 4091 gaudium
1167 4013 1343 4089 dabit.
1518 4081 1529 4091 υ
1635 4080 1669 4091 __
1715 4084 1724 4091 _
2044 4033 2086 4091 ς
2121 4013 2376 4091 cuabitur
2408 4028 2619 4091 merce}
2647 4023 2848 4091 vestra.

517 4077 752 4129 Tiiiienti
788 4077 1072 4130 Dominum
1108 4079 1245 4131 bene
1267 4082 1394 4143 erit,
1422 4090 1478 4135 et.
1518 4081 1570 4134 in
1617 4080 1815 4138 diebus
1883 4097 2016 4138 cou-

2201 4080 2302 4145 Qui
2341 4082 2542 4136 timetis
2573 4083 2885 4145 Dominum,
2918 4094 3136 4150 sperate
3176 4086 3227 4139 in
3281 4086 3437 4139 illum
3468 4099 3483 4139 τ
3516 4093 3572 4140 et
3629 4085 3681 4137 in

2122 4150 2541 4205 oblectationem
2579 4154 2762 4205 veniet
2792 4155 2949 4207 nobis
2982 4159 3384 4210 misericordia.

2190 4221 2292 4283 Qui
2328 4221 2531 4273 timetis
2556 4223 2875 4287 Dominum,
2898 4223 3301 4292 diligiteillum,
3336 4233 3391 4280 et
3419 4224 3687 4278 illumina-

2124 4288 2330 4343 btintur
2357 4297 2520 4343 corda
2562 4300 2764 4344 vestra.

2188 4359 2484 4428 Respicite,
2538 4362 2655 4424 filii,
2700 4363 2950 4417 nationes
3013 4364 3298 4419 hominum
3336 4367 3670 4427 :etscitote,

2122 4432 2247 4497 quia
2285 4432 2466 4483 nullus
2496 4431 2734 4498 speravit
2781 4432 2835 4485 in
2887 4434 3141 4496 Domino,
3176 4446 3231 4489 et
3285 4435 3549 4490 confusus
3580 4444 3681 4487 est.

2193 4502 2324 4564 Quis
2352 4502 2494 4575 enini
2532 4505 2919 4575 permansitiu
2953 4505 3227 4557 mandatis
3256 4506 3396 4575 ejus,
3427 4515 3480 4561 et
3526 4505 3682 4575 derc-

2122 4568 2470 4692 lllctup9est?
2516 4580 2612 4624 aut
2669 4574 2793 4639 quis
2843 4568 3301 4639 invocaviteum,
3336 4585 3391 4629 et
3442 4574 3682 4643 despexit

2122 4655 2134 4692 Ι
2186 4655 2255 4689 IIII
2299 4678 2310 4690 .

2122 4654 2272 4692 llllllll
2297 4654 2310 4690 Ξ

2179 4708 2447 4772 Quoniam
2481 4709 2603 4778 pius
2643 4723 2697 4765 et
2739 4713 3051 4766 misericors
3088 4723 3171 4768 est
3195 4712 3360 4776 Deus,
3415 4726 3471 4769 et
3497 4715 3683 4770 remit-

2123 4780 2395 4854 tetii_i_die
2448 4782 2823 4854 tribulationis
2878 4796 3221 4850 peccatii.:et
3282 4797 3550 4854 protector
3599 4793 3683 4839 est

2121 4848 2375 4901 omnibus
2402 4852 2817 4917 exquirentibus
2860 4848 2917 4904 se
2952 4855 3004 4905 iii
3025 4848 3271 4907 veritate.

2202 4917 2289 4969 Va:
2316 4919 2522 4985 diiplici
2554 4925 2737 4985 corde,
2771 4930 2825 4974 et
2863 4921 3024 4974 labiis
3052 4926 3319 4988 scelestis,
3355 4935 3409 4977 et
3435 4923 3682 4976 manilius

2124 4988 2625 5062 malefacieiitibus,
2671 5002 2726 5044 et
2759 4994 3037 5059 peccaturi
3096 5004 3301 5046 terram
3365 4993 3683 5062 ingredienti

2120 5061 2331 5111 duabus
2368 5060 2491 5110 viis.

2203 5127 2288 5179 Va:
2317 5128 2602 5181 dissolutis
2664 5127 2857 5189 corde,
2903 5128 2998 5197 qui
3026 5143 3133 5183 non
3191 5130 3423 5186 credunt
3464 5130 3684 5185 Deozet

2122 5196 2248 5267 ideo
2279 5212 2383 5248 non
2416 5209 2769 5267 protegeutur
2794 5200 2862 5253 ab
2892 5196 2982 5251 eo.

2208 5266 2294 5317 Vae
2341 5273 2429 5319 uis
2459 5270 2551 5337 qui
2584 5266 2963 5337 perdiderunt
3016 5269 3423 5335 sustinentiam,
3476 5280 3527 5324 et
3583 5268 3678 5338 qui

522 5334 769 5412 Namum
799 5337 918 5412 sine
950 5338 1145 5387 timore
1166 5349 1273 5412 est,
1302 5341 1968 5412 nonpotcritjustiﬁcari
2003 5359 2017 5399 ;
2057 5360 2095 5412 υ
2128 5334 2544 5405 (Ιεξΐυὶίηυυϊυῖιι
2570 5334 2682 5390 vias
2751 5350 2949 5402 rectas,
2988 5348 3042 5392 et
3088 5342 3430 5396 diverterunt
3469 5342 3515 5393 in
3565 5334 3679 5391 vias

450 5404 738 5459 iracundia
764 5404 910 5457 enim
945 5408 1313 5461 aniiiiositatis
1358 5404 1507 5463 illius
1557 5404 1845 5466 subversio
1877 5414 2023 5465 illius

500 5485 557 5526 't.

450 5491 510 5527 es
528 5540 793 5621 Usquein
826 5553 1042 5621 tempus
1082 5547 1385 5602 sustinebit
1442 5549 1680 5618 patiens,
1743 5560 1799 5603 et
1828 5561 2021 5621 postea

453 5615 689 5666 redditio
710 5615 1095 5682 jucundiiatis.

536 5682 717 5735 Bonus
743 5698 939 5736 sensus
971 5699 1143 5749 usque
1179 5686 1230 5737 in
1259 5694 1474 5752 tempus
1533 5689 1832 5745 abscondet
1859 5692 2024 5746 verba

453 5748 625 5814 illius,
659 5762 716 5804 et
746 5753 888 5805 labia
923 5748 1214 5806 multorum
1246 5748 1578 5810 enarrabunt
1602 5776 1820 5814 sensum
1856 5763 2024 5815 illius.

540 5821 592 5873 lii
617 5823 889 5876 thesauris
912 5824 1196 5892 sapientia:
1223 5825 1548 5894 significatio
1574 5831 1877 5899 disciplina:
1917 5849 1927 5883 ;

2172 5421 2346 5462 ῐίινίιε.

2200 5426 2207 5435 ⁸
2234 5426 2293 5457 νυ
2333 5449 2346 5462 .

2130 5426 2452 5553 Prfiitﬁpiid
2510 5476 2731 5541 facient,
2789 5491 2912 5533 cum
2975 5480 3248 5553 inSpiccre
3294 5480 3514 5549 coeperit
3575 5478 3683 5531 Do-

2135 5561 2317 5600 minus
2348 5554 2365 5596 ’ξ

2196 5616 2296 5680 Qui
2327 5618 2519 5671 timent
2582 5620 2893 5679 Dominum.
2951 5634 3059 5673 non
3116 5628 3283 5672 erunt
3340 5617 3682 5673 incredibiles

2137 5696 2300 5738 verbo
2331 5688 2477 5740 illius
2519 5691 2988 5757 :etquidiliguut
3052 5690 3226 5754 illum,
3291 5690 3682 5743 conservabqu

2138 5761 2275 5810 viain
2308 5757 2471 5810 illius.

2206 5831 2303 5890 Qui
2346 5838 2535 5881 timent
2564 5831 2873 5894 Dominum,
2910 5831 3187 5899 inquire-iit
3215 5849 3333 5897 qua:
3358 5831 3677 5889 bcuculaCita
