3840 6176
172 243 252 306 in
301 213 310 226 ’

164 365 264 416 sunt
283 354 326 409 ei
372 369 385 407 :

165 430 316 501 ip‘ii’s:

225 498 311 562 Qui
334 495 507 547 timent
541 491 863 550 Dominum.
921 487 1317 562 prteparabunt
1348 486 1514 562 corda
1545 499 1642 540 sua
1672 498 1688 539 :

164 559 266 624 etin
295 572 565 630 conspectu
601 562 750 616 illius
812 559 1240 630 sanetilicabunt
1283 559 1500 630 animas
1538 569 1686 630 suas.

218 638 300 702 Qui
346 623 524 688 tinient
566 633 885 702 Dominum,
937 627 1567 702 custodiuntunandata
1628 623 1692 676 il-

181 697 263 770 iui,
279 715 323 759 et
340 705 647 774 patientiam
682 701 1157 768 habebuntusque
1183 697 1250 752 ad
1285 697 1688 767 inspectionem

222 836 475 899 Dicentes:
511 844 566 898 Si
607 841 986 912 paenitentiam
1017 855 1124 912 non
1149 838 1450 912 egerimus,
1482 836 1693 912 incide-

163 933 256 970 mus
277 917 322 970 in
346 929 530 967 manus
563 909 805 976 Domini,
837 922 893 965 et
919 926 1025 964 non
1060 911 1116 963 iti
1151 925 1348 963 manus
1385 909 1688 962 hominum.

223 985 498 1040 Secundum
531 984 679 1038 enim
714 981 1146 1051 magnitudinem
1173 980 1369 1049 ipsius,
1396 979 1557 1034 sic-et
1585 979 1691 1033 nii-

164 1055 412 1111 scricordia
442 1054 591 1109 illius
617 1068 744 1108 cum
777 1053 896 1123 ipso
922 1062 1028 1106 est.

706 1209 938 1265 CAPUT
992 1209 1079 1264 ΙΙι.

212 1327 312 1382 Filii
341 1327 643 1398 sapientiae,
670 1327 905 1382 ecclesia
929 1327 1201 1396 iustorum
1235 1338 1250 1376 :
1285 1331 1342 1378 et
1369 1322 1520 1377 natio
1573 1321 1696 1378 illo-

163 1415 275 1458 rum.
295 1399 592 1453 obedientia
623 1409 680 1452 et
709 1398 962 1451 dilectio.

209 1469 445 1524 iudicium
499 1471 677 1538 patris
709 1468 918 1532 audite,
970 1465 1101 1533 ﬁlii;
1148 1475 1207 1521 et
1259 1465 1340 1520 sic
1389 1463 1574 1528 facite,
1636 1471 1696 1518 ut

161 1540 264 1594 salvi
313 1541 438 1594 sitis.

215 1611 331 1663 Deus
350 1611 486 1662 enim
538 1607 834 1662 honoravit
871 1617 1084 1676 patrem
1139 1607 1192 1660 in
1227 1607 1355 1662 ﬁliis
1388 1623 1400 1660 :
1437 1613 1494 1660 et
1545 1605 1696 1676 judi—

160 1679 273 1733 cium
301 1680 475 1734 matris
505 1680 829 1749 exquirens.
865 1678 1102 1749 tirmavit
1133 1678 1184 1730 in
1218 1676 1377 1749 ﬁlios.

212 1749 296 1815 Qui
323 1750 482 1818 diligit
509 1747 707 1813 Deum,
735 1747 988 1802 exorabit
1027 1763 1124 1818 pro
1151 1748 1413 1818 peccatis,
1448 1756 1505 1802 et
1561 1760 1694 1801 con-

159 1821 320 1942 :lniebit
358 1817 504 1874 seab
535 1821 669 1885 illis,
703 1827 758 1874 et
826 1819 883 1872 in
930 1817 1184 1872 oratione
1247 1817 1466 1872 dierum
1524 1831 1694 1872 exau-

190 1899 318 1942 lPllll'.

190 1891 318 1944 ielur.

206 1959 407 2014 Etsicut
436 1960 533 2027 qui
559 1959 924 2024 thesaurizat,
985 1959 1058 2014 ita
1118 1956 1198 2014 et'
1239 1959 1329 2031 qui
1363 1957 1696 2014 lionorilicat

161 2037 346 2083 matrem
375 2045 551 2084 suam.

209 2099 292 2164 Qui
324 2101 554 2154 honorat
593 2111 803 2171 patrem
837 2116 1022 2166 suum,
1080 2100 1476 2170 jucundabitur
1539 2098 1596 2155 in
1628 2099 1695 2152 li-

162 2167 230 2221 liis
257 2184 269 2223 :
299 2181 348 2223 et
376 2173 425 2222 in
464 2173 557 2224 die
592 2167 858 2226 orationis
889 2187 1001 2226 sua:
1027 2167 1370 2225 eiattdietur.

208 2238 290 2303 Qui
319 2240 553 2294 honorat
584 2253 796 2310 patrem
833 2256 1016 2305 suum,
1060 2241 1168 2294 vita
1202 2242 1350 2294 vivet
1400 2240 1646 2311 longiore
1677 2257 1692 2296 :

158 2313 300 2382 et_qui
333 2311 517 2382 obedtt
549 2313 716 2381 patri,
743 2311 1097 2382 rci‘rigerahit
1130 2320 1388 2364 matrem.

200 2379 283 2451 Qui
314 2379 456 2433 timet
489 2379 810 2445 Dominum,
845 2379 1081 2435 honorat
1114 2391 1394 2450 parentes,
1424 2389 1482 2436 et
1535 2379 1696 2451 quasi

155 2447 350 2521 dominis
373 2453 582 2507 serviet
610 2453 696 2506 his
727 2455 822 2521 qui
852 2467 911 2506 se
946 2447 1281 2518 genuerunt.

207 2517 255 2568 In
275 2535 428 2587 Opere
459 2531 516 2576 et
579 2517 860 2588 sermone,
903 2517 959 2575 et
990 2521 1140 2576 omni
1183 2520 1448 2590 patientia
1476 2519 1694 2576 honora

153 2595 323 2655 putrem
357 2601 525 2656 tuum,

200 2656 616 2740 ‘Utsuperveniat
641 2662 749 2740 tibi
773 2663 1086 2719 benedictio
1113 2665 1182 2721 ab
1208 2682 1298 2732 eo,
1359 2675 1415 2720 et
1472 2665 1700 2721 benedi-

151 2731 240 2778 ctio
266 2731 400 2784 illius
434 2734 488 2785 in
521 2735 828 2788 novissimo
863 2746 1102 2790 maneat.

178 2796 500 2878 .Benedictio
525 2805 705 2873 patris
739 2806 921 2860 lirmat
968 2806 1162 2878 domos
1216 2807 1452 2861 filiorum
1487 2821 1503 2860 :
1533 2807 1701 2861 male-

146 2865 285 2922 dictio
310 2884 485 2925 autent
520 2865 719 2929 fnatris
740 2878 991 2930 eradicat
1024 2876 1402 2933 fundamenta.

202 2936 536 3032 :‘ielglorieris
574 2945 632 3025 in
660 2949 994 3032 contumelia
1023 2949 1192 3016 patris
1220 2949 1300 3002 tui
1331 2963 1347 3004 :
1383 2962 1494 3032 non
1550 2947 1698 3001 enim
1721 3004 1733 3014 _

1719 3025 1767 3088 Β

143 3012 322 3084 cst_tibi
347 3012 542 3080 gloria,
576 3015 696 3084 ejus
734 3019 1010 3072 confusio.

198 3080 814 3159 (iloriaetiiinliominis
838 3103 906 3159 ex
955 3096 1160 3143 honore
1216 3090 1391 3159 patris
1460 3086 1572 3151 sui.
1637 3097 1693 3142 ει

145 3147 351 3230 dedecus
375 3152 466 3204 lilii
482 3225 491 3230 _
510 3164 672 3221 pater
698 3157 818 3210 sine
851 3158 1081 3215 honore.

204 3218 311 3287 Fili,
348 3218 573 3303 suscipe
601 3237 879 3303 senectam
909 3231 1080 3298 patris
1117 3228 1222 3293 tui,
1256 3239 1314 3284 et
1341 3242 1451 3282 non
1478 3227 1694 3282 contri-

141 3298 233 3342 stes
253 3307 372 3345 eum
403 3295 460 3346 in
498 3304 612 3347 vita
644 3295 815 3352 illius.

196 3359 319 3441 Etsi
346 3364 623 3441 defecerit
664 3383 857 3434 sensu,
890 3368 1110 3424 veniam
1145 3367 1236 3434 da,
1269 3377 1329 3424 et
1367 3383 1434 3422 ne
1465 3381 1699 3436 spernas

137 3437 312 3511 cotula
341 3437 549 3511 virtute
582 3447 671 3491 tua
716 3443 1108 3510 :eleeuiosyna
1158 3441 1308 3494 enim
1353 3443 1528 3508 patris
1581 3453 1694 3491 non

139 3504 222 3553 crit
254 3504 304 3555 in
333 3504 638 3563 oblivione.

183 3569 308 3656 liam
336 3591 435 3656 pro
460 3591 697 3656 peccato
727 3583 922 3656 matris
952 3583 1272 3656 restituetur
1312 3583 1407 3656 tibi
1463 3581 1694 3656 bonum.

157 3641 246 3722 .Et.
277 3641 582 3715 in‘just'itia
612 3654 978 3708 azdiﬁcabitur
1009 3655 1130 3716 tibi,
1166 3668 1222 3708 et
1254 3657 1306 3706 iit
1340 3654 1431 3708 die
1462 3653 1698 3706 tribula-

140 3717 279 3789 tionis
297 3724 828 3794 commemorabitur
864 3726 940 3778 tui
966 3741 979 3777 :
1014 3733 1072 3780 et
1096 3725 1242 3780 sicut
1266 3723 1324 3780 in
1357 3737 1554 3780 sereno
1583 3724 1698 3794 Ela‘

135 3788 243 3861 cies,
277 3788 571 3861 solventur
607 3805 831 3861 peccata
869 3803 978 3849 tua.

191 3855 349 3939 Quam
377 3855 728 3939 malacia-inae
753 3866 990 3939 est,_qui
1030 3865 1370 3939 derelinquit
1423 3878 1639 3939 patrem
1679 3884 1695 3923 :

130 3928 441 4047 galtéé;ntac.
477 3931 563 4004 et]
601 3943 684 3988 est
713 3928 1042 3994 malédfctus
1065 3953 1109 4005 al
1131 3928 1382 4008 Deo,'qui
1405 3928 1700 4010 exasperat

228 4012 360 4052 rem.

193 4065 306 4146 Fili,
341 4070 397 4122 in
434 4078 868 4150 mansuetudine
899 4093 1065 4148 opera
1094 4087 1185 4134 tua
1218 4078 1498 4148 perﬁce,et
1529 4095 1698 4150 super

130 4136 393 4220 imminutis
421 4144 661 4212 gloriam
698 4136 960 4220 diligeris'.

185 4209 392 4293 Quanto
425 4209 692 4293 'utagnus
718 4209 826 4283 es.‘
849 4221 1081 4278 humilia
1123 4234 1175 4279 te
1234 4223 1288 4277 in
1319 4221 1597 4287 omnibus,
1646 4231 1703 4277 et

127 4291 288 4361 coram
321 4280 438 4360 Deo
475 4280 731 4345 invenies
749 4280 980 4361 gratiam
1008 4310 1022 4346 :

142 4351 442 4431 "Quoniam
475 4371 680 4428 magna
713 4351 960 4431 potentia
983 4363 1082 4418 Dei
1107 4363 1302 4428 solius,
1325 4371 1382 4419 et
1411 4366 1479 4418 ab
1509 4363 1700 4418 humi-

124 4421 252 4474 libus
283 4426 503 4478 honora
513 4421 633 4483 tu'r.

174 4494 375 4576 Altiora
409 4508 492 4576 ,ιε
524 4513 600 4553 ne
623 4503 934 4576 quaesieris
958 4545 973 4568 ,
1025 4502 1324 4576 etfortiora
1349 4511 1402 4556 te
1459 4519 1526 4558 ne
1553 4518 1712 4558 seru-

122 4567 248 4642 tatus
277 4564 501 4622 fueris:
535 4572 633 4643 sed
666 4564 788 4642 qua:
821 4564 1078 4643 praecepit
1145 4575 1239 4628 tibi
1276 4575 1446 4637 Deus,
1483 4578 1576 4629 illa
1613 4591 1710 4629 co-

121 4645 500 4757 alt'agemper,
525 4649 589 4694 ct
619 4642 674 4698 in
704 4642 963 4716 pluribus
985 4642 1250 4717 uperibus
1285 4647 1405 4716 ejus
1432 4662 1502 4700 ne
1533 4647 1711 4700 fueris

211 4723 222 4756 ι
261 4723 380 4757 SuS.

211 4720 380 4762 IOSUS.

155 4777 283 4854 bon
318 4797 406 4839 est
438 4791 598 4846 enim
633 4791 734 4847 tibi
793 4787 1165 4846 necessarium
1201 4801 1290 4850 ea,
1318 4800 1442 4857 qua:
1469 4787 1709 4843 abscon-

119 4847 216 4924 dita
241 4862 401 4924 sunt,
436 4864 636 4919 videre
666 4862 842 4916 oculis
866 4861 998 4918 tuis.

180 4916 234 5001 lu
262 4916 646 4995 supervacuis
682 4936 848 4988 rebus
874 4916 996 4987 noli
1031 4930 1270 4988 scrutari
1304 4927 1706 4997 multipliciter,

113 4998 241 5074 Cliti
272 5001 546 5063 pluribus
572 5006 828 5074 operibus
858 5003 976 5070 eius
1010 5019 1121 5057 non
1147 5005 1260 5058 eris
1287 5004 1564 5056 curiosus.

172 5061 421 5193 Plitjrlitna
444 5061 623 5128 enim.
641 5091 810 5145 super
859 5061 1084 5130 sensum
1118 5075 1409 5128 hominum
1483 5080 1704 5126 ostensa

174 5150 202 5188 n
266 5155 278 5190 ι
327 5158 368 5193 ι.

110 5146 228 5188 sunt
243 5141 368 5194 tibi.

114 5276 154 5291 __
180 5206 379 5291 Multos
399 5231 642 5291 quoque
672 5216 1054 5291 supplantavit
1079 5216 1324 5285 suspicio
1368 5213 1614 5284 illorum,
1652 5222 1710 5270 et

111 5289 161 5330 tn
190 5288 435 5338 vanitate
456 5288 712 5341 detinuit
737 5303 934 5343 sensus
963 5288 1208 5344 illorum.

172 5348 278 5406 Cor
300 5357 522 5428 durum
570 5358 793 5413 habebit
826 5359 966 5412 male
1028 5363 1082 5414 in
1140 5360 1444 5418 novissimo
1475 5375 1492 5417 :
1525 5365 1582 5414 et
1611 5355 1707 5428 qui

109 5434 245 5504 amat
266 5427 628 5504 periculum,
652 5430 704 5504 in
736 5430 831 5484 illo
856 5430 1079 5504 peribit.

165 5495 269 5550 Cor
295 5500 647 5573 ingrediens
661 5503 819 5573 duas
838 5495 957 5556 vias
995 5518 1106 5557 non
1131 5501 1359 5560 habebit
1386 5515 1705 5573 successus,

106 5575 156 5619 et
188 5582 398 5631 pravus
433 5571 624 5626 corde
657 5572 713 5626 in
749 5572 859 5627 illis
888 5575 1374 5635 scandalizabitur.
1585 5631 1610 5667 ‘.
1635 5571 1715 5668 Α

175 5705 191 5736 ⁸
211 5705 546 5766 Ρτκῖεῐωιι
595 5708 682 5764 alii
713 5710 833 5770 libri
858 5727 1121 5768 accessus.

1294 225 1526 290 LIBER
1590 216 2191 284 ECCLESIASTICI.

435 359 485 404 et
507 349 602 440 qui
659 348 897 420 diligunt
941 360 1092 411 eum,
1159 345 1530 416 replebuntur
1572 343 1688 411 lege
1720 342 1765 397 A

3257 201 3368 263 450

1862 335 1971 387 (an
1997 348 2228 402 nequam
2259 330 2574 400 gravahitur
2605 324 2661 380 in
2685 319 2995 384 doloribus,
3029 330 3086 374 et
3111 329 3374 390 peccator‘

1796 405 2015 472 adjiciet
2043 401 2108 456 ad
2148 401 2507 472 peccandum.
2836 464 2849 472 .
3007 458 3018 471 ⁸

1865 457 2172 544 'Svnagogai
2207 471 2568 544 superborum
2625 464 2878 544 nouerit
2905 458 3111 544 sanitas
3141 457 3367 544 :Ofrntex

1793 529 1941 600 enim
1970 529 2174 613 pé’cé'au
2233 529 2571 596 radicabitur
2627 538 2683 592 in
2724 537 2856 600 illis,
2909 543 3101 588 etnon
3161 529 3372 584 intelli-

1793 627 1977 740 Securi}
2010 683 2273 752 sapientis
2303 680 2634 752 intelligitur
2678 678 2732 731 in
2763 674 3072 752 sapientia,
3126 679 3181 752 et
3219 669 3374 750 auris

1794 755 1937 811 lJOna
1970 747 2154 809 audiet
2185 768 2310 807 cum
2349 751 2498 804 omni
2548 747 2992 814 concupiscentia
3027 747 3373 814 sapientiam.

1867 827 2098 894 Sapiens
2153 839 2250 878 cor
2299 832 2356 876 et
2436 811 2806 894 intelligihi'le
2871 811 3169 869 abstinebit
3214 825 3291 894 se.
3343 825 3374 861 a

1833 878 2092 962 ceratis,
2125 903 2182 948 et
2226 893 2282 947 in
2321 892 2585 961 operibus
2619 878 2858 960 'justitiaa
2893 896 3184 940 successus
3214 880 3231 910 ¹
3279 878 3376 932 ha-

1835 969 2050 1103 eiiiiiem
2082 1035 2364 1088 ardentem
2396 1030 2699 1099 exstinguit
2740 1043 2903 1098 aqua,
2949 1034 3004 1079 et
3023 1023 3370 1091 eleemosyna

1795 1109 2004 1159 resistit
2038 1105 2300 1172 peccatis.

1869 1163 2452 1249 Et_Deus_pro_spector
2484 1179 2566 1224 est
2593 1167 2829 1249 ejusqui
2863 1163 3047 1219 reddit
3090 1164 3318 1233 gratiam
3355 1180 3379 1244 :_

1796 1246 2047 1299 meminit
2072 1245 2193 1308 ejus
2226 1244 2276 1296 in
2303 1253 2604 1310 posterum,
2642 1250 2698 1293 et
2726 1244 2780 1292 in
2815 1248 3065 1305 tempore
3098 1249 3260 1289 casus
3292 1249 3382 1288 sui

1804 1315 2052 1370 inveniet
2084 1318 2515 1368 ﬁrmamentum.

2393 1465 2622 1523 CAPUT
2688 1464 2782 1518 iV.

1863 1581 1990 1646 Fili,
2025 1583 2426 1652 eleemOSynani
2456 1581 2707 1650 pauperis
2731 1593 2797 1632 ne
2827 1575 3144 1640 defraudes,
3165 1583 3220 1631 et
3249 1590 3385 1632 oon-

1727 1682 1767 1743 Β
1799 1654 1893 1743 ΙοίςΔ
1921 1665 2046 1735 tuos
2070 1670 2138 1706 ne
2171 1663 2514 1743 transvenas
2545 1667 2571 1703 a
2618 1664 2879 1743 paupere.

1864 1726 2118 1778 Animam
2147 1725 2480 1777 esurientem
2527 1736 2594 1774 ne
2624 1717 2943 1787 despexeris
2969 1733 2984 1772 :
3023 1723 3212 1772 etnon
3243 1731 3378 1772 exa-

1799 1811 1988 1865 spercs
2009 1810 2305 1865 pauperem
2331 1792 2597 1865 inittopia
2623 1805 2743 1844 sua.

1867 1865 1975 1918 Cor
2006 1857 2186 1926 inopis
2218 1878 2286 1917 ne
2310 1857 2593 1924 aﬂlixeris,
2621 1867 2676 1913 et
2706 1873 2816 1913 non
2845 1857 3139 1930 protrahas
3189 1858 3380 1911 datum

1797 1934 2156 2000 angustianti.

1865 1998 2226 2073 Rogationem
2289 1999 2644 2073 contribulati
2716 2015 2786 2056 nc
2840 1998 3209 2070 abjiciaszet
3263 2011 3383 2052 non

1800 2072 2022 2130 avertas
2052 2073 2251 2127 faciem
2287 2083 2435 2127 tuam
2465 2072 2532 2125 ab
2558 2085 2763 2138 egeno.

1867 2145 1948 2198 Ah
1983 2144 2141 2212 inope
2172 2159 2240 2196 ne
2271 2151 2488 2197 avertas
2515 2142 2706 2212 oculos
2746 2150 2880 2212 tuos,
2920 2151 3148 2212 prepter
3198 2138 3337 2212 iram
3366 2155 3389 2200 ς⁴

1799 2223 1855 2337 fit
1901 2230 2006 2268 non
2043 2209 2323 2279 relinquas
2357 2211 2731 2282 quaerentibus
2792 2211 2888 2267 tibi
2925 2209 3083 2266 retro
3135 2209 3379 2265 maledi-

1844 2299 2012 2337 tcere.
3074 2335 3082 2337 Α

1844 2299 2012 2338 icere.
3073 2335 3082 2340 _

1872 2353 2249 2408 Maledicentis
2305 2351 2451 2406 enim
2483 2353 2583 2406 tibi
2634 2353 2690 2407 in
2764 2350 3132 2406 amaritudine
3187 2350 3392 2404 animm

1800 2423 2130 2478 cxaudietur
2157 2424 2468 2491 deprecatio
2502 2424 2650 2478 illius
2684 2441 2696 2478 :
2730 2423 2989 2479 exaudiet
3018 2433 3200 2475 autem
3231 2435 3387 2484 eum,

1801 2494 1898 2563 qui
1944 2493 2073 2547 fecit
2097 2495 2274 2547 illum.

1868 2563 2288 2632 Cnngregationi
2340 2577 2643 2632 pauperum
2668 2561 2948 2617 affabilem
3009 2573 3061 2616 te
3087 2560 3298 2632 facito,
3333 2568 3392 2614 et

1803 2631 2123 2702 presbytero
2151 2631 2374 2687 humilia
2406 2631 2648 2688 animam
2688 2643 2860 2700 tuam,
2891 2642 2948 2686 et
2997 2640 3255 2700 magnato
3289 2631 3392 2684 hn-

1810 2704 1957 2756 tnilia
1987 2713 2151 2772 caput
2183 2715 2362 2756 tuum.

1873 2771 2090 2826 Declina
2145 2774 2375 2842 pauperi
2433 2773 2553 2828 sine
2619 2771 2844 2828 tristitia
2891 2787 3080 2826 aurem
3116 2779 3290 2842 tuam,
3329 2777 3388 2842 et

1804 2843 1973 2896 redde
2002 2839 2456 2911 debitum—tuum,
2486 2855 2539 2898 et
2569 2844 2843 2913 responde
2899 2843 2978 2897 illi
3038 2839 3269 2912 paciﬁca
3330 2839 3388 2892 in

1805 2913 2252 2967 mansuetudine.

1869 2983 2065 3056 Libera
2123 2998 2249 3036 eum
2289 2985 2382 3056 qui
2438 2983 2696 3056 iniuriam
2749 2983 2963 3054 patitur
2995 2983 3062 3038 de
3096 2997 3262 3038 manu
3292 2997 3389 3038 su-

1803 3055 1957 3123 perbi
1993 3069 2007 3103 :
2041 3063 2096 3106 et
2127 3069 2234 3106 non
2263 3055 2418 3109 aeide
2441 3055 2586 3110 feras
2619 3057 2672 3108 in
2705 3057 2885 3110 anima
2920 3064 3033 3112 tua.

1891 3125 1946 3176 In
1969 3122 2269 3192 iudicando
2303 3137 2421 3179 esto
2452 3126 2676 3196 pupillis
2739 3124 3061 3180 misericors
3111 3132 3173 3178 ut
3202 3131 3390 3192 pater,

1802 3205 1860 3248 et
1884 3209 1988 3264 pro
2024 3196 2142 3264 viro
2177 3198 2338 3247 matri
2383 3197 2640 3249 illorum:
2845 3263 2848 3264 ν
3350 3261 3370 3264 ,Α

1878 3263 1947 3316 Et
1970 3263 2080 3317 eris
2109 3273 2165 3316 tu
2219 3265 2369 3318 velut
2407 3265 2553 3320 lilius
2585 3263 2855 3320 Altissimi
2883 3265 3175 3327 obediens,
3203 3271 3257 3318 et
3288 3261 3402 3316 nti--

1803 3333 2080 3388 sercbitur
2115 3332 2403 3406 tui_magis
2434 3352 2597 3404 quam
2633 3347 2830 3390 mater.

1881 3403 2166 3480 sapientia
2191 3401 2466 3460 ﬁliis'suis'
2512 3407 2681 3480 vitam
2735 3405 3001 3480 inspirat,
3046 3416 3102 3462 et
3157 3401 3400 3472 suscipis
3479 3430 3494 3438 ο

1805 3472 2154 3558 inq'tiirentes
2188 3485 2358 3558 semet
2395 3477 2608 3558 praei-hit
2637 3478 2691 3558 in
2721 3472 3073 3558 viajustitite.

1884 3543 2233 3616 thniillam
2264 3543 2459 3616 diligit,
2506 3547 2686 3616 diligit
2717 3543 2924 3600 vitam:
2954 3555 3011 3600 et
3059 3545 3154 3616 qui
3197 3545 3389 3616 vigila-

1809 3614 1988 3685 verint
2019 3614 2085 3665 ad
2112 3614 2280 3678 illam,
2310 3614 2748 3684 co'niplectentur
2771 3617 3048 3685 placerem
3078 3614 3223 3684 ejus.

1879 3684 1980 3748 Qui
2012 3685 2292 3739 tenuerint
2317 3686 2485 3750 illam,
2519 3687 2688 3740 vitam
2717 3684 3122 3742 haereditabunt
3153 3701 3168 3744 ;
3196 3693 3252 3739 et
3281 3699 3406 3754 quo

1808 3752 2087 3817 introibit,
2123 3753 2416 3809 benedicet
2452 3757 2618 3811 Deus.

1879 3823 1985 3889 Qui
2011 3828 2259 3878 serviunt
2285 3827 2358 3884 ei.
2393 3826 2766 3892 obsequentes
2825 3833 2994 3881 erunt
3057 3834 3250 3880 sancto
3289 3843 3303 3880 :
3340 3835 3404 3880 et.

1806 3907 1912 3968 eos
1937 3895 2031 3968 qui
2057 3895 2293 3968 diligunt
2322 3895 2726 3968 illamgdiligit;
2757 3898 2926 3952 Deus.
2983 3950 2994 3955 -

1877 3963 2370 4037 Qui-auditillam,
2405 3963 2675 4036 judicahit
2707 3963 2896 4036 gentes
2929 3983 2942 4020 :
2974 3973 3031 4022 et
3079 3965 3176 4037 qui
3204 3965 3407 4021 intuor

1811 4041 1902 4088 tur
1940 4035 2112 4096 illam,
2149 4035 2495 4103 permanebit
2525 4035 2830 4092 conlidens.

1875 4105 1929 4157 Si
1973 4106 2272 4160 crediderit
2311 4107 2385 4169 ei,
2420 4107 2765 4162 hazreditahit
2793 4108 2964 4174 illam,
3011 4115 3069 4163 et
3107 4113 3276 4161 erunt
3329 4104 3394 4158 in

1809 4174 2226 4230 continuatione
2261 4189 2527 4232 creaturae
2556 4180 2702 4234 illius
2738 4195 2753 4236 :
2960 4215 2972 4221 -

1873 4244 2139 4310 Quoniam
2174 4249 2226 4299 in
2263 4249 2563 4304 tentatione
2591 4248 2840 4306 ambulat
2895 4261 3016 4302 cum
3069 4261 3158 4314 eo,
3215 4259 3274 4306 et
3333 4250 3399 4306 in

1812 4317 2008 4385 primis
2038 4317 2192 4385 eligit
2213 4333 2362 4371 eum.

1735 4387 1787 4447 ι)
1816 4383 1826 4384 ί
1886 4383 2167 4458 Timorem
2196 4396 2251 4441 et
2275 4397 2505 4455 metum,
2536 4401 2589 4444 et
2612 4389 3000 4458 probationem
3038 4388 3262 4442 inducet
3301 4407 3397 4446 str-

1820 4455 2088 4523 perillum
2127 4471 2141 4508 :
2169 4467 2225 4510 et
2255 4455 2694 4514 cruciabitillum
2726 4461 2780 4514 in
2815 4460 3169 4516 tribulatione
3187 4461 3396 4514 doctri-

1819 4542 1903 4578 na:
1938 4541 2072 4602 suae,
2113 4527 2288 4602 donec
2322 4539 2496 4602 tentet
2545 4546 2673 4586 eum
2702 4532 2756 4586 in
2795 4531 3227 4602 cegitationibus
3253 4532 3398 4596 suis,

1818 4605 1874 4650 et
1905 4596 2092 4650 credat
2117 4599 2311 4653 anima:
2353 4600 2527 4655 illius.

1820 4665 1958 4746 mEt
1997 4668 2541 4746 lirtnabitﬂillum,‘_et
2570 4671 2679 4727 iter
2715 4671 2955 4729 adducet
3007 4672 3284 4728 directum
3328 4673 3401 4727 ad

1819 4734 1998 4799 illum,
2030 4747 2086 4791 et
2116 4737 2421 4794 Letiﬂcahit
2444 4741 2620 4796 illttm.

1887 4806 1952 4859 Et
1983 4808 2285 4862 denudabit
2311 4813 2576 4866 absconsa
2610 4828 2709 4866 sua
2737 4812 2838 4873 illi.
2894 4822 2949 4867 et
3001 4813 3403 4868 thesaurizabit

1819 4891 1987 4952 super
2013 4880 2163 4931 illum
2187 4882 2477 4934 scientiam
2504 4893 2560 4936 et
2588 4883 2930 4938 intellectum
2974 4883 3228 4952 iustitiae.

1904 4949 1959 5000 Si
1991 4959 2172 5025 autem
2199 4952 2562 5025 oberraverit,
2601 4954 2954 5025 derelinquat
2977 4949 3154 5020 'eum,
3204 4965 3260 5010 ct
3291 4966 3402 5010 tra-

1818 5015 1911 5070 det
1937 5034 2062 5071 eum
2092 5020 2146 5074 in
2180 5035 2375 5074 manus
2407 5023 2613 5078 inimici
2645 5029 2753 5077 sui.

1891 5087 2014 5164 fili,
2047 5104 2310 5164 conserva
2346 5101 2584 5164 tempus,
2642 5104 2696 5164 et
2724 5094 2909 5150 devita
2941 5111 2972 5148 a
3008 5095 3173 5150 malo.

1886 5157 1993 5212 Pro
2024 5159 2203 5214 anima
2239 5171 2420 5216 tuane
2447 5157 2807 5220 confundaris
2855 5167 3038 5221 dicere
3073 5180 3286 5220 verum.

1893 5227 1986 5284 Est
2025 5231 2169 5283 enim
2222 5229 2244 5302 [
2283 5230 2370 5285 AI.
2398 5236 2567 5306 etiam
2607 5233 2625 5306 1
2657 5237 2908 5290 confusio
2959 5236 3242 5291 adducens
3270 5248 3396 5303 pec-

1817 5310 2024 5380 eatum,
2059 5312 2114 5354 et
2156 5313 2240 5356 est
2280 5305 2534 5359 confusio
2588 5305 2873 5363 adducens
2903 5309 3131 5378 gloriam
3178 5318 3234 5359 et
3267 5319 3394 5375 gra-

1820 5380 1972 5424 tiam.

1891 5441 1972 5495 Ne
2014 5444 2256 5512 accipias
2301 5443 2496 5500 faciem
2537 5447 2808 5503 adversus
2852 5445 3044 5500 faciem
3093 5455 3267 5511 tuam,
3292 5458 3399 5499 nec

1817 5509 2085 5568 adversus
2114 5509 2353 5569 animam
2395 5527 2544 5570 tuam
2579 5519 2950 5572 mendacium.

1888 5580 1968 5639 Ne
1997 5587 2306 5643 reverearis
2324 5589 2633 5659 proximum
2656 5596 2811 5642 tuum
2839 5587 2890 5641 in
2918 5601 3047 5641 casu
3081 5601 3216 5644 suo:
