3840 6176
487 305 591 366 435

1897 293 2298 377 APPENDlX.
3557 296 3639 358 ltiti

542 414 677 467 Cum
705 410 976 466 saltatrice
1001 425 1069 464 ne
1100 408 1350 463 assiduus
1379 406 1453 461 δίε
1487 421 1505 460 ε
1542 419 1641 459 nec
1672 403 1860 457 audias
1887 402 2057 466 illam.
2094 410 2134 463 A
2193 405 2327 459 Cum
2364 404 2506 457 enim
2544 404 2799 456 morietur
2839 402 3021 464 homo,
3051 398 3372 454 litereditahit
3399 413 3648 470 serpentes,

479 498 546 537 ne
576 486 713 535 forte
740 497 930 549 pereas
960 483 1012 533 in
1044 479 1281 550 ellicztcia
1311 478 1475 550 illius.
1727 544 1737 550 _
1778 542 1810 550 η
1916 542 1926 550 _
1988 540 1998 550 _

558 542 831 619 Virginem
862 566 929 603 ne
956 548 1284 616 conspicias,
1316 562 1383 599 ne
1409 546 1548 599 forte
1574 542 1961 599 scandalizeris
1988 542 2045 592 in

483 619 681 675 decore
716 622 880 673 illius.

559 692 636 745 Ne
680 691 776 743 des
828 687 1138 741 l'ornicariis
1188 686 1421 738 animam
1457 693 1603 737 tuam
1657 682 1712 736 in
1765 680 1929 737 ullo:
1978 694 2047 733 ne

487 762 681 827 perdas
714 768 765 812 te
815 769 869 812 et
897 757 1262 811 hmreditatem
1297 766 1464 827 tuam.

552 829 668 881 Noli
701 830 1120 894 circums‘picere
1169 827 1223 878 in
1261 824 1398 877 vicis
1427 821 1683 885 civitatis,
1724 835 1793 875 ue
1828 820 2049 875 oberra-

487 900 634 952 veris
667 900 722 951 in
764 899 955 969 plateis
995 896 1162 949 illius.
1340 962 1371 969 __
1804 968 1809 969 ί
1974 957 1985 969 ,

549 970 745 1022 Averte
765 962 970 1019 laciem
1008 976 1152 1017 tuam
1184 981 1212 1015 a
1244 962 1471 1016 muliere
1494 969 1731 1029 compta,
1762 968 1817 1013 et
1846 973 1914 1013 nc
1942 962 2049 1013 cir-

482 1037 813 1105 eumspicias
843 1035 1076 1108 speciem
1109 1034 1366 1108 alienam,

551 1099 781 1171 Propter
811 1099 1048 1169 Speciem
1083 1104 1327 1155 mulieris
1356 1099 1510 1154 'multi
1544 1099 1826 1171 perierunt
1854 1114 1869 1150 :
1900 1107 1955 1151 et
1986 1111 2051 1151 ex

488 1180 593 1232 hoc
623 1168 1062 1242 concupiscentia
1091 1174 1244 1239 quasi
1278 1172 1414 1239 ignis
1441 1168 1773 1242 exardescit.

557 1248 746 1301 Omnis
779 1239 994 1304 mulier,
1030 1258 1150 1310 qua:
1184 1252 1268 1295 est
1293 1240 1602 1301 lornicaria,
1651 1239 1808 1305 quasi
1847 1245 2060 1291 stercus

492 1320 545 1371 in
579 1317 665 1368 via
694 1313 1129 1367 ronculrabitur.

562 1386 810 1452 Speciem
840 1383 1087 1453 mulieris
1122 1381 1312 1453 aliena;
1343 1376 1499 1453 multi
1530 1375 1804 1453 admirati,
1839 1373 2059 1453 reprobi

488 1446 617 1510 lacti
647 1464 775 1507 sunt
809 1469 825 1506 ;
858 1452 1189 1520 colloquium
1212 1450 1360 1503 enim
1390 1448 1535 1500 illius
1557 1448 1711 1514 quasi
1743 1446 1884 1513 ignis
1903 1457 2061 1497 exaro

491 1525 687 1579 descit.

554 1598 690 1648 cium
721 1592 894 1644 aliena
918 1590 1143 1643 muliere
1166 1605 1232 1643 ne
1254 1586 1443 1641 sedeas
1459 1585 1702 1648 omnino,
1723 1596 1822 1637 nec
1850 1594 2067 1636 accum-

496 1664 597 1717 bas
625 1677 749 1715 cum
781 1677 843 1714 ea
875 1676 1038 1727 super
1065 1661 1335 1712 cubitum.

566 1733 630 1784 Et
666 1748 769 1783 non
815 1718 1094 1783 alter-ceris
1124 1743 1247 1780 cum
1292 1727 1382 1778 illa
1413 1725 1467 1778 in
1498 1723 1645 1786 vitio,
1693 1737 1764 1777 ne
1799 1720 1940 1775 forte
1973 1718 2068 1773 de~

491 1803 659 1856 clinet
692 1817 787 1852 cor
830 1809 982 1851 tuum
1033 1800 1085 1849 in
1123 1797 1289 1861 illam,
1323 1806 1378 1849 et
1422 1795 1688 1864 sanguine
1719 1803 1814 1846 tuo
1857 1792 2061 1844 labaris

489 1874 544 1926 in
586 1874 962 1942 perditionem.
1160 1935 1171 1942 -
1440 1933 1451 1942 ι
1990 1931 2001 1942 .

561 1933 639 1995 Ne
677 1940 1026 2006 derelinquas
1068 1935 1303 1990 amicum
1342 1933 1626 2002 antiquum
1663 1945 1883 1986 :novus
1914 1933 2061 1985 enim

490 2027 600 2064 non
632 2012 739 2063 erit
773 2011 967 2061 similis
993 2008 1089 2062 illi.

560 2081 754 2134 Vinum
784 2094 1003 2137 novum,
1039 2076 1245 2129 amicus
1268 2090 1482 2137 novus:
1511 2085 1834 2141 veterascet,
1857 2083 1913 2129 et
1938 2087 2063 2127 cum

490 2154 761 2204 suavitate
795 2152 948 2201 bibes
977 2148 1129 2199 illud.

558 2222 675 2273 Non
703 2220 846 2271 zelus
876 2218 1102 2285 gloriam
1134 2225 1187 2268 et
1233 2230 1365 2283 opes
1398 2217 1699 2286 peccatoris
1734 2233 1749 2273 :
1782 2230 1890 2269 non
1920 2213 2065 2267 enim

492 2305 598 2344 seis
631 2306 750 2356 qum
787 2290 967 2339 lutura
1003 2287 1073 2337 sit
1108 2286 1254 2337 illius
1288 2290 1595 2341 subversio.

556 2359 674 2411 Non
712 2361 921 2426 pIaCeat
956 2356 1052 2426 libi
1082 2356 1286 2421 injuria
1324 2356 1675 2423 iujustorum,
1710 2358 1890 2411 sciens
1928 2365 2068 2422 quo-

495 2431 639 2481 niam
674 2425 844 2493 usque
874 2428 936 2476 ad
968 2425 1172 2477 inferos
1198 2439 1299 2477 non
1328 2429 1567 2491 placebit
1591 2430 1813 2495 impius.

568 2498 750 2564 Longe
821 2500 1009 2546 abesto
1056 2496 1123 2546 ab
1177 2496 1395 2545 homine
1455 2506 1772 2561 potestatem
1838 2496 2073 2553 habente

494 2567 798 2629 occidendi,
836 2574 893 2616 et
922 2580 1027 2616 non
1065 2565 1426 2629 snspicahei'is
1458 2576 1708 2619 timorem
1748 2572 1963 2622 mortis.

569 2636 637 2688 Et
676 2653 718 2688 SI
755 2638 1051 2687 accesseris
1081 2638 1143 2685 ad
1177 2636 1350 2695 illum,
1381 2638 1491 2688 noli
1524 2637 1728 2704 aliquid
1757 2639 2071 2693 committe-

497 2722 581 2765 re,
619 2723 685 2758 lic
716 2710 855 2757 torte
891 2704 1103 2756 auferat
1138 2705 1301 2755 vitam
1338 2714 1507 2760 luam.

575 2774 1026 2828 Communionem
1060 2776 1250 2825 mortis
1291 2774 1427 2826 scito
1462 2789 1475 2827 :
1507 2775 1765 2843 quoniam
1797 2776 1851 2829 in
1894 2776 2075 2830 medio

501 2845 821 2912 laqueorum
872 2844 1234 2911 ingrediens,
1278 2854 1335 2897 et
1370 2859 1537 2913 super
1583 2848 1885 2900 dolentium
1925 2862 2077 2901 arma

501 2914 825 2967 ambulabis.

580 2986 892 3037 Secundum
919 2981 1175 3034 virtutem
1209 2993 1352 3035 luam
1386 2996 1591 3037 cavete
1624 2999 1653 3038 a
1681 2987 1929 3053 proximo
1952 2996 2068 3052 tuo,

503 3064 559 3108 et
593 3069 717 3117 cum
755 3054 1089 3121 sapientibus
1124 3064 1180 3105 et
1203 3057 1567 3121 prudentibus
1600 3066 1790 3108 tracta.

564 3126 677 3177 Viri
722 3124 850 3191 justi
896 3124 1004 3174 sint
1038 3122 1133 3173 tibi
1170 3128 1433 3186 Convivas,
1470 3134 1525 3177 et
1560 3127 1613 3177 in
1649 3130 1841 3180 timore
1874 3126 1969 3180 Dei
2002 3127 2075 3180 sit

503 3194 602 3245 tibi
636 3196 910 3261 gloriatio.

566 3263 634 3316 Et
665 3267 719 3314 in
750 3277 912 3315 sensu
947 3264 1017 3316 sit
1045 3264 1145 3317 tibi
1182 3264 1450 3327 cogitatus
1478 3261 1594 3328 Dei,
1625 3274 1681 3318 et
1711 3268 1889 3322 omnis
1918 3284 2078 3323 enar-

500 3333 643 3385 ratio
673 3341 782 3383 tota
817 3332 869 3382 in
905 3335 1188 3401 praeceptis
1219 3335 1504 3385 Altissiini.

575 3401 632 3453 lit
670 3406 1142 3475 mattu‘arttlicuiii
1189 3418 1354 3471 opera
1382 3402 1774 3469 laudabuntur,
1812 3418 1867 3460 et
1917 3409 2074 3475 prin-

1817 3492 1870 3530 ΙΙΙ
1910 3492 2073 3531 εειιδιι

501 3486 630 3538 ceps
677 3472 858 3548 populi
909 3474 961 3524 iti
1006 3474 1274 3539 sapientia
1316 3476 1586 3526 sermonis
1625 3477 1706 3528 sui
1746 3490 1761 3531 :

501 3556 633 3594 vero
673 3546 950 3594 seniorum
991 3546 1243 3595 verbum.

574 3610 860 3687 Terribilis
906 3621 990 3687 est
1034 3615 1087 3664 in
1121 3614 1341 3687 civitate
1375 3628 1479 3687 sua
1510 3613 1686 3687 homo
1740 3614 2024 3687 linguosus
2061 3636 2076 3673 :

503 3692 557 3734 et
591 3685 916 3735 temerarius
943 3685 996 3734 in
1038 3683 1202 3736 verbo
1237 3698 1338 3736 suo
1371 3684 1595 3738 odihilis
1629 3695 1758 3739 erit.

1124 3793 1347 3849 CAPUT
1380 3794 1445 3850 Χ.

2153 484 2208 532 ct
2244 478 2465 534 hostias.
2485 484 2538 527 et
2565 488 2797 526 vermes.

2239 546 2457 598 Initium
2494 545 2765 610 superbia:
2796 539 3059 603 hominis,
3092 546 3379 607 apostatare
3404 554 3428 591 a
3457 539 3568 596 Deo.

2223 615 2493 679 Quoniam
2548 616 2615 667 ab
2642 630 2731 676 eo,
2782 613 2873 678 qui
2937 611 3065 662 fecit
3124 610 3304 679 illum,
3361 612 3551 661 recessit
3580 624 3657 662 cor

2156 676 2277 753 ejus
2314 703 2326 735 :
2360 684 2618 749 quoniam
2655 676 2867 753 initium
2898 679 3076 753 omnis
3109 676 3653 753 peccatiestsupcrhia:

2156 748 2247 821 q'ui
2283 748 2517 804 tenuerit
2548 752 2716 809 illam.
2751 748 3135 817 adiiiiplcbitur
3162 748 3462 810 maledictis,
3485 760 3530 800 et
3556 750 3658 800 sub-

2159 833 2333 875 vertet
2366 839 2489 873 eum
2545 824 2598 872 iii
2656 828 2841 872 linem.

2234 893 2524 960 Propterea
2555 887 2912 942 cxhouoravit
2945 886 3198 960 Dominus
3221 894 3495 942 conventus
3523 884 3658 937 malo.

2161 977 2304 1024 rum,
2344 958 2397 1013 et
2426 960 2697 1012 tlesmixit
2726 972 2821 1010 eos
2852 972 3023 1023 usque
3053 970 3106 1008 in
3144 958 3316 1009 linem.

2232 1030 2402 1083 Sedes
2433 1030 2635 1080 ducum
2666 1031 3026 1093 superborum
3068 1026 3326 1079 desuuxit
3354 1025 3498 1089 Deus,
3525 1029 3571 1074 et
3595 1035 3663 1075 se-

2163 1100 2289 1153 dere
2320 1099 2446 1152 fecit
2477 1098 2635 1150 mites
2665 1112 2764 1165 pro
2791 1095 2893 1149 eis.

2232 1170 2466 1222 Radices
2508 1163 2748 1232 gentium
2798 1163 3149 1232 superbarum
3194 1163 3406 1217 arefacit
3447 1164 3584 1227 lleus,
3622 1169 3667 1215 et

2166 1239 2431 1308 plantavit
2466 1237 2700 1308 humiles
2732 1251 2799 1288 ex
2831 1235 3264 1308 ipsis‘getitihus.

2240 1310 2435 1360 Terras
2467 1307 2709 1375 gentium
2744 1300 2940 1359 evertit
2976 1300 3255 1367 Dominus,
3294 1312 3345 1357 et
3372 1300 3669 1372 perdiditeas

2172 1393 2344 1444 usque
2398 1378 2463 1427 ad
2511 1376 2950 1427 fundamentum.

2242 1441 2482 1500 Arelecit
2527 1460 2592 1498 ex
2636 1446 2783 1511 ipsis,
2832 1457 2885 1497 et
2924 1441 3248 1511 disperdidit
3274 1456 3383 1506 eos,
3423 1450 3671 1496 etcessare

2172 1515 2301 1569 fecit
2336 1518 2649 1568 memoriam
2686 1530 2873 1566 eorutn
2904 1530 2933 1566 a
2960 1517 3126 1567 te'rra.

2247 1586 2559 1639 Memoriam
2589 1584 2948 1651 superborum
2978 1583 3212 1651 perdidit
3236 1581 3396 1648 Deus;
3428 1591 3477 1637 et
3498 1582 3674 1654 reliquit

2177 1656 2495 1709 memoriam
2525 1655 2813 1706 humilium
2846 1666 3036 1706 sensu.
3150 1668 3163 1677 '

2237 1726 2356 1778 Non
2387 1736 2467 1776 est
2508 1733 2693 1776 creata
2728 1724 3050 1793 hominibus
3080 1722 3334 1793 superbia
3363 1738 3377 1776 :
3407 1737 3561 1790 neque
3587 1722 3673 1774 ira-

2169 1796 2365 1850 cundia
2396 1793 2597 1845 nationi
2631 1792 2941 1845 mulierum.

2232 1870 2427 1916 semen
2480 1863 2757 1914 hominum
2812 1862 3171 1916 honorabitur
3205 1862 3327 1927 hoc,
3372 1860 3505 1930 quod
3549 1861 3672 1914 timet

2166 1934 2334 1988 Deum
2368 1950 2380 1985 :
2408 1946 2592 1985 semen
2617 1940 2798 1983 autem
2825 1934 3390 1994 hoe’exhonorahitur,
3416 1931 3543 2000 quod
3567 1946 3674 1999 pra:-

2170 2007 2297 2058 terit
2325 2012 2577 2055 mandata
2612 2002 2847 2053 Domini.

2244 2074 2296 2123 ln
2350 2071 2530 2123 medio
2561 2071 2789 2123 fratrum
2826 2080 3005 2125 rector
3037 2073 3253 2125 illorum
3287 2076 3341 2124 in
3369 2070 3559 2123 honore
3595 2084 3608 2123 :
3642 2076 3685 2121 et

2168 2144 2261 2211 qui
2306 2143 2494 2195 timent
2526 2141 2839 2204 Dominum,
2869 2152 3036 2195 erunt
3064 2143 3122 2195 in
3156 2144 3328 2195 oculis
3357 2142 3515 2193 illius.

2233 2212 2417 2265 Gloria
2459 2211 2711 2272 divitum,
2747 2212 3167 2276 honoratorum,
3199 2221 3254 2264 et
3287 2222 3583 2280 pauperum,
3626 2206 3682 2258 ιὶι

2168 2298 2289 2335 mor
2343 2282 2447 2341 Dei.
2471 2292 2572 2332 est.

2244 2350 2366 2403 Noli
2421 2352 2702 2419 deSpicere
2753 2350 3028 2403 hominem
3073 2349 3281 2418 justum
3334 2364 3610 2418 pauperem,
3645 2356 3687 2398 et

2173 2426 2280 2476 noli
2318 2428 2661 2487 magtitheare
2696 2421 2871 2472 virum
2906 2435 3250 2487 peecatorem
3280 2421 3511 2472 ditiletﬂ.

2237 2491 2485 2558 Magnus,
2530 2501 2587 2541 et
2626 2490 2815 2559 jndex,
2862 2502 2917 2543 et
2951 2499 3147 2557 potens
3194 2506 3277 2543 εει
3305 2492 3359 2541 in
3398 2492 3581 2542 honore
3611 2493 3689 2538 :et

2177 2576 2285 2615 non
2318 2571 2402 2613 est
2434 2561 2604 2626 major
2636 2563 2725 2614 illo
2756 2561 2845 2626 qui
2880 2562 3035 2613 timet
3056 2561 3254 2613 Deum.

2250 2637 2419 2683 δεῖ·νο
2455 2643 2674 2682 sensaio
2704 2630 2865 2683 liberi
2898 2630 3139 2682 servient
3173 2648 3189 2683 :
3223 2640 3275 2683 ct
3309 2631 3388 2681 vir
3414 2626 3623 2695 prudens
3650 2632 3693 2676 et

2178 2700 2558 2767 dismplinatus
2593 2716 2699 2752 non
2733 2704 3091 2752 murmurabit
3123 2709 3422 2767 correptus,
3453 2708 3502 2751 et
3527 2696 3697 2749 inscius

2181 2786 2290 2840 non
2319 2768 2696 2840 honorabitur.
2796 2838 2804 2840 ᾗ
3081 2839 3089 2840 7
3668 2833 3693 2840 Η

2250 2838 2372 2892 Noli
2408 2839 2669 2916 eittollere
2704 2849 2754 2891 te
2795 2838 2847 2891 in
2880 2839 3139 2897 iaciendo
3175 2854 3341 2910 opere
3374 2847 3461 2892 tuo
3496 2842 3584 2888 :et
3608 2833 3697 2888 noli

2182 2915 2428 2963 cunetari
2459 2923 2513 2961 tn
2551 2920 2796 2977 tempore
2830 2915 3118 2978 angustiae.

2254 2981 2555 3055 lt'leliorest
2578 2994 2667 3055 qui
2696 2990 2975 3046 operatur,
3005 2981 3333 3036 et'abuudat
3374 2980 3426 3033 in
3465 2978 3699 3034 omnibus.

2103 3089 2149 3150 ο
2184 3064 2347 3150 qu'aip
2369 3047 2461 3116 qui
2490 3047 2772 3150 gloriatur,
2790 3059 2857 3150 iet
2880 3059 3002 3118 eget
3025 3066 3194 3119 pane.

2252 3119 2371 3179 Fili,
2391 3115 2459 3170 in
2486 3115 2900 3173 mansuetudine
2920 3115 3089 3174 sci-va
3121 3123 3357 3176 animant
3391 3130 3548 3183 tuam,
3575 3127 3625 3173 et
3646 3115 3699 3168 da

2181 3190 2256 3243 illi
2295 3191 2559 3243 honorem
2594 3191 2895 3243 secundum
2930 3197 3193 3245 meritum
3233 3208 3411 3246 suum.

2242 3262 2571 3332 Peccantem
2600 3260 2655 3311 in
2688 3262 2925 3312 animam
2964 3276 3125 3316 suam
3156 3266 3281 3330 quis
3306 3256 3701 3332 justilicabitiet

2178 3332 2306 3400 quis
2343 3331 2731 3382 huiiortlieahit
2758 3326 3193 3386 exhonoranteiii
3218 3326 3448 3386 annuam
3479 3326 3648 3385 suam?

2274 3404 2484 3467 Pauper
2538 3402 2804 3467 gloriatur
2870 3416 2964 3466 per
3011 3404 3360 3470 disciplinam
3404 3413 3457 3457 et
3500 3408 3707 3470 timorem

2179 3486 2340 3525 suum
2376 3488 2388 3521 :
2419 3480 2474 3522 et
2509 3484 2592 3524 est
2624 3473 2787 3525 homo
2811 3474 2905 3539 qui
2940 3468 3344 3527 houoriiioatur
3366 3482 3573 3542 propter
3598 3468 3706 3521 sulio

2180 3551 2437 3595 διιηιιίὶιιι
2470 3557 2646 3594 suam.
3677 3603 3683 3610 _

2245 3617 2347 3675 Qui
2377 3621 2559 3665 autem
2587 3613 2854 3678 gloriatur
2882 3615 2937 3666 in
2974 3624 3327 3682 paupertate,
3357 3620 3547 3682 quanto
3572 3616 3711 3672 magis

2184 3682 2236 3733 in
2275 3690 2581 3735 substantia
2612 3685 2623 3734 Ξ
2664 3694 2718 3736 et
2751 3684 2846 3750 qui
2882 3687 3153 3753 gloriatur
3184 3688 3241 3736 iu
3265 3686 3574 3745 substantia,
3602 3690 3711 3745 ρωυ·

2181 3764 2446 3819 pertatem
2480 3765 2698 3806 νοτωιυ
2709 3770 2751 3804 1⁸-

2774 3867 2999 3926 CAPUT
3048 3868 3143 3925 XI.

416 4778 431 4785 ,
505 4741 634 4795 agas
663 4728 717 4777 in
750 4730 1009 4793 operibus
1038 4728 1273 4795 injuria.

577 3882 751 3939 Judex
783 3885 1001 3961 sapiens
1024 3886 1295 3961 judicahit
1340 3888 1596 3959 p0pulum
1632 3903 1816 3955 suum,
1843 3901 1898 3945 ct
1928 3894 2074 3961 prin-

508 3958 721 4022 cipatus
753 3958 955 4008 setisati
987 3960 1198 4011 stabilis
1225 3964 1349 4011 erit.

581 4028 891 4101 Secundum
922 4029 1161 4094 iudicem
1192 4030 1400 4101 populi,
1434 4029 1511 4082 sie
1542 4042 1596 4082 et
1627 4030 1867 4085 ministri
1900 4032 2017 4101 ejus
2062 4050 2077 4087 :

501 4098 756 4164 ctqualis
795 4108 973 4149 rector
1027 4108 1111 4150 est
1161 4100 1415 4164 emtatis,
1459 4101 1594 4152 tales
1622 4110 1679 4153 et
1709 4098 2083 4158 inhabitantes

506 4183 563 4219 Ill
593 4184 680 4218 (‘3.
1804 4208 1807 4213 .

576 4238 691 4289 ltex
714 4236 981 4305 insipiens
1006 4236 1198 4305 perdet
1227 4239 1488 4306 populum
1515 4253 1673 4292 suum
1714 4256 1727 4298 :
1759 4249 1809 4293 et
1837 4242 2084 4296 civitates

500 4306 957 4361 itiliahitaliuntur
988 4322 1084 4376 per
1114 4322 1337 4361 sensum
1384 4310 1708 4372 potentium.

574 4377 632 4428 In
668 4394 831 4430 manu
865 4379 957 4429 Dei
990 4389 1229 4446 potestas
1255 4388 1411 4431 terra:
1447 4396 1460 4432 :
1497 4392 1550 4432 et
1590 4380 1776 4434 utilem
1808 4390 2071 4436 rectorem

499 4450 790 4501 suscitabit
823 4452 873 4500 iti
911 4458 1126 4516 tempus
1158 4464 1324 4516 super
1358 4450 1527 4502 illaut.

553 4518 606 4569 ln
626 4534 786 4590 manu
816 4518 913 4571 Dei
947 4521 1277 4586 prosperitas
1306 4519 1540 4573 hominis
1567 4530 1663 4575 :et
1688 4535 1854 4590 super
1883 4521 2075 4577 faciem

506 4588 704 4641 scriba:
734 4589 978 4656 imponet
1005 4589 1267 4641 honorem
1297 4605 1479 4643 suum.

574 4658 765 4711 Omnis
811 4659 1023 4725 injuriae
1073 4662 1299 4724 proximi
1340 4675 1404 4713 ne
1454 4662 1794 4728 memineris,
1848 4671 1905 4715 et
1941 4661 2080 4716 nihil

2251 3959 2529 4035 Sapientia
2563 3958 2831 4015 hutiiiliati
2858 3964 3125 4017 exaltabit
3156 3963 3267 4035 [Αἰ.
3297 3953 3559 4035 exaltaviti
3586 3960 3716 4035 93W“

2185 4031 2358 4092 illius,
2397 4042 2452 4084 et
2487 4032 2543 4084 in
2596 4039 2776 4085 medio
2829 4031 3218 4103 niagiiatoruin
3260 4033 3553 4088 consedere
3594 4031 3716 4078 illum

2186 4105 2365 4153 iactet.

2251 4194 2369 4248 Non
2404 4193 2597 4249 laudes
2632 4196 2808 4249 virum
2841 4194 2896 4249 in
2945 4196 3134 4266 specie
3166 4210 3294 4261 sua,
3330 4205 3501 4260 neque
3530 4198 3719 4256 spernat

2184 4264 2462 4317 hominem
2493 4266 2543 4315 iit
2577 4268 2696 4318 visu
2728 4281 2850 4319 suo.

2253 4335 2445 4407 Brevis
2478 4335 2528 4385 in
2566 4337 2880 4390 volatilibus
2905 4342 2987 4393 est
3014 4338 3153 4407 apis,
3187 4345 3245 4390 et
3277 4332 3489 4390 initium
3519 4326 3717 4383 dulcoris

2103 4426 2155 4487 ι)
2187 4404 2350 4487 habet
2383 4404 2592 4487 fructus
2622 4406 2789 4487 illius.

2256 4474 2313 4527 lii
2347 4476 2545 4526 vestitu
2576 4493 2642 4529 ne
2678 4478 2929 4546 glorieris
2955 4492 3227 4548 unquam,
3263 4490 3366 4529 nec
3397 4473 3450 4527 in
3479 4470 3569 4548 die
3586 4472 3723 4548 hono-

2184 4547 2260 4597 ris
2290 4556 2365 4597 tut
2401 4544 2723 4601 estollaris‘:
2758 4550 3014 4615 quoniam
3050 4544 3332 4601 mirabilia
3368 4556 3525 4612 opera
3550 4544 3723 4596 Alassi-

2183 4618 2256 4667 iiii
2293 4616 2462 4686 solius
2499 4632 2512 4667 :
2551 4631 2606 4669 et
2643 4620 2901 4686 gloriosa,
2936 4628 2989 4672 et
3015 4624 3317 4683 abscoiisa,
3350 4628 3405 4671 et
3429 4626 3593 4669 Invisa
3615 4626 3722 4681 ομυν

2183 4699 2241 4737 ra
2284 4684 2448 4738 illius.

2253 4777 2405 4865 Multi
2444 4783 2657 4865 tyranni
2709 4787 2973 4865 sederunt
3009 4795 3061 4847 in
3097 4794 3330 4865 throno,
3380 4809 3433 4853 et
3467 4787 3726 4860 insuSPica'

2182 4845 2307 4900 bilis
2338 4845 2577 4916 portavit
2607 4856 2875 4909 diadema.

2256 4918 2407 5006 stulti
2453 4933 2702 5003 potentes
2742 4933 2986 4994 oppressi
3032 4944 3161 4987 sunt
3217 4938 3417 5004 valide,
3463 4945 3516 4993 et
3546 4922 3731 5006 gloriosi

2185 4989 2370 5042 traditi
2416 5006 2544 5045 Stillt
2579 4998 2631 5046 iii
2686 4989 2875 5051 manus
2925 5007 3251 5057 alterorum.

2256 5058 2582 5148 liriusqtiam
2622 5068 2946 5136 interroges,
2978 5091 3043 5125 ne
3076 5078 3363 5144 vituperes
3392 5081 3686 5148 quemquam
3717 5078 3730 5117 ξ

2183 5136 2236 5180 et
2262 5144 2388 5215 Icum
2418 5136 2864 5215 interrogaveris,
2894 5158 3112 5210 corripe
3138 5136 3317 5215 ju'ste.

2258 5199 2584 5282 Priusquam
2618 5199 2828 5275 audias,
2850 5199 2929 5266 tne
2962 5199 3316 5282 respondeas
3334 5220 3574 5282 verbum,
3600 5221 3649 5267 ει
3692 5206 3734 5257 in

2184 5271 2365 5353 medio
2395 5289 2705 5327 sermonum
2736 5271 3065 5352 iteradjicias'
3090 5287 3274 5353 loqui.

2188 5410 2199 5419 ο
2263 5343 2430 5420 PC}?
2465 5360 2541 5406 ι’θν
2576 5362 2695 5412 qua:
2737 5359 2788 5401 te
2819 5343 2929 5406 non
2968 5343 3250 5420 molestiit,
3287 5376 3358 5415 ne
3397 5354 3618 5414 cerleris
3651 5368 3663 5409 :
3697 5355 3737 5401 Cl

2186 5411 2239 5462 in
2265 5411 2473 5478 judicio
2504 5411 2850 5482 peccantium
2884 5438 2952 5476 ne
2986 5411 3290 5481 consistas.

2267 5502 2388 5567 lt‘ili,
2445 5521 2513 5558 ne
2565 5508 2616 5559 in
2674 5512 2862 5567 multis
2918 5515 3029 5569 sint
3076 5529 3243 5571 actus
3296 5520 3373 5573 tui
3418 5536 3433 5576 :
3472 5529 3523 5573 et
3555 5516 3594 5571 si
3622 5512 3739 5567 dives

2187 5568 2374 5645 ξυυτιδ,
2407 5594 2510 5628 υυιι
2543 5595 2651 5633 cl'ls
2682 5585 2944 5639 tlII'Hunis
2973 5602 3002 5638 a
3032 5568 3244 5641 delicio
3274 5568 3373 5643 Si
3393 5568 3529 5645 c‘iiiiii
3555 5568 3740 5641 sctuwi

2187 5642 2377 5730 litoris.
2419 5664 2524 5699 non
2575 5656 2954 5722 apprehendes
2987 5674 2999 5709 :
3031 5666 3084 5712 ct
3120 5674 3233 5713 non
3267 5642 3517 5730 ellugics,
3561 5660 3602 5712 si
3631 5668 3741 5723 pm“

2188 5728 2515 5772 CllL‘Ul'l‘Cl'lS.

574 4796 807 4849 Udibihs
862 4798 1222 4871 cci-aur_l)eo
1282 4807 1366 4871 est
1417 4808 1470 4851 et
1512 4800 1837 4871 hominibus
1887 4817 2081 4871 super-

502 4863 603 4937 bia
633 4882 645 4917 :
681 4877 736 4919 et
766 4866 1121 4919 exsecrabilis
1149 4870 1327 4920 omnis
1354 4870 1610 4936 iniquitas
1640 4873 1907 4937 gentium.

574 4935 820 5011 Regnum
845 4952 871 4989 a
897 4946 1058 5011 gente
1085 4938 1139 5011 in
1167 4950 1383 5011 gentem
1417 4935 1744 4992 transiet-tur
1767 4939 1876 5011 [ΑΙ.
1908 4953 2082 4997 trans-

504 5005 735 5076 feretur]
769 5018 990 5075 propter
1042 5007 1360 5077 injustitias,
1411 5019 1467 5064 et
1498 5005 1841 5077 iujuriasfet
1880 5023 2080 5067 contu-

506 5077 719 5139 nielias,
750 5088 805 5130 et
836 5080 1081 5132 diversos
1115 5081 1290 5131 dolos.

574 5150 755 5200 Avaro
789 5158 971 5221 autem
1009 5150 1147 5202 nihil
1178 5159 1260 5202 est
1303 5149 1607 5204 scelestius.
1657 5149 1798 5214 Quid
1830 5151 2082 5221 superbit

505 5227 652 5272 terra
683 5227 738 5270 et
767 5215 947 5272 cinis?

577 5287 723 5341 Nihil
759 5299 842 5342 est
880 5289 1124 5361 iniquius
1174 5304 1335 5359 quam
1384 5304 1567 5343 amare
1617 5288 1903 5357 pecuniam
1939 5309 1953 5344 :
1989 5288 2082 5344 hic

506 5361 654 5411 enim
688 5370 743 5412 et
782 5360 1017 5414 animam
1048 5376 1202 5417 suam
1231 5360 1471 5416 venalem
1499 5362 1664 5415 habet
1696 5375 1711 5409 :
1744 5364 1999 5426 quoniam
2028 5362 2082 5413 iu

510 5440 619 5481 vita
646 5445 743 5482 sua
775 5431 999 5500 projeeit
1033 5432 1222 5485 intima
1258 5446 1377 5485 sua.

572 5502 761 5553 Omnis
800 5513 1109 5569 potentatus
1154 5504 1336 5556 brevis
1370 5502 1505 5555 vita.
1534 5500 1792 5569 Languor
1817 5500 2085 5569 prolixior

506 5580 697 5636 gravat
727 5574 1020 5626 medicum.

582 5642 806 5693 Brevem
841 5647 1158 5711 languorem
1191 5640 1436 5709 praecidit
1472 5640 1718 5698 medicus
1748 5658 1761 5694 :
1793 5641 1873 5697 sic
1904 5651 1958 5699 et
1991 5659 2080 5698 rex

512 5709 671 5763 hodie
699 5722 804 5780 est,
835 5723 886 5769 et
918 5709 1037 5768 cras
1065 5723 1352 5768 morietur.
