3840 6176
166 275 242 339 ibi
1273 268 1519 334 LIBER
1564 268 2152 333 ECCLESIASTICI.

1728 432 1779 491 Α

217 374 293 448 Est
333 392 497 445 homo
545 387 822 456 laborans,
869 396 925 445 et
971 388 1259 456 festinans,
1293 403 1346 448 et
1376 391 1569 447 dolens
1600 392 1701 446 im-

169 466 277 539 μῆρε.
302 471 353 539 et
382 466 535 514 tanto
566 461 750 539 inagis
768 476 878 514 non
910 462 1231 516 abundabit.

214 534 291 589 Est
338 532 501 603 homo
544 530 823 603 marcidus
868 545 1037 603 egens
1088 532 1526 603 recuperatione,
1581 534 1706 603 plus

163 604 371 663 deﬁciens
393 600 616 666 virtute,
640 609 696 653 et
724 600 1011 671 abundans
1043 600 1383 671 paupertate.

220 675 271 728 Et
296 671 481 725 oculus
532 673 624 723 Dei
663 672 909 739 respexit
943 669 1097 725 illum
1128 669 1183 726 in
1234 673 1400 735 bono,
1433 686 1490 729 et
1528 672 1707 731 erexit

162 760 255 803 eum
287 742 348 795 ab
377 738 685 813 humilitate
724 738 922 813 ipsius,
959 750 1015 813 et
1046 742 1311 796 exaltavit
1345 756 1510 813 caput
1540 746 1656 813 ejus
1685 760 1699 795 :

163 827 205 871 et
248 812 409 867 mirati
464 818 593 865 sunt
645 810 701 864 in
758 810 852 864 illo
909 811 1112 876 multi,
1180 821 1238 867 et
1292 810 1703 870 lionoravermit

165 888 311 939 Deum.

212 956 416 1023 Bona_et
451 950 614 1016 mala,
644 949 751 1004 vita
782 959 837 1005 et
873 966 1043 1019 mors,
1078 961 1371 1023 paupertas
1425 966 1482 1011 et
1527 956 1701 1010 bone-

167 1037 249 1080 slas
275 1040 297 1075 a
318 1021 426 1075 Deo
453 1032 605 1075 sunt.

188 1092 426 1169 sapientia
447 1089 831 1169 etdiseiplina,
856 1092 1153 1169 etscientia
1177 1094 1309 1165 legis
1330 1096 1477 1169 apud
1502 1097 1693 1152 Deum.

165 1164 361 1225 Dilectio,
396 1168 454 1215 et
486 1162 586 1214 via:
613 1160 881 1233 _lionorum
915 1164 1057 1232 apud
1090 1160 1290 1233 ipsum.

211 1234 343 1287 Error
382 1242 438 1285 et
485 1230 726 1301 tenebras
771 1230 1156 1301 peccatoribus
1184 1244 1475 1291 concreata
1515 1245 1644 1292 sunt
1676 1256 1690 1293 :

162 1306 230 1373 qui
276 1311 445 1356 autem
501 1299 785 1355 exsultant
839 1303 896 1357 in
956 1303 1142 1367 malis,
1192 1316 1598 1363 consenescunt
1640 1308 1694 1363 in

165 1375 287 1428 malo.

208 1443 333 1498 Datio
356 1441 453 1497 Dei
484 1451 772 1512 permanet
798 1442 983 1514 iustis,
1008 1452 1062 1499 et
1090 1443 1369 1514 profectus
1396 1444 1543 1502 illius
1568 1462 1696 1503 suc-

162 1529 307 1570 cessus
332 1514 555 1567 habebit
589 1515 644 1567 in
675 1523 969 1573 aeternum.

215 1586 293 1640 Est
328 1584 414 1650 qui
466 1584 840 1656 locupletatur
871 1599 1034 1653 parce
1081 1584 1315 1656 agendo.
1346 1594 1403 1641 et
1438 1584 1555 1643 haec
1608 1594 1694 1644 est

159 1670 257 1727 pars
286 1654 544 1727 mercedis
576 1655 747 1727 illius,

217 1724 262 1777 In
287 1738 344 1776 eo
374 1724 526 1791 quod
560 1726 731 1782 dicit:
764 1725 951 1780 Inveni
984 1726 1233 1795 requiem
1264 1725 1423 1790 milii,
1460 1736 1516 1782 et
1544 1743 1693 1783 nunc

159 1794 445 1849 maiiducabo
472 1795 540 1849 de
568 1795 727 1849 bonis
763 1795 900 1849 meis
926 1794 1076 1849 solus
1101 1813 1117 1852 :

193 1864 431 1918 Etneseit
478 1864 629 1934 quod
668 1874 883 1934 tempus
941 1867 1236 1935 praeteriet,
1285 1876 1341 1921 et
1397 1882 1545 1922 mors
1596 1882 1691 1936 ap-

159 1937 489 2003 propinquet,
545 1943 599 1989 et
658 1936 940 2005 relinquat
997 1938 1180 1991 omnia
1238 1938 1411 2002 aliis,
1463 1947 1518 1991 et
1576 1953 1692 1992 mo-

163 2018 316 2058 fiellll'.

197 2074 271 2129 Sta
292 2076 338 2128 in
365 2076 699 2150 testamento
728 2074 846 2143 tuo,
876 2084 933 2131 et
969 2077 1022 2131 in
1052 2076 1147 2132 illo
1175 2078 1510 2150 colloquere,
1552 2088 1609 2135 et
1638 2081 1692 2137 in

159 2154 287 2214 Opere
310 2145 687 2200 mandatorum
717 2154 939 2200 tuorum
966 2158 1272 2203 veterasce.

209 2216 269 2288 lie
296 2216 565 2288 manseris
597 2216 947 2288 ingoperibus
977 2229 1349 2288 peccatorum.

204 2284 400 2340 Conllde
436 2296 626 2340 autem
658 2284 878 2353 in'Deo,
903 2284 1148 2343 et‘mane
1175 2289 1230 2343 in
1263 2292 1384 2346 loco
1414 2290 1530 2348 tuo.

208 2354 377 2437 Facile
401 2368 491 2412 est
533 2356 684 2412 enim
719 2356 777 2409 in
812 2357 988 2414 oculis
1039 2359 1133 2413 Dei
1176 2362 1364 2417 subito
1398 2363 1692 2419 honestare

182 2440 424 2493 superem.
564 2492 567 2493 ν
678 2490 681 2493 _
726 2439 737 2449 '

152 2444 496 2552 paggiizilliiziio
535 2492 631 2552 Dei
676 2490 731 2552 in
784 2496 1098 2570 mercedem
1135 2499 1268 2569 justi
1315 2501 1578 2570 festinat,
1635 2513 1693 2560 et

152 2569 335 2639 inbora
361 2570 537 2624 veloci
575 2581 871 2639 processus
905 2569 1052 2623 illius
1079 2568 1395 2630 fruetilicat.

189 2636 257 2712 Ne
281 2637 423 2712 dicas
450 2656 468 2692 :
497 2636 655 2712 Quid
674 2645 759 2692 est
783 2638 918 2693 mibi
949 2644 1107 2710 Opus,
1131 2651 1190 2696 et
1217 2656 1337 2712 quae
1361 2646 1529 2698 erunt
1556 2640 1690 2703 mihi

143 2708 198 2763 et
224 2708 315 2761 hoc
343 2708 517 2764 bona?

200 2779 265 2854 Ne
297 2779 442 2854 dicas
478 2800 497 2836 :
543 2778 831 2838 Sufﬁciens
861 2782 995 2837 mibi
1029 2785 1151 2837 sum
1192 2800 1206 2837 :
1235 2780 1448 2854 etquid
1491 2794 1557 2841 ex
1590 2786 1691 2842 liae

141 2850 472 2914 pessimabor.

196 2919 245 2972 In
271 2920 351 2971 die
380 2921 660 2978 bonorum
690 2937 758 2978 ne
788 2922 1076 2979 immemor
1107 2923 1185 2980 sis
1208 2920 1476 2982 malorum
1511 2936 1609 2983 :et
1635 2926 1717 2986 in‘

140 2988 211 3043 die
233 2991 491 3045 malorum
526 3009 597 3047 ne
627 2996 915 3049 immemor
936 2998 1012 3049 sis
1046 2995 1313 3051 bonorum
1354 3014 1369 3055 :

189 3059 439 3126 Quoniam
472 3062 641 3119 facile
676 3074 760 3121 est
803 3080 987 3119 coram
1028 3066 1139 3120 Deo
1174 3068 1231 3120 in
1261 3068 1351 3122 die
1388 3066 1575 3123 obitus
1605 3083 1692 3125 re-

138 3134 346 3204 tribuere
377 3134 686 3204 unicuique
708 3136 1012 3189 Secundum
1044 3138 1159 3191 vias
1186 3148 1338 3193 suas.

134 3270 145 3281 ο
187 3200 370 3281 ξδιὶιξε
397 3206 555 3281 horae
583 3200 915 3281 oblivionem
954 3207 1344 3281 facitglusuria:
1376 3206 1603 3279 magnae,
1634 3220 1690 3268 et

134 3273 175 3324 il
203 3273 299 3346 Iine
322 3273 572 3330 hominis
607 3275 909 3330 denudalio
938 3273 1166 3346 operum
1192 3280 1358 3333 illius.

162 3342 313 3421 ante
358 3354 602 3421 mortem
652 3362 726 3421 ne
771 3342 1286 3421 laudes'liominein
1332 3365 1685 3421 quemquam,

129 3415 357 3487 quoniam
394 3416 450 3469 in
483 3416 617 3470 ﬁliis
645 3418 762 3471 suis
786 3418 1107 3487 agnoScitur
1140 3418 1243 3472 Vir.

181 3484 287 3538 Non
320 3502 547 3541 omnem
580 3484 854 3541 hominem
887 3489 1116 3543 inducas
1145 3488 1199 3541 in
1232 3489 1453 3545 do‘muin
1486 3496 1633 3547 tuam
1665 3510 1680 3550 ;

128 3557 282 3607 multa:
300 3560 447 3610 enim
474 3568 614 3613 sunt
646 3558 861 3611 insidia:
893 3559 1090 3613 dolosi.

178 3625 319 3680 Sicut
343 3629 497 3683 enim
528 3638 789 3683 eructant
824 3628 1122 3698 praecordia
1153 3629 1539 3696 fetentium,et
1566 3632 1681 3687 sie-

126 3705 172 3749 ut
223 3702 405 3764 perdix
435 3701 724 3753 inducitur
757 3701 809 3751 in
838 3714 1078 3761 caveam,
1121 3712 1176 3755 et
1210 3712 1268 3755 ut
1292 3718 1490 3771 caprea
1520 3706 1574 3757 in
1605 3705 1683 3757 la-

124 3783 345 3843 queump:
378 3772 463 3825 sic
493 3780 552 3825 et
584 3784 681 3823 cor
710 3774 1073 3840 superborum
1113 3788 1127 3824 :
1191 3782 1244 3827 et
1279 3775 1423 3827 sicut
1454 3789 1682 3843 prospe-

118 3849 218 3891 ctor
243 3841 437 3895 videns
470 3856 669 3897 casum
703 3844 939 3908 proximi
970 3843 1079 3897 sui.

176 3910 310 3963 Bona
342 3918 499 3965 enim
539 3914 595 3965 in
633 3912 770 3965 mala
804 3924 1156 3980 convertens,
1189 3910 1505 3979 insidiatur,
1536 3926 1593 3969 et
1625 3916 1678 3968 in

117 3979 284 4035 electis
319 3983 579 4051 imponet
607 3986 896 4037 maculam.

170 4054 208 4103 Α
237 4055 480 4106 scintilla
521 4070 631 4107 una
665 4064 897 4123 augetur
938 4054 1106 4124 ignis,
1136 4064 1190 4110 et
1238 4055 1307 4109 ab
1344 4056 1454 4110 uno
1481 4055 1675 4110 doloso

115 4135 323 4195 augetur
369 4126 651 4195 sanguis:
708 4126 871 4178 homo
918 4124 1049 4179 vero
1106 4136 1364 4196 peccator
1418 4127 1673 4196 Sanguini

110 4195 405 4249 insidiatur.

164 4268 394 4319 Attende
435 4265 546 4319 tibi
580 4279 613 4318 a
667 4264 927 4335 pestifero
954 4308 968 4330 ,
1029 4266 1262 4323 fabricat
1297 4268 1441 4322 enim
1478 4266 1619 4320 mala
1649 4281 1666 4322 :

110 4346 165 4384 ne
196 4338 330 4388 forte
370 4338 613 4391 inducat
655 4353 818 4407 super
850 4344 902 4391 te
938 4339 1423 4393 subsannationem
1456 4338 1509 4390 in
1544 4352 1673 4406 per-

108 4552 326 4615 turbine,
362 4560 421 4605 et
459 4549 806 4603 abalienabit
836 4564 886 4602 te
913 4565 942 4601 a
972 4552 1079 4602 tuis
1109 4550 1369 4620 propriis.

706 4641 932 4699 CAPUT
982 4642 1093 4697 XII.

157 4757 207 4813 Si
244 4756 651 4821 benefeceris,
682 4758 819 4813 scito
847 4757 935 4811 cui
970 4755 1168 4811 feceris
1197 4771 1213 4821 ;
1260 4763 1318 4811 et
1366 4751 1473 4810 erit
1505 4756 1677 4826 gratia

98 4845 136 4877 ιη
172 4834 325 4885 bonis
363 4836 487 4884 tuis
525 4834 723 4882 inulta.

150 4900 379 4955 Benefac
420 4904 627 4968 iusto.
684 4911 743 4953 et
791 4898 1037 4952 invenies
1088 4896 1508 4951 retributionem
1560 4912 1677 4951 ma-

91 4983 230 5035 giiain
258 4987 272 5021 :
310 4982 368 5026 et
400 4974 451 5024 si
489 4985 611 5023 non
643 4973 713 5023 ab
745 4969 889 5038 ipso,
918 4980 1067 5021 certe
1096 4984 1125 5021 a
1153 4968 1408 5021 Domino.

146 5041 255 5092 Non
283 5053 371 5095 est
402 5042 577 5094 enim
611 5056 659 5094 ei
694 5042 854 5105 bene,
887 5041 981 5108 qui
1010 5039 1270 5092 assiduus
1290 5044 1375 5092 est
1409 5039 1461 5108 in
1495 5038 1673 5105 malis,

88 5121 134 5164 et
158 5114 561 5179 elecmosynas
598 5126 704 5164 non
749 5107 945 5164 danti:
983 5109 1244 5178 quoniam
1274 5119 1328 5163 et
1359 5107 1678 5163 Altissimus

82 5188 198 5234 odio
227 5184 400 5238 habet
450 5191 789 5252 peccatores
817 5219 833 5245 ,
887 5189 944 5233 et
991 5181 1248 5233 misertus
1292 5180 1677 5247 estpteniten-

86 5256 240 5305 tibus.

144 5322 213 5376 Da
242 5319 623 5380 misericordi
650 5362 664 5386 ,
700 5329 757 5375 et
798 5335 869 5376 ne
899 5320 1166 5391 suspicias
1194 5328 1535 5390 peccatorem
1568 5337 1582 5374 :
1623 5330 1677 5375 et

82 5397 249 5462 impiis
278 5407 339 5449 et
398 5394 823 5464 peccatoribus
857 5396 1049 5446 reddet
1081 5393 1380 5447 vindictam
1402 5430 1418 5457 ,
1471 5403 1678 5446 custo-

78 5470 222 5519 diens
248 5480 352 5519 eos
387 5463 451 5519 in
488 5466 655 5517 diem
681 5463 959 5517 vindictae.

130 5539 199 5591 Da
234 5537 420 5602 bono,
452 5544 518 5589 et
562 5548 677 5585 non
707 5538 985 5600 receperis
1013 5543 1385 5603 peccatorem.

130 5609 366 5662 Benefac
422 5605 671 5667 humili,
700 5615 757 5657 et
786 5620 895 5658 non
930 5602 1147 5659 dederis
1179 5606 1349 5673 impio
1378 5622 1393 5662 ;
1436 5602 1668 5674 prohibe

70 5690 222 5743 panes
252 5680 335 5731 illi
378 5679 543 5739 dari,
587 5691 659 5725 ne
693 5678 745 5727 in
785 5677 917 5742 ipsis
950 5677 1225 5744 potentior
1256 5687 1307 5728 te
1343 5680 1438 5729 sit.

125 5750 253 5803 Nam
289 5750 566 5818 duplicia
629 5746 762 5797 mala
799 5750 1049 5800 invenies
1098 5748 1153 5800 in
1194 5746 1451 5802 omnibus
1484 5745 1667 5811 bonis,

474 5847 764 5907 Ρλτιιοι..
827 5847 1045 5909 ΧΧΙΧ.

1717 3130 1765 3194 C

3271 258 3377 321 458

1803 390 2143 459 quaecunque
2171 384 2411 442 'feceris
2462 384 2539 440 illi
2587 401 2619 459 ε⁸
2653 380 2913 459 quoniam
2941 388 3016 459 _et
3062 380 3375 459 A_lti_s_simus

1810 451 1940 514 odio
1971 451 2134 513 habet
2165 467 2505 526 peccatores,
2529 464 2583 510 et
2606 451 2793 526 impiis
2822 451 3015 506 reddet
3047 451 3375 526 vindictam.

1810 554 1849 590 ν,
1882 528 2010 597 Non
2035 521 2362 597 agnoscetur
2388 528 2444 580 in
2472 526 2632 579 bonis
2659 521 2894 585 amicus,
2921 530 2978 575 et
3003 535 3111 574 non
3140 521 3376 577 abscono

1810 599 1975 654 detur
2000 594 2252 652 in'malis
2280 596 2557 649 inimicus.

1879 670 1939 724 In
1972 668 2133 721 bonis
2172 666 2313 729 viri,
2366 666 2575 719 inimici
2628 664 2778 717 illius
2827 662 2903 715 in.
2930 660 3153 715 tristitia
3181 675 3197 715 :
3226 670 3283 717 et
3316 662 3371 719 in

1808 736 2016 793 malitia
2044 738 2213 801 illius,
2241 735 2452 789 amicus
2482 736 2701 804 agnitus
2729 743 2835 788 est.

1876 810 1993 865 Non
2028 808 2221 861 credas
2250 806 2473 859 inimico
2503 801 2596 858 tito
2631 807 2682 857 in
2717 813 2984 858 asternum
3013 817 3031 860 ;
3058 801 3199 855 sicut
3222 802 3369 857 enim

1804 887 2163 934 aeramentum
2196 875 2449 945 eruginat
2478 873 2723 943 nequitia
2750 873 2918 926 illius.

1874 948 1943 1004 Et
1975 950 2021 1003 si
2054 941 2376 1001 humiliatus
2404 941 2582 999 vadat
2611 958 2813 999 curvus
2838 981 2853 1006 ,
2906 941 3082 1013 adiice
3123 943 3367 998 animum

1804 1027 1981 1083 tuum,
2010 1028 2065 1071 et
2094 1016 2308 1071 custodi
2339 1026 2391 1069 te
2420 1019 2487 1069 ab
2514 1014 2630 1069 illo.

1875 1081 1994 1144 Non
2024 1098 2235 1142 statuas
2276 1086 2429 1140 illum
2466 1098 2630 1153 penes
2661 1090 2737 1147 te,
2787 1099 2891 1137 nec
2923 1081 3111 1137 sedeat
3145 1082 3212 1137 ad
3241 1083 3372 1138 dex-

1803 1171 1972 1216 teram
2007 1166 2291 1215 tuanitne
2315 1157 2459 1209 forte
2503 1169 2805 1209 conversus
2852 1154 2905 1207 in
2957 1155 3137 1205 locum
3194 1165 3368 1218 tuum,

1800 1226 2405 1299 inquiratpcatbedram
2441 1233 2588 1299 tuam
2618 1241 2633 1278 :
2669 1234 2725 1278 et
2770 1222 3162 1299 innovissiino
3196 1240 3368 1299 agno-

1800 1294 1925 1354 scas
1954 1297 2120 1354 verba
2180 1312 2298 1351 mea
2323 1335 2338 1355 .
2382 1304 2440 1349 et
2480 1296 2536 1349 in
2594 1294 2940 1349 sermonibus
2981 1294 3119 1346 meis
3168 1298 3366 1349 stimu-

1800 1370 1950 1425 leris.

1870 1459 2008 1526 Quis
2061 1459 2407 1516 miSerebltur
2460 1457 2795 1514 incantalori
2851 1475 2883 1513 a
2933 1465 3199 1528 serpente
3236 1471 3369 1527 per-

1798 1546 1961 1587 cusso
1986 1573 2001 1597 ,
2032 1540 2089 1585 ‘et
2112 1530 2372 1585 omnibus
2399 1568 2414 1592 ,
2447 1531 2539 1599 qui
2567 1528 2901 1599 apprOpiant
2931 1527 3175 1582 bestiis?
3208 1540 3262 1582 et
3290 1528 3373 1581 sic

1798 1604 1891 1671 qui
1926 1602 2222 1657 comitatur
2252 1614 2378 1655 cum
2403 1600 2522 1655 viro
2546 1600 2759 1669 iniquo,
2786 1609 2843 1653 et
2872 1599 3173 1653 obvolutus
3198 1606 3287 1652 est
3314 1601 3370 1652 in

1796 1672 2037 1741 peccatis
2066 1672 2203 1741 ejus.

1880 1739 1993 1796 Una
2023 1737 2157 1794 hora
2209 1748 2387 1794 tecum
2418 1738 2764 1810 permanebit
2791 1757 2805 1792 :
2839 1737 2884 1792 si
2917 1746 3099 1793 autem
3130 1739 3375 1795 declina-

1736 1794 1778 1850 Β
1805 1794 1971 1873 veris,
1988 1794 1992 1795 ν
2009 1825 2116 1863 non
2144 1794 2514 1879 supportabit.

1867 1881 1927 1935 In
1962 1881 2123 1935 labiis
2156 1877 2273 1933 suis
2302 1880 2543 1935 indulcat
2570 1878 2830 1935 Inimicus
2856 1895 2871 1936 :
2897 1887 2953 1933 et
2982 1877 3036 1932 in
3069 1878 3235 1934 corde
3272 1895 3373 1934 suo

1799 1951 2111 2013 insidiatur,
2141 1950 2503 2004 utsubvertat
2539 1960 2591 2005 te
2625 1951 2680 2003 in
2708 1950 2945 2004 foveam.
3332 2000 3333 2003 η

1869 2021 1929 2075 In
1964 2020 2140 2076 oculis
2180 2020 2297 2073 suis
2327 2021 2664 2090 lacrymatur
2715 2020 2972 2074 inimicus
2999 2059 3015 2085 ,
3040 2028 3095 2074 et
3139 2019 3186 2074 si
3222 2019 3372 2073 inve-

1797 2092 1946 2145 nerit
1979 2099 2219 2158 tempus,
2258 2104 2366 2143 non
2402 2092 2694 2145 satiabitur
2728 2091 3015 2160 sanguine.

1868 2161 1939 2215 Et
1968 2162 2015 2215 si
2048 2162 2387 2215 incurrerint
2418 2160 2514 2214 tibi
2568 2161 2707 2214 mala
2733 2200 2749 2225 ,
2782 2160 3032 2215 inVcnie‘s
3061 2174 3189 2215 eum
3241 2161 3371 2214 illnc

1795 2246 2059 2298 priorem.

1869 2301 1927 2355 In
1967 2302 2146 2357 oculis
2177 2299 2293 2358 suis
2330 2300 2665 2372 lacrymatur
2692 2300 2974 2367 inimicus,
3002 2309 3057 2357 et
3085 2300 3243 2371 quasi
3275 2300 3372 2355 ad-

1792 2369 1996 2441 iuvans
2023 2372 2285 2427 suﬂodiet
2312 2369 2528 2440 planias
2564 2383 2703 2426 tuas.

1866 2443 2045 2511 Caput
2066 2458 2227 2497 suum
2260 2442 2523 2507 movebit,
2551 2450 2608 2495 et
2631 2442 2853 2509 plaudet
2884 2456 3048 2498 manu
3076 2456 3089 2490 τ
3116 2451 3170 2500 et
3202 2443 3371 2497 multa

1795 2525 2093 2567 susurrans
2125 2513 2486 2568 conimutabit
2520 2514 2732 2566 vultum
2762 2528 2947 2568 suum.

2398 2692 2628 2749 CAPUT
2676 2695 2817 2749 XIII.

1867 2803 1973 2877 Qui
2012 2803 2257 2885 tetigerit
2286 2813 2462 2879 picem
2486 2851 2503 2885 ,
2535 2810 2935 2885 iinquinabilur
2963 2809 3033 2885 ab
3061 2826 3123 2866 ea
3147 2827 3166 2867 :
3190 2821 3248 2868 et
3273 2816 3365 2885 qui

1795 2884 2288 2939 communicaverit
2312 2882 2559 2950 superbo
2593 2882 2783 2935 induet
2812 2882 3148 2950 superbiam.

1864 2953 2087 3007 Pondus
2130 2967 2295 3021 super
2327 2966 2388 3005 se
2420 2951 2606 3014 tollet,
2639 2953 2732 3019 qui
2788 2952 3090 3005 lioncstiori
3123 2968 3183 3007 se
3211 2969 3367 3011 com-

1796 3024 2061 3090 municat.
2101 3022 2164 3077 Et
2192 3021 2378 3075 ditiori
2414 3030 2465 3075 te
2499 3036 2566 3075 ne
2598 3022 2784 3076 socius
2814 3022 3008 3077 fueris.

1867 3092 2012 3160 Quid
2036 3091 2467 3165 communicabit
2494 3094 2731 3165 caeabus
2775 3092 2843 3165 ad
2891 3092 3099 3165 ollam?
3145 3096 3367 3165 quando

1795 3158 1943 3221 eniiu
1980 3178 2041 3218 se
2068 3163 2336 3234 colliserit
2366 3158 2468 3233 [αι.
2501 3160 2827 3234 colliserint]
2859 3158 3255 3234 confringetiir.

1867 3233 2265 3304 Dives_injuste
2291 3247 2424 3303 egit,
2458 3243 2514 3287 et
2537 3232 2771 3286 fremet:
2810 3247 3016 3301 pauper
3045 3232 3230 3290 autem
3270 3239 3365 3293 lte-

1793 3319 1889 3360 sus
1918 3302 2138 3358 tacebit.

1864 3374 1921 3427 Si
1954 3374 2183 3443 largitus
2217 3371 2407 3438 fueris,
2442 3380 2686 3429 assumet
2721 3381 2771 3427 te
2797 3389 2815 3425 :
2839 3380 2893 3427 et
2929 3373 2974 3426 si
3010 3390 3120 3430 non
3158 3377 3369 3434 habueo

1794 3445 1869 3500 ris
1893 3482 1909 3505 ,
1935 3443 2286 3513 derelinquet
2316 3453 2392 3497 te.

1863 3514 1921 3568 Si
1954 3513 2143 3578 babes,
2174 3514 2429 3568 convivet
2462 3522 2677 3579 tecum,
2732 3523 2789 3568 et
2831 3515 3124 3571 evacuabit
3168 3528 3257 3573 te:
3312 3530 3370 3573 et

1790 3585 1909 3655 ipse
1942 3599 2050 3638 non
2084 3585 2290 3638 dolebit
2316 3597 2489 3655 super
2525 3592 2598 3639 te.

1859 3656 1916 3710 Si
1952 3655 2298 3709 necessarius
2314 3652 2390 3707 illi
2423 3652 2612 3719 fueris,
2642 3655 3015 3724 supplantabit
3044 3666 3206 3713 te:et
3234 3662 3366 3715 sub-

1790 3725 1974 3779 ridens
2005 3740 2156 3793 spem
2190 3727 2341 3779 dabit
2372 3761 2388 3784 ,
2437 3738 2672 3779 narrans
2707 3726 2806 3779 tibi
2869 3728 3039 3791 bona,
3072 3740 3128 3783 et
3152 3729 3301 3784 dicet
3340 3746 3354 3783 :

1787 3795 1929 3861 Quid
1961 3810 2102 3864 opus
2128 3804 2212 3848 est
2242 3794 2341 3847 tibi
2366 3794 2389 3847 ?

1859 3887 1925 3939 Et
1960 3884 2259 3941 confundet
2306 3894 2357 3939 te
2410 3884 2466 3940 in
2501 3884 2641 3942 cibis
2669 3888 2807 3951 suis,
2865 3888 3041 3945 donec
3074 3899 3125 3945 te
3171 3892 3365 3945 exina-

1786 3957 1901 4011 niat
1955 3959 2040 4012 bis
2067 3966 2125 4011 et
2152 3966 2274 4010 ter:
2312 3963 2368 4009 et
2418 3956 2472 4009 in
2505 3958 2806 4012 novissimo
2856 3960 3131 4015 deridebit
3176 3971 3229 4015 te
3261 3979 3277 4017 :
3308 3975 3365 4015 et

1786 4037 1977 4095 postea
2010 4028 2202 4099 videns
2232 4026 2581 4096 derelinquet
2613 4037 2665 4082 te
2691 4068 2708 4095 ,
2743 4038 2800 4083 et
2825 4042 2993 4099 caput
3037 4047 3199 4086 suum
3237 4049 3360 4085 niu-

1770 4099 1936 4153 ‘vebit
1963 4097 2031 4152 ad
2065 4109 2138 4152 te.

1860 4168 2163 4223 Hnmiliare
2196 4167 2391 4228 Deo,et
2420 4176 2679 4238 exspecta
2710 4180 2905 4225 manus
2931 4170 3076 4238 eius.

1854 4240 2109 4303 Attende,
2148 4253 2215 4293 ne
2248 4239 2513 4293 seductus
2544 4243 2598 4291 in
2624 4242 2914 4294 stultitiam
2953 4242 3287 4296 bumilieris.

1852 4310 1973 4363 Noli
2005 4324 2126 4365 esse
2160 4309 2386 4363 humilis
2412 4309 2468 4362 in
2496 4308 2765 4377 sapientia
2794 4322 2907 4375 tua,
2935 4327 3005 4366 ne
3030 4314 3357 4367 humiliatus

1784 4384 1841 4438 in
1876 4380 2165 4435 stultitiam
2198 4379 2506 4433 seducaris.

1868 4452 2184 4505 Advocatus
2219 4465 2250 4503 a
2305 4450 2619 4517 potentiore
2667 4448 2887 4506 discede
2916 4469 2930 4508 :
2959 4466 3027 4507 ex
3078 4452 3183 4507 hoc
3212 4454 3359 4509 enim

1787 4524 1961 4591 magis
1990 4534 2042 4576 te
2070 4522 2382 4576 advocabit.
3070 4568 3073 4569 ν

1854 4617 1934 4671 Ne
1968 4613 2257 4689 improbus
2285 4611 2483 4689 sis,_ne
2513 4611 2875 4685 impingaris:
2910 4623 2966 4670 et
2998 4630 3067 4671 ne
3095 4617 3258 4689 longe
3286 4620 3362 4673 sis

1784 4688 1853 4743 ab
1882 4702 1970 4753 eo,
2007 4679 2075 4740 ne
2103 4699 2197 4738 eas
2230 4684 2286 4736 in
2317 4679 2675 4737 oblivionem.

1857 4758 1936 4813 Ne
1963 4756 2205 4811 retineas
2237 4769 2305 4808 ex
2346 4766 2507 4820 aequo
2539 4756 2688 4823 loqui
2720 4771 2851 4811 cum
2876 4756 2995 4821 illo,
3025 4774 3135 4813 nec
3167 4759 3363 4814 credas

1785 4828 1973 4884 multis
2004 4826 2187 4898 verbis
2221 4826 2406 4880 illius:
2443 4840 2512 4879 ex
2538 4827 2708 4881 multa
2742 4829 2887 4898 enim
2926 4829 3141 4898 loquela
3188 4840 3363 4883 tenta-

1784 4900 1866 4955 bit
1896 4909 1970 4964 te,
1998 4908 2055 4952 et
2080 4896 2375 4953 subridens
2422 4897 2785 4967 interrogabit
2823 4908 2873 4951 te
2905 4898 2974 4950 de
2998 4896 3364 4955 absconditis

1787 4970 1915 5025 tuis.

1854 5063 2089 5118 Immitis
2120 5062 2337 5117 animus
2368 5061 2517 5116 illius
2546 5060 2896 5116 conservabit
2921 5060 3093 5117 verba
3140 5074 3232 5118 tua
3262 5080 3278 5120 :
3305 5079 3361 5118 et

1784 5150 1895 5189 non
1932 5142 2117 5203 parcet
2147 5134 2215 5187 de
2242 5134 2476 5197 malitia,
2498 5141 2562 5203 et
2586 5132 2655 5203 de
2674 5132 2946 5203 _vinculis.

1848 5201 1993 5259 Cave
2043 5205 2162 5267 tibi,
2215 5213 2271 5258 et
2321 5202 2543 5257 attende
2590 5201 2885 5271 diligenter
2942 5203 3158 5259 auditui
3213 5214 3351 5259 tuo:

1782 5275 2045 5345 quoniam
2078 5288 2204 5329 cum
2232 5273 2605 5345 subversione
2631 5282 2722 5327 tua
2754 5273 3030 5345 ambulas.

1852 5347 2098 5401 Audiens
2128 5359 2254 5398 vero
2284 5344 2376 5398 illa
2407 5343 2565 5413 quasi
2597 5344 2654 5398 in
2702 5344 2911 5398 somnis
2943 5347 3067 5400 vide
3088 5388 3105 5413 ,
3140 5356 3197 5400 et
3227 5344 3360 5413 vigi-

1781 5416 1943 5472 labis.

1853 5526 2017 5583 Omni
2051 5527 2158 5582 vita
2208 5537 2299 5581 tua
2337 5526 2504 5596 dilige
2534 5528 2705 5583 Deum
2752 5536 2849 5583 :et
2893 5527 3084 5580 invoca
3117 5526 3267 5580 illum
3296 5527 3353 5581 in

1779 5602 1957 5655 salute
1991 5612 2104 5653 tua.

1846 5670 2016 5725 Omne
2041 5670 2245 5723 animal
2292 5669 2469 5737 diligit
2518 5668 2697 5723 simile
2751 5667 2857 5722 sibi
2907 5681 2921 5722 :

1782 5743 1946 5797 homo
1986 5742 2293 5809 proximum
2325 5742 2450 5793 sibi.

2974 5665 3056 5721 sic
3092 5679 3150 5724 et
3177 5670 3360 5726 omnis

2938 5835 3009 5894 15
