3840 6176
170 303 245 369 461
1327 300 1561 362 LIBER
1602 301 2053 363 ECCLESIAST
2065 302 2189 362 ICI.

3276 304 3383 367 462

216 410 783 498 Meliorlalgﬁelius].
808 422 893 471 est
923 413 1068 470 enim
1102 429 1247 469 unus
1274 414 1473 470 timens
1504 416 1695 479 Deum,
1733 423 1774 478 Α
1806 412 1884 469 dit
1941 414 2016 468 illi
2072 422 2397 485 potestatem
2456 429 2647 469 eorum
2716 430 2837 485 quis
2895 423 3025 471 sunt
3076 430 3242 487 super
3278 426 3387 471 ter-

165 506 291 569 quam
319 485 469 569 niilie
501 485 597 569 filii
627 485 812 569 impii.

220 561 273 616 Et
296 556 427 611 utile
458 564 545 611 est
595 558 740 610 mori
788 555 909 610 sine
962 555 1128 617 ﬁliis,
1182 570 1347 625 quam
1386 556 1702 624 relinquere

169 634 273 691 ﬁlios
301 628 519 697 impios.

219 701 285 756 Ab
342 694 454 752 uno
508 704 730 751 sensato
791 695 1197 750 inliabitabitur
1260 694 1475 765 patria,
1521 696 1703 751 tribus

167 771 418 839 impiorum
449 766 767 839 deseretur.

216 836 353 895 Multa
388 837 515 891 talia
550 837 688 890 vidit
714 836 906 891 oculus
941 850 1131 892 meus:
1156 844 1215 890 et
1247 836 1472 891 fortiora
1502 836 1702 891 horum

166 909 327 968 audivit
361 908 509 962 auris
545 923 691 962 mea.

219 981 265 1034 In
302 991 574 1047 synagoga
626 977 971 1045 peccantium
1025 976 1316 1032 exardebit
1347 978 1487 1048 ignis
1512 1018 1527 1042 ,
1560 986 1616 1031 et
1647 977 1703 1031 in

170 1060 291 1125 gente
337 1048 651 1101 incredibili
685 1050 1009 1103 exardescet
1046 1049 1150 1125 ira.

218 1123 311 1177 Non
340 1127 715 1172 exoraverunt
763 1133 861 1185 pro
915 1120 1155 1185 peccatis
1210 1120 1325 1171 suis
1374 1117 1585 1187 antiqui
1622 1118 1703 1184 gis

170 1202 351 1260 gautes,
394 1190 492 1256 qui
547 1188 809 1241 destructi
859 1197 990 1241 sunt
1042 1188 1385 1242 confidentes
1433 1203 1545 1242 sum
1591 1195 1704 1242 vir-

173 1274 264 1317 ιυιι.

222 1331 272 1382 Et
297 1345 395 1383 non
453 1327 702 1397 pepercit
751 1325 1181 1395 peregrinationi
1234 1325 1421 1391 Loth,
1459 1338 1515 1381 et
1544 1342 1703 1382 exse-

172 1411 315 1456 cratus
343 1412 425 1451 est
457 1414 555 1452 eos
583 1413 691 1463 pra:
720 1398 972 1463 Superbia
1007 1398 1157 1449 verbi
1201 1397 1443 1451 illorum.

226 1470 323 1524 Non
351 1468 615 1521 misertus
645 1477 730 1521 est
761 1468 890 1526 illis.
926 1481 1144 1535 gentem
1208 1476 1376 1519 totam
1439 1466 1698 1537 perdens,

171 1552 215 1595 et
239 1540 570 1593 extollentem
601 1552 658 1591 se
691 1537 747 1589 in
775 1538 1016 1603 peccatis
1043 1537 1177 1589 suis.

228 1611 281 1664 Et
311 1612 447 1663 sicut
487 1618 751 1661 sexcenta
800 1606 975 1659 millia
1014 1608 1259 1669 peditum
1293 1647 1306 1670 ,
1352 1607 1443 1673 qui
1475 1621 1705 1675 congre-

172 1682 392 1749 gatisunt
425 1679 483 1730 in
524 1677 728 1731 duritia
774 1678 961 1749 cordis
1004 1678 1087 1749 sui
1121 1690 1136 1733 :
1171 1681 1303 1749 etsi
1341 1691 1482 1728 unus
1512 1678 1707 1730 fuisset

170 1746 457 1808 cervicatus,
494 1750 695 1800 mirum
724 1750 769 1801 si
799 1747 994 1801 fuisset
1025 1746 1309 1800 immunis.

230 1820 583 1872 Misericordia
627 1819 775 1870 enim
808 1829 860 1872 et
914 1819 993 1871 ira
1032 1826 1116 1870 est
1163 1832 1287 1869 cum
1322 1816 1436 1869 iilo.
1492 1817 1697 1871 Potens

169 1890 397 1951 exoratio,
432 1900 493 1941 et
525 1887 816 1942 eil'undens
848 1894 1005 1942 iram.

225 1958 519 2013 Secundum
554 1958 994 2012 misericordiam
1041 1972 1194 2011 suam
1223 1997 1238 2017 .
1290 1956 1371 2009 sic
1423 1956 1701 2026 correptio

176 2029 292 2082 illius
324 2030 600 2097 hominem
632 2030 935 2081 secundum
971 2042 1137 2097 opera
1167 2042 1263 2079 sua
1292 2026 1544 2091 judicat.‘

226 2099 326 2152 Non
374 2096 606 2166 eIIugiet
640 2099 695 2151 in
745 2100 936 2165 rapina
968 2096 1222 2165 peccator
1249 2137 1263 2157 ,
1302 2106 1353 2149 et
1386 2113 1490 2149 non
1529 2104 1704 2149 retars

172 2168 294 2221 dabit
322 2165 646 2221 suﬂerentia
680 2169 1111 2222 misericordiam
1145 2165 1421 2220 facientis.

224 2239 392 2291 Omnis
426 2238 807 2291 misericordia
856 2237 1020 2292 faciet
1065 2238 1244 2289 locum
1282 2237 1584 2304 unicuique
1618 2252 1707 2289 se—

169 2310 372 2361 cundum
404 2312 669 2362 meritum
723 2324 954 2377 operum
1010 2321 1234 2359 suorum
1260 2343 1275 2369 ,
1311 2315 1369 2359 ct
1400 2308 1707 2360 secundum

171 2378 473 2445 intellectum
512 2383 969 2446 peregrinationis
1000 2378 1196 2446 ipsius.

220 2448 325 2501 Non
353 2450 548 2503 dicas:
580 2450 627 2500 A
657 2449 763 2501 Deo
796 2450 1107 2503 abscondar
1141 2454 1197 2500 et
1230 2462 1298 2501 ex
1336 2459 1554 2500 summo
1580 2446 1710 2515 quis

166 2521 251 2571 mei
285 2517 718 2572 memorabitur?

225 2589 277 2641 In
325 2590 525 2656 popqu
564 2603 760 2655 magno
809 2605 917 2642 non
950 2604 1217 2656 agnoscar
1247 2606 1261 2642 :
1293 2603 1414 2656 qua:
1443 2597 1529 2641 est
1557 2587 1709 2641 enim

161 2659 318 2712 aniiua
360 2674 481 2712 mea
517 2660 575 2710 in
610 2669 718 2710 tam
752 2662 1015 2713 immensa
1053 2668 1308 2712 creatura
1338 2658 1360 2709 ?
1653 2680 1657 2684 ε

219 2728 347 2782 Ecce
374 2727 608 2791 caelum,
638 2737 696 2781 et
723 2731 844 2785 (ιωιὶ
879 2735 1167 2791 canorum,
1207 2731 1437 2797 abyssus
1461 2766 1477 2790 ,
1502 2735 1558 2781 et
1592 2727 1715 2781 uni-

162 2813 295 2851 versa
324 2810 493 2860 terra,
524 2807 580 2850 et
603 2813 725 2866 qua:
755 2803 809 2853 in
840 2804 922 2854 eis
952 2809 1102 2863 sunt,
1148 2802 1201 2851 in
1234 2808 1533 2864 conspectu
1568 2798 1716 2851 illius

157 2870 654 2923 commovebuntur.

215 2939 414 2993 Montes
458 2940 668 3003 simul,
702 2948 757 2994 et
789 2940 990 3003 colles,
1021 2949 1078 2993 et
1121 2939 1480 2993 fundamenta
1512 2946 1669 2991 teme
1699 2954 1713 2991 :

158 3026 262 3064 cum
293 3010 647 3077 conspexerit
682 3012 773 3064 illa
813 3016 954 3064 Deus
981 3052 997 3075 ,
1027 3021 1267 3063 tremore
1300 3011 1715 3063 concutientiir.

214 3079 275 3133 Et
306 3082 361 3133 in
409 3079 679 3133 omnibus
726 3082 811 3134 bis
842 3082 1181 3135 insensatum
1215 3089 1300 3134 est
1329 3094 1445 3145 cor,
1467 3088 1524 3132 et
1553 3093 1714 3131 omne

155 3164 236 3219 cor
263 3152 593 3219 intelligitur
617 3152 685 3203 ab
714 3152 829 3204 illo.

216 3218 274 3273 Et
307 3224 421 3273 vias
448 3218 615 3273 illius
646 3226 772 3288 quis
797 3220 1087 3289 intelligit,
1113 3229 1171 3275 et
1199 3219 1521 3291 procellunt,
1550 3234 1714 3285 quant

153 3305 241 3344 nec
269 3294 467 3344 oculus
506 3292 712 3343 ridebit
736 3292 1020 3344 hominis?

210 3360 335 3413 Nam
384 3360 632 3430 plurima
682 3362 774 3414 illa
801 3376 965 3431 opera
997 3371 1127 3415 sunt
1161 3362 1214 3414 in
1249 3359 1536 3414 absconsis
1569 3375 1584 3413 :
1616 3358 1714 3413 sed

148 3445 296 3498 opera
322 3432 565 3499 justitiae
613 3432 733 3501 ejus
761 3448 884 3500 quis
906 3434 1260 3485 eiiuntiabit'!
1309 3442 1403 3484 aut
1430 3446 1555 3500 quis
1587 3446 1715 3485 sus-

149 3504 370 3554 tinebit?
429 3502 631 3570 Longe
690 3505 836 3555 enim
908 3517 993 3555 est
1049 3512 1440 3555 testamentum
1498 3517 1529 3554 a
1594 3502 1718 3569 qui-

149 3573 385 3637 busdam,
409 3584 467 3627 et
499 3578 861 3641 interrogatio
880 3573 1124 3626 omnium
1156 3575 1212 3626 in
1239 3575 1715 3626 consummatione

144 3655 232 3695 tsi.

205 3714 305 3777 Qui
330 3714 657 3769 minoratur
699 3713 885 3775 corde,
913 3715 1116 3783 cogitat
1166 3712 1351 3767 inania
1379 3730 1392 3765 :
1423 3719 1478 3766 et
1504 3713 1586 3766 vir
1613 3712 1715 3766 im-

142 3787 401 3851 prudens,
430 3795 492 3837 et
526 3800 727 3840 errans
759 3787 963 3853 cogitat
991 3784 1176 3838 stulta.
1426 3784 1439 3797 ’

201 3859 336 3909 Audi
374 3872 494 3919 me,
525 3857 629 3918 fili,
654 3867 710 3908 ct
738 3859 887 3909 disce
916 3856 1265 3922 disciplinain
1314 3869 1533 3919 sensus,
1570 3862 1625 3908 et
1657 3855 1715 3908 in

139 3929 311 3979 verbis
340 3928 491 3979 meis
523 3926 751 3979 attende
779 3930 832 3978 in
861 3927 1028 3978 corde
1056 3937 1171 3978 tuo.

197 3998 260 4049 bi
293 3998 485 4050 dicam
527 4000 583 4050 in
614 3998 880 4064 mquitate
923 3996 1303 4064 disciplinam,
1338 4004 1393 4048 ct
1422 3992 1713 4050 scrutabor

134 4078 392 4122 enarrare
422 4070 769 4137 sapientiam
797 4084 812 4120 :
849 4076 903 4120 et
934 4066 987 4118 in
1020 4069 1204 4120 verbis
1232 4067 1370 4118 meis
1403 4070 1629 4119 attende
1660 4066 1713 4117 iii

136 4141 288 4190 Corde
345 4148 475 4200 tuo,
514 4148 572 4192 et
600 4139 724 4191 dico
761 4140 814 4190 in
865 4139 1121 4206 xquiiate
1174 4138 1403 4203 spiritus
1458 4138 1713 4197 virtutes,

129 4220 254 4271 lines
283 4213 487 4278 posuit
525 4210 671 4261 Deus
702 4209 757 4262 in
787 4223 954 4277 Opera
992 4223 1089 4261 sua
1119 4208 1187 4259 ab
1220 4208 1380 4259 initio
1406 4247 1421 4271 ,
1447 4218 1504 4261 et
1536 4212 1590 4258 iii
1626 4221 1715 4259 ve-

130 4288 279 4332 ritate
310 4289 563 4333 enuntio
594 4280 881 4331 scientiam
911 4280 1050 4347 ejus.

191 4349 246 4399 In
288 4352 525 4417 JUdtCIO
564 4352 658 4400 Dei
690 4365 855 4416 opera
885 4345 1003 4418 ejus
1028 4349 1098 4400 ab
1133 4346 1290 4401 initio
1311 4384 1327 4409 ,
1356 4356 1412 4400 et
1444 4345 1514 4400 ab
1550 4345 1711 4398 insli-

126 4422 331 4472 tutioiie
381 4425 650 4489 ipsorum
680 4422 928 4472 distinxrt
964 4431 1147 4487 partes
1175 4421 1433 4483 illorum,
1466 4427 1522 4471 et
1554 4419 1712 4469 initia

123 4502 306 4540 eorum
340 4494 399 4543 in
441 4495 717 4558 gentibus
750 4504 886 4541 snis.

181 4562 421 4613 Uruavit
450 4556 518 4612 in
552 4572 818 4611 azternuin
867 4574 1032 4627 opera
1068 4560 1285 4612 illorum
1314 4597 1328 4620 ,
1365 4572 1467 4611 nec
1499 4556 1709 4609 esurie-

122 4643 260 4690 rnnt,
299 4649 411 4684 nec
446 4635 882 4695 laboraverunt,
913 4640 969 4682 et
1003 4648 1111 4684 non
1136 4632 1467 4684 destiterunt
1492 4630 1561 4681 ab
1587 4642 1718 4695 ope-

120 4708 266 4752 ribus
305 4706 457 4755 suis.

183 4770 611 4843 Unusquisque
671 4774 982 4842 proximum
1038 4771 1142 4826 sibi
1199 4787 1308 4825 non
1380 4767 1720 4840 angustiabit

117 4854 283 4907 usque
324 4860 382 4895 iii
422 4858 567 4897 amet
584 4860 737 4897 num.

180 4918 299 4965 mou
336 4931 423 4967 sis
458 4916 821 4969 incredibilis
855 4914 1025 4970 verbo
1063 4914 1235 4968 illius.

174 4984 308 5038 Post
365 4989 500 5039 haec
545 4986 693 5038 Deus
731 4988 783 5039 in
819 4998 1020 5041 terrain
1054 4988 1337 5053 respexit,
1369 4992 1424 5036 et
1472 4982 1720 5052 implevit

106 5049 248 5107 illam
286 5058 467 5110 bonis
500 5057 652 5110 suis.

172 5128 381 5179 Anima
439 5130 643 5181 omnis
694 5128 877 5182 vitalis
934 5127 1287 5182 denuntiavit
1338 5134 1464 5178 ante
1518 5123 1716 5178 faciem

110 5210 285 5264 psms,
317 5208 381 5251 et
416 5201 479 5252 in
516 5213 705 5267 ipsam
737 5202 939 5253 iterum
974 5204 1219 5252 reversio
1250 5198 1493 5251 illorum.

716 5357 944 5415 CAPUT
992 5357 1130 5414 XVII
1146 5397 1158 5410 .

168 5483 322 5538 Deus
373 5478 626 5536 creavit
656 5476 724 5531 de
762 5485 905 5530 terra
940 5473 1219 5527 hominem
1247 5514 1261 5537 ,
1316 5480 1372 5524 et
1413 5469 1721 5524 secundum

101 5560 406 5625 imaginem
446 5564 635 5605 suam
663 5548 793 5625 fecit
819 5547 991 5625 ιιψιιι.

167 5611 238 5679 Εἴ
267 5630 496 5679 iterum
528 5618 821 5673 convertit
847 5618 996 5670 illum
1027 5617 1083 5669 in
1110 5616 1306 5684 ipsam,
1337 5626 1393 5670 et
1415 5611 1722 5669 secundum

99 5713 156 5753 te
197 5698 444 5752 vestivit
472 5693 658 5746 illum
684 5692 901 5743 virtute.

165 5770 502 5822 i‘t‘uinerutii
571 5762 815 5829 dierum,
844 5771 899 5815 et
938 5771 1158 5829 tempus
1191 5755 1343 5811 dedit
1395 5756 1494 5821 illi,
1537 5764 1590 5811 ct
1625 5752 1723 5808 de-

1809 500 1947 537 rain.

1881 554 2072 607 Posuit
2134 554 2383 608 timorem
2415 555 2565 609 illius
2610 570 2775 623 super
2806 571 3025 610 omnem
3056 573 3301 621 carnem,
3329 570 3387 614 et

1808 626 2119 678 dominatus
2145 633 2231 678 est
2270 625 2569 679 beatiorum
2600 636 2656 678 et
2697 627 3027 681 volatilium.

1879 694 2099 749 Creavit
2133 712 2193 747 ex
2234 695 2349 763 ipso
2406 696 2740 763 adjutorium
2796 697 2975 751 simile
3020 697 3120 750 sibi
3154 716 3165 750 :
3205 700 3394 752 consi-

1806 766 1967 826 lium.
2004 772 2058 817 et
2088 765 2351 833 linguam,
2378 766 2665 828 etoculos,
2699 776 2754 819 et
2789 783 2973 831 aures,
3008 778 3064 821 et
3104 783 3201 821 cor
3234 769 3387 821 dedit

1808 836 1918 907 illis
1956 835 2331 905 excogitandi,
2359 842 2414 890 et
2466 836 2757 904 disciplina
2789 837 3107 892 intellectus
3157 839 3391 907 replevit

1809 906 1957 959 illos.

1880 974 2099 1047 Creavit
2146 973 2257 1029 illis
2310 975 2598 1047 scientiam
2643 976 2895 1045 spiritus.
2941 991 3103 1031 sensu
3142 979 3391 1047 implevit

1807 1058 1904 1097 cor
1940 1045 2180 1107 illorum,
2211 1056 2267 1098 et
2297 1046 2434 1099 mala
2472 1058 2527 1101 et
2562 1049 2703 1101 bona
2730 1047 2974 1100 ostendit
3012 1049 3141 1102 illis.

1883 1114 2071 1185 Posuit
2103 1116 2324 1168 oculum
2358 1132 2519 1170 suum
2552 1132 2715 1185 super
2741 1118 2901 1171 corda
2939 1118 3179 1175 illorum.
3208 1129 3393 1173 osten-

1807 1185 1938 1239 dere
1974 1182 2079 1255 [αι.
2117 1195 2171 1238 et
2197 1186 2514 1256 ostendere]
2547 1182 2655 1241 illis
2693 1188 2960 1255 magualia
2987 1203 3221 1256 cperum
3254 1208 3386 1244 suo-

1809 1272 1953 1307 1⁵11111.

1884 1325 2181 1397 Utnomen
2220 1325 2671 1381 sanctificationis
2698 1327 3010 1381 collaudent
3040 1344 3054 1378 :
3086 1338 3139 1381 et
3166 1330 3387 1397 gloriari

1811 1395 1864 1469 in
1901 1396 2245 1448 mirabilibus
2279 1397 2446 1459 illius,
2483 1408 2541 1450 ut
2575 1400 2839 1467 magnalia
2868 1407 3130 1451 enarrent
3156 1395 3387 1469 operum

1810 1480 1951 1533 eius.

1882 1535 2104 1607 Addidit
2138 1536 2245 1589 illis
2282 1536 2650 1606 disciplinam,
2684 1547 2738 1591 et
2767 1537 2942 1607 legem
3001 1538 3126 1593 vita:
3161 1538 3392 1595 hmredi-

1814 1606 1946 1658 tavit
1972 1606 2117 1658 illos.

1885 1676 2295 1729 Testamentum
2337 1686 2602 1731 aelernum
2661 1678 2949 1733 constituit
2998 1694 3121 1732 cum
3159 1678 3289 1744 illis,
3338 1692 3394 1733 et

1738 1763 1783 1820 Β
1809 1743 2079 1824 justitiam
2108 1755 2162 1797 et
2183 1747 2387 1824 judicia
2431 1762 2526 1824 sua
2560 1750 2808 1824 ostendit
2834 1749 2960 1824 illis.

1887 1815 1953 1866 Et
1980 1818 2251 1893 niagnaiia
2283 1818 2665 1893 honoris’ejus
2695 1820 3036 1893 vlditoculns
3062 1819 3306 1893 illorum,
3338 1833 3395 1876 et

1809 1885 2073 1955 honorem
2127 1885 2278 1939 vocis
2333 1885 2823 1943 audieruntaures
2872 1890 3112 1955 illorum,
3148 1902 3202 1946 et
3253 1892 3393 1947 dixit

1806 1954 1969 2027 illis:
2006 1955 2284 2027 Attenditc
2304 1957 2375 2027 ab
2414 1959 2561 2010 omni
2588 1958 2797 2027 iniquo.

1887 2024 1953 2098 ﬁt
1984 2026 2259 2098 mandavit
2302 2026 2411 2079 illis
2445 2024 2740 2097 unicuique
2783 2027 2850 2084 de
2879 2031 3127 2098 proximo
3158 2047 3279 2086 suo.

1891 2092 1999 2147 Via:
2026 2096 2243 2169 illorum
2285 2111 2471 2169 coram
2514 2098 2632 2166 ipso
2653 2092 2793 2152 "sunt
2836 2092 3074 2169 semper,
3117 2118 3226 2156 non
3261 2113 3393 2157 sunt

1816 2163 2097 2235 absconsa:
2128 2166 2194 2217 ab
2215 2168 2392 2218 oculis
2423 2163 2617 2235 ipsius.

1885 2234 1943 2309 In
1981 2251 2421 2309 unamquamque
2446 2234 2677 2309 gentem
2731 2242 3031 2309 praeposuit
3086 2250 3386 2296 rectorem.

1889 2307 1950 2356 Et
1988 2314 2111 2370 pars
2146 2304 2263 2367 Dei,
2302 2304 2633 2362 ISraelfacta
2661 2304 2744 2363 est
2784 2304 3101 2365 manifesta.

1888 2374 1955 2451 fit
1984 2375 2371 2451 omnia__op_era
2427 2377 2644 2451 illorum
2680 2379 2827 2432 velut
2867 2382 2945 2433 sol
2999 2382 3053 2433 in
3086 2394 3390 2451 conspectu

1818 2441 1914 2524 Dei
1941 2456 2045 2524 ,εει
2075 2445 2218 2497 oculi
2242 2441 2367 2513 ejus
2398 2448 2515 2500 sine
2564 2450 2974 2505 intermissione
3033 2441 3394 2520 inapici'cntes

1820 2529 1873 2567 III
1895 2530 2008 2590 χιιε
2038 2530 2250 2567 θοιιιιιι.
2690 2575 2704 2590 ο

1892 2584 2006 2636 Non
2038 2593 2167 2637 sunt
2210 2588 2477 2641 absconsa
2537 2584 2861 2643 testamenta
2918 2604 3014 2658 per
3071 2589 3390 2657 iniquitates

1822 2668 2012 2707 eorum
2047 2658 2099 2706 in
2127 2670 2425 2724 conspecm
2462 2658 2578 2709 Dei.

1894 2724 2251 2797 Eleemosyna
2291 2727 2398 2797 rviri
2427 2730 2580 2796 quasi
2615 2727 2959 2796 signaculum
2986 2744 3110 2784 cum
3143 2728 3260 2797 ipso
3292 2745 3307 2783 :
3337 2740 3395 2785 et

1825 2795 2055 2863 gratiam
2095 2796 2333 2848 hominis
2364 2795 2518 2865 quasi
2557 2795 2816 2865 pupillam
2869 2795 3246 2854 conservabit.

1898 2866 1964 2918 Et
1998 2874 2184 2944 postea
2221 2878 2491 2944 resurget,
2519 2878 2575 2921 et
2614 2869 2882 2944 retribuet
2940 2870 3017 2923 illi
3066 2871 3395 2925 retributio-

1827 2952 1975 2999 nem,
2002 2938 2302 3003 unicuique
2328 2938 2382 2989 iii
2421 2948 2589 3006 caput
2621 2940 2885 3006 ipsorum,
2917 2948 2971 2993 et
3004 2950 3292 2995 convertet
3339 2944 3395 2995 iii

1826 3008 2119 3060 interiores
2148 3016 2329 3071 partes
2362 3018 2540 3062 terrae.

1896 3076 2295 3150 I’mnitentibus
2323 3088 2505 3131 autem
2536 3078 2686 3131 dedit
2726 3079 2868 3133 viam
2899 3079 3151 3150 justitize.
3184 3091 3240 3136 et
3266 3097 3396 3137 con-

1744 3124 1787 3182 c
1823 3146 2062 3199 firmavit
2116 3148 2434 3201 deficientes
2470 3151 2768 3214 sustinere,
2822 3124 2876 3202 ei
2899 3124 3240 3207 lde's-tin‘a'vivt'
3270 3124 3396 3207 ⁸ίῖίῖε

1820 3227 2026 3270 sortem
2057 3219 2327 3270 veritatis.

1822 3364 1844 3410 ι
1892 3290 2225 3342 Convertere
2271 3290 2338 3342 ad
2386 3288 2701 3353 Dominum,
2764 3298 2821 3344 et
2868 3290 3119 3362 relinque
3172 3304 3397 3362 peccata

1850 3372 1938 3410 ua.

1850 3372 1938 3412 ua.

1892 3431 2125 3552 frecare
2161 3439 2287 3485 ante
2323 3431 2515 3486 faciem
2572 3432 2810 3498 Domini,
2852 3444 2907 3487 et
2944 3434 3132 3489 minue
3160 3434 3396 3490 offendi-

1912 3515 1962 3552 a.

1821 3513 1962 3553 Cilla.

1892 3570 2185 3646 Revertere
2214 3572 2629 3646 adDominum,
2667 3584 2721 3646 et
2750 3583 2999 3629 avertere
3031 3576 3099 3629 ab
3128 3576 3395 3646 injustitia

1825 3645 1938 3701 tua.
1971 3654 2025 3696 et
2051 3644 2212 3697 nimis
2238 3643 2390 3695 edito
2423 3644 2884 3697 exsecrationem.

1898 3710 1961 3764 Et
1996 3728 2264 3782 cegnosce
2301 3714 2545 3783 justitias
2595 3722 2651 3765 et
2691 3714 2897 3780 judicia
2935 3714 3049 3777 Dei,
3107 3726 3162 3770 et
3198 3729 3281 3771 sta
3340 3718 3395 3770 in

1822 3793 1970 3835 sorte
2004 3783 2419 3852 propositionis,
2454 3792 2509 3837 et
2534 3784 2801 3837 orationis
2834 3784 3087 3838 altissimi
3129 3787 3246 3839 Dei.

1891 3852 1949 3904 In
1983 3870 2165 3920 partes
2192 3856 2329 3907 vade
2355 3854 2541 3907 saeculi
2564 3855 2761 3918 sancti,
2793 3868 2919 3908 cum
2952 3854 3088 3910 vivis
3121 3866 3176 3910 et
3211 3858 3395 3910 danti-

1818 3921 1924 3976 bms
1959 3924 2365 3977 confessionem
2404 3925 2533 3977 Deo.

1887 3994 2005 4046 Non
2041 3993 2347 4047 demoreris
2398 3994 2451 4045 in
2477 4008 2666 4048 errore
2715 3993 3011 4063 impiorum
3048 4011 3064 4052 :
3096 4007 3224 4051 ante
3256 4012 3400 4050 mor-

1821 4069 1926 4142 tem
1960 4066 2247 4118 confitere.
2274 4070 2313 4117 Α
2349 4077 2563 4118 mortuo
2594 4068 2749 4134 quasi
2786 4065 2925 4118 nihil
2975 4072 3116 4135 perit
3178 4070 3398 4123 confes-

1817 4148 1923 4186 810.

1888 4202 2274 4278 Confiteberis,
2308 4213 2365 4259 et
2414 4204 2666 4260 laudabis
2706 4208 2895 4271 Deum,
2945 4214 3001 4260 et
3044 4207 3392 4278 gloriaberis,

1817 4276 2148 4397 eltllaudabis
2181 4277 2377 4339 Deum,
2417 4288 2474 4332 et
2504 4279 2830 4347 gloriaberis
2860 4280 2911 4329 in
2948 4276 3396 4332 niiscratiOnibus

1817 4359 1831 4395 i
1882 4360 1988 4397 ius.

1889 4420 2063 4479 uuam
2094 4431 2283 4486 magna
2314 4416 2689 4472 misericordia
2723 4416 2962 4482 Domini,
2994 4426 3051 4473 et
3078 4420 3399 4487 pr0pitiatio

1749 4480 1792 4532 D
1821 4485 1969 4538 illius
2003 4480 2453 4542 convertentilius
2488 4490 2555 4541 ad
2590 4489 2683 4543 sel

1891 4557 2004 4610 Nec
2055 4562 2201 4609 enim
2255 4560 2439 4612 omnia
2494 4569 2727 4628 possunt
2783 4575 2905 4615 esse
2962 4560 3017 4613 in
3058 4560 3397 4622 hominibus.

1822 4628 2079 4695 quoniam
2132 4643 2239 4680 non
2273 4640 2354 4681 est
2401 4631 2731 4685 immortalis
2765 4632 2911 4685 filius
2943 4631 3206 4694 hominis,
3240 4644 3296 4684 et
3346 4638 3400 4685 in

1822 4700 2064 4750 vanitate
2098 4700 2317 4751 malitize
2359 4704 2707 4768 placuerunt.

1897 4769 2039 4841 Quid
2107 4771 2347 4823 lucidius
2407 4774 2518 4824 sole
2544 4770 2565 4821 ἱ)
2594 4784 2675 4823 ,ει
2730 4773 2817 4825 hic
2852 4772 3093 4826 deficiet.
3129 4775 3234 4826 Aut
3269 4774 3401 4841 quid

1824 4840 2062 4907 nequius
2091 4855 2255 4908 quam
2285 4843 2431 4908 quod
2463 4845 2790 4912 excogitavit
2821 4859 2949 4897 caro
2976 4855 3030 4898 et
3059 4840 3318 4912 sanguis"!
3349 4856 3405 4899 et

1825 4914 1929 4961 hoc
1963 4921 2243 4977 arguetur.

1899 4980 2164 5033 Virtutem
2196 4981 2505 5054 altitudinis
2530 4982 2653 5036 coeli
2694 4984 2807 5052 ipse
2840 4984 3115 5053 conspicit
3151 5010 3157 5016 -
3196 4997 3253 5039 et
3281 5001 3404 5040 em-

1828 5064 1924 5103 nes
1965 5055 2216 5104 homines
2246 5063 2391 5105 terra
2433 5065 2493 5106 et
2531 5056 2690 5106 Clitis.

2386 5168 2613 5224 CAPUT
2650 5168 2838 5226 XVIII.

1897 5258 1999 5321 Qui
2031 5262 2161 5315 vivit
2190 5263 2242 5316 in
2275 5272 2564 5329 aeternum,
2596 5268 2798 5320 ereavit
2822 5269 3006 5321 omnia
3044 5266 3227 5320 simul.
3255 5265 3398 5319 Dens

1828 5332 1978 5383 solus
2007 5334 2421 5403 justilicabitur,
2459 5344 2514 5389 et
2550 5348 2733 5392 manet
2767 5340 3007 5393 invictus
3038 5352 3130 5390 rex
3165 5352 3218 5388 iii
3242 5344 3400 5389 icter-

1828 5416 1984 5453 ιιιιιιι.
3106 5418 3112 5425 ’

1900 5472 2034 5549 Quis
2074 5474 2273 5529 sullicit
2302 5490 2563 5549 enarrare
2601 5491 2763 5546 opera
2803 5478 2984 5532 illius?

1899 5547 2033 5617 Quis
2066 5550 2213 5600 euini
2248 5547 2599 5616 investigabit
2630 5551 2896 5617 magnalia
2924 5550 3077 5616 ejus?

1906 5613 2174 5697 virtutem
2224 5613 2855 5697 autem“pinguitudinis
2893 5613 3172 5697 ejusquis
3224 5637 3402 5679 enun-

1834 5684 2030 5782 tiabi't?
2077 5699 2170 5741 aut
2217 5692 2341 5757 quis
2373 5684 2596 5757 adiiciet
2644 5684 2937 5746 enarrare'
2966 5684 3405 5752 miscricordiam

1833 5770 1979 5824 ejus:
