3840 6176
403 339 508 404 467

1293 342 1352 400 S.
1389 337 1844 422 HIERQNYMI
1888 336 2154 402 DIYINA
2197 331 2728 393 BIBLIOTHECA.

3508 335 3598 397 468

488 457 722 512 Deﬂecte
751 457 818 511 ab
848 458 959 522 illo,
992 469 1046 512 et
1071 452 1320 509 invenies
1346 449 1612 520 requiem,
1640 458 1696 502 et
1725 462 1835 502 non
1858 461 1974 501 ace-
2006 450 2051 506 Α
2111 445 2240 522 __Vir
2266 443 2496 522 multum
2520 443 2710 522 iurans
2748 436 3064 522 implebitur
3114 436 3402 508 iniquitate,
3444 451 3598 498 etnon

411 527 651 584 diaberis
680 529 733 582 in
782 528 1013 581 stultitia
1056 526 1225 578 illius.

477 600 654 665 Super
686 599 969 667 plutnbum
1000 597 1127 667 quid
1174 590 1538 667 gravabitur?
1595 598 1651 645 et
1702 589 1847 658 quod
1912 591 1989 646 illi

413 663 569 724 aliud
589 663 783 722 nomen
832 681 992 733 quam
1042 664 1224 717 fatuus
1263 663 1286 714 ?

483 739 740 802 Arenam,
776 749 828 791 et
852 728 1046 795 salem,
1078 743 1135 789 et
1191 746 1423 802 maSsam
1453 729 1583 783 ferri
1646 728 1860 802 facilius
1909 741 1994 786 est

417 811 582 870 ferre,
610 800 769 872 quam
822 805 1102 860 hominem
1163 800 1585 870 imprudentem,
1646 809 1701 854 et
1757 801 1989 868 fatuum,

415 891 470 934 et
508 880 755 947 impium.

487 938 873 1000 Lor-"amentum
903 945 1150 1013 ligneum.
1179 942 1494 1010 colligatum
1527 940 1580 994 in
1636 938 1997 1013 [undamento

425 1018 640 1070 aedilicii
674 1033 781 1070 non
811 1009 1145 1069 dissolvetur
1179 1029 1197 1069 :
1224 1013 1302 1066 sic
1327 1009 1387 1065 et
1409 1026 1504 1064 cor
1527 1009 1911 1064 conﬁrmatum
1940 1013 1993 1066 in

419 1087 751 1152 cogitatione
786 1086 1023 1141 consilii.

481 1157 765 1226 Cogilalus
787 1155 991 1211 sensati
1024 1157 1080 1211 in
1103 1153 1255 1212 omni
1282 1161 1548 1220 tempore,
1578 1158 1726 1202 metu
1760 1165 1868 1203 non
1901 1155 1997 1207 de-

422 1229 765 1297 pravabitur.
880 1230 884 1234 ’

488 1297 645 1370 Sicut
676 1298 781 1366 pali
828 1299 882 1357 in
916 1305 1167 1370 excelsis,
1202 1311 1257 1359 et
1285 1306 1545 1353 caementa
1578 1295 1722 1370 sine
1754 1295 1996 1366 impensa

427 1369 627 1438 posita,
663 1365 858 1427 eontra
887 1375 1082 1429 faciem
1114 1365 1263 1430 venti
1304 1384 1413 1422 non
1443 1365 1845 1438 permanebunt
1879 1387 1890 1421 :

487 1437 577 1518 Sic
607 1449 778 1518 et_cor
804 1443 1051 1518 timidum
1077 1445 1135 1518 in
1155 1435 1486 1513 cogitatione
1507 1435 1656 1491 stulti
1686 1447 1874 1491 contra
1899 1438 2001 1492 im-

427 1517 614 1575 petum
643 1513 857 1567 timoris
887 1529 997 1566 non
1033 1516 1269 1570 resistet.

495 1577 645 1631 Sicut
670 1593 766 1632 eor
791 1583 1060 1651 trepidum
1087 1587 1139 1638 in
1162 1585 1491 1653 cogitatione
1522 1583 1677 1645 fatui,
1701 1581 1849 1637 omni
1867 1590 2004 1633 tent-

429 1662 563 1717 pore
595 1664 702 1700 non
728 1662 932 1706 metuet
968 1671 981 1707 :
1009 1655 1089 1709 sic
1117 1663 1173 1710 et
1203 1657 1296 1725 qui
1325 1655 1379 1708 in
1405 1657 1696 1725 praeceptis
1725 1653 1818 1706 Dei
1877 1666 2000 1718 per-

432 1727 616 1789 manet
647 1733 885 1789 semper,

506 1788 1004 1866 Pul'ﬁetts’oculum
1033 1795 1257 1850 deducit
1280 1795 1550 1866 lacrymas
1580 1811 1601 1849 '.
1627 1802 1683 1849 et
1704 1793 1795 1863 qui
1823 1790 2016 1861 pungit
2044 1789 2088 1846 Β

438 1871 555 1915 σοι’.

510 1927 735 2009 Mittens
765 1932 1001 2012 lapidem
1025 1936 1078 2012 in
1109 1934 1648 2012 volatilia,_dejiciet.
1673 1933 1772 1987 illa
1806 1947 1822 1986 :
1855 1930 1935 1986 sic
1962 1939 2018 1985 et

440 2004 534 2080 qui
565 2004 908 2080 conviciator
942 2006 1138 2080 amico,
1167 2005 1418 2080 dissolvit
1445 2004 1764 2080 amicitiam.

503 2068 584 2121 Ad
639 2071 876 2127 anticum
923 2075 1024 2128 etsi
1089 2077 1410 2142 produxeris
1457 2075 1715 2145 gladium,
1767 2087 1871 2126 non
1919 2069 2016 2125 deo

441 2152 632 2222 speres
659 2155 676 2194 ε
703 2152 785 2194 est
816 2145 960 2222 enim
987 2160 1288 2222 regressus.
1317 2146 1397 2222 A_d
1426 2145 1664 2199 amicum

507 2212 866 2289 Siaperueris
895 2229 958 2269 os
983 2212 1157 2289 triste,
1179 2232 1285 2289 non
1319 2216 1513 2289 timeas
1545 2231 1560 2268 :
1589 2212 1850 2289 est_enim
1882 2225 2018 2266 con-

442 2281 706 2359 cordatio,
733 2295 962 2354 excepto
987 2285 1274 2359 convicio,
1305 2295 1359 2339 et
1408 2283 1757 2359 impropcrio,
1783 2295 1867 2359 _et
1924 2297 2019 2359 su-

443 2350 654 2470 perbia,
680 2362 736 2430 et
769 2350 1021 2424 myéterii
1052 2355 1411 2421 revelatione,
1439 2350 1498 2408 et
1519 2350 1676 2424 plaga
1707 2354 1894 2408 dolosa
1921 2367 1938 2406 ;
1963 2351 2018 2404 in

463 2433 530 2470 lls
553 2423 807 2470 omnibus
833 2425 1055 2470 effugiet
1083 2426 1310 2470 amicum-

463 2423 807 2493 iis_ot_nnibns
833 2423 1055 2493 elfugiet
1083 2426 1312 2481 amicus.

513 2488 1101 2570 Fidenrpossidefcuni
1131 2498 1314 2570 amico
1355 2495 1409 2550 in
1467 2501 1790 2565 paupertate
1849 2490 2019 2558 illius,

447 2571 507 2610 ut
540 2563 674 2613 etin
710 2563 866 2618 bOlIIS
893 2566 1280 2620 illiuslaiteris.

509 2630 567 2683 In
594 2640 837 2710 tempore
861 2635 1246 2710 tribulationis
1275 2635 1418 2710 illius
1439 2649 1703 2710 perinane
1729 2632 2021 2699 illiﬁdelis,

449 2709 508 2752 ut
539 2704 664 2752 etin
692 2701 1008 2758 haereditate
1040 2705 1187 2758 illius
1234 2701 1478 2760 cohaere—5
1509 2707 1607 2759 sis.

515 2774 652 2824 Ante
679 2773 860 2840 ignem
893 2776 1090 2828 camini
1126 2790 1317 2843 vapor,
1357 2787 1412 2829 et
1466 2776 1650 2828 Iunius
1695 2772 1837 2844 ignis
1883 2772 2026 2826 inal-

449 2847 598 2920 tatur
624 2859 636 2891 :
665 2846 743 2895 sic
770 2854 828 2920 et
856 2855 982 2899 ante
1006 2846 1328 2916 sanguinem
1385 2845 1698 2908 maledicta,
1729 2853 1785 2898 et
1829 2853 2028 2898 contu-

452 2913 648 2973 inelite,
677 2922 730 2964 ct
762 2915 942 2968 minae.

521 2982 770 3060 Amicum
804 2987 1046 3060 salutare
1075 3001 1182 3040 non
1223 2985 1550 3060 confundar,
1575 3001 1628 3060 Aa
1686 2983 1830 3060 (acie
1880 2981 2030 3036 illius

449 3064 561 3127 non
591 3065 677 3103 me
703 3055 1032 3127 abscondam
1067 3074 1081 3110 :
1119 3058 1245 3112 etsi
1281 3053 1421 3111 mala
1451 3058 1584 3110 mihi
1606 3053 1895 3110 evenerint
1935 3067 2030 3122 per

451 3121 630 3181 illum,
662 3123 968 3178 sustinebo.

517 3189 731 3268 guinis,
756 3195 854 3268 qui
885 3195 1090 3268 audiet,
1123 3197 1338 3268 cavebit
1367 3211 1427 3251 se
1449 3196 1519 3250 ab
1548 3210 1634 3250 eo.

517 3259 652 3324 Quis
680 3259 830 3334 dabit
857 3266 938 3317 ori
963 3280 1084 3319 meo
1117 3267 1448 3330 custodiant,
1468 3275 1523 3321 et
1550 3279 1715 3334 super
1735 3261 1880 3317 labia
1911 3275 2032 3334 mea

455 3330 796 3396 signaculum
819 3345 1049 3404 certum,
1078 3347 1137 3390 ut
1171 3351 1282 3391 non
1310 3340 1498 3392 cadam
1527 3335 1595 3391 ab
1619 3330 1781 3404 ipsis,
1830 3342 1886 3387 et
1930 3333 2034 3386 liii-

458 3415 561 3469 gua
583 3415 703 3454 mea.
730 3403 922 3471 perdat
947 3420 1034 3459 me
1060 3408 1084 3457 ’ἐ

582 1859 791 1926 profert
817 1880 1065 1920 sensum.

1017 3566 1244 3623 CAPUT
1280 3566 1475 3623 XXIII.

531 3683 764 3740 Domine
795 3691 1044 3753 pater,et
1073 3685 1384 3739 dominator
1407 3683 1532 3737 vitae
1557 3696 1724 3753 mea),
1773 3693 1861 3753 ne_
1882 3677 2040 3753 dere-

464 3757 684 3825 linquas
711 3747 881 3808 me'in
915 3747 1146 3810 consilio
1200 3770 1389 3810 eorum
1421 3771 1437 3810 :
1494 3768 1597 3808 nec
1641 3751 1745 3823 Lat.
1772 3747 1864 3821 ne]
1893 3749 2040 3802 sinas

467 3842 556 3882 me
586 3825 782 3879 cadere
815 3825 869 3878 in
906 3827 1033 3879 illis.

535 3898 669 3962 Quis
700 3905 1034 3966 superponet
1063 3895 1116 3948 in
1145 3896 1388 3966 cogitatu
1420 3909 1540 3948 meo
1603 3891 1836 3966 ﬂagella,
1891 3895 1952 3966 e_t_
1986 3887 2041 3939 in

469 3959 636 4023 cor‘de
673 3959 794 4019 meo
822 3959 1129 4020 doctrinam
1158 3959 1466 4036 sapientiae,
1506 3974 1562 4017 ut
1608 3959 2042 4036 ignoratiouibus

469 4051 662 4092 eorum
700 4051 808 4091 non
843 4047 1066 4106 parcant
1097 4029 1255 4105 mihi,
1286 4045 1342 4091 et
1381 4051 1488 4088 non
1520 4029 1819 4104 appareant
1845 4029 2044 4082 delicta

470 4122 684 4161 eorum.

539 4178 604 4231 Et
633 4193 704 4231 ne
724 4174 1109 4233 adincrescant
1141 4177 1462 4248 ignorantia:
1486 4189 1640 4237 meai,
1688 4179 1743 4248 et
1788 4165 2048 4248 multipli-

473 4259 672 4301 ceutur
728 4248 928 4300 delicta
953 4263 1092 4314 mea,
1119 4244 1184 4301 et'
1222 4260 1441 4318 peccata
1488 4262 1606 4298 mea
1660 4244 1960 4318 abundent,
1993 4249 2048 4288 et

473 4319 712 4372 incidam
750 4319 803 4369 in
835 4329 1128 4387 conspectu
1147 4314 1587 4387 adversariorum
1649 4325 1895 4366 meorum
1932 4314 1952 4360 Υ
1994 4317 2050 4360 et

474 4393 710 4459 gaudeat
740 4403 906 4456 super
939 4386 1025 4441 tne
1058 4388 1316 4441 inimicus
1351 4404 1504 4442 meus
1535 4386 1558 4438 'l

544 4458 773 4514 Domine
796 4449 975 4526 pater,
1006 4469 1061 4511 et
1095 4460 1235 4512 Deus
1273 4459 1394 4511 vita:
1425 4473 1579 4521 meae,
1614 4468 1678 4509 ne
1698 4449 2050 4517 derelinquas

474 4543 564 4582 me
594 4529 649 4582 in
689 4537 927 4596 cogitatu
967 4528 1205 4585 illorum.

543 4587 928 4652 Extollentiam
961 4599 1247 4650 oculorum
1278 4613 1520 4652 meorum
1551 4597 1618 4652 tie
1642 4592 1859 4648 dederis
1888 4587 2048 4653 mihi,

478 4679 533 4722 et
561 4683 726 4721 omne
754 4667 1082 4720 desiderium
1108 4679 1295 4720 averte
1323 4683 1351 4720 a
1378 4684 1485 4724 me.
1538 4731 1542 4734 _

543 4741 714 4791 Auler
737 4753 766 4790 a
791 4750 884 4806 me
903 4739 1106 4789 ventris
1131 4731 1626 4806 concupiscenti-as,
1651 4744 1703 4790 ct
1730 4729 2052 4806 concubitus

483 4805 939 4876 concupiscentia:
968 4822 1038 4860 ne
1068 4801 1483 4879 apprchendant
1513 4821 1624 4873 me,
1653 4815 1706 4860 et
1735 4805 1933 4857 anima:
1979 4801 2055 4851 ir-

481 4878 756 4932 reverenti
790 4885 846 4930 et
877 4879 1154 4930 inlrunita:
1184 4893 1252 4930 ne
1278 4879 1458 4932 tradas
1491 4891 1601 4931 me.

558 4947 872 5002 Doctrntam
907 4947 1020 5001 oris
1053 4947 1258 5014 audite,
1291 4949 1386 5001 lilii
1446 4967 1460 5003 :
1490 4958 1544 5002 et
1596 4945 1690 5017 qui
1735 4937 2057 5017 custodierit

484 5019 656 5080 illam,
683 5034 790 5071 non
815 5018 994 5085 periei
1015 5019 1198 5085 labiis,
1229 5013 1332 5073 nec
1356 5013 1818 5073 scandaliiabitur
1846 5013 1900 5066 in
1925 5023 2056 5078 0pc-

484 5090 640 5143 ribus
666 5090 1033 5156 tiequissimts.

552 5161 613 5212 in
645 5170 882 5212 vanitate
907 5174 1006 5213 sua
1056 5159 1482 5230 apprehenditur
1537 5167 1792 5230 peccator
1843 5162 2058 5210 :ctsu-

486 5233 690 5300 perbus
710 5241 764 5283 et
796 5231 1094 5284 maledicus
1121 5229 1580 5294 scandalizabittir
1609 5233 1666 5285 in
1713 5229 1841 5282 illis.

562 5302 830 5357 Jurauoni
865 5317 973 5352 non
1002 5316 1281 5356 assuescat
1307 5319 1369 5356 os
1421 5314 1571 5356 tuum
1637 5316 1651 5355 :
1699 5300 1858 5352 multi
1909 5300 2055 5352 enim

486 5388 645 5427 casus
677 5389 728 5424 iit
754 5372 865 5426 illa.

568 5445 880 5496 nominatio
911 5457 1036 5496 vero
1060 5443 1154 5498 Dei
1202 5459 1312 5498 non
1336 5445 1406 5497 sit
1462 5443 1680 5499 assidua
1710 5441 1763 5493 in
1825 5455 1921 5494 ore
1945 5452 2061 5504 tuo,

487 5527 542 5568 cl
569 5516 881 5570 nominibus
905 5524 1215 5568 sanctorum
1258 5530 1368 5568 non
1395 5514 1745 5568 adiitiscearis
1769 5529 1781 5563 ε
1803 5511 2062 5580 quoniam

488 5601 599 5639 non
632 5589 742 5639 eris
773 5586 1035 5638 immunis
1063 5591 1130 5638 ab
1157 5587 1258 5639 eis.

564 5662 719 5734 Sicut
741 5658 890 5733 enim
922 5669 1113 5732 servus
1145 5658 1507 5734 interrogatus
1536 5653 1804 5734 assidue,_
1836 5667 1866 5705 a
1895 5653 2064 5733 livore

492 5739 604 5777 non
631 5725 898 5778 minuitur
950 5739 962 5774 :
1018 5727 1095 5779 sic
1122 5730 1301 5779 omnis
1320 5725 1531 5797 jurat.s,
1558 5739 1616 5782 et
1660 5725 1968 5790 nominans,
2010 5725 2064 5777 in

500 5803 614 5848 toto
636 5810 666 5850 a
695 5804 921 5863 peccato
951 5808 1058 5850 non
1083 5799 1426 5868 purgabitur.

2096 514 2342 568 discedet
2373 528 2400 564 a
2437 515 2600 564 domo
2625 511 2773 564 illius
2805 511 2984 578 plaga.

2165 585 2231 636 Et
2258 585 2302 638 si
2339 582 2701 643 l‘rustraverit,
2758 581 3020 648 delictum
3074 578 3220 648 illius
3271 594 3420 646 super
3455 580 3604 648 ipsum

2095 655 2199 710 erit:
2228 671 2240 703 :
2272 664 2327 706 et
2362 651 2408 706 si
2433 650 2888 716 dissimulaverit,
2920 647 3190 717 delinquit
3211 647 3310 719 [aL
3342 647 3612 720 delinquat].

2097 724 2408 787 dtipliciter.

2165 793 2298 846 Etsi
2339 792 2392 845 iii
2436 807 2667 845 vacuum
2719 788 3008 856 iuraverit,
3062 803 3167 842 non
3208 787 3610 855 jnstiﬁcabitur:

2097 863 2403 932 replebitur
2429 863 2575 932 enim
2599 859 2961 914 retributione
2982 858 3184 932 domus
3201 859 3373 932 illius.

2176 933 2268 985 Est
2300 943 2350 983 et
2373 931 2476 984 alia
2510 931 2724 997 loquela
2758 927 3030 982 contraria
3054 928 3213 982 morti
3245 943 3384 982 :non
3405 926 3619 982 invenia-

2099 1013 2188 1058 tur
2220 1004 2271 1056 in
2303 1002 2621 1056 haereditate
2642 1000 2831 1054 Jacob.

2169 1073 2382 1126 Etenim
2414 1089 2440 1123 a
2476 1069 2925 1123 misericordibus
2955 1067 3138 1122 omnia
3178 1066 3291 1121 haec
3320 1066 3622 1134 aufercutur,

2101 1152 2157 1197 et
2196 1143 2249 1195 in
2271 1140 2487 1194 delictis
2511 1156 2616 1192 tton
2645 1139 3062 1192 volutabuntur.

2171 1211 2594 1278 lndisciplinata:
2624 1209 2857 1276 loquelae
2884 1221 2992 1260 non
3027 1215 3306 1278 assuescat
3354 1219 3414 1262 os
3454 1215 3623 1262 tuutn:

2103 1291 2186 1336 cst
2209 1283 2354 1334 enim
2377 1276 2439 1333 in
2469 1280 2559 1333 illa
2582 1280 2810 1332 verbum
2842 1276 3074 1345 peccati.

2173 1350 2444 1403 Memento
2469 1350 2638 1418 patris
2667 1360 2720 1402 et
2746 1350 2934 1401 matris
2957 1355 3062 1400 tua:

2103 1430 2484 1490 magiiatorum
2518 1419 2793 1490 consistis.

2170 1485 2248 1544 Ne
2274 1489 2416 1544 forte
2440 1488 2792 1543 obliviscatur
2814 1499 2864 1543 te
2879 1487 3024 1541 Deus
3041 1485 3096 1540 in
3123 1495 3410 1554 conspectu
3430 1486 3635 1552 illorum,

2105 1570 2160 1616 et
2180 1559 2500 1634 assiduitate
2527 1569 2617 1612 tua
2643 1559 2960 1634 ittfatuatus,
2985 1557 3380 1634 improperium
3425 1556 3634 1623 patiaris,

2105 1629 2469 1756 ftdnialuisses
2495 1643 2604 1683 non
2627 1629 2798 1694 nasci,
2819 1637 2875 1682 ct
2902 1627 3045 1682 diem
3072 1626 3370 1679 nativitatis
3421 1638 3516 1679 tua:
3543 1640 3638 1677 ma-

2131 1717 2156 1754 e
2199 1716 2333 1754 tcas.

2131 1716 2333 1754 801088.

2189 1773 2365 1823 llomo
2388 1779 2641 1824 assuetus
2665 1767 2718 1821 in
2747 1767 2932 1822 verbis
2961 1766 3303 1838 improperii,
3323 1766 3375 1820 in
3422 1762 3639 1818 omnibus

2117 1842 2308 1898 diebus
2335 1842 2450 1896 suis
2469 1857 2579 1894 non
2608 1839 2908 1893 erudietur.

2193 1916 2309 1967 Duo
2337 1926 2538 1980 genera
2563 1910 2847 1964 abundant
2876 1909 2930 1961 in
2964 1909 3231 1978 peccatis,
3254 1917 3307 1962 et
3330 1905 3536 1961 tertium
3565 1903 3646 1956 ad-

2120 1983 2271 2038 ducit
2302 1980 2459 2046 iram,
2488 1993 2542 2035 et
2569 1981 2954 2048 perditionem.

2183 2051 2378 2106 Anima
2404 2044 2582 2105 calida
2599 2049 2755 2119 quasi
2779 2049 2919 2116 ignis
2937 2047 3140 2102 ardens
3163 2062 3273 2100 non
3289 2044 3646 2115 esstinguetur,

2120 2123 2295 2178 donec
2320 2121 2526 2189 aliquid
2561 2122 2754 2190 glutiat
2789 2135 2808 2174 :
2992 2179 2998 2184 ,

2191 2194 2259 2248 Ει
2285 2181 2448 2245 homo
2478 2181 2713 2260 nequam
2738 2190 2793 2244 iit
2823 2204 2920 2244 ore
2950 2181 3136 2243 carnis
3168 2202 3282 2241 sua:
3323 2199 3428 2240 non
3450 2181 3651 2243 desinet,

2121 2261 2298 2318 donec
2337 2262 2590 2316 incendat
2650 2262 2850 2328 ignem.

2204 2333 2422 2388 llomiui
2447 2321 2742 2386 fornicar'io
2761 2330 2941 2386 omnis
2963 2329 3123 2399 panis
3149 2327 3345 2393 dulcis,
3372 2341 3474 2380 nou
3494 2321 3653 2389 fatiga-

2122 2404 2273 2458 bitur
2300 2403 2704 2470 transgrediens
2732 2416 2906 2469 usque
2937 2401 3003 2453 ad
3043 2402 3264 2470 tinem._
3424 2410 3429 2417 '

2188 2475 2380 2530 Omnis
2432 2467 2594 2526 h'omo
2643 2472 2733 2540 qui
2793 2467 3475 2540 transgrediturpleetumn
3500 2476 3652 2540 suum,

2124 2553 2483 2650 CDIltlel‘:tllellS
2515 2543 2572 2596 in
2604 2535 2844 2595 animam
2879 2535 3061 2606 suam,
3091 2547 3150 2594 et
3174 2538 3368 2592 dicens
3401 2554 3414 2588 :
3443 2535 3560 2597 Quis
3585 2547 3656 2583 ine

2125 2630 2196 2650 "Il
2223 2625 2270 2650 nl

2125 2614 2276 2668 videt
2299 2614 2314 2665 ἓ

2195 2682 2458 2738 Tenebrae
2487 2681 2827 2736 circumdant
2861 2693 2970 2744 me,
2994 2689 3052 2733 et
3115 2677 3354 2748 parietes
3375 2672 3664 2748 cooperient

2128 2771 2239 2821 me,
2272 2765 2322 2808 et
2357 2768 2519 2808 nemo
2546 2751 2922 2817 circumspicit
2951 2742 3038 2803 me
3083 2742 3512 2821 z'queni_vereor
3540 2742 3558 2793 ?
3587 2743 3663 2794 de~

2127 2814 2384 2880 lictorum
2413 2837 2662 2876 meorum
2700 2814 2808 2874 non
2840 2814 3245 2874 memorabiiur
3270 2814 3578 2870 Altissimus.

2214 2896 2282 2949 Et
2310 2910 2421 2947 non
2479 2893 2731 2960 intelligit
2783 2891 3040 2958 quoniam
3099 2887 3283 2942 omnia
3332 2886 3469 2960 videt
3504 2881 3666 2960 oculus

2132 2966 2302 3032 illius,
2335 2964 2594 3032 quoniam
2623 2951 2849 3030 eipellit
2877 2977 2905 3012 a
2933 2977 2991 3014 se
3043 2960 3310 3032 timorem
3369 2957 3454 3006 Dei
3475 3024 3484 3032 _
3509 2951 3667 3032 hujus-

2133 3024 2300 3090 mudi'
2338 3024 2578 3089 hominis
2611 3024 2792 3096 tinior,
2823 3041 2880 3085 et
2910 3030 3059 3084 oculi
3120 3029 3404 3083 hominum
3454 3024 3675 3077 timentes

2133 3107 2336 3160 illum‘:

2205 3158 2272 3230 Et
2305 3158 2414 3229 non
2447 3173 2703 3242 cegnovit
2759 3171 3016 3242 quoniam
3065 3169 3217 3224 oculi
3247 3165 3478 3242 _Domini
3527 3158 3670 3242 Ill-tilio

2135 3248 2257 3317 plus
2279 3236 2574 3300 lucidiorEs
2620 3251 2747 3297 sunt
2777 3236 2903 3313 ’[αι.
2931 3251 3069 3317 ἰαρ.
3111 3237 3268 3317 sunt]
3328 3250 3485 3304 super
3511 3236 3675 3317 solent»

2136 3303 2648 3385 circuitispicientes
2675 3303 2868 3385 onufes
2891 3314 3007 3364 vias
3029 3303 3344 3385 hominum,
3391 3303 3445 3360 et
3487 3303 3678 3385 proluit-

2136 3389 2265 3441 dum
2317 3373 2520 3456 ab'yssi,
2572 3395 2628 3438 et
2675 3384 2956 3438 hominum
2987 3384 3165 3434 corda
3187 3383 3460 3433 intuentes
3494 3389 3542 3426 tu
3573 3373 3676 3422 abs-

2136 3457 2387 3513 conditas
2422 3470 2628 3524 partes.
2669 3523 2676 3524 ί
3643 3508 3651 3517 ,

2220 3523 2452 3580 Domino
2483 3529 2627 3577 enim
2662 3523 2774 3578 Deo
2802 3531 3104 3589 antequam
3138 3526 3484 3578 crearentur,
3530 3523 3681 3585 omnia

2139 3608 2268 3652 sunt
2290 3599 2474 3666 agnita
2501 3613 2516 3650 :
2550 3597 2629 3649 sic
2657 3605 2712 3648 et
2743 3602 2866 3662 post
2888 3595 3200 3666 perlectum
3236 3591 3461 3666 respicit
3493 3594 3682 3666 omnia:

2213 3662 2393 3720 llicin
2452 3667 2644 3734 plateis
2697 3667 2934 3717 ClVlIallS
2997 3662 3404 3734 vindicabitur,
3455 3663 3686 3732 etuquau

2143 3740 2327 3808 pullus
2355 3732 2590 3805 equinus
2614 3735 2892 3804 fugabitur
2917 3750 2930 3785 :
2960 3742 3016 3784 ct
3054 3732 3151 3784 ubi
3182 3747 3294 3784 non
3330 3735 3575 3796 speravit,
3610 3735 3688 3785 apo

2143 3811 2536 3877 prehendetur.
2819 3873 2849 3877 η
3227 3871 3238 3877 _
3403 3869 3414 3877 _
3514 3865 3541 3877 η
3637 3860 3668 3877 _.

2217 3881 2279 3934 Ei
2302 3887 2406 3933 erit
2424 3877 2663 3932 dedecus
2684 3873 2962 3939 omnibus,
2993 3887 3062 3927 eo
3087 3871 3242 3943 quod
3264 3885 3376 3924 non
3401 3865 3692 3922 intellexerit

2147 3953 2397 4006 timorem
2427 3947 2664 4000 Domini.

2219 4021 2310 4076 Sic
2341 4029 2395 4072 et
2421 4018 2618 4071 mulier
2644 4015 2823 4069 omnis
2850 4014 3180 4083 relinquetis
3241 4011 3419 4065 virum
3449 4017 3616 4083 suum,
3651 4007 3697 4052 et

2149 4104 2398 4146 Statuens
2424 4088 2800 4140 [nereditatem
2827 4101 2892 4137 ex
2915 4082 3102 4137 alieno
3136 4082 3514 4150 matrimonio.
3571 4144 3587 4150 Δ
3621 4142 3628 4150 Ι

2229 4144 2410 4217 I’rtmo
2438 4159 2585 4212 enim
2614 4158 2669 4209 in
2698 4159 2816 4226 lege
2848 4155 3120 4226 Altissimi
3184 4147 3520 4226 incredibilis
3567 4144 3696 4226 fuit}

2150 4210 2402 4287 second—ev
2421 4210 2688 4282 inivirum
2708 4210 2868 4280 stium
2898 4224 3141 4292 deliqmt
3173 4240 3190 4278 :
3225 4223 3390 4276 tertio
3415 4229 3468 4272 et
3498 4218 3548 4269 in
3573 4210 3702 4292 adulf

2153 4304 2292 4357 terio
2326 4301 2594 4355 iornicata
2623 4308 2812 4365 est,et
2864 4310 2929 4350 ex
2983 4287 3094 4348 alio
3165 4296 3291 4348 viro
3355 4292 3491 4344 iiltos
3539 4287 3700 4341 statuit

2152 4374 2281 4428 sibi.

2239 4424 2364 4496 llaec
2396 4443 2452 4496 in
2480 4440 2764 4496 ecclesiam
2798 4435 3133 4499 adducetur,
3191 4443 3252 4488 et
3301 4433 3359 4486 in
3420 4429 3552 4482 ﬁlios
3607 4424 3706 4490 ejus

3119 1362 3136 1402 :
3182 1346 3240 1400 in
3281 1331 3454 1400 medio
3506 1347 3632 1402 enim

2083 4516 2129 4570 υ
2158 4518 2501 4580 respicietur.

2235 4570 2354 4638 Ron
2375 4585 2591 4637 tradent
2630 4579 2727 4634 lilii
2757 4579 2876 4648 ejus
2903 4578 3148 4644 radices,
3185 4583 3243 4630 et
3290 4571 3426 4628 rami
3461 4570 3573 4640 ejus
3616 4574 3706 4617 non

2154 4656 2363 4710 dabunt
2399 4657 2673 4718 [ructuqu
2773 4718 2780 4720 ξ
2868 4718 2876 4720 _
3328 4715 3337 4720 _
3524 4709 3535 4720 .

2233 4708 3037 4793 Derelinquetm‘maledict‘um
3095 4715 3434 4772 memoriam
3491 4709 3618 4781 ejus,
3666 4708 3710 4754 et

2155 4799 2399 4853 dedecus
2461 4789 2608 4847 illius
2642 4807 2750 4845 non
2779 4789 3076 4844 delenitur.
3471 4853 3478 4855 _

2231 4841 2755 4934 Et‘agtio-seeii't
2786 4841 3074 4934 idcrelictii
3104 4867 3281 4934 sunt,
3320 4853 3566 4934 quoniam

2159 4927 2462 4994 melius'est
2484 4950 2647 5005 quam
2678 4927 3022 5005 iiinoerei:
3050 4939 3116 5005 et
3138 4931 3287 4984 nihil
3318 4927 3529 4982 dulcius
3577 4927 3714 4988 quain

2159 5011 2432 5078 respicere
2461 5000 2518 5059 llI
2546 5003 2820 5057 mandatis
2853 5000 3092 5078 Domitii.

2225 5070 2413 5134 Gloria
2437 5091 2631 5144 magna
2671 5084 2755 5128 est
2813 5085 2973 5144 sequi
3021 5070 3346 5124 hominum

2159 5155 2307 5207 enim
2339 5143 2552 5205 dierum
2577 5155 2888 5200 assentetur
2913 5143 2981 5194 ab
3009 5154 3102 5194 eo.

3403 5084 3418 5120 :
3469 5054 3717 5131 longitudo

2717 5306 2941 5364 CAPUT
2983 5301 3187 5358 XXIV.

2243 5420 3055 5501 Sapientialaudabit-animant
3092 5432 3285 5501 suam,
3317 5424 3374 5494 et
3404 5415 3486 5501 im
3507 5408 3609 5460 Deo
3640 5405 3722 5455 lio-

2164 5484 2474 5562 iterabitur,
2501 5509 2557 5552 et
2583 5499 2637 5550 in
2667 5495 2850 5548 medio
2873 5490 3060 5560 pepuli
3111 5489 3204 5545 sui
3233 5484 3575 5557 gloriabitur.
3615 5554 3626 5562 Δ
3680 5540 3689 5562 ε

2239 5554 2302 5627 Ει
2333 5575 2384 5625 iit
2412 5554 2657 5624 ecclesiis
2688 5554 2959 5616 Altissnni
2984 5563 3208 5628 aperiet
3240 5554 3308 5610 os
3345 5572 3526 5618 suum,
3582 5554 3631 5600 ct
3679 5555 3724 5593 ιιι

2166 5657 2465 5712 conspectu
2489 5637 2710 5692 virtutis
2732 5635 2878 5712 illius
2903 5632 3262 5712 ειοηλξωξιξτο
3389 5705 3400 5712 ,
3436 5694 3449 5705 .
3523 5685 3649 5712 _.._.:

2240 5688 2814 5776 E't'niiﬁedio'pOpuu
2843 5688 2934 5759 sui
2955 5702 3328 5767 csaltabitur,
3349 5705 3411 5756 et
3436 5694 3491 5752 in
3519 5688 3729 5766 pletiltll‘

2172 5787 2299 5844 dine
2329 5792 2519 5840 sancta
2542 5777 2948 5850 admirabitut.
