3840 6176
354 377 456 441 471

430 487 622 543 Mulier
653 486 699 543 si
734 488 1032 557 primatum
1091 482 1313 546 habeat,
1366 482 1641 539 contraria
1709 487 1793 535 est
1820 475 1938 532 viro
1968 482 2014 532 Δ

358 575 481 617 δυο.

429 614 538 685 Cor
559 628 792 696 humile,
822 635 876 684 et
928 626 1096 684 facies
1148 621 1345 689 tristis,
1397 629 1455 677 et
1511 619 1673 696 plaga
1731 614 1937 680 cordis.

360 700 559 755 mulier
584 692 841 769 nequam.
1251 763 1286 769 η
1387 762 1401 769 ,

434 770 623 825 Manus
654 762 887 831 debiles,
922 779 979 825 et
1012 779 1191 839 genua
1235 762 1525 830 dissoluta,
1557 762 1754 821 mulier
1809 774 1938 831 qua:

363 854 471 895 non
505 839 782 895 beatiﬁcat
804 839 981 893 virum
1014 852 1200 894 suum.

433 911 478 961 A
518 909 751 964 muliere
782 908 997 964 initium
1042 908 1249 963 factum
1306 912 1391 969 est
1446 903 1680 974 peccati,
1721 909 1779 957 et
1847 915 1942 971 per

362 978 508 1032 illam
539 994 730 1033 omnes
760 980 1045 1033 morimur.

433 1049 551 1104 Non
578 1051 673 1104 des
702 1064 858 1118 aqua:
894 1060 1000 1108 tua:
1028 1048 1271 1110 exitum,
1316 1059 1428 1118 nec!
1477 1042 1761 1105 modicum
1793 1060 1809 1098 :
1844 1055 1946 1096 nec

364 1120 582 1174 mulieri
613 1115 847 1188 nequam
876 1120 1091 1174 veniam
1126 1115 1454 1189 prodeundi.

437 1191 494 1243 Si
526 1206 632 1245 non
662 1179 1025 1253 ambulaverit
1053 1179 1377 1251 ad'manum
1411 1194 1585 1249 tuam,
1643 1179 1947 1243 contundet

365 1268 415 1313 te
442 1261 494 1314 in
520 1272 818 1326 conspectu
848 1260 1217 1317 inimicorum.
1624 1298 1625 1301 η

433 1330 766 1393 Acarnibus
800 1331 908 1390 tuis
932 1328 1191 1391 abscinde
1250 1327 1421 1391 illam,
1483 1340 1553 1389 ne
1611 1337 1830 1393 semper
1894 1330 1947 1375 te

364 1401 641 1455 abutatur.

930 1468 1158 1539 CAPUT
1184 1467 1376 1537 XXVI.

442 1586 697 1643 Mulieris
724 1586 882 1640 bona:
914 1584 1105 1639 beatus
1140 1582 1223 1637 vir
1256 1594 1560 1638 :numerus
1595 1581 1745 1635 enim
1778 1591 1951 1633 anno-

372 1672 495 1710 rum
528 1657 676 1713 illins
703 1657 922 1725 duplex.

438 1726 630 1782 Mulier
669 1719 825 1783 fortis
856 1727 1093 1783 oblectat
1115 1723 1295 1778 virum
1330 1736 1513 1787 suum,
1551 1732 1607 1776 et
1644 1735 1818 1777 annos
1860 1719 1952 1774 vi-

374 1806 442 1851 tzn
477 1798 622 1851 illius
663 1799 719 1852 in
760 1812 893 1868 pace
923 1790 1189 1866 implebit.

444 1841 1241 1935 ﬁgi-'50};,‘gﬁiiig'é'iiéiii'fin
1262 1872 1419 1934 parte
1440 1860 1748 1927 timentium
1781 1861 1951 1926 Deum
1984 1841 2028 1899 Β

371 1937 590 2009 dabitur
619 1928 754 1993 viro.
774 1930 873 2009 pro
902 1928 1062 1991 factis
1096 1928 1272 2009 bonis;

450 2007 645 2063 Divitis
668 2001 959 2086 autemet
991 2008 1247 2086 pauperis
1277 2020 1373 2086 eor
1423 2002 1654 2071 bonum,
1691 2002 1746 2059 in
1798 2001 1949 2067 omni

380 2088 625 2148 tempore
664 2080 851 2133 vultus
887 2077 1345 2147 illorum’ltilaris.

446 2143 912 2217 A'tribustimuit
948 2163 1041 2203 cor
1073 2143 1364 2215 inenm,et
1413 2146 1469 2199 in
1528 2152 1725 2215 quarto
1780 2143 1952 2209 [acies

377 2233 495 2271 mea
530 2223 724 2275 metuit
755 2234 770 2274 :

446 2290 753 2357 Delaturam
780 2290 1018 2357 civitatis
1051 2306 1065 2342 :
1102 2296 1155 2343 et
1182 2285 1561 2341 collectionem
1598 2283 1808 2355 populi,

443 2353 786 2442 calumniam
835 2353 1194 2427 mendacem:
1237 2372 1403 2426 super
1465 2353 1716 2425 titortetn,
1766 2353 1951 2422 omnia

374 2445 561 2498 gravia
590 2444 605 2497 ξ

445 2501 609 2556 Dolor
638 2503 819 2559 cordis
846 2512 901 2557 et
929 2502 1131 2562 luctus,
1172 2500 1369 2555 mulier
1397 2497 1665 2568 zelotypa.

447 2572 503 2624 In
538 2576 767 2638 muliere
821 2574 1067 2645 zelotypa
1116 2572 1388 2640 ﬂagellum
1440 2570 1658 2639 linguae,
1692 2568 1950 2631 omnibus

372 2658 809 2699 οοηιιιιιιιιιοεηιε.

444 2713 600 2769 Sicut
621 2716 824 2781 bonum
846 2716 1060 2787 jugum,
1095 2712 1240 2784 quod
1271 2720 1542 2787 movetur,
1570 2710 1641 2763 ita
1667 2717 1722 2763 et
1754 2709 1952 2787 mulier

373 2800 629 2866 nequam:
668 2788 763 2855 qui
800 2780 947 2842 tenth
1004 2780 1177 2849 illam,
1233 2783 1387 2863 quasi
1439 2783 1533 2850 qui
1590 2780 1952 2861 apprehendit

370 2872 429 2909 sc
452 2870 735 2923 irptonem.

444 2920 633 2981 Miilicr
663 2920 879 2983 ebriosa
936 2928 1018 2983 ira
1074 2938 1309 2996 magna:
1378 2931 1435 2976 et
1487 2920 1845 2986 contumelia,
1898 2929 1952 2985 et

379 2998 659 3081 IUl-Plllltio
679 2999 842 3081 illius
874 3014 995 3081 non.
1030 3007 1263 3081 legetur.

441 3060 751 3129 Fornicatio
783 3060 1028 3135 mulieris
1052 3060 1109 3122 in
1133 3062 1451 3129 extollentia
1475 3062 1782 3128 oculorum,
1810 3070 1867 3117 et
1897 3060 1952 3123 in

369 3137 645 3213 palpebris
674 3138 819 3203 illius
852 3147 1205 3207 agnoscetur.

440 3201 497 3260 lii
534 3209 640 3261 lilia
667 3201 1080 3262 nonan-“rimo
1108 3224 1187 3268 se,
1253 3204 1408 3269 ﬁrma
1457 3201 1765 3267 custodiam
1795 3219 1809 3257 :

369 3280 589 3341 inventa
623 3278 917 3332 occasione
948 3288 1135 3331 utatur
1161 3292 1241 3330 se.

442 3347 522 3411 Al)
545 3348 694 3413 omni
726 3349 1084 3402 irreverentia
1115 3345 1398 3403 oculorum
1429 3344 1547 3415 ejus
1578 3359 1731 3412 cave,
1766 3352 1823 3405 et
1879 3360 1950 3408 ne

373 3418 591 3477 mireris
620 3420 664 3470 si
698 3430 748 3472 te
798 3420 1115 3486 neglexerit.

442 3488 597 3546 Sicut
630 3489 803 3555 viator
832 3484 1051 3557 sitiens,
1077 3488 1143 3542 ad
1177 3488 1383 3543 fontem
1417 3502 1479 3542 os
1510 3484 1743 3556 aperiet,
1794 3494 1847 3557 et
1877 3485 1948 3539 ab

370 3559 520 3613 omni
556 3573 695 3626 aqua
729 3556 975 3627 proxima
1007 3560 1175 3628 bibet,
1212 3571 1266 3611 et
1300 3568 1489 3611 contra
1515 3564 1732 3628 omnem
1764 3556 1949 3628 pulum

372 3629 605 3691 sedebit,
638 3638 693 3681 et
724 3626 913 3683 contra
946 3626 1167 3693 omnem
1203 3629 1457 3698 sagittam
1502 3626 1713 3698 aperiet
1742 3626 1950 3695 pltare-

375 3711 535 3764 tratn,
570 3701 747 3753 donec
785 3700 1025 3753 deliciat.

439 3769 623 3825 Gratia
652 3768 898 3832 mulieris
934 3770 1137 3824 scdulte
1184 3767 1478 3825 delectabit
1536 3766 1714 3821 virum
1764 3780 1947 3833 suum,

372 3849 429 3903 et
454 3854 575 3894 ossa
611 3840 755 3893 illius
786 3841 1167 3910 impinguabit.

448 3912 743 3979 Disciplina
770 3912 913 3966 illius
937 3915 1124 3968 datum
1158 3910 1251 3966 Dei
1280 3916 1383 3965 est.

300 4030 303 4033 λ
445 3977 638 4049 Mulier
669 3993 887 4041 sensata
925 3992 979 4038 et
1015 3985 1178 4038 tacita
1237 3996 1345 4036 non
1372 3988 1456 4035 est
1486 3977 1797 4033 immutatio
1821 3992 1950 4035 eru-

372 4051 497 4113 dita:
534 4053 748 4106 animae.

445 4123 629 4177 Gratia
662 4139 827 4194 super
868 4125 1097 4195 gratiam
1158 4122 1355 4185 mulier
1408 4128 1621 4187 sancta,
1677 4127 1734 4177 et
1779 4120 1950 4189 pudo-

374 4206 513 4247 rata.

400 4334 410 4345 .
442 4263 636 4345 Omnis
659 4278 841 4321 autem
870 4265 1196 4336 ponderatio
1224 4278 1334 4329 non
1359 4269 1443 4318 est
1468 4260 1631 4331 digna
1661 4263 1952 4327 continen-

374 4342 444 4390 tis
476 4342 687 4393 animm.
1360 4346 1363 4349 '

445 4407 598 4461 Sicut
627 4402 708 4464 sol
731 4410 915 4466 oriens
941 4408 1145 4464 mundo
1172 4407 1227 4461 in
1256 4404 1539 4461 altissimis
1561 4402 1691 4458 Dei:
1725 4404 1805 4459 sic
1832 4418 1951 4459 mu-

374 4480 524 4534 lieris
546 4482 702 4541 bonae
762 4484 973 4549 Species
1010 4482 1065 4535 in
1118 4487 1503 4549 ornamentum
1564 4476 1759 4529 domus
1803 4476 1948 4542 ejus.

446 4550 695 4607 Lucerna
735 4546 1029 4621 splendens
1050 4564 1217 4618 super
1244 4546 1633 4621 candelabrum
1671 4555 1947 4609 sanctum,

372 4631 428 4673 et
452 4622 664 4699 species
694 4618 849 4685 [aciei
872 4637 1039 4694 super
1070 4628 1288 4699 aetatem
1313 4618 1588 4699 stabileu}.

444 4684 725 4745 Columnae
759 4684 1129 4759 aureae'supcr
1162 4692 1676 4759 bascshargentcas,
1705 4695 1757 4739 et
1785 4684 1952 4755 pedes

376 4761 515 4831 lirmi
547 4776 714 4831 super
742 4762 956 4831 plantas
983 4756 1197 4815 stabilis
1226 4756 1494 4811 mulieris.

445 4825 818 4896 Fundamenta
852 4842 1055 4895 aeterna
1102 4843 1267 4900 supra
1320 4838 1531 4897 petram
1584 4825 1840 4893 solidam,
1897 4834 1954 4879 et

374 4903 634 4965 mandata
669 4902 762 4967 Dei
820 4907 874 4969 in
910 4904 1077 4963 corde
1115 4901 1360 4953 mulieris
1386 4906 1614 4952 sanctae.

449 4974 507 5027 In
540 4966 756 5029 duobus
786 4966 1172 5028 contristatum
1208 4980 1295 5026 est
1321 4984 1417 5024 cor
1442 4984 1649 5033 meum,
1673 4977 1727 5022 et
1757 4966 1811 5021 in
1846 4976 1953 5029 ter-

372 5050 454 5113 tio
486 5046 771 5100 iracundia
802 5046 934 5098 milii
969 5041 1190 5098 advenit
1226 5057 1240 5095 :

452 5120 541 5175 Vir
576 5117 804 5169 bellator
843 5115 1105 5175 deﬁciens
1133 5128 1230 5185 per
1263 5112 1505 5183 inopiam
1539 5126 1553 5164 :
1586 5119 1643 5175 et
1690 5109 1775 5163 vir
1821 5122 1951 5171 sen-

374 5201 524 5246 satns
546 5196 921 5257 contemptus:

446 5266 512 5317 Et
543 5268 633 5334 qni
668 5250 1115 5334 transgreditura
1143 5257 1354 5328 justitia
1379 5256 1444 5311 ad
1465 5261 1772 5325 peccatum,
1815 5250 1957 5305 Deus

376 5331 590 5406 patravit
614 5348 746 5406 cum
775 5336 843 5385 ad
871 5331 1265 5406 rbompbaeam.

454 5408 579 5462 Duae
602 5393 1107 5476 species_dilﬁciles
1144 5410 1200 5453 et
1256 5396 1581 5476 periculosae
1623 5393 1755 5476 milii
1794 5408 1957 5476 appa-

376 5467 894 5534 τυυτυιιιίυὶιϋυὶιε
923 5472 1142 5525 exuitur
1171 5467 1456 5539 negetians
1481 5484 1517 5543 _a
1558 5467 1905 5543 negligentia
1932 5475 1947 5514 :

282 5608 285 5617 ι
376 5560 432 5602 ct
463 5566 571 5604 non
591 5545 985 5618 jusulicabitur
1016 5556 1196 5610 caupo
1227 5536 1265 5592 aI
1289 5536 1527 5610 peccatis
1556 5536 1848 5589 labiorum.

941 5680 1170 5741 CAPUT
1201 5678 1413 5736 XXVII.

455 5781 686 5847 Propter
712 5780 951 5847 inopiam
984 5776 1140 5829 multi
1172 5773 1524 5847 deliquerunt
1551 5783 1565 5835 ;
1606 5776 1657 5825 et
1685 5766 1775 5837 qui
1803 5781 1953 5836 qua:-

386 5852 454 5911 rit
480 5846 824 5920 locupletari,
857 5856 1054 5907 avertit
1088 5846 1307 5906 oculum
1336 5856 1518 5901 suum.

1270 374 1332 445 S.
1372 369 1819 441 HIERONYHI
1862 363 2135 427 DIVINA
2179 353 2714 431 BIBLIOTHECA,

3513 332 3621 399 ΗΞ

2114 472 2270 527 Sicut
2300 472 2353 525 in
2378 452 2557 523 medio
2588 461 2930 535 compaginis
2955 455 3099 535 Iupid
3115 470 3204 509 um
3229 452 3386 535 palus
3410 447 3618 535 ﬁgitur;

2043 542 2124 598 sic
2162 553 2217 596 et
2240 542 2383 603 inter
2408 540 2649 594 medium
2681 531 3013 591 venditionis
3038 537 3093 583 et
3114 531 3411 595 emptionis
3443 533 3621 590 Inﬁt]?

2045 612 2300 667 stiabitur
2329 620 2661 681 peccatum._
2703 675 2737 681 η
3026 670 3041 681 ,
3083 668 3117 681 ,,

2110 668 2435 737 Conterétur
2472 694 2597 743 cum
2630 675 2988 749 dAelinqu‘ente
3010 668 3295 749 delictum.

2115 734 2395 807 Si'iidh'in
2426 740 2624 809 timore
2653 734 2867 803 Domi'ni
2919 739 3165 799 tenueris
3218 747 3272 797 te
3323 734 3622 795 instanter,

2045 822 2157 877 cito
2184 823 2536 881 stibvertetur
2565 818 2762 872 domus
2793 825 2909 869 tua.
3197 878 3249 884 __
3378 875 3391 884 _
3434 875 3446 884 _
3569 872 3584 884 ,

2117 875 2280 947 εἰᾶυί
2300 875 2355 946 in
2392 875 2738 960 percussura‘
2767 878 3278 960 cribrinremanebit
3302 875 3515 948 pulvis:
3537 875 3628 929 sic

2047 964 2238 1033 aporia
2272 952 2510 1033 hominis
2535 960 2590 1033 in
2624 957 2862 1033 cogitatu
2892 952 3063 1033 illius.

2122 1018 2258 1086 V‘asa
2288 1020 2436 1101 liguli
2468 1029 2663 1101 probat
2693 1018 2908 1087 ἴοι-ηπ,
2928 1036 2984 1079 et
3011 1022 3265 1079 homines
3289 1018 3465 1089 iustos
3494 1022 3627 1071 ten,

2050 1102 2186 1157 tatio
2215 1100 2607 1164 tribulationis.
2692 1154 2703 1165 ,
3063 1163 3097 1168 μ
3159 1162 3178 1168 _

2120 1155 2861 1238 Sicutrusticatio’de'ligno
2888 1162 3391 1238 ostendit_l‘r_uetum
3422 1155 3571 1211 illius
3602 1175 3619 1211 :

2050 1244 2129 1301 sic
2162 1243 2387 1301 verbum
2422 1256 2491 1301 ex
2522 1232 2973 1310 cogitatu'cordis
3006 1232 3266 1310 hominis.
3326 1299 3339 1310 _
3537 1298 3550 1310 .

2120 1312 2261 1369 Ante
2289 1299 2621 1366 sermonem"
2630 1324 2742 1369 non
2803 1306 2993 1363 laudes
3052 1304 3229 1364 virum
3260 1317 3275 1366 ;
3326 1299 3441 1357 haec
3463 1299 3623 1353 enim

2053 1382 2286 1437 tentatio
2311 1392 2396 1436 est
2421 1382 2728 1443 hominum,

2127 1452 2183 1507 Si
2222 1451 2471 1519 sequaris
2496 1439 2790 1521 justitiam,
2820 1442 3203 1521 apprehenst
3241 1442 3411 1521 illam;
3443 1448 3498 1493 et
3532 1438 3633 1491 in-

2051 1523 2187 1581 dtIes
2246 1510 2404 1591 quasi
2434 1510 2691 1591 po'derem
2723 1510 2971 1591 honoris,
3006 1525 3061 1569 et
3109 1510 3442 1591 ittliabitabis
3491 1523 3630 1587 curn

2056 1580 2139 1653 ea.
2186 1602 2242 1648 et
2266 1580 2515 1661 proteget
2537 1601 2597 1661 te
2635 1590 2690 1644 iit
2723 1588 3139 1656 sempiternum,
3173 1594 3229 1639 et
3274 1584 3331 1638 in
3355 1580 3443 1635 die
3467 1580 3637 1648 agni?

2054 1664 2219 1717 tionis
2249 1660 2495 1716 invenies
2521 1660 2947 1715 ﬁrmamentum.

2126 1731 2379 1795 Volatilia
2408 1732 2474 1785 ad
2511 1731 2615 1785 sibi
2641 1730 2842 1784 similia
2892 1724 3273 1782 conveniunt:
3311 1731 3368 1779 et
3424 1720 3641 1775 veritas

2056 1803 2269 1873 adiens,
2295 1804 2387 1870 qui
2415 1813 2708 1873 operantur
2733 1800 2900 1858 illam,
2938 1805 3271 1873 revertetur.

2125 1872 2236 1928 Leo
2255 1866 2531 1926 venationi
2556 1871 2843 1933 insidiatur
2862 1880 3078 1936 semper
3109 1880 3124 1921 :
3146 1866 3228 1921 sic
3249 1870 3471 1937 peccata
3493 1873 3640 1930 ope-

2056 1944 2304 2008 rantibus
2333 1943 2675 2011 iniquitates.

2126 2002 2298 2081 Homo
2327 2002 2550 2067 sanctus
2579 2013 2632 2065 iii
2666 2006 2930 2079 sapientia
2962 2015 3147 2063 manet
3176 2007 3318 2064 sicut
3345 2002 3426 2061 sol
3452 2016 3469 2054 :
3491 2016 3637 2067 nam

2052 2084 2253 2139 stultus
2277 2084 2417 2138 sicut
2444 2085 2572 2135 luna
2604 2089 2862 2135 mutatur.

2130 2155 2190 2215 In
2222 2156 2405 2217 medio
2431 2153 2834 2219 insensatoruui
2869 2166 3026 2208 serva
3060 2148 3288 2203 verbum
3350 2142 3583 2214 tempori
3622 2157 3642 2194 :

2055 2225 2111 2292 in
2137 2225 2317 2279 medio
2369 2232 2553 2288 autem
2586 2221 2944 2290 cogitantium
2979 2220 3232 2292 assiduus
3258 2226 3401 2292 esto.

2125 2283 2381 2349 Narratio
2404 2283 2742 2362 peccantium
2784 2283 2997 2359 odiosa,
3029 2299 3085 2346 et
3131 2291 3279 2344 risus
3298 2286 3511 2341 illorum
3578 2283 3646 2339 in

2053 2364 2266 2433 deliciis
2299 2364 2529 2433 peccati.
2636 2376 2643 2385 ·

2128 2424 2367 2503 Loquéla
2400 2426 2849 2502 multumjurans
2927 2428 3405 2503 horripilationem
3454 2424 3644 2503 capiti

2054 2497 2259 2573 statuet
2290 2515 2384 2558 :et
2416 2497 2774 2566 irreverentia
2827 2505 2998 2573 ipsius
3051 2497 3332 2557 obturatio
3387 2497 3645 2573 aurium.

2126 2568 2334 2629 Ell‘usio
2365 2577 2648 2645 sanguinis
2682 2591 2735 2627 tn
2772 2567 2888 2630 rix'a
2923 2575 3286 2645 superborum
3320 2584 3335 2623 :
3368 2576 3425 2622 et
3458 2567 3651 2621 male.-

2054 2647 2223 2705 dictio
2254 2646 2467 2698 illorum
2492 2644 2713 2698 auditus
2739 2645 2941 2715 gravis.

2122 2716 2225 2780 Qui
2262 2715 2501 2769 denudat
2529 2709 2952 2781 arcana'amici,
2978 2714 3139 2771 (idem
3175 2709 3381 2783 perdit,
3408 2714 3465 2762 et
3511 2720 3651 2760 non

2054 2786 2300 2847 inveniet
2328 2789 2564 2839 anticum
2593 2785 2662 2838 ad
2702 2787 2944 2839 anintum
2976 2799 3165 2840 suum.

2126 2857 2302 2925 Dilige
2330 2857 2669 2926 proximum,
2699 2864 2757 2909 et
2779 2859 3111 2926 conjungere
3143 2851 3249 2926 (ide
3280 2864 3407 2905 cum
3439 2848 3564 2903 illo.

2124 2923 2280 3008 Quod
2325 2923 2382 3008 si
2411 2926 2779 2980 denudaveris
2809 2923 3081 2982 abSconsa
3109 2923 3277 2988 illius,
3303 2935 3412 2975 non
3439 2932 3654 2990 perse-

2055 3007 2242 3069 queris
2272 3007 2393 3069 post
2430 3011 2577 3069 eum.

2125 3058 2286 3127 Sicut
2310 3068 2455 3121 enim
2484 3058 2671 3134 homo,
2705 3068 2797 3139 qui
2834 3067 3017 3138 perdit
3050 3066 3286 3139 amicum
3321 3074 3516 3118 suum:
3553 3058 3655 3115 sic

2137 3139 2229 3218 qui
2255 3139 2440 3218 perdit
2467 3137 2766 3218 amicitiam
2802 3137 3035 3218 proximi
3056 3137 3165 3194 sui.

1973 3182 2021 3245 Ο
2052 3148 2107 3197 et
2137 3154 2229 3209 qui
2255 3148 2440 3218 perdit
2467 3148 2766 3217 amicitiam
2802 3148 3035 3208 proximi
3056 3152 3165 3194 sui.

1875 3216 1947 3267 11¢
2127 3210 2195 3263 Et
2222 3218 2366 3262 sicut
2398 3210 2491 3277 qui
2527 3210 2757 3267 dimittit
2784 3225 2940 3263 avem
2966 3210 3034 3263 de
3073 3222 3240 3261 manu
3266 3219 3402 3277 sua;
3428 3202 3506 3257 sic
3532 3199 3654 3255 de-

2055 3279 2325 3347 reliquisti
2356 3276 2666 3347 proximum
2705 3290 2881 3341 tuum,
2913 3290 2968 3339 et
2994 3294 3102 3333 non
3130 3291 3256 3333 eum
3282 3276 3486 3347 capies.

2125 3340 2244 3412 Non
2275 3340 2429 3411 illum
2461 3352 2735 3419 sequaris,
2766 3340 3030 3419 quoniam
3062 3348 3221 3417 longe
3254 3340 3411 3419 abest
3441 3354 3462 3397 :
3492 3340 3655 3419 eﬂu-

2053 3420 2129 3491 git
2156 3420 2305 3474 enim
2336 3421 2491 3488 quasi
2526 3415 2721 3489 caprea
2750 3415 2819 3478 de
2866 3420 3065 3488 laqueo
3099 3434 3117 3479 ;
3147 3415 3405 3487 quoniam
3440 3415 3655 3466 vulne-

2052 3504 2171 3551 rata
2199 3499 2285 3544 est
2337 3492 2517 3553 anima
2552 3496 2693 3559 eius.

2124 3560 2275 3617 Ultra
2300 3575 2423 3613 eum
2458 3552 2797 3629 nonpoteris
2822 3559 3080 3630 colligare
3123 3574 3141 3613 :
3172 3567 3228 3612 et
3245 3552 3523 3611 maledicti
3555 3563 3656 3609 est

2052 3631 2426 3697 concordatio.
2625 3689 2633 3697 ,

2124 3696 2806 3773 Denuda‘reautemamici
2838 3698 3124 3773 mysteria,
3184 3696 3495 3768 desperatio
3555 3703 3655 3749 est

2053 3771 2251 3835 animae
2277 3770 2530 3829 infelicis.

2123 3844 2387 3897 Annuens
2407 3844 2564 3898 oculo
2590 3840 2821 3903 fabricat
2860 3842 3073 3913 iniqua,
3100 3850 3156 3898 et
3185 3854 3348 3895 nemo
3386 3850 3514 3893 eum
3542 3832 3654 3889 ab-

2047 3914 2221 3985 Ῑὴήεηο

2129 3990 2184 4042 In
2210 3998 2486 4053 conspecti
2539 3982 2824 4043 oculorum
2885 3992 3105 4039 tuorum
3164 3975 3509 4053 conculcabit
3568 3992 3654 4053 es

2054 4073 2235 4121 suum,
2268 4064 2325 4108 et
2347 4049 2513 4123 super
2546 4067 2828 4109 sermones
2864 4064 2986 4111 tuos
3005 4049 3653 4123 admirabitur_:_novis-

2056 4130 2195 4189 sime
2218 4117 2716 4193 autem'pervertet
2746 4137 2812 4178 os
2850 4137 3035 4189 suum,
3086 4122 3229 4178 etin
3283 4118 3470 4174 verbis
3532 4117 3657 4173 tuis

2057 4200 2210 4255 dabit
2239 4198 2583 4251 scandalum.

2130 4268 2291 4390 ttultp
2321 4267 2491 4333 odivi,
2533 4277 2591 4324 et
2640 4283 2752 4325 non
2811 4263 3093 4334 coaequavi
3125 4261 3199 4330 ei,
3257 4269 3316 4316 et
3372 4256 3659 4315 Dominus

2130 4352 2237 4390 lelI
2284 4354 2397 4390 um.

2055 4343 2203 4396 odiet
2222 4340 2397 4392 illum.

2129 4409 2233 4475 Qui
2262 4408 2315 4460 in
2346 4413 2522 4468 altum
2552 4410 2719 4467 mittit
2772 4406 3029 4477 lapidem,
3083 4417 3251 4477 super
3288 4407 3478 4477 _c‘aput
3523 4394 3658 4466 ejus

2058 4471 2218 4553 cadet
2244 4494 2259 4531 :
2290 4489 2357 4553 et
2378 4485 2535 4553 plaga
2557 4482 2746 4553 dolosa
2773 4471 2947 4553 dolosi
2976 4471 3182 4553 dividet
3210 4471 3485 4553 vulnera.

2128 4550 2194 4603 Et
2221 4550 2315 4619 qui
2340 4544 2552 4608 loveam
2606 4552 2765 4617 fodit,
2792 4548 2996 4619 incidet
3032 4547 3088 4619 in
3114 4550 3358 4619 eamzet
3382 4544 3489 4619 _qui
3532 4544 3657 4591 sta-

2060 4622 2164 4679 tuit
2191 4610 2430 4689 lapidem
2462 4610 3007 4693 proxitno,'_oﬁ‘ettdet
3037 4618 3094 4673 in
3120 4628 3186 4671 eo
3215 4629 3231 4679 ;
3264 4612 3360 4681 qui
3380 4610 3655 4678 laqueum

2058 4691 2827 4765 aliiipo_nit,pe'ribitinillo.
3256 4744 3269 4753 ,
3338 4752 3351 4763 ⁸

2139 4748 2378 4818 Facienii
2393 4748 2805 4832 'nequissim'um
2822 4757 3106 4832 consilium
3139 4748 3322 4832 aupér_
3333 4752 3522 4832 ipsum
3548 4748 3659 4804 de-

2059 4840 2388 4897 volvetnr,et
2416 4823 2522 4889 non
2552 4840 2813 4903 agnoscet
2842 4829 2985 4883 unde
3008 4827 3263 4903 adveniat
3286 4823 3392 4903 illi.
3440 4891 3451 4902 _
3516 4890 3548 4903 ν

2135 4891 2345 4969 Ill'isio,
2370 4916 2425 4959 et
2454 4891 2841 4973 improperiutn
2882 4900 3267 4968 superborum,
3291 4902 3352 4947 et
3399 4891 3663 4946 vindicat

2062 4978 2206 5034 sicut
2229 4975 2317 5033 leo
2348 4972 2697 5031 insidiabitur
2726 4972 2831 5025 illi.

2134 5048 2352 5114 Laqueo
2374 5046 2629 5114 peribunt
2653 5044 2746 5112 qui
2767 5041 3109 5114 oblectamur
3164 5050 3294 5090 casu
3327 5034 3604 5114 iustorum
3639 5049 3666 5088 ;

2063 5106 2439 5175 dolor-autem
2476 5106 2762 5177 consumet
2798 5112 2919 5165 illos
2949 5119 3241 5177 antequam
3303 5106 3657 5159 moriantur.

2134 5189 2219 5243 Ira
2240 5192 2490 5255 etgluror,
2518 5196 2746 5252 utraque
2765 5182 3122 5241 exsecrabilia
3138 5184 3265 5233 sunt
3290 5192 3307 5244 ξ
3340 5185 3395 5230 et
3419 5178 3504 5229 vir
3520 5188 3668 5243 pec-

2062 5270 2219 5318 cator
2241 5259 2531 5321 continens
2551 5257 2657 5310 erit
2689 5255 2931 5308 illorum.

2620 5363 2850 5431 CAPUT
2883 5363 3119 5419 XXVIII.

2144 5469 2249 5535 Qui
2271 5465 2543 5522 vindicari
2564 5462 2702 5525 vult,
2730 5476 2760 5513 a
2787 5458 3018 5535 Domino
3038 5453 3283 5511 inveniet
3308 5452 3609 5508 vindictam
3642 5472 3663 5507 :

2064 5553 2118 5603 et
2145 5530 2367 5610 peccata
2390 5538 2537 5592 illius
2557 5547 2788 5610 servans
2819 5530 3081 5610 servabit.

2136 5594 2407 5679 Relinque
2434 5609 2681 5679 proximo
2698 5612 2790 5655 tuo
2813 5600 3031 5654 nocenti
3059 5608 3111 5652 te
3144 5612 3159 5652 :
3189 5608 3245 5652 et
3289 5607 3419 5650 tunc
3449 5594 3677 5663 depre-

2064 5683 2209 5742 canti
2242 5674 2335 5735 tibi
2364 5674 2579 5749 peccata
2605 5674 2912 5749 solventur.

2136 5752 2309 5806 Homo
2339 5736 2544 5805 Homini
2563 5753 2807 5803 reservat
2837 5744 2997 5805 iram;
3029 5750 3080 5798 ct
3113 5755 3144 5794 a
3168 5737 3281 5795 Dco
3309 5736 3498 5809 quatrit
3527 5750 3680 5792 tue-

2066 5828 2241 5887 dclam
2264 5824 2283 5876 '3
