3840 6176
362 294 468 356 Ηῆ

358 475 560 543 spicias
587 477 855 542 cogitatus
889 476 1056 529 illius.

433 544 610 598 Curva
643 547 911 598 cervicem
935 547 1051 610 ejus
1081 561 1133 598 ttt
1160 545 1464 609 iuventute,
1494 555 1548 598 et
1574 547 1740 599 tunde
1765 546 1932 598 latr-ra

360 615 481 682 ejus
511 615 638 668 dum
675 615 852 667 infans
878 622 981 673 est.
1017 631 1084 668 ne
1113 614 1253 668 forte
1286 615 1528 680 induret,
1558 624 1613 669 et
1659 631 1769 670 non
1814 630 1935 669 cre—

362 687 449 736 dat
490 685 610 748 tibi,
637 695 689 738 et
722 685 827 742 erit
867 684 962 736 tibi
997 683 1152 737 dolor
1203 685 1418 738 anima).

437 757 578 807 Doce
613 753 781 807 (ilium
815 764 988 814 tuum,
1037 765 1090 806 et
1123 770 1352 820 operare
1384 755 1438 807 in
1479 755 1593 820 illo,
1625 772 1691 810 ne
1741 753 1796 808 in
1831 763 1934 807 tur-

363 826 666 894 pitudinem
697 825 840 875 illius
875 823 1148 879 offendas.

436 895 621 946 Melior
652 903 734 945 est
765 909 969 962 pauper
995 910 1182 958 sanus,
1213 904 1268 949 et
1315 894 1472 949 fortis
1504 893 1735 958 viribus,
1769 909 1934 963 quam

360 966 512 1018 divi-s
539 964 828 1017 imbecillis
860 975 912 1015 et
944 963 1244 1032 flagellatus
1278 966 1505 1019 malitia.

435 1033 592 1087 Salus
635 1034 833 1085 animae
888 1035 939 1086 in
999 1038 1288 1088 sanctitate
1337 1036 1565 1103 justiti:e
1621 1034 1818 1088 melior
1851 1048 1936 1088 est

359 1105 508 1157 omni
545 1119 680 1155 auro
720 1113 774 1156 et
826 1112 1082 1173 argento,
1137 1114 1192 1159 et
1240 1121 1444 1174 corpus
1479 1105 1717 1159 validum
1770 1120 1934 1174 quam

361 1189 559 1226 ttt'llStlS
591 1188 911 1226 tmmenstts.

430 1243 547 1298 Non
591 1256 676 1297 est
705 1259 903 1296 census
946 1258 1112 1307 super
1142 1259 1366 1299 censum
1401 1245 1596 1298 salutis
1617 1246 1870 1312 corporis
1913 1263 1928 1306 ;

360 1326 416 1368 et
452 1330 560 1366 non
596 1321 679 1366 est
713 1314 1180 1368 oblectamentum
1223 1331 1393 1383 super
1431 1315 1614 1368 cordis
1645 1317 1932 1382 gaudium.

433 1384 624 1438 Melior
652 1395 737 1438 est
773 1399 936 1447 mors,
971 1401 1132 1450 quam
1181 1387 1291 1439 vita
1338 1400 1525 1438 amara
1558 1402 1572 1438 :
1609 1395 1666 1440 et
1715 1387 1935 1455 requies

363 1464 596 1524 a-terna,
637 1469 798 1522 quam
841 1455 1071 1524 languor
1101 1469 1478 1524 perseverans.

437 1523 583 1576 Bona
619 1523 1021 1595 rabscottdila’in
1060 1523 1155 1579 ore
1191 1528 1401 1588 clauso,
1437 1525 1592 1593 quasi
1629 1525 1934 1595 appositio-

368 1608 466 1646 nes
503 1594 789 1659 epularum
821 1594 1230 1661 Cil‘CtllltpOsila’.
1262 1595 1538 1658 sepulcro.

438 1663 578 1729 Quid
608 1664 856 1733 proderit
895 1665 1086 1721 libatio
1139 1666 1329 1720 idolo?
1377 1680 1479 1718 nec
1511 1665 1660 1720 enim
1698 1666 1931 1720 mandu-

365 1736 532 1795 ealiit,
561 1750 657 1786 nec
693 1734 986 1800 odorabit;

437 1805 528 1858 Sic
561 1805 653 1871 qui
687 1804 958 1874 effugatur
987 1824 1014 1859 a
1065 1805 1330 1871 Domino,
1379 1818 1607 1874 portans
1647 1806 1938 1862 mercedes

367 1874 672 1942 iniquitatis
706 1889 722 1929 ζ

437 1943 639 1998 Videtis
665 1945 862 2020 oculis,
885 1955 940 1998 et
980 1945 1374 2020 ingemiscens,
1407 1947 1553 2002 sicut
1585 1964 1762 2020 sparto
1788 1964 1943 2004 com-

367 2015 611 2083 plectens
636 2015 922 2084 virginem,
964 2026 1020 2069 et
1048 2019 1353 2084 suspirans.

439 2084 765 2162 'l‘ristitianr
803 2101 907 2139 nou
951 2086 1048 2162 des
1083 2087 1284 2142 anima:
1319 2101 1444 2156 tuae,
1477 2101 1530 2142 et
1577 2105 1688 2144 non
1737 2089 1944 2162 amigas

371 2154 724 2222 temetipsum
757 2159 809 2209 in
843 2157 1076 2211 consilio
1114 2168 1230 2211 tuo.

439 2225 766 2297 Jucunditas
811 2228 992 2280 cordis
1023 2229 1137 2282 hazc
1173 2238 1254 2283 est
1292 2229 1402 2282 vita
1443 2231 1703 2297 bominis,
1733 2240 1788 2285 et
1827 2231 1947 2286 tlte-

371 2310 568 2347 s;urus
622 2296 742 2349 sine
787 2297 1096 2352 defectione
1131 2302 1440 2356 sanctitatis
1485 2319 1498 2354 :
1543 2312 1602 2356 et
1648 2296 1946 2357 exsultatio

372 2365 474 2417 viri
505 2376 588 2417 est
623 2365 957 2434 longmvitas.
1207 2370 1211 2378 '

444 2436 704 2489 Miserere
741 2438 936 2491 anim-.e
991 2447 1101 2492 tuae
1149 2439 1372 2508 placens
1401 2440 1532 2506 Deo,
1587 2451 1642 2497 et
1677 2443 1943 2497 contine:

371 2520 643 2575 congrege
676 2523 773 2581 cor
803 2515 956 2560 tuum
989 2510 1042 2562 itt
1083 2512 1376 2564 sanctitate
1403 2513 1545 2581 ejus,
1575 2520 1631 2567 et
1667 2514 1946 2569 tristitiam

372 2582 528 2701 longe
563 2577 761 2645 repelle
794 2593 823 2631 a
872 2592 947 2632 te.
1340 2609 1344 2612 ~
1435 2577 1448 2581 ⁷
1531 2577 1537 2579 ἡ
1919 2641 1922 2643 λ

499 2649 644 2700 ultos
677 2651 825 2701 enim
859 2647 1063 2701 occidit
1105 2650 1348 2701 tristitia-
1379 2660 1436 2701 et
1476 2668 1587 2701 non
1628 2665 1713 2701 est
1740 2653 1917 2701 milita

373 2718 384 2728 .
443 2647 644 2772 bllqltos
677 2651 825 2702 enim
859 2647 1063 2704 occidit
1105 2650 1348 2719 tristitia,
1379 2660 1436 2707 et
1475 2668 1587 2707 non
1628 2665 1713 2709 est
1740 2653 1950 2710 utilitas

374 2733 426 2770 in
466 2735 478 2770 l
530 2736 580 2770 a.

374 2733 426 2770 tn
466 2733 580 2770 llltl.

445 2789 607 2843 Zelus
653 2799 710 2844 et
738 2789 1020 2845 iracundia
1054 2793 1306 2848 tuinuunt
1351 2793 1470 2849 dies
1509 2812 1522 2848 :
1562 2806 1618 2850 et
1649 2804 1777 2853 ante
1811 2806 1954 2852 tem-

377 2875 479 2932 pus
520 2872 798 2932 senectam
825 2861 1061 2917 adducet
1093 2864 1390 2932 cogitatus.

448 2931 948 3010 Splendiduntcor,
987 2944 1040 2988 et
1078 2931 1281 3010 bonum
1317 2936 1371 2988 in
1393 2937 1574 3004 epulis
1606 2947 1693 2993 est
1723 2950 1740 2992 τ
1776 2940 1953 3010 epulae.

377 3006 526 3056 enim
565 3003 710 3057 illius
747 3001 1038 3071 diligenter
1069 3005 1225 3058 liuut.

931 3117 1157 3175 CAPUT
1193 3120 1388 3178 XXXI.

447 3208 641 3288 vigilia
689 3208 997 3288 lmpestatis
1061 3209 1358 3267 tabefaciet
1405 3227 1629 3278 carnes,
1661 3224 1718 3271 et
1748 3218 1958 3288 cegita-

380 3299 468 3340 lus
506 3254 652 3335 illius
683 3280 894 3332 auferet
942 3295 1219 3333 somnum.

451 3352 734 3422 Cogitatus
767 3351 1122 3422 ρηεεεὶεμιὶω
1150 3354 1346 3406 avertit
1373 3371 1618 3422 sensum,
1649 3366 1705 3412 et
1730 3357 1960 3413 infirmi-

383 3440 467 3483 ως
494 3421 674 3491 gravis
712 3422 952 3491 sobriam
988 3420 1120 3473 facit
1165 3424 1426 3478 animam.

451 3491 746 3564 Laboravit
778 3490 934 3544 dives
976 3491 1029 3564 in
1061 3496 1490 3564 congregatione
1521 3498 1867 3564 substantiae,
1902 3510 1958 3555 et

383 3587 436 3623 tu
470 3559 661 3632 requie
691 3575 787 3632 sua
821 3562 1125 3630 replebitur
1156 3559 1314 3632 bouis
1359 3567 1496 3622 suis.

453 3631 748 3708 Laboravit
795 3645 1003 3702 pauper
1053 3631 1108 3686 in
1157 3631 1525 3694 diminutione
1574 3639 1774 3708 victus,
1813 3649 1868 3695 et
1902 3640 1958 3695 in

385 3712 489 3763 line
518 3709 678 3771 inops
716 3702 795 3758 fit.

456 3775 560 3844 Qui
591 3786 818 3856 .aul‘um
876 3779 1074 3856 diligit,
1135 3797 1243 3837 non
1296 3781 1691 3856 justiftcabitur
1727 3797 1740 3836 :
1779 3794 1836 3838 et
1863 3783 1958 3853 qui

390 3853 700 3921 insequitur
723 3855 1224 3919 consumptiouem,
1262 3853 1560 3921 replebitur
1591 3870 1657 3907 ex
1701 3870 1788 3907 ea.

458 3915 609 3974 hlulti
663 3915 774 3972 dati
832 3915 974 3974 sunf
1005 3923 1057 3976 in
1120 3915 1255 3977 auro
1290 3915 1484 3986 casus,
1517 3933 1572 3978 et
1617 3923 1762 3978 facta
1791 3933 1876 3979 est
1906 3922 1960 3977 in

389 3991 573 4060 specie
607 3986 779 4053 ipsius
819 3993 1054 4060 perditio
1086 3993 1324 4048 illorum.

461 4063 688 4127 Liguutn
731 4060 1054 4116 offensionis
1101 4073 1186 4117 est
1232 4077 1430 4116 aurum
1479 4063 1959 4122 sacrificantium:

394 4147 474 4185 va:
516 4133 625 4186 illis
665 4132 770 4201 gui
811 4143 1094 4187 sectantur
1127 4133 1283 4198 illud,
1313 4144 1369 4188 et
1406 4133 1590 4187 omnis
1636 4135 1962 4201 imprudens

389 4203 635 4268 deperiet
661 4199 714 4252 itt
760 4201 876 4254 illo.

467 4273 664 4327 Beatus
694 4272 869 4337 dives,
901 4273 992 4343 qui
1033 4274 1290 4329 iuventus
1332 4284 1416 4329 est
1465 4275 1583 4328 sine
1616 4275 1828 4331 macula
1864 4292 1880 4330 :
1909 4284 1965 4330 et

388 4344 483 4412 qui
505 4355 636 4466 lpost
663 4358 858 4425 aurum
900 4361 1010 4399 non
1043 4347 1198 4410 abiit,
1230 4361 1328 4400 nec
1357 4345 1600 4414 speravit
1645 4346 1700 4399 itt
1730 4347 1964 4416 pecunia

388 4427 443 4466 ut
481 4429 776 4466 ttesaurts.

384 4427 443 4466 ﬁl
481 4427 776 4468 tltesaurts.

462 4465 884 4550 théééftuc,
917 4496 974 4540 et
1031 4487 1380 4543 laudabimus
1423 4479 1590 4542 eum?
1635 4485 1766 4542 iecit
1817 4487 1964 4542 enim
1999 4465 2043 4522 θ

391 4557 665 4609 mirabilia
697 4557 750 4610 in
777 4561 887 4611 vita
919 4573 1040 4610 sua.

464 4626 566 4699 Qui
601 4625 862 4699 probatus
913 4638 999 4680 est
1045 4629 1100 4682 in
1132 4629 1224 4683 illo
1248 4670 1263 4694 ,
1295 4637 1351 4682 et
1402 4630 1676 4699 perfectus
1706 4635 1790 4699 est
1815 4667 1830 4691 ,
1864 4625 1970 4681 erit

393 4696 469 4750 illi
507 4697 678 4764 gloria
731 4709 937 4750 aeterna
966 4715 986 4767 7:
1029 4702 1124 4766 qui
1182 4699 1354 4766 potuit
1403 4696 1741 4767 transgredi,
1772 4707 1828 4752 et
1857 4713 1969 4752 non

393 4777 482 4819 cst
519 4776 916 4836 transgressus,
955 4766 1134 4821 facere
1167 4769 1331 4830 mala,
1359 4778 1417 4822 et
1453 4784 1563 4822 nott
1581 4766 1723 4822 fecit
1757 4783 1770 4818 :

476 4836 602 4888 ideo
647 4838 886 4889 stabilita
925 4847 1052 4891 sunt
1085 4839 1226 4891 bona
1282 4839 1428 4893 illius
1486 4840 1540 4892 in
1603 4838 1872 4900 Domino,
1915 4847 1971 4891 et

399 4908 776 4976 (lcCIIIUS)llaS
814 4908 964 4964 illius
1017 4910 1297 4964 enarrabit
1349 4911 1529 4964 omnis
1563 4907 1807 4963 Ecclesia
1842 4923 1971 4963 san-

398 4989 632 5034 ciorum.

478 5050 653 5118 Supra
705 5035 949 5106 mensam
1001 5067 1249 5121 magnam
1311 5049 1554 5105 sedisti?
1600 5066 1711 5105 non
1757 5053 1973 5121 aperias

402 5136 572 5188 sUper
610 5122 759 5175 illam
791 5122 1004 5176 faucem
1042 5132 1187 5176 luant
1228 5122 1406 5191 prior.

473 5193 594 5246 Non
645 5194 797 5247 dicas
835 5195 915 5247 sic
963 5207 976 5244 :
1024 5193 1194 5248 Multa
1245 5203 1397 5258 sunt,
1459 5208 1574 5261 qua:
1629 5207 1794 5262 super
1825 5193 1973 5247 illam

398 5273 550 5318 sunt.

476 5335 748 5391 .llemento
771 5333 1026 5404 quoniam
1059 5330 1235 5388 malus
1271 5345 1356 5389 est
1385 5333 1579 5404 oculus
1604 5348 1866 5404 nequam.

473 5407 720 5476 Nequius
750 5403 912 5461 oculo
944 5407 1074 5475 quid
1122 5403 1521 5476 creatutnrest‘.’
1562 5403 1690 5457 ideo
1727 5406 1794 5457 ab
1825 5403 1976 5458 omni

405 5479 544 5531 facie
573 5473 679 5533 Sua
710 5473 1105 5547 lacrymabttur
1132 5492 1146 5528 :
1181 5491 1306 5530 cum
1338 5473 1560 5547 viderit.

475 5548 554 5601 Ne
577 5541 845 5603 extendas
885 5564 1108 5602 manuni
1141 5556 1288 5601 tuam
1319 5546 1489 5616 prior,
1525 5554 1578 5598 et
1605 5541 1812 5598 invidia
1844 5559 1978 5599 con-

406 5624 706 5673 tatttluatus
756 5619 1075 5674 erubescas.

477 5688 552 5764 i_\'e
579 5690 964 5764 compritnaris
1000 5693 1053 5744 iu
1089 5686 1366 5764 convivio.
1413 5757 1424 5764 _
1617 5755 1627 5764 .

478 5756 725 5832 lutclligc
758 5776 877 5829 quae
925 5770 1051 5816 sunt
1080 5756 1317 5828 proximi
1350 5757 1428 5813 tui
1451 5774 1519 5814 ex
1559 5756 1756 5828 teipse.

1269 296 1332 354 S.
1371 293 1809 354 HIERONYMI
1858 294 2124 353 DlVlNA
2173 295 2708 356 BIBIJOTIIECA.

431 405 548 457 Non
594 404 688 457 des
738 407 813 459 illi
852 413 1176 474 potestatem
1210 405 1600 474 injuventute,
1632 415 1785 458 etne
1825 405 1925 458 de-
1965 412 2001 461 Α

2111 405 2276 460 Utere
2322 409 2478 476 quasi
2527 408 2690 461 homo
2732 405 2875 473 frugi
2911 404 2997 457 liis
3039 419 3156 473 quae
3185 405 3274 476 tibi
3309 424 3551 476 apponun.

2041 486 2179 530 tur:
2225 491 2308 528 ne.
2343 475 2472 530 eum
2517 477 2818 530 manducas
2851 476 3105 537 multum,
3152 475 3270 530 odio
3315 475 3552 541 habearis.

2110 547 2284 601 (Iessa
2325 548 2478 615 prior
2525 563 2689 600 causa
2739 544 3045 613 disciplinae
3086 563 3098 598 :
3136 553 3190 599 et
3232 548 3333 602 noli
3381 551 3556 610 nimius

2035 631 2180 678 esse,
2215 633 2281 670 ne
2319 618 2459 670 forte
2492 617 2761 670 offendas.

2111 687 2172 737 Et
2208 688 2249 738 si
2296 688 2349 740 in
2389 687 2567 740 ιηοιιίο
2613 686 2911 738 tnultorum
2955 683 3164 748 sedisti,
3195 685 3336 750 prior
3372 687 3470 742 illis
3499 707 3558 747 ne

2036 757 2302 809 extendas
2348 771 2570 809 manum
2625 765 2797 815 tuam,
2833 769 2932 806 nec
2972 757 3114 820 prior
3142 769 3320 821 poscas
3362 757 3544 815 bibere.

2107 824 2279 889 Quam
2319 825 2599 879 Sullicicns
2629 833 2710 878 est
2755 824 2964 877 homini
3002 823 3217 876 erudito
3259 827 3432 880 vinum
3461 830 3558 882 exi-

2037 897 2238 962 guum!
2272 906 2326 948 et
2361 897 2413 948 itt
2453 893 2782 948 dortnit’ndo
2840 910 2946 946 non
2982 891 3253 948 laborabis
3286 895 3351 949 ab
3375 897 3490 959 illo.
3515 910 3562 953 et

2041 980 2147 1016 non
2185 965 2392 1018 senties
2432 965 2706 1018 dolorem.

2116 1033 2333 1102 Vigilia,
2367 1035 2613 1096 cholera,
2659 1043 2716 1089 et
2748 1043 2958 1087 lorlura
3000 1035 3120 1086 viro
3149 1033 3420 1088 infrunito.

2112 1103 2353 1159 Somnus
2403 1105 2657 1159 sanitatis
2719 1103 2776 1157 in
2837 1105 3057 1156 homine
3112 1118 3312 1170 parco.
3363 1107 3568 1163 dormiet

2039 1189 2216 1296 lqsque
2268 1190 2451 1241 mane,
2500 1185 2556 1229 et
2596 1177 2780 1230 anima
2829 1173 2975 1227 illius
3016 1188 3138 1228 cutn
3195 1174 3308 1242 ipso
3356 1174 3564 1230 delecta-

2083 1253 2208 1296 ttttr.
2892 1264 2897 1268 ”

2083 1253 2208 1296 ttttr.
2892 1264 2897 1268 ”

2113 1315 2172 1366 Et
2211 1315 2255 1368 si
2290 1323 2515 1368 coactus
2549 1314 2721 1368 fueris
2768 1314 2822 1367 in
2865 1312 3084 1368 edendo
3108 1313 3352 1378 multum,
3375 1331 3515 1381 surge
3543 1332 3568 1370 ε

2040 1384 2244 1445 medio,
2284 1400 2524 1454 evome:
2558 1395 2611 1438 et
2648 1384 2994 1454 refrigerablt
3029 1395 3100 1445 te,
3142 1393 3196 1438 et
3229 1400 3332 1438 non
3361 1385 3569 1440 adduces

2038 1455 2257 1520 corpori
2288 1460 2382 1507 tuo
2413 1453 2809 1508 infirmitatem.

2109 1525 2248 1577 Audi
2292 1539 2410 1583 me.
2447 1524 2543 1586 fili,
2575 1535 2632 1578 et
2668 1539 2736 1578 ne
2783 1538 3015 1594 spernas
3047 1538 3130 1577 me
3165 1541 3177 1575 :
3212 1533 3264 1578 et
3312 1522 3365 1576 in
3413 1522 3570 1576 novis-

2041 1595 2184 1647 simo
2214 1594 2460 1648 invenies
2490 1595 2659 1649 verba
2687 1609 2828 1650 mea.

2111 1664 2171 1717 In
2204 1664 2462 1717 omnibus
2507 1665 2773 1733 operibus
2815 1666 2923 1720 tuis
2958 1676 3078 1720 esto
3116 1666 3292 1726 velox,
3328 1670 3380 1716 et
3417 1664 3574 1718 omnis

1971 1750 2015 1808 Β
2045 1733 2341 1808 infirmitas
2365 1750 2481 1808 non
2508 1746 2766 1808 occurret
2806 1736 2923 1808 tibi.

2118 1804 2475 1872 Splendidam
2508 1805 2560 1856 in
2593 1806 2824 1874 panibus
2872 1805 3202 1860 benedicent
3231 1805 3364 1858 labia
3394 1802 3570 1856 mullo-

2049 1890 2190 1938 rum,
2225 1885 2279 1927 et
2313 1874 2689 1928 testimonium
2722 1875 2967 1928 veritatis
3011 1877 3160 1930 illius
3197 1876 3368 1928 fidele.

2118 1945 2468 2012 Nequissimo
2506 1945 2558 1997 itt
2593 1960 2732 2013 patte
2769 1947 3136 1999 murmurabit
3187 1947 3396 2003 civitas.
3433 1954 3480 1995 et
3509 1953 3576 1997 le-

2047 2015 2371 2070 stimonium
2403 2017 2664 2082 nequitiae
2692 2016 2838 2068 illius
2861 2031 3053 2069 verum
3089 2026 3193 2070 est.

2121 2085 2418 2153 Diligentes
2457 2089 2509 2156 in
2545 2087 2672 2138 vino
2702 2086 2810 2140 ttoli
2837 2102 3140 2156 provocare
3184 2101 3197 2140 :
3237 2087 3426 2141 multos
3455 2086 3578 2139 enini

2049 2156 2434 2210 exterminavit
2461 2155 2667 2208 vinum.

2120 2227 2265 2292 Ignis
2313 2228 2508 2294 probat
2561 2226 2767 2279 ferrum
2816 2228 3018 2281 durum
3054 2243 3070 2278 :
3103 2226 3185 2282 sic
3231 2227 3409 2280 vinum
3436 2225 3581 2280 corda

2049 2296 2417 2366 superborum
2464 2305 2656 2366 arguet
2688 2299 2739 2349 in
2766 2298 3032 2352 ebrietate
3065 2308 3327 2366 potatutn.

2121 2365 2296 2434 {Equa
2343 2370 2450 2420 vita
2502 2365 2820 2421 hominibus
2859 2365 3154 2422 vinum’in
3201 2365 3581 2422 sobrietatc:si

2050 2435 2207 2489 bibas
2245 2436 2379 2489 illud
2429 2435 2728 2502 moderate,
2759 2439 2871 2492 eris
2908 2440 3152 2493 sobrius.

2121 2505 2251 2570 Quae
2281 2507 2387 2559 vita
2427 2519 2510 2559 est
2540 2508 2613 2572 ei,
2640 2509 2732 2576 qui
2771 2510 3040 2562 minuitur
3069 2509 3230 2564 vino?

2121 2577 2263 2639 Quid
2313 2578 2603 2631 defraudat
2641 2580 2848 2632 vitam?
2877 2579 3050 2633 Mors.

2126 2646 2324 2700 Vinum
2382 2648 2435 2699 in
2466 2650 2870 2714 jucunditatetn
2906 2659 3158 2705 creatum
3209 2657 3316 2716 est,
3340 2655 3394 2703 et
3424 2644 3588 2701 ttonitt

2052 2717 2400 2781 ebrietatem,
2431 2721 2498 2770 ab
2525 2719 2705 2772 initio.

2127 2786 2425 2841 Exsultatio
2487 2791 2681 2844 animae
2732 2799 2788 2845 et
2846 2788 3032 2846 cordis
3097 2792 3286 2845 vinum
3342 2787 3592 2844 moderate

2053 2868 2319 2926 potatttm.

2127 2931 2345 3002 punitas
2381 2937 2462 2983 est
2493 2931 2690 2986 animae
2733 2941 2787 2986 et
2820 2931 3042 3002 corpori
3076 2932 3302 2988 sobrius
3337 2938 3502 3002 potus.

2133 2997 2329 3052 Vinum
2365 3004 2597 3056 multum
2644 3013 2892 3071 potatum
2920 2997 3416 3068 irritationem,'ct
3454 3001 3595 3061 iram,

1982 3102 2026 3163 c
2059 3077 2113 3122 (τί
2137 3071 2736 3163 .rffil‘f‘.s.-_‘¥.'9“?f[39“:

2127 3141 2449 3214 antaritudo
2492 3146 2689 3214 anima:
2724 3144 2908 3198 vinum
2951 3145 3190 3199 multum
3224 3151 3479 3214 potatum.
3567 3204 3576 3214 _

2129 3209 2427 3284 Ebrietatis
2466 3213 2810 3277 animositas,
2851 3209 3604 3284 ituprudeutis'olfeusio,mir

2061 3296 2265 3333 ll'Jl‘ullS
2289 3283 2573 3349 virtutem,
2599 3294 2652 3337 et
2677 3284 2884 3339 faciens
2911 3283 3166 3340 vulnera.

2131 3351 2473 3424 Inconvivio
2508 3354 2618 3424 vini
2650 3370 2757 3408 non
2794 3371 2993 3424 arguas
3037 3354 3352 3424 proximum
3383 3368 3398 3404 :
3431 3359 3483 3405 et
3511 3361 3604 3402 non

2061 3419 2335 3492 despicias
2364 3438 2486 3474 eum
2525 3423 2578 3476 itt
2600 3419 2952 3492 jucunditate
2985 3419 3164 3478 illius.

2137 3491 2308 3544 Verba
2336 3491 2652 3562 improperii
2680 3511 2788 3549 non
2819 3495 2972 3549 dicas
3006 3497 3092 3549 illi
3125 3509 3141 3548 :
3172 3501 3230 3549 et
3270 3507 3377 3547 non
3408 3499 3606 3562 premas

2062 3561 2214 3615 illum
2246 3566 2300 3614 itt
2333 3561 2654 3632 repetendo.
2906 3577 2908 3579 '

2604 3679 2832 3736 CAPUT
2871 3679 3094 3737 XXXII.

2134 3775 2424 3828 Rectorem
2463 3779 2513 3826 te
2561 3775 2906 3842 posuerunt?
2944 3775 3061 3829 noli
3116 3771 3310 3830 extolli
3354 3788 3369 3825 :

2065 3846 2171 3899 illis
2201 3847 2354 3913 quasi
2389 3859 2530 3898 unus
2574 3860 2640 3896 ex
2675 3847 2830 3914 ipsis.
3288 3913 3296 3914 ί
3601 3903 3611 3914 ,

2134 3917 2335 3970 Curam
2381 3914 2595 3968 illorum
2650 3913 2812 3980 habe,
2869 3923 2926 3969 et
2979 3914 3064 3970 sic
3119 3913 3613 3978 conﬁde,etontnl

2066 4002 2197 4056 cura
2225 3995 2312 4039 tua
2345 3985 2622 4053 CXPllClla,
2655 3986 2919 4056 recumbe
2941 4023 2955 4047 .
3563 4047 3571 4056 .

2141 4055 2210 4110 Ut
2255 4057 2454 4110 laeteris
2500 4065 2722 4123 propter
2751 4055 2896 4119 illos,
2933 4066 2989 4110 et
3023 4065 3417 4110 ornamentum
3450 4055 3614 4120 gratiae

2067 4127 2308 4196 accipias
2336 4141 2620 4191 coronam,
2645 4137 2699 4180 et
2721 4127 3102 4196 dignationem
3139 4137 3492 4194 etinsequarts
3514 4133 3617 4174 cor-

2069 4211 2395 4255 ιὐκειιιυιιιδ.

3411 3777 3520 3824 esto
3563 3765 3613 3820 in

2185 4283 2389 4336 oquere
2423 4271 2597 4337 major
2623 4279 2754 4322 natu
2784 4283 2800 4320 :
2835 4268 3030 4322 decem
3065 4269 3220 4322 enim
3260 4277 3314 4321 te
3349 4279 3364 4316 :
3471 4331 3480 4340 _

2141 4340 2384 4392 l’runum
2419 4347 2648 4396 verbum
2682 4340 2933 4409 diligenti
2965 4341 3227 4404 scientia,
3260 4348 3318 4395 et
3342 4350 3446 4389 non
3469 4341 3621 4397 tmpeo

2071 4412 2190 4468 dias
2221 4412 2507 4466 musicam.

2149 4481 2247 4535 Ubi
2290 4481 2513 4533 auditus
2563 4497 2667 4534 non
2718 4488 2822 4542 est,
2861 4495 2964 4534 non
3007 4478 3270 4535 eﬂ‘undas
3320 4482 3621 4532 sermonem,

2074 4564 2126 4608 et
2161 4553 2476 4618 importune
2509 4553 2619 4604 noli
2655 4552 2847 4604 extolli
2886 4552 2940 4603 iu
2981 4552 3261 4619 sapientia
3295 4559 3408 4602 tua.

2143 4620 2435 4675 Gemmula
2478 4621 2801 4675 carbunculi
2859 4622 2916 4673 in
2977 4630 3316 4675 ornamento
3377 4620 3531 4678 auri.
3581 4619 3629 4665 el

2075 4690 2414 4759 comparatio
2448 4691 2786 4744 musicorum
2825 4691 2880 4744 in
2909 4693 3173 4746 convivio
3207 4690 3344 4742 vini.

2147 4754 2304 4816 Sicut
2330 4761 2386 4813 in
2422 4761 2782 4816 fabricatione
2813 4763 2933 4815 auri
2959 4763 3183 4828 signum
3214 4768 3303 4813 est
3337 4754 3630 4827 smaragdi:

2075 4837 2153 4889 sic
2195 4845 2461 4886 numerus
2496 4832 2832 4886 musicorum
2867 4832 2923 4885 in
2964 4831 3222 4903 jucunde
3270 4841 3328 4885 et
3377 4830 3632 4885 moderato

2077 4922 2224 4960 Vlllt).

2146 4971 2286 5028 Audi
2321 4983 2527 5037 tacens,
2564 4981 2621 5026 et
2649 4987 2748 5041 pro
2782 4970 3092 5026 reverentia
3121 4973 3356 5030 accedet
3387 4969 3480 5026 tibi
3510 4969 3634 5022 bona

2115 5056 2270 5098 ralia.
2601 5085 2605 5088 .

2115 5063 2270 5098 rana.
2601 5085 2605 5088 .

2075 5063 2106 5116 3
2149 5114 2484 5168 Adolescens
2513 5112 2740 5180 loquere
2785 5115 2837 5167 in
2875 5121 2968 5166 tua
2993 5129 3164 5168 causa
3199 5113 3314 5170 vix.

2151 5185 2206 5238 Si
2241 5188 2325 5239 bis
2351 5189 2722 5252 interrogatus
2753 5185 2954 5250 fueris,
2989 5184 3202 5240 habeat
3232 5194 3402 5255 caput
3430 5193 3639 5250 respon'

2079 5272 2200 5329 sum
2235 5269 2410 5329 tuum.
2591 5300 2594 5303 .
2777 5325 2786 5329 Α
2839 5325 2850 5329 _
2962 5324 2973 5329 _
3294 5326 3325 5329 η
3600 5318 3610 5329 .

2152 5327 2209 5380 lu
2248 5326 2437 5379 multis
2467 5337 2585 5382 esto
2631 5325 2790 5397 quasi
2838 5324 3070 5392 inscius,
3105 5336 3166 5381 et
3197 5326 3331 5382 audi
3371 5336 3551 5381 tacens
3572 5324 3637 5373 si-

2083 5403 2194 5452 tnttl
2226 5408 2280 5450 et
2307 5413 2580 5462 quaerens.
3597 5459 3607 5468 _
3631 5458 3638 5468 _

2151 5469 2213 5522 lu
2244 5459 2424 5521 medio
2477 5477 2860 5537 magnatorum
2912 5483 3019 5523 non
3070 5482 3384 5538 praesumas
3420 5483 3435 5521 :
3468 5471 3522 5521 et
3561 5459 3650 5515 ubi-

2082 5547 2211 5597 sunt
2259 5553 2440 5603 senes,
2471 5555 2578 5592 non
2621 5539 2855 5592 multum
2895 5541 3168 5608 loquaris.

2155 5615 2298 5662 Ante
2321 5609 2640 5678 graudineut
2668 5609 2885 5678 pra‘ibtt
2913 5611 3238 5666 coruscatio
3275 5629 3290 5663 :
3333 5619 3390 5664 et
3423 5611 3544 5662 ante
3567 5615 3647 5678 re-

2084 5673 2404 5737 rccundiam
2432 5680 2648 5750 praeibit
2668 5673 2865 5750 gratia,
2887 5690 2943 5736 ct
2968 5697 3070 5752 pro
3098 5680 3418 5739 reverentia
3443 5673 3654 5736 accedet

2088 5754 2182 5810 tibi
2221 5752 2364 5808 bona
2407 5753 2602 5820 gratia.
