  <div class='ocr_page' id='page_1' title='image "/cluster/home/n/w/nwhite01/storage/ocr_20150623/29/hvd.32044096580519/254.png"; bbox 0 0 3840 6176; ppageno 0'>
   <div class='ocr_carea' id='block_1_1' title="bbox 239 306 348 373">
    <p class='ocr_par' dir='ltr' id='par_1_1' title="bbox 239 306 348 373">
     <span class='ocr_line' id='line_1_1' title="bbox 239 306 348 373; baseline 0 0"><span class='ocrx_word' id='word_1_1' title='bbox 239 306 348 373; x_wconf 70' lang='lat'><strong>4&#39;17</strong></span> 
     </span>
    </p>
   </div>
   <div class='ocr_carea' id='block_1_2' title="bbox 1436 312 2312 377">
    <p class='ocr_par' dir='ltr' id='par_1_2' title="bbox 1436 312 2312 377">
     <span class='ocr_line' id='line_1_2' title="bbox 1436 312 2312 377; baseline 0.006 -5"><span class='ocrx_word' id='word_1_2' title='bbox 1436 312 1680 374; x_wconf 76' lang='lat' dir='ltr'><strong>LIBER</strong></span> <span class='ocrx_word' id='word_1_3' title='bbox 1725 315 2312 377; x_wconf 78' lang='lat' dir='ltr'><strong>ECCLESIASTICI.</strong></span> 
     </span>
    </p>
   </div>
   <div class='ocr_carea' id='block_1_3' title="bbox 3399 324 3507 387">
    <p class='ocr_par' dir='ltr' id='par_1_3' title="bbox 3399 324 3507 387">
     <span class='ocr_line' id='line_1_3' title="bbox 3399 324 3507 387; baseline -0.009 -1"><span class='ocrx_word' id='word_1_4' title='bbox 3399 324 3507 387; x_wconf 74' lang='grc'><strong>478</strong></span> 
     </span>
    </p>
   </div>
   <div class='ocr_carea' id='block_1_4' title="bbox 309 422 3504 502">
    <p class='ocr_par' dir='ltr' id='par_1_4' title="bbox 309 422 3504 502">
     <span class='ocr_line' id='line_1_4' title="bbox 309 422 3504 502; baseline 0.003 -23"><span class='ocrx_word' id='word_1_5' title='bbox 309 425 378 479; x_wconf 84' lang='grc' dir='ltr'><strong>Ει</strong></span> <span class='ocrx_word' id='word_1_6' title='bbox 420 422 867 502; x_wconf 68' lang='lat' dir='ltr'><strong>liora_&#39;surgcndi</strong></span> <span class='ocrx_word' id='word_1_7' title='bbox 922 439 1028 478; x_wconf 89' lang='lat' dir='ltr'><strong>non</strong></span> <span class='ocrx_word' id='word_1_8' title='bbox 1068 433 1120 478; x_wconf 86' lang='lat' dir='ltr'><strong>te</strong></span> <span class='ocrx_word' id='word_1_9' title='bbox 1159 426 1365 502; x_wconf 80' lang='lat' dir='ltr'><strong>t_r_i_ces:</strong></span> <span class='ocrx_word' id='word_1_10' title='bbox 1398 442 1680 496; x_wconf 69' lang='lat' dir='ltr'><strong>priecurre</strong></span> <span class='ocrx_word' id='word_1_11' title='bbox 1707 443 1821 502; x_wconf 69' lang='lat' dir='ltr'><strong>au-</strong></span> <span class='ocrx_word' id='word_1_12' title='bbox 1851 431 1901 490; x_wconf 72' lang='grc' dir='ltr'><strong>Α</strong></span> <span class='ocrx_word' id='word_1_13' title='bbox 2002 430 2203 502; x_wconf 75' lang='lat' dir='ltr'><strong>Audite</strong></span> <span class='ocrx_word' id='word_1_14' title='bbox 2239 445 2347 496; x_wconf 89' lang='lat' dir='ltr'><strong>me,</strong></span> <span class='ocrx_word' id='word_1_15' title='bbox 2384 438 2683 502; x_wconf 82' lang='lat' dir='ltr'><strong>niagnates,</strong></span> <span class='ocrx_word' id='word_1_16' title='bbox 2717 439 2772 485; x_wconf 93' lang='lat' dir='ltr'><strong>et</strong></span> <span class='ocrx_word' id='word_1_17' title='bbox 2816 445 3011 487; x_wconf 89' lang='lat' dir='ltr'><strong>omnes</strong></span> <span class='ocrx_word' id='word_1_18' title='bbox 3054 432 3284 502; x_wconf 78' lang='lat' dir='ltr'><strong>populi;</strong></span> <span class='ocrx_word' id='word_1_19' title='bbox 3332 446 3387 489; x_wconf 90' lang='lat' dir='ltr'><strong>et</strong></span> <span class='ocrx_word' id='word_1_20' title='bbox 3416 451 3504 490; x_wconf 66' lang='lat' dir='ltr'><strong>reo</strong></span> 
     </span>
    </p>
   </div>
   <div class='ocr_carea' id='block_1_5' title="bbox 241 493 1822 618">
    <p class='ocr_par' dir='ltr' id='par_1_5' title="bbox 241 493 1822 618">
     <span class='ocr_line' id='line_1_5' title="bbox 241 493 1822 618; baseline 0.002 -70"><span class='ocrx_word' id='word_1_21' title='bbox 241 506 349 618; x_wconf 57' lang='lat'><strong>:83]</strong></span> <span class='ocrx_word' id='word_1_22' title='bbox 374 496 531 563; x_wconf 91' lang='lat' dir='ltr'><strong>prior</strong></span> <span class='ocrx_word' id='word_1_23' title='bbox 562 493 614 547; x_wconf 91' lang='lat' dir='ltr'><strong>in</strong></span> <span class='ocrx_word' id='word_1_24' title='bbox 640 493 864 547; x_wconf 87' lang='lat' dir='ltr'><strong>domum</strong></span> <span class='ocrx_word' id='word_1_25' title='bbox 899 503 1070 561; x_wconf 89' lang='lat' dir='ltr'><strong>tuam,</strong></span> <span class='ocrx_word' id='word_1_26' title='bbox 1097 504 1152 549; x_wconf 92' lang='lat' dir='ltr'><strong>et</strong></span> <span class='ocrx_word' id='word_1_27' title='bbox 1180 495 1291 550; x_wconf 89' lang='lat' dir='ltr'><strong>illic</strong></span> <span class='ocrx_word' id='word_1_28' title='bbox 1324 493 1581 561; x_wconf 76' lang='lat' dir='ltr'><strong>avoCarc,</strong></span> <span class='ocrx_word' id='word_1_29' title='bbox 1618 506 1674 551; x_wconf 89' lang='lat' dir='ltr'><strong>et</strong></span> <span class='ocrx_word' id='word_1_30' title='bbox 1707 498 1822 551; x_wconf 87' lang='lat' dir='ltr'><strong>illic</strong></span> 
     </span>
     <span class='ocr_line' id='line_1_6' title="bbox 267 582 408 618; baseline 0 0"><span class='ocrx_word' id='word_1_31' title='bbox 267 583 298 618; x_wconf 94' lang='lat' dir='ltr'><strong>u</strong></span> <span class='ocrx_word' id='word_1_32' title='bbox 341 582 371 618; x_wconf 90' lang='lat' dir='ltr'><strong>e</strong></span> <span class='ocrx_word' id='word_1_33' title='bbox 393 608 408 618; x_wconf 91' lang='lat'><strong>.</strong></span> 
     </span>
    </p>
   </div>
   <div class='ocr_carea' id='block_1_6' title="bbox 244 569 408 631">
    <p class='ocr_par' dir='ltr' id='par_1_6' title="bbox 244 569 408 631">
     <span class='ocr_line' id='line_1_7' title="bbox 244 569 408 631; baseline -0.012 -11"><span class='ocrx_word' id='word_1_34' title='bbox 244 569 408 631; x_wconf 87' lang='lat' dir='ltr'><strong>lude,</strong></span> 
     </span>
    </p>
   </div>
   <div class='ocr_carea' id='block_1_7' title="bbox 313 635 1828 704">
    <p class='ocr_par' dir='ltr' id='par_1_7' title="bbox 313 635 1828 704">
     <span class='ocr_line' id='line_1_8' title="bbox 313 635 1828 704; baseline 0.001 -16"><span class='ocrx_word' id='word_1_35' title='bbox 313 635 379 689; x_wconf 85' lang='lat' dir='ltr'><strong>Et</strong></span> <span class='ocrx_word' id='word_1_36' title='bbox 418 650 519 704; x_wconf 84' lang='lat' dir='ltr'><strong>age</strong></span> <span class='ocrx_word' id='word_1_37' title='bbox 552 635 946 703; x_wconf 89' lang='lat' dir='ltr'><strong>conceptiones</strong></span> <span class='ocrx_word' id='word_1_38' title='bbox 975 643 1120 702; x_wconf 85' lang='lat' dir='ltr'><strong>tuas,</strong></span> <span class='ocrx_word' id='word_1_39' title='bbox 1153 649 1209 691; x_wconf 90' lang='lat' dir='ltr'><strong>et</strong></span> <span class='ocrx_word' id='word_1_40' title='bbox 1263 653 1375 693; x_wconf 89' lang='lat' dir='ltr'><strong>non</strong></span> <span class='ocrx_word' id='word_1_41' title='bbox 1431 639 1486 693; x_wconf 91' lang='lat' dir='ltr'><strong>in</strong></span> <span class='ocrx_word' id='word_1_42' title='bbox 1525 638 1744 694; x_wconf 75' lang='lat' dir='ltr'><strong>delictis</strong></span> <span class='ocrx_word' id='word_1_43' title='bbox 1771 645 1828 692; x_wconf 89' lang='lat' dir='ltr'><strong>et</strong></span> 
     </span>
    </p>
   </div>
   <div class='ocr_carea' id='block_1_8' title="bbox 249 705 709 773">
    <p class='ocr_par' dir='ltr' id='par_1_8' title="bbox 249 705 709 773">
     <span class='ocr_line' id='line_1_9' title="bbox 249 705 709 773; baseline -0.002 -15"><span class='ocrx_word' id='word_1_44' title='bbox 249 706 418 760; x_wconf 86' lang='lat' dir='ltr'><strong>verbo</strong></span> <span class='ocrx_word' id='word_1_45' title='bbox 446 705 709 773; x_wconf 89' lang='lat' dir='ltr'><strong>superbo.</strong></span> 
     </span>
    </p>
   </div>
   <div class='ocr_carea' id='block_1_9' title="bbox 315 775 1826 846">
    <p class='ocr_par' dir='ltr' id='par_1_9' title="bbox 315 775 1826 846">
     <span class='ocr_line' id='line_1_10' title="bbox 315 775 1826 846; baseline 0.001 -17"><span class='ocrx_word' id='word_1_46' title='bbox 315 776 384 829; x_wconf 82' lang='lat' dir='ltr'><strong>Et</strong></span> <span class='ocrx_word' id='word_1_47' title='bbox 429 791 598 844; x_wconf 79' lang='lat' dir='ltr'><strong>super</strong></span> <span class='ocrx_word' id='word_1_48' title='bbox 630 776 715 828; x_wconf 85' lang='lat' dir='ltr'><strong>his</strong></span> <span class='ocrx_word' id='word_1_49' title='bbox 739 775 1001 846; x_wconf 89' lang='lat' dir='ltr'><strong>omnibus</strong></span> <span class='ocrx_word' id='word_1_50' title='bbox 1031 776 1346 831; x_wconf 89' lang='lat' dir='ltr'><strong>benedicito</strong></span> <span class='ocrx_word' id='word_1_51' title='bbox 1378 780 1697 843; x_wconf 88' lang='lat' dir='ltr'><strong>Dominum,</strong></span> <span class='ocrx_word' id='word_1_52' title='bbox 1731 778 1826 846; x_wconf 86' lang='lat' dir='ltr'><strong>qui</strong></span> 
     </span>
    </p>
   </div>
   <div class='ocr_carea' id='block_1_10' title="bbox 246 845 1827 910">
    <p class='ocr_par' dir='ltr' id='par_1_10' title="bbox 246 845 1827 910">
     <span class='ocr_line' id='line_1_11' title="bbox 246 845 1827 910; baseline 0.002 -10"><span class='ocrx_word' id='word_1_53' title='bbox 246 847 376 900; x_wconf 75' lang='lat' dir='ltr'><strong>fecit</strong></span> <span class='ocrx_word' id='word_1_54' title='bbox 434 857 527 910; x_wconf 92' lang='lat' dir='ltr'><strong>te,</strong></span> <span class='ocrx_word' id='word_1_55' title='bbox 578 855 633 900; x_wconf 89' lang='lat' dir='ltr'><strong>et</strong></span> <span class='ocrx_word' id='word_1_56' title='bbox 688 845 1053 899; x_wconf 85' lang='lat' dir='ltr'><strong>inebriantem</strong></span> <span class='ocrx_word' id='word_1_57' title='bbox 1101 855 1155 901; x_wconf 90' lang='lat' dir='ltr'><strong>te</strong></span> <span class='ocrx_word' id='word_1_58' title='bbox 1214 847 1280 901; x_wconf 88' lang='lat' dir='ltr'><strong>ab</strong></span> <span class='ocrx_word' id='word_1_59' title='bbox 1323 851 1598 904; x_wconf 80' lang='lat' dir='ltr'><strong>omnibus</strong></span> <span class='ocrx_word' id='word_1_60' title='bbox 1664 845 1827 903; x_wconf 85' lang='lat' dir='ltr'><strong>bonis</strong></span> 
     </span>
    </p>
   </div>
   <div class='ocr_carea' id='block_1_11' title="bbox 245 932 380 971">
    <p class='ocr_par' dir='ltr' id='par_1_11' title="bbox 245 932 380 971">
     <span class='ocr_line' id='line_1_12' title="bbox 245 932 380 971; baseline 0 0"><span class='ocrx_word' id='word_1_61' title='bbox 245 932 380 971; x_wconf 76' lang='lat' dir='ltr'><strong>SlllS.</strong></span> 
     </span>
    </p>
   </div>
   <div class='ocr_carea' id='block_1_12' title="bbox 313 986 1826 1058">
    <p class='ocr_par' dir='ltr' id='par_1_12' title="bbox 313 986 1826 1058">
     <span class='ocr_line' id='line_1_13' title="bbox 313 986 1826 1058; baseline 0.005 -19"><span class='ocrx_word' id='word_1_62' title='bbox 313 987 417 1051; x_wconf 84' lang='lat' dir='ltr'><strong>Qui</strong></span> <span class='ocrx_word' id='word_1_63' title='bbox 460 986 619 1040; x_wconf 85' lang='lat' dir='ltr'><strong>timet</strong></span> <span class='ocrx_word' id='word_1_64' title='bbox 649 989 998 1058; x_wconf 63' lang='lat' dir='ltr'><strong>Dominum,</strong></span> <span class='ocrx_word' id='word_1_65' title='bbox 1022 989 1262 1058; x_wconf 74' lang='lat' dir='ltr'><strong>excipiet</strong></span> <span class='ocrx_word' id='word_1_66' title='bbox 1299 990 1612 1044; x_wconf 87' lang='lat' dir='ltr'><strong>doctrinam</strong></span> <span class='ocrx_word' id='word_1_67' title='bbox 1652 989 1774 1055; x_wconf 88' lang='lat' dir='ltr'><strong>ejus</strong></span> <span class='ocrx_word' id='word_1_68' title='bbox 1811 1006 1826 1046; x_wconf 85' lang='lat'><strong>:</strong></span> 
     </span>
    </p>
   </div>
   <div class='ocr_carea' id='block_1_13' title="bbox 244 1057 1827 1126">
    <p class='ocr_par' dir='ltr' id='par_1_13' title="bbox 244 1057 1827 1126">
     <span class='ocr_line' id='line_1_14' title="bbox 244 1057 1827 1126; baseline 0.003 -16"><span class='ocrx_word' id='word_1_69' title='bbox 244 1067 297 1110; x_wconf 89' lang='lat' dir='ltr'><strong>et</strong></span> <span class='ocrx_word' id='word_1_70' title='bbox 330 1059 426 1125; x_wconf 88' lang='lat' dir='ltr'><strong>qui</strong></span> <span class='ocrx_word' id='word_1_71' title='bbox 459 1058 809 1126; x_wconf 85' lang='lat' dir='ltr'><strong>vigilaverint</strong></span> <span class='ocrx_word' id='word_1_72' title='bbox 843 1063 911 1111; x_wconf 90' lang='lat' dir='ltr'><strong>ad</strong></span> <span class='ocrx_word' id='word_1_73' title='bbox 946 1057 1125 1123; x_wconf 90' lang='lat' dir='ltr'><strong>illum,</strong></span> <span class='ocrx_word' id='word_1_74' title='bbox 1152 1057 1448 1115; x_wconf 85' lang='lat' dir='ltr'><strong>invenient</strong></span> <span class='ocrx_word' id='word_1_75' title='bbox 1477 1059 1827 1114; x_wconf 88' lang='lat' dir='ltr'><strong>benedictio-</strong></span> 
     </span>
    </p>
   </div>
   <div class='ocr_carea' id='block_1_14' title="bbox 243 1143 387 1180">
    <p class='ocr_par' dir='ltr' id='par_1_14' title="bbox 243 1143 387 1180">
     <span class='ocr_line' id='line_1_15' title="bbox 243 1143 387 1180; baseline -0.014 0"><span class='ocrx_word' id='word_1_76' title='bbox 243 1143 387 1180; x_wconf 76' lang='lat' dir='ltr'>DCIII.</span> 
     </span>
    </p>
   </div>
   <div class='ocr_carea' id='block_1_15' title="bbox 310 1197 1472 1266">
    <p class='ocr_par' dir='ltr' id='par_1_15' title="bbox 310 1197 1472 1266">
     <span class='ocr_line' id='line_1_16' title="bbox 310 1197 1472 1266; baseline 0.004 -17"><span class='ocrx_word' id='word_1_77' title='bbox 310 1197 416 1262; x_wconf 85' lang='lat' dir='ltr'><strong>Qui</strong></span> <span class='ocrx_word' id='word_1_78' title='bbox 450 1199 650 1266; x_wconf 60' lang='lat' dir='ltr'><strong>quaerit</strong></span> <span class='ocrx_word' id='word_1_79' title='bbox 674 1199 877 1266; x_wconf 84' lang='lat' dir='ltr'><strong>legem,</strong></span> <span class='ocrx_word' id='word_1_80' title='bbox 915 1200 1219 1265; x_wconf 68' lang='lat' dir='ltr'><strong>replebitur</strong></span> <span class='ocrx_word' id='word_1_81' title='bbox 1249 1203 1316 1255; x_wconf 90' lang='lat' dir='ltr'><strong>ab</strong></span> <span class='ocrx_word' id='word_1_82' title='bbox 1351 1217 1415 1256; x_wconf 88' lang='lat' dir='ltr'><strong>ea</strong></span> <span class='ocrx_word' id='word_1_83' title='bbox 1459 1216 1472 1254; x_wconf 89' lang='lat'><strong>:</strong></span> 
     </span>
    </p>
   </div>
   <div class='ocr_carea' id='block_1_16' title="bbox 241 1269 1310 1336">
    <p class='ocr_par' dir='ltr' id='par_1_16' title="bbox 241 1269 1310 1336">
     <span class='ocr_line' id='line_1_17' title="bbox 241 1269 1310 1336; baseline 0.003 -14"><span class='ocrx_word' id='word_1_84' title='bbox 241 1269 444 1322; x_wconf 88' lang='lat' dir='ltr'><strong>sidiose</strong></span> <span class='ocrx_word' id='word_1_85' title='bbox 474 1269 608 1336; x_wconf 82' lang='lat' dir='ltr'><strong>agit,</strong></span> <span class='ocrx_word' id='word_1_86' title='bbox 644 1269 1112 1324; x_wconf 82' lang='lat' dir='ltr'><strong>scandalizabitur</strong></span> <span class='ocrx_word' id='word_1_87' title='bbox 1142 1271 1197 1324; x_wconf 92' lang='lat' dir='ltr'><strong>in</strong></span> <span class='ocrx_word' id='word_1_88' title='bbox 1224 1288 1310 1325; x_wconf 88' lang='lat' dir='ltr'><strong>ea.</strong></span> 
     </span>
    </p>
   </div>
   <div class='ocr_carea' id='block_1_17' title="bbox 308 1336 1828 1411">
    <p class='ocr_par' dir='ltr' id='par_1_17' title="bbox 308 1336 1828 1411">
     <span class='ocr_line' id='line_1_18' title="bbox 308 1336 1828 1411; baseline 0.003 -22"><span class='ocrx_word' id='word_1_89' title='bbox 308 1336 415 1402; x_wconf 86' lang='lat' dir='ltr'><strong>Qui</strong></span> <span class='ocrx_word' id='word_1_90' title='bbox 448 1339 990 1411; x_wconf 15' lang='lat' dir='ltr'><strong>tiuientrDominum</strong></span> <span class='ocrx_word' id='word_1_91' title='bbox 1020 1381 1034 1403; x_wconf 94' lang='lat'><strong>,</strong></span> <span class='ocrx_word' id='word_1_92' title='bbox 1092 1341 1378 1395; x_wconf 88' lang='lat' dir='ltr'><strong>invenient</strong></span> <span class='ocrx_word' id='word_1_93' title='bbox 1423 1341 1692 1411; x_wconf 84' lang='lat' dir='ltr'><strong>judicium</strong></span> <span class='ocrx_word' id='word_1_94' title='bbox 1732 1341 1828 1410; x_wconf 84' lang='lat' dir='ltr'><strong>ju-</strong></span> 
     </span>
    </p>
   </div>
   <div class='ocr_carea' id='block_1_18' title="bbox 246 1409 1586 1477">
    <p class='ocr_par' dir='ltr' id='par_1_18' title="bbox 246 1409 1586 1477">
     <span class='ocr_line' id='line_1_19' title="bbox 246 1409 1586 1477; baseline 0.005 -17"><span class='ocrx_word' id='word_1_95' title='bbox 246 1420 412 1471; x_wconf 90' lang='lat' dir='ltr'><strong>stum,</strong></span> <span class='ocrx_word' id='word_1_96' title='bbox 451 1419 510 1461; x_wconf 87' lang='lat' dir='ltr'><strong>et</strong></span> <span class='ocrx_word' id='word_1_97' title='bbox 544 1409 794 1477; x_wconf 90' lang='lat' dir='ltr'><strong>justitias</strong></span> <span class='ocrx_word' id='word_1_98' title='bbox 827 1410 986 1477; x_wconf 89' lang='lat' dir='ltr'><strong>quasi</strong></span> <span class='ocrx_word' id='word_1_99' title='bbox 1035 1413 1218 1464; x_wconf 88' lang='lat' dir='ltr'><strong>lumen</strong></span> <span class='ocrx_word' id='word_1_100' title='bbox 1253 1409 1586 1467; x_wconf 80' lang='lat' dir='ltr'><strong>accendent.</strong></span> 
     </span>
    </p>
   </div>
   <div class='ocr_carea' id='block_1_19' title="bbox 310 1479 1830 1550">
    <p class='ocr_par' dir='ltr' id='par_1_19' title="bbox 310 1479 1830 1550">
     <span class='ocr_line' id='line_1_20' title="bbox 310 1479 1830 1550; baseline 0.003 -20"><span class='ocrx_word' id='word_1_101' title='bbox 310 1479 582 1550; x_wconf 72' lang='lat' dir='ltr'><strong>l’eccator</strong></span> <span class='ocrx_word' id='word_1_102' title='bbox 612 1481 777 1532; x_wconf 88' lang='lat' dir='ltr'><strong>homo</strong></span> <span class='ocrx_word' id='word_1_103' title='bbox 806 1480 1011 1533; x_wconf 78' lang='lat' dir='ltr'><strong>vitabit</strong></span> <span class='ocrx_word' id='word_1_104' title='bbox 1043 1481 1451 1550; x_wconf 88' lang='lat' dir='ltr'><strong>correptioiiem</strong></span> <span class='ocrx_word' id='word_1_105' title='bbox 1474 1523 1488 1547; x_wconf 91' lang='lat'><strong>,</strong></span> <span class='ocrx_word' id='word_1_106' title='bbox 1536 1493 1594 1536; x_wconf 90' lang='lat' dir='ltr'><strong>et</strong></span> <span class='ocrx_word' id='word_1_107' title='bbox 1632 1497 1830 1536; x_wconf 87' lang='lat' dir='ltr'><strong>secun-</strong></span> 
     </span>
    </p>
   </div>
   <div class='ocr_carea' id='block_1_20' title="bbox 244 1548 1829 1620">
    <p class='ocr_par' dir='ltr' id='par_1_20' title="bbox 244 1548 1829 1620">
     <span class='ocr_line' id='line_1_21' title="bbox 244 1548 1829 1620; baseline 0.004 -18"><span class='ocrx_word' id='word_1_108' title='bbox 244 1549 367 1620; x_wconf 77' lang='lat' dir='ltr'><strong>dum</strong></span> <span class='ocrx_word' id='word_1_109' title='bbox 412 1548 764 1620; x_wconf 75' lang='lat' dir='ltr'><strong>voluntatem</strong></span> <span class='ocrx_word' id='word_1_110' title='bbox 817 1565 972 1620; x_wconf 85' lang='lat' dir='ltr'><strong>suam</strong></span> <span class='ocrx_word' id='word_1_111' title='bbox 1028 1548 1280 1606; x_wconf 75' lang='lat' dir='ltr'><strong>inveniet</strong></span> <span class='ocrx_word' id='word_1_112' title='bbox 1332 1551 1829 1620; x_wconf 89' lang='lat' dir='ltr'><strong>comparationem.</strong></span> 
     </span>
    </p>
   </div>
   <div class='ocr_carea' id='block_1_21' title="bbox 311 1619 1830 1692">
    <p class='ocr_par' dir='ltr' id='par_1_21' title="bbox 311 1619 1830 1692">
     <span class='ocr_line' id='line_1_22' title="bbox 311 1619 1830 1692; baseline 0.002 -19"><span class='ocrx_word' id='word_1_113' title='bbox 311 1619 408 1673; x_wconf 80' lang='lat' dir='ltr'><strong>Vir</strong></span> <span class='ocrx_word' id='word_1_114' title='bbox 442 1619 666 1692; x_wconf 83' lang='lat' dir='ltr'><strong>consilii</strong></span> <span class='ocrx_word' id='word_1_115' title='bbox 701 1635 811 1673; x_wconf 92' lang='lat' dir='ltr'><strong>non</strong></span> <span class='ocrx_word' id='word_1_116' title='bbox 847 1619 1132 1688; x_wconf 88' lang='lat' dir='ltr'><strong>disperdet</strong></span> <span class='ocrx_word' id='word_1_117' title='bbox 1186 1619 1608 1692; x_wconf 83' lang='lat' dir='ltr'><strong>intelligentiam</strong></span> <span class='ocrx_word' id='word_1_118' title='bbox 1649 1635 1666 1677; x_wconf 87' lang='lat'><strong>:</strong></span> <span class='ocrx_word' id='word_1_119' title='bbox 1699 1621 1830 1676; x_wconf 86' lang='lat' dir='ltr'><strong>alie-</strong></span> 
     </span>
    </p>
   </div>
   <div class='ocr_carea' id='block_1_22' title="bbox 245 1689 1619 1759">
    <p class='ocr_par' dir='ltr' id='par_1_22' title="bbox 245 1689 1619 1759">
     <span class='ocr_line' id='line_1_23' title="bbox 245 1689 1619 1759; baseline 0.004 -19"><span class='ocrx_word' id='word_1_120' title='bbox 245 1705 344 1759; x_wconf 69' lang='lat' dir='ltr'><strong>nus</strong></span> <span class='ocrx_word' id='word_1_121' title='bbox 372 1700 431 1742; x_wconf 91' lang='lat' dir='ltr'><strong>et</strong></span> <span class='ocrx_word' id='word_1_122' title='bbox 458 1689 736 1759; x_wconf 89' lang='lat' dir='ltr'><strong>superbus</strong></span> <span class='ocrx_word' id='word_1_123' title='bbox 769 1705 878 1743; x_wconf 91' lang='lat' dir='ltr'><strong>non</strong></span> <span class='ocrx_word' id='word_1_124' title='bbox 917 1693 1273 1758; x_wconf 86' lang='lat' dir='ltr'><strong>pertiinescet</strong></span> <span class='ocrx_word' id='word_1_125' title='bbox 1308 1689 1564 1747; x_wconf 80' lang='lat' dir='ltr'><strong>timorem</strong></span> <span class='ocrx_word' id='word_1_126' title='bbox 1604 1709 1619 1745; x_wconf 89' lang='lat'><strong>:</strong></span> 
     </span>
    </p>
   </div>
   <div class='ocr_carea' id='block_1_23' title="bbox 309 1757 1828 1828">
    <p class='ocr_par' dir='ltr' id='par_1_23' title="bbox 309 1757 1828 1828">
     <span class='ocr_line' id='line_1_24' title="bbox 309 1757 1828 1828; baseline 0.004 -18"><span class='ocrx_word' id='word_1_127' title='bbox 309 1757 494 1813; x_wconf 86' lang='lat' dir='ltr'><strong>Etiam</strong></span> <span class='ocrx_word' id='word_1_128' title='bbox 534 1757 839 1828; x_wconf 79' lang='lat' dir='ltr'><strong>postquam</strong></span> <span class='ocrx_word' id='word_1_129' title='bbox 878 1757 1006 1815; x_wconf 83' lang='lat' dir='ltr'><strong>fecit</strong></span> <span class='ocrx_word' id='word_1_130' title='bbox 1038 1776 1162 1815; x_wconf 91' lang='lat' dir='ltr'><strong>cum</strong></span> <span class='ocrx_word' id='word_1_131' title='bbox 1213 1778 1278 1818; x_wconf 85' lang='lat' dir='ltr'><strong>eo</strong></span> <span class='ocrx_word' id='word_1_132' title='bbox 1312 1762 1433 1817; x_wconf 85' lang='lat' dir='ltr'><strong>sine</strong></span> <span class='ocrx_word' id='word_1_133' title='bbox 1491 1762 1746 1828; x_wconf 85' lang='lat' dir='ltr'><strong>consilio,</strong></span> <span class='ocrx_word' id='word_1_134' title='bbox 1775 1771 1828 1817; x_wconf 92' lang='lat' dir='ltr'><strong>et</strong></span> 
     </span>
    </p>
   </div>
   <div class='ocr_carea' id='block_1_24' title="bbox 245 1830 1162 1898">
    <p class='ocr_par' dir='ltr' id='par_1_24' title="bbox 245 1830 1162 1898">
     <span class='ocr_line' id='line_1_25' title="bbox 245 1830 1162 1898; baseline 0.005 -17"><span class='ocrx_word' id='word_1_135' title='bbox 245 1830 352 1882; x_wconf 77' lang='lat' dir='ltr'><strong>suis</strong></span> <span class='ocrx_word' id='word_1_136' title='bbox 381 1831 852 1884; x_wconf 85' lang='lat' dir='ltr'><strong>insectationibus</strong></span> <span class='ocrx_word' id='word_1_137' title='bbox 883 1842 1162 1898; x_wconf 87' lang='lat' dir='ltr'><strong>arguetur.</strong></span> 
     </span>
    </p>
   </div>
   <div class='ocr_carea' id='block_1_25' title="bbox 310 1898 1823 1971">
    <p class='ocr_par' dir='ltr' id='par_1_25' title="bbox 310 1898 1823 1971">
     <span class='ocr_line' id='line_1_26' title="bbox 310 1898 1823 1971; baseline 0.002 -18"><span class='ocrx_word' id='word_1_138' title='bbox 310 1898 437 1964; x_wconf 80' lang='lat' dir='ltr'><strong>Fili,</strong></span> <span class='ocrx_word' id='word_1_139' title='bbox 481 1901 606 1971; x_wconf 86' lang='lat' dir='ltr'><strong>sine</strong></span> <span class='ocrx_word' id='word_1_140' title='bbox 647 1900 881 1954; x_wconf 89' lang='lat' dir='ltr'><strong>consilio</strong></span> <span class='ocrx_word' id='word_1_141' title='bbox 914 1902 1054 1956; x_wconf 83' lang='lat' dir='ltr'><strong>nihil</strong></span> <span class='ocrx_word' id='word_1_142' title='bbox 1094 1900 1292 1968; x_wconf 80' lang='lat' dir='ltr'><strong>facias,</strong></span> <span class='ocrx_word' id='word_1_143' title='bbox 1344 1911 1404 1957; x_wconf 91' lang='lat' dir='ltr'><strong>et</strong></span> <span class='ocrx_word' id='word_1_144' title='bbox 1451 1910 1577 1971; x_wconf 87' lang='lat' dir='ltr'><strong>post</strong></span> <span class='ocrx_word' id='word_1_145' title='bbox 1612 1900 1823 1958; x_wconf 81' lang='lat' dir='ltr'><strong>factum</strong></span> 
     </span>
    </p>
   </div>
   <div class='ocr_carea' id='block_1_26' title="bbox 247 1970 707 2038">
    <p class='ocr_par' dir='ltr' id='par_1_26' title="bbox 247 1970 707 2038">
     <span class='ocr_line' id='line_1_27' title="bbox 247 1970 707 2038; baseline 0.004 -16"><span class='ocrx_word' id='word_1_146' title='bbox 247 1987 347 2022; x_wconf 88' lang='lat' dir='ltr'><strong>non</strong></span> <span class='ocrx_word' id='word_1_147' title='bbox 382 1970 707 2038; x_wconf 72' lang='lat' dir='ltr'><strong>pcenitebis.</strong></span> 
     </span>
    </p>
   </div>
   <div class='ocr_carea' id='block_1_27' title="bbox 310 2040 1827 2111">
    <p class='ocr_par' dir='ltr' id='par_1_27' title="bbox 310 2040 1827 2111">
     <span class='ocr_line' id='line_1_28' title="bbox 310 2040 1827 2111; baseline 0.003 -19"><span class='ocrx_word' id='word_1_148' title='bbox 310 2040 366 2092; x_wconf 92' lang='lat' dir='ltr'><strong>lii</strong></span> <span class='ocrx_word' id='word_1_149' title='bbox 399 2044 490 2094; x_wconf 87' lang='lat' dir='ltr'><strong>via</strong></span> <span class='ocrx_word' id='word_1_150' title='bbox 550 2042 724 2093; x_wconf 73' lang='lat' dir='ltr'><strong>ruina:</strong></span> <span class='ocrx_word' id='word_1_151' title='bbox 773 2055 885 2111; x_wconf 90' lang='lat' dir='ltr'><strong>non</strong></span> <span class='ocrx_word' id='word_1_152' title='bbox 930 2057 1046 2105; x_wconf 88' lang='lat' dir='ltr'><strong>eas,</strong></span> <span class='ocrx_word' id='word_1_153' title='bbox 1084 2054 1138 2096; x_wconf 91' lang='lat' dir='ltr'><strong>et</strong></span> <span class='ocrx_word' id='word_1_154' title='bbox 1186 2059 1298 2097; x_wconf 88' lang='lat' dir='ltr'><strong>non</strong></span> <span class='ocrx_word' id='word_1_155' title='bbox 1329 2044 1580 2098; x_wconf 73' lang='lat' dir='ltr'><strong>offendes</strong></span> <span class='ocrx_word' id='word_1_156' title='bbox 1604 2044 1657 2097; x_wconf 93' lang='lat' dir='ltr'><strong>in</strong></span> <span class='ocrx_word' id='word_1_157' title='bbox 1689 2044 1827 2111; x_wconf 89' lang='lat' dir='ltr'><strong>lapi-</strong></span> 
     </span>
    </p>
   </div>
   <div class='ocr_carea' id='block_1_28' title="bbox 247 2110 1826 2182">
    <p class='ocr_par' dir='ltr' id='par_1_28' title="bbox 247 2110 1826 2182">
     <span class='ocr_line' id='line_1_29' title="bbox 247 2110 1826 2182; baseline 0.005 -20"><span class='ocrx_word' id='word_1_158' title='bbox 247 2110 338 2164; x_wconf 86' lang='lat' dir='ltr'><strong>des</strong></span> <span class='ocrx_word' id='word_1_159' title='bbox 363 2129 378 2162; x_wconf 87' lang='lat'><strong>:</strong></span> <span class='ocrx_word' id='word_1_160' title='bbox 411 2124 520 2164; x_wconf 89' lang='lat' dir='ltr'><strong>nec</strong></span> <span class='ocrx_word' id='word_1_161' title='bbox 541 2112 739 2182; x_wconf 87' lang='lat' dir='ltr'><strong>credas</strong></span> <span class='ocrx_word' id='word_1_162' title='bbox 762 2122 814 2164; x_wconf 91' lang='lat' dir='ltr'><strong>te</strong></span> <span class='ocrx_word' id='word_1_163' title='bbox 838 2110 938 2165; x_wconf 72' lang='lat' dir='ltr'><strong>via:</strong></span> <span class='ocrx_word' id='word_1_164' title='bbox 968 2112 1284 2178; x_wconf 74' lang='lat' dir='ltr'><strong>laboriosae,</strong></span> <span class='ocrx_word' id='word_1_165' title='bbox 1317 2131 1388 2169; x_wconf 89' lang='lat' dir='ltr'><strong>ne</strong></span> <span class='ocrx_word' id='word_1_166' title='bbox 1425 2130 1598 2182; x_wconf 88' lang='lat' dir='ltr'><strong>ponas</strong></span> <span class='ocrx_word' id='word_1_167' title='bbox 1627 2110 1826 2170; x_wconf 68' lang='lat' dir='ltr'><strong>animae</strong></span> 
     </span>
    </p>
   </div>
   <div class='ocr_carea' id='block_1_29' title="bbox 246 2181 764 2235">
    <p class='ocr_par' dir='ltr' id='par_1_29' title="bbox 246 2181 764 2235">
     <span class='ocr_line' id='line_1_30' title="bbox 246 2181 764 2235; baseline 0 -1"><span class='ocrx_word' id='word_1_168' title='bbox 246 2191 347 2234; x_wconf 78' lang='lat' dir='ltr'><strong>tua:</strong></span> <span class='ocrx_word' id='word_1_169' title='bbox 381 2181 707 2235; x_wconf 78' lang='lat' dir='ltr'><strong>scandalum</strong></span> <span class='ocrx_word' id='word_1_170' title='bbox 748 2197 764 2234; x_wconf 89' lang='lat'><strong>:</strong></span> 
     </span>
    </p>
   </div>
   <div class='ocr_carea' id='block_1_30' title="bbox 246 2251 1824 2375">
    <p class='ocr_par' dir='ltr' id='par_1_30' title="bbox 246 2251 1824 2375">
     <span class='ocr_line' id='line_1_31' title="bbox 246 2251 1824 2375; baseline 0.004 -72"><span class='ocrx_word' id='word_1_171' title='bbox 246 2321 274 2375; x_wconf 58' lang='grc' dir='ltr'>ά</span> <span class='ocrx_word' id='word_1_172' title='bbox 311 2251 378 2304; x_wconf 79' lang='lat' dir='ltr'><strong>Et</strong></span> <span class='ocrx_word' id='word_1_173' title='bbox 411 2267 441 2303; x_wconf 90' lang='lat' dir='ltr'><strong>a</strong></span> <span class='ocrx_word' id='word_1_174' title='bbox 480 2251 608 2305; x_wconf 90' lang='lat' dir='ltr'><strong>tiliis</strong></span> <span class='ocrx_word' id='word_1_175' title='bbox 643 2251 751 2305; x_wconf 89' lang='lat' dir='ltr'><strong>tuis</strong></span> <span class='ocrx_word' id='word_1_176' title='bbox 791 2268 948 2321; x_wconf 87' lang='lat' dir='ltr'><strong>cave,</strong></span> <span class='ocrx_word' id='word_1_177' title='bbox 981 2264 1036 2308; x_wconf 90' lang='lat' dir='ltr'><strong>et</strong></span> <span class='ocrx_word' id='word_1_178' title='bbox 1073 2270 1102 2309; x_wconf 88' lang='lat' dir='ltr'><strong>a</strong></span> <span class='ocrx_word' id='word_1_179' title='bbox 1137 2254 1460 2310; x_wconf 88' lang='lat' dir='ltr'><strong>domesticis</strong></span> <span class='ocrx_word' id='word_1_180' title='bbox 1491 2255 1606 2309; x_wconf 87' lang='lat' dir='ltr'><strong>tuis</strong></span> <span class='ocrx_word' id='word_1_181' title='bbox 1640 2262 1824 2310; x_wconf 86' lang='lat' dir='ltr'><strong>atten-</strong></span> 
     </span>
     <span class='ocr_line' id='line_1_32' title="bbox 278 2337 326 2375; baseline 0.042 -2"><span class='ocrx_word' id='word_1_182' title='bbox 278 2337 326 2375; x_wconf 88' lang='lat' dir='ltr'><strong>e.</strong></span> 
     </span>
    </p>
   </div>
   <div class='ocr_carea' id='block_1_31' title="bbox 278 2337 326 2376">
    <p class='ocr_par' dir='ltr' id='par_1_31' title="bbox 278 2337 326 2376">
     <span class='ocr_line' id='line_1_33' title="bbox 278 2337 326 2376; baseline 0.063 -3"><span class='ocrx_word' id='word_1_183' title='bbox 278 2337 326 2376; x_wconf 88' lang='lat' dir='ltr'><strong>e.</strong></span> 
     </span>
    </p>
   </div>
   <div class='ocr_carea' id='block_1_32' title="bbox 310 2391 1819 2460">
    <p class='ocr_par' dir='ltr' id='par_1_32' title="bbox 310 2391 1819 2460">
     <span class='ocr_line' id='line_1_34' title="bbox 310 2391 1819 2460; baseline 0.002 -15"><span class='ocrx_word' id='word_1_184' title='bbox 310 2393 364 2445; x_wconf 91' lang='lat' dir='ltr'><strong>lii</strong></span> <span class='ocrx_word' id='word_1_185' title='bbox 419 2391 574 2446; x_wconf 86' lang='lat' dir='ltr'><strong>omni</strong></span> <span class='ocrx_word' id='word_1_186' title='bbox 607 2406 773 2460; x_wconf 81' lang='lat' dir='ltr'><strong>Opere</strong></span> <span class='ocrx_word' id='word_1_187' title='bbox 807 2401 903 2448; x_wconf 92' lang='lat' dir='ltr'><strong>tuo</strong></span> <span class='ocrx_word' id='word_1_188' title='bbox 937 2395 1100 2450; x_wconf 88' lang='lat' dir='ltr'><strong>crede</strong></span> <span class='ocrx_word' id='word_1_189' title='bbox 1134 2411 1203 2450; x_wconf 73' lang='lat' dir='ltr'><strong>ex</strong></span> <span class='ocrx_word' id='word_1_190' title='bbox 1258 2394 1364 2450; x_wconf 86' lang='lat' dir='ltr'><strong>lide</strong></span> <span class='ocrx_word' id='word_1_191' title='bbox 1417 2395 1618 2450; x_wconf 62' lang='lat' dir='ltr'><strong>animae</strong></span> <span class='ocrx_word' id='word_1_192' title='bbox 1672 2406 1819 2450; x_wconf 59' lang='lat' dir='ltr'><strong>tua:</strong></span> 
     </span>
    </p>
   </div>
   <div class='ocr_carea' id='block_1_33' title="bbox 247 2463 1482 2520">
    <p class='ocr_par' dir='ltr' id='par_1_33' title="bbox 247 2463 1482 2520">
     <span class='ocr_line' id='line_1_35' title="bbox 247 2463 1482 2520; baseline 0.002 -4"><span class='ocrx_word' id='word_1_193' title='bbox 247 2463 346 2516; x_wconf 84' lang='lat' dir='ltr'><strong>hoc</strong></span> <span class='ocrx_word' id='word_1_194' title='bbox 381 2473 468 2518; x_wconf 91' lang='lat' dir='ltr'><strong>est</strong></span> <span class='ocrx_word' id='word_1_195' title='bbox 499 2465 648 2516; x_wconf 87' lang='lat' dir='ltr'><strong>enim</strong></span> <span class='ocrx_word' id='word_1_196' title='bbox 687 2467 1040 2519; x_wconf 82' lang='lat' dir='ltr'><strong>conservatio</strong></span> <span class='ocrx_word' id='word_1_197' title='bbox 1074 2465 1482 2520; x_wconf 88' lang='lat' dir='ltr'><strong>mandatorum.</strong></span> 
     </span>
    </p>
   </div>
   <div class='ocr_carea' id='block_1_34' title="bbox 314 2534 1823 2606">
    <p class='ocr_par' dir='ltr' id='par_1_34' title="bbox 314 2534 1823 2606">
     <span class='ocr_line' id='line_1_36' title="bbox 314 2534 1823 2606; baseline 0.004 -22"><span class='ocrx_word' id='word_1_198' title='bbox 314 2534 420 2599; x_wconf 86' lang='lat' dir='ltr'><strong>Qui</strong></span> <span class='ocrx_word' id='word_1_199' title='bbox 454 2535 634 2606; x_wconf 71' lang='lat' dir='ltr'><strong>credit</strong></span> <span class='ocrx_word' id='word_1_200' title='bbox 677 2535 803 2599; x_wconf 79' lang='lat' dir='ltr'><strong>beo,</strong></span> <span class='ocrx_word' id='word_1_201' title='bbox 835 2535 1074 2588; x_wconf 76' lang='lat' dir='ltr'><strong>attendit</strong></span> <span class='ocrx_word' id='word_1_202' title='bbox 1114 2536 1390 2591; x_wconf 81' lang='lat' dir='ltr'><strong>mandatis</strong></span> <span class='ocrx_word' id='word_1_203' title='bbox 1423 2553 1436 2588; x_wconf 90' lang='lat'><strong>:</strong></span> <span class='ocrx_word' id='word_1_204' title='bbox 1476 2546 1533 2591; x_wconf 89' lang='lat' dir='ltr'><strong>et</strong></span> <span class='ocrx_word' id='word_1_205' title='bbox 1559 2535 1655 2606; x_wconf 90' lang='lat' dir='ltr'><strong>qui</strong></span> <span class='ocrx_word' id='word_1_206' title='bbox 1689 2551 1823 2592; x_wconf 90' lang='lat' dir='ltr'><strong>con-</strong></span> 
     </span>
    </p>
   </div>
   <div class='ocr_carea' id='block_1_35' title="bbox 249 2604 1160 2666">
    <p class='ocr_par' dir='ltr' id='par_1_35' title="bbox 249 2604 1160 2666">
     <span class='ocr_line' id='line_1_37' title="bbox 249 2604 1160 2666; baseline 0.005 -11"><span class='ocrx_word' id='word_1_207' title='bbox 249 2604 360 2658; x_wconf 82' lang='lat' dir='ltr'><strong>lidit</strong></span> <span class='ocrx_word' id='word_1_208' title='bbox 397 2606 451 2657; x_wconf 89' lang='lat' dir='ltr'><strong>in</strong></span> <span class='ocrx_word' id='word_1_209' title='bbox 481 2605 598 2666; x_wconf 87' lang='lat' dir='ltr'><strong>illo,</strong></span> <span class='ocrx_word' id='word_1_210' title='bbox 635 2620 744 2658; x_wconf 88' lang='lat' dir='ltr'><strong>non</strong></span> <span class='ocrx_word' id='word_1_211' title='bbox 772 2606 1160 2660; x_wconf 89' lang='lat' dir='ltr'><strong>minorabitur.</strong></span> 
     </span>
    </p>
   </div>
   <div class='ocr_carea' id='block_1_36' title="bbox 783 2718 1292 2775">
    <p class='ocr_par' dir='ltr' id='par_1_36' title="bbox 783 2718 1292 2775">
     <span class='ocr_line' id='line_1_38' title="bbox 783 2718 1292 2775; baseline 0.006 -3"><span class='ocrx_word' id='word_1_212' title='bbox 783 2718 1009 2774; x_wconf 82' lang='lat' dir='ltr'><strong>CAPUT</strong></span> <span class='ocrx_word' id='word_1_213' title='bbox 1048 2719 1292 2775; x_wconf 77' lang='lat' dir='ltr'><strong>XXXIII.</strong></span> 
     </span>
    </p>
   </div>
   <div class='ocr_carea' id='block_1_37' title="bbox 311 2809 1819 2872">
    <p class='ocr_par' dir='ltr' id='par_1_37' title="bbox 311 2809 1819 2872">
     <span class='ocr_line' id='line_1_39' title="bbox 311 2809 1819 2872; baseline 0 -10"><span class='ocrx_word' id='word_1_214' title='bbox 311 2809 555 2864; x_wconf 85' lang='lat' dir='ltr'><strong>Tinienti</strong></span> <span class='ocrx_word' id='word_1_215' title='bbox 615 2809 902 2864; x_wconf 90' lang='lat' dir='ltr'><strong>Dominum</strong></span> <span class='ocrx_word' id='word_1_216' title='bbox 958 2825 1066 2863; x_wconf 91' lang='lat' dir='ltr'><strong>non</strong></span> <span class='ocrx_word' id='word_1_217' title='bbox 1123 2820 1419 2864; x_wconf 88' lang='lat' dir='ltr'><strong>occurrent</strong></span> <span class='ocrx_word' id='word_1_218' title='bbox 1452 2810 1611 2872; x_wconf 89' lang='lat' dir='ltr'><strong>mala,</strong></span> <span class='ocrx_word' id='word_1_219' title='bbox 1640 2810 1733 2864; x_wconf 85' lang='lat' dir='ltr'><strong>sed</strong></span> <span class='ocrx_word' id='word_1_220' title='bbox 1765 2809 1819 2864; x_wconf 93' lang='lat' dir='ltr'><strong>in</strong></span> 
     </span>
    </p>
   </div>
   <div class='ocr_carea' id='block_1_38' title="bbox 247 2879 1820 3003">
    <p class='ocr_par' dir='ltr' id='par_1_38' title="bbox 247 2879 1820 3003">
     <span class='ocr_line' id='line_1_40' title="bbox 247 2879 1820 3003; baseline -0.001 -68"><span class='ocrx_word' id='word_1_221' title='bbox 247 2883 548 3003; x_wconf 67' lang='lat' dir='ltr'><strong>lcllltaliOIIC</strong></span> <span class='ocrx_word' id='word_1_222' title='bbox 601 2879 744 2934; x_wconf 88' lang='lat' dir='ltr'><strong>Deus</strong></span> <span class='ocrx_word' id='word_1_223' title='bbox 793 2881 948 2934; x_wconf 89' lang='lat' dir='ltr'><strong>illum</strong></span> <span class='ocrx_word' id='word_1_224' title='bbox 985 2881 1357 2949; x_wconf 87' lang='lat' dir='ltr'><strong>conservabit,</strong></span> <span class='ocrx_word' id='word_1_225' title='bbox 1386 2891 1443 2936; x_wconf 88' lang='lat' dir='ltr'><strong>et</strong></span> <span class='ocrx_word' id='word_1_226' title='bbox 1479 2882 1740 2935; x_wconf 81' lang='lat' dir='ltr'><strong>liberabit</strong></span> <span class='ocrx_word' id='word_1_227' title='bbox 1789 2896 1820 2933; x_wconf 88' lang='lat' dir='ltr'><strong>a</strong></span> 
     </span>
     <span class='ocr_line' id='line_1_41' title="bbox 247 2965 417 3003; baseline 0 0"><span class='ocrx_word' id='word_1_228' title='bbox 247 2965 323 3003; x_wconf 86' lang='lat' dir='ltr'><strong>tua</strong></span> <span class='ocrx_word' id='word_1_229' title='bbox 352 2968 417 3003; x_wconf 85' lang='lat' dir='ltr'><strong>IS.</strong></span> 
     </span>
    </p>
   </div>
   <div class='ocr_carea' id='block_1_39' title="bbox 246 2965 417 3007">
    <p class='ocr_par' dir='ltr' id='par_1_39' title="bbox 246 2965 417 3007">
     <span class='ocr_line' id='line_1_42' title="bbox 246 2965 417 3007; baseline 0.023 -4"><span class='ocrx_word' id='word_1_230' title='bbox 246 2965 417 3007; x_wconf 86' lang='lat' dir='ltr'><strong>matis.</strong></span> 
     </span>
    </p>
   </div>
   <div class='ocr_carea' id='block_1_40' title="bbox 310 2968 1816 3092">
    <p class='ocr_par' dir='ltr' id='par_1_40' title="bbox 310 2968 1816 3092">
     <span class='ocr_line' id='line_1_43' title="bbox 310 2968 1816 3092; baseline 0.003 -20"><span class='ocrx_word' id='word_1_231' title='bbox 310 2968 547 3092; x_wconf 55' lang='lat' dir='ltr'><strong>gaspiens</strong></span> <span class='ocrx_word' id='word_1_232' title='bbox 587 3037 697 3076; x_wconf 83' lang='lat' dir='ltr'><strong>non</strong></span> <span class='ocrx_word' id='word_1_233' title='bbox 737 3021 851 3075; x_wconf 93' lang='lat' dir='ltr'><strong>odit</strong></span> <span class='ocrx_word' id='word_1_234' title='bbox 907 3021 1186 3085; x_wconf 88' lang='lat' dir='ltr'><strong>mandata,</strong></span> <span class='ocrx_word' id='word_1_235' title='bbox 1220 3032 1275 3077; x_wconf 90' lang='lat' dir='ltr'><strong>et</strong></span> <span class='ocrx_word' id='word_1_236' title='bbox 1323 3020 1590 3091; x_wconf 87' lang='lat' dir='ltr'><strong>justitias,</strong></span> <span class='ocrx_word' id='word_1_237' title='bbox 1621 3028 1678 3075; x_wconf 89' lang='lat' dir='ltr'><strong>et</strong></span> <span class='ocrx_word' id='word_1_238' title='bbox 1707 3036 1816 3076; x_wconf 87' lang='lat' dir='ltr'><strong>non</strong></span> 
     </span>
    </p>
   </div>
   <div class='ocr_carea' id='block_1_41' title="bbox 244 3091 1426 3161">
    <p class='ocr_par' dir='ltr' id='par_1_41' title="bbox 244 3091 1426 3161">
     <span class='ocr_line' id='line_1_44' title="bbox 244 3091 1426 3161; baseline 0.003 -17"><span class='ocrx_word' id='word_1_239' title='bbox 244 3091 492 3146; x_wconf 28' lang='lat' dir='ltr'><strong>illide’tur</strong></span> <span class='ocrx_word' id='word_1_240' title='bbox 530 3093 688 3161; x_wconf 90' lang='lat' dir='ltr'><strong>quasi</strong></span> <span class='ocrx_word' id='word_1_241' title='bbox 721 3094 775 3144; x_wconf 91' lang='lat' dir='ltr'><strong>in</strong></span> <span class='ocrx_word' id='word_1_242' title='bbox 811 3092 1051 3160; x_wconf 82' lang='lat' dir='ltr'><strong>procella</strong></span> <span class='ocrx_word' id='word_1_243' title='bbox 1087 3093 1266 3147; x_wconf 88' lang='lat' dir='ltr'><strong>navis.</strong></span> <span class='ocrx_word' id='word_1_244' title='bbox 1421 3137 1426 3141; x_wconf 93' lang='lat'><strong>.</strong></span> 
     </span>
    </p>
   </div>
   <div class='ocr_carea' id='block_1_42' title="bbox 1521 1199 1820 1270">
    <p class='ocr_par' dir='ltr' id='par_1_42' title="bbox 1521 1199 1820 1270">
     <span class='ocr_line' id='line_1_45' title="bbox 1521 1199 1820 1270; baseline -0.003 -14"><span class='ocrx_word' id='word_1_245' title='bbox 1521 1211 1577 1256; x_wconf 88' lang='lat' dir='ltr'><strong>et</strong></span> <span class='ocrx_word' id='word_1_246' title='bbox 1609 1199 1706 1270; x_wconf 86' lang='lat' dir='ltr'><strong>qui</strong></span> <span class='ocrx_word' id='word_1_247' title='bbox 1741 1201 1820 1255; x_wconf 91' lang='lat' dir='ltr'><strong>in-</strong></span> 
     </span>
    </p>
   </div>
   <div class='ocr_carea' id='block_1_43' title="bbox 1932 500 3006 570">
    <p class='ocr_par' dir='ltr' id='par_1_43' title="bbox 1932 500 3006 570">
     <span class='ocr_line' id='line_1_46' title="bbox 1932 500 3006 570; baseline 0.001 -16"><span class='ocrx_word' id='word_1_248' title='bbox 1932 511 2112 554; x_wconf 79' lang='lat' dir='ltr'><strong>ctores</strong></span> <span class='ocrx_word' id='word_1_249' title='bbox 2147 501 2421 560; x_wconf 68' lang='lat' dir='ltr'><strong>Ecclesia-2,</strong></span> <span class='ocrx_word' id='word_1_250' title='bbox 2456 500 2680 555; x_wconf 85' lang='lat' dir='ltr'><strong>auribus</strong></span> <span class='ocrx_word' id='word_1_251' title='bbox 2722 502 3006 570; x_wconf 87' lang='lat' dir='ltr'><strong>percipite.</strong></span> 
     </span>
    </p>
   </div>
   <div class='ocr_carea' id='block_1_44' title="bbox 2005 570 3505 643">
    <p class='ocr_par' dir='ltr' id='par_1_44' title="bbox 2005 570 3505 643">
     <span class='ocr_line' id='line_1_47' title="bbox 2005 570 3505 643; baseline 0.003 -19"><span class='ocrx_word' id='word_1_252' title='bbox 2005 570 2140 624; x_wconf 85' lang='lat' dir='ltr'><strong>Filio</strong></span> <span class='ocrx_word' id='word_1_253' title='bbox 2171 581 2228 624; x_wconf 91' lang='lat' dir='ltr'><strong>et</strong></span> <span class='ocrx_word' id='word_1_254' title='bbox 2256 570 2590 643; x_wconf 70' lang='lat' dir='ltr'><strong>iniiliori,_et</strong></span> <span class='ocrx_word' id='word_1_255' title='bbox 2621 572 2772 643; x_wconf 70' lang='lat' dir='ltr'><strong>fratri</strong></span> <span class='ocrx_word' id='word_1_256' title='bbox 2821 580 2874 624; x_wconf 91' lang='lat' dir='ltr'><strong>et</strong></span> <span class='ocrx_word' id='word_1_257' title='bbox 2909 572 3089 626; x_wconf 80' lang='lat' dir='ltr'><strong>amico</strong></span> <span class='ocrx_word' id='word_1_258' title='bbox 3140 571 3382 643; x_wconf 78' lang='lat' dir='ltr'><strong>nondes</strong></span> <span class='ocrx_word' id='word_1_259' title='bbox 3411 590 3505 643; x_wconf 91' lang='lat' dir='ltr'><strong>po-</strong></span> 
     </span>
    </p>
   </div>
   <div class='ocr_carea' id='block_1_45' title="bbox 1933 640 3506 709">
    <p class='ocr_par' dir='ltr' id='par_1_45' title="bbox 1933 640 3506 709">
     <span class='ocr_line' id='line_1_48' title="bbox 1933 640 3506 709; baseline 0.003 -15"><span class='ocrx_word' id='word_1_260' title='bbox 1933 648 2184 694; x_wconf 85' lang='lat' dir='ltr'><strong>testatein</strong></span> <span class='ocrx_word' id='word_1_261' title='bbox 2211 657 2375 709; x_wconf 86' lang='lat' dir='ltr'><strong>super</strong></span> <span class='ocrx_word' id='word_1_262' title='bbox 2409 649 2458 693; x_wconf 86' lang='lat' dir='ltr'><strong>te</strong></span> <span class='ocrx_word' id='word_1_263' title='bbox 2510 640 2565 693; x_wconf 91' lang='lat' dir='ltr'><strong>in</strong></span> <span class='ocrx_word' id='word_1_264' title='bbox 2596 642 2705 693; x_wconf 87' lang='lat' dir='ltr'><strong>vita</strong></span> <span class='ocrx_word' id='word_1_265' title='bbox 2758 649 2848 694; x_wconf 89' lang='lat' dir='ltr'><strong>tua</strong></span> <span class='ocrx_word' id='word_1_266' title='bbox 2876 656 2891 701; x_wconf 86' lang='lat'><strong>;</strong></span> <span class='ocrx_word' id='word_1_267' title='bbox 2930 651 2984 695; x_wconf 93' lang='lat' dir='ltr'><strong>et</strong></span> <span class='ocrx_word' id='word_1_268' title='bbox 3018 657 3127 695; x_wconf 90' lang='lat' dir='ltr'><strong>non</strong></span> <span class='ocrx_word' id='word_1_269' title='bbox 3169 640 3387 696; x_wconf 88' lang='lat' dir='ltr'><strong>dederis</strong></span> <span class='ocrx_word' id='word_1_270' title='bbox 3412 640 3506 698; x_wconf 78' lang='lat' dir='ltr'><strong>alii</strong></span> 
     </span>
    </p>
   </div>
   <div class='ocr_carea' id='block_1_46' title="bbox 1931 709 3507 782">
    <p class='ocr_par' dir='ltr' id='par_1_46' title="bbox 1931 709 3507 782">
     <span class='ocr_line' id='line_1_49' title="bbox 1931 709 3507 782; baseline 0.004 -22"><span class='ocrx_word' id='word_1_271' title='bbox 1931 711 2337 782; x_wconf 73' lang='lat' dir='ltr'><strong>possessionem</strong></span> <span class='ocrx_word' id='word_1_272' title='bbox 2379 721 2545 772; x_wconf 84' lang='lat' dir='ltr'><strong>tuam,</strong></span> <span class='ocrx_word' id='word_1_273' title='bbox 2582 726 2650 763; x_wconf 87' lang='lat' dir='ltr'><strong>ne</strong></span> <span class='ocrx_word' id='word_1_274' title='bbox 2676 709 2817 764; x_wconf 80' lang='lat' dir='ltr'><strong>forte</strong></span> <span class='ocrx_word' id='word_1_275' title='bbox 2843 711 3108 779; x_wconf 71' lang='lat' dir='ltr'><strong>poeniteat</strong></span> <span class='ocrx_word' id='word_1_276' title='bbox 3140 720 3192 763; x_wconf 89' lang='lat' dir='ltr'><strong>te</strong></span> <span class='ocrx_word' id='word_1_277' title='bbox 3225 722 3280 765; x_wconf 73' lang='lat' dir='ltr'><strong>et</strong></span> <span class='ocrx_word' id='word_1_278' title='bbox 3305 712 3507 782; x_wconf 80' lang='lat' dir='ltr'><strong>depre-</strong></span> 
     </span>
    </p>
   </div>
   <div class='ocr_carea' id='block_1_47' title="bbox 1933 779 2368 848">
    <p class='ocr_par' dir='ltr' id='par_1_47' title="bbox 1933 779 2368 848">
     <span class='ocr_line' id='line_1_50' title="bbox 1933 779 2368 848; baseline 0.002 -15"><span class='ocrx_word' id='word_1_279' title='bbox 1933 779 2075 833; x_wconf 84' lang='lat' dir='ltr'><strong>Ceris</strong></span> <span class='ocrx_word' id='word_1_280' title='bbox 2118 796 2214 848; x_wconf 87' lang='lat' dir='ltr'><strong>pro</strong></span> <span class='ocrx_word' id='word_1_281' title='bbox 2245 781 2368 834; x_wconf 81' lang='lat' dir='ltr'><strong>illis.</strong></span> 
     </span>
    </p>
   </div>
   <div class='ocr_carea' id='block_1_48' title="bbox 2006 847 3512 918">
    <p class='ocr_par' dir='ltr' id='par_1_48' title="bbox 2006 847 3512 918">
     <span class='ocr_line' id='line_1_51' title="bbox 2006 847 3512 918; baseline 0.003 -16"><span class='ocrx_word' id='word_1_282' title='bbox 2006 847 2143 904; x_wconf 87' lang='lat' dir='ltr'><strong>Dum</strong></span> <span class='ocrx_word' id='word_1_283' title='bbox 2174 851 2356 903; x_wconf 83' lang='lat' dir='ltr'><strong>adhuc</strong></span> <span class='ocrx_word' id='word_1_284' title='bbox 2394 866 2622 918; x_wconf 81' lang='lat' dir='ltr'><strong>superes</strong></span> <span class='ocrx_word' id='word_1_285' title='bbox 2671 859 2726 905; x_wconf 90' lang='lat' dir='ltr'><strong>et</strong></span> <span class='ocrx_word' id='word_1_286' title='bbox 2776 850 3008 918; x_wconf 88' lang='lat' dir='ltr'><strong>aspiras,</strong></span> <span class='ocrx_word' id='word_1_287' title='bbox 3047 865 3159 903; x_wconf 89' lang='lat' dir='ltr'><strong>non</strong></span> <span class='ocrx_word' id='word_1_288' title='bbox 3198 847 3512 907; x_wconf 89' lang='lat' dir='ltr'><strong>iminutabit</strong></span> 
     </span>
    </p>
   </div>
   <div class='ocr_carea' id='block_1_49' title="bbox 1936 922 2380 974">
    <p class='ocr_par' dir='ltr' id='par_1_49' title="bbox 1936 922 2380 974">
     <span class='ocr_line' id='line_1_52' title="bbox 1936 922 2380 974; baseline 0.002 -2"><span class='ocrx_word' id='word_1_289' title='bbox 1936 926 1987 973; x_wconf 91' lang='lat' dir='ltr'><strong>te</strong></span> <span class='ocrx_word' id='word_1_290' title='bbox 2016 922 2202 974; x_wconf 89' lang='lat' dir='ltr'><strong>omnis</strong></span> <span class='ocrx_word' id='word_1_291' title='bbox 2233 936 2380 974; x_wconf 84' lang='lat' dir='ltr'><strong>caro.</strong></span> 
     </span>
    </p>
   </div>
   <div class='ocr_carea' id='block_1_50' title="bbox 2006 989 3514 1063">
    <p class='ocr_par' dir='ltr' id='par_1_50' title="bbox 2006 989 3514 1063">
     <span class='ocr_line' id='line_1_53' title="bbox 2006 989 3514 1063; baseline 0.004 -22"><span class='ocrx_word' id='word_1_292' title='bbox 2006 989 2201 1063; x_wconf 84' lang='lat' dir='ltr'><strong>Melius</strong></span> <span class='ocrx_word' id='word_1_293' title='bbox 2240 1001 2324 1063; x_wconf 81' lang='lat' dir='ltr'><strong>est</strong></span> <span class='ocrx_word' id='word_1_294' title='bbox 2353 992 2496 1045; x_wconf 87' lang='lat' dir='ltr'><strong>enim</strong></span> <span class='ocrx_word' id='word_1_295' title='bbox 2533 1002 2590 1046; x_wconf 93' lang='lat' dir='ltr'><strong>ut</strong></span> <span class='ocrx_word' id='word_1_296' title='bbox 2629 993 2723 1048; x_wconf 85' lang='lat' dir='ltr'><strong>lilii</strong></span> <span class='ocrx_word' id='word_1_297' title='bbox 2758 992 2834 1046; x_wconf 93' lang='lat' dir='ltr'><strong>tui</strong></span> <span class='ocrx_word' id='word_1_298' title='bbox 2885 1000 2938 1046; x_wconf 88' lang='lat' dir='ltr'><strong>te</strong></span> <span class='ocrx_word' id='word_1_299' title='bbox 2979 1001 3209 1062; x_wconf 90' lang='lat' dir='ltr'><strong>rogent,</strong></span> <span class='ocrx_word' id='word_1_300' title='bbox 3241 1007 3404 1063; x_wconf 89' lang='lat' dir='ltr'><strong>quam</strong></span> <span class='ocrx_word' id='word_1_301' title='bbox 3455 1000 3514 1047; x_wconf 86' lang='lat' dir='ltr'><strong>te</strong></span> 
     </span>
    </p>
   </div>
   <div class='ocr_carea' id='block_1_51' title="bbox 1932 1060 3076 1126">
    <p class='ocr_par' dir='ltr' id='par_1_51' title="bbox 1932 1060 3076 1126">
     <span class='ocr_line' id='line_1_54' title="bbox 1932 1060 3076 1126; baseline 0.003 -15"><span class='ocrx_word' id='word_1_302' title='bbox 1932 1061 2211 1126; x_wconf 79' lang='lat' dir='ltr'><strong>rcSpicere</strong></span> <span class='ocrx_word' id='word_1_303' title='bbox 2247 1060 2301 1113; x_wconf 88' lang='lat' dir='ltr'><strong>in</strong></span> <span class='ocrx_word' id='word_1_304' title='bbox 2331 1077 2526 1117; x_wconf 90' lang='lat' dir='ltr'><strong>manus</strong></span> <span class='ocrx_word' id='word_1_305' title='bbox 2558 1063 2801 1116; x_wconf 82' lang='lat' dir='ltr'><strong>ﬁliorum</strong></span> <span class='ocrx_word' id='word_1_306' title='bbox 2834 1060 3076 1116; x_wconf 51' lang='lat' dir='ltr'><strong>tuorum:</strong></span> 
     </span>
    </p>
   </div>
   <div class='ocr_carea' id='block_1_52' title="bbox 2012 1129 3336 1201">
    <p class='ocr_par' dir='ltr' id='par_1_52' title="bbox 2012 1129 3336 1201">
     <span class='ocr_line' id='line_1_55' title="bbox 2012 1129 3336 1201; baseline 0.005 -21"><span class='ocrx_word' id='word_1_307' title='bbox 2012 1129 2068 1201; x_wconf 83' lang='lat' dir='ltr'><strong>In</strong></span> <span class='ocrx_word' id='word_1_308' title='bbox 2102 1131 2361 1201; x_wconf 85' lang='lat' dir='ltr'><strong>omnibus</strong></span> <span class='ocrx_word' id='word_1_309' title='bbox 2397 1135 2656 1201; x_wconf 80' lang='lat' dir='ltr'><strong>operibus</strong></span> <span class='ocrx_word' id='word_1_310' title='bbox 2691 1135 2800 1186; x_wconf 90' lang='lat' dir='ltr'><strong>tuis</strong></span> <span class='ocrx_word' id='word_1_311' title='bbox 2841 1132 3162 1198; x_wconf 65' lang='lat' dir='ltr'><strong>prmcelleiis</strong></span> <span class='ocrx_word' id='word_1_312' title='bbox 3190 1144 3336 1188; x_wconf 87' lang='lat' dir='ltr'><strong>esto.</strong></span> 
     </span>
    </p>
   </div>
   <div class='ocr_carea' id='block_1_53' title="bbox 2004 1199 3510 1271">
    <p class='ocr_par' dir='ltr' id='par_1_53' title="bbox 2004 1199 3510 1271">
     <span class='ocr_line' id='line_1_56' title="bbox 2004 1199 3510 1271; baseline 0.002 -19"><span class='ocrx_word' id='word_1_313' title='bbox 2004 1199 2082 1252; x_wconf 77' lang='lat' dir='ltr'><strong>Ne</strong></span> <span class='ocrx_word' id='word_1_314' title='bbox 2113 1200 2336 1254; x_wconf 88' lang='lat' dir='ltr'><strong>dederis</strong></span> <span class='ocrx_word' id='word_1_315' title='bbox 2380 1199 2648 1257; x_wconf 80' lang='lat' dir='ltr'><strong>maculam</strong></span> <span class='ocrx_word' id='word_1_316' title='bbox 2699 1205 2751 1256; x_wconf 90' lang='lat' dir='ltr'><strong>in</strong></span> <span class='ocrx_word' id='word_1_317' title='bbox 2797 1202 2970 1271; x_wconf 80' lang='lat' dir='ltr'><strong>gloria</strong></span> <span class='ocrx_word' id='word_1_318' title='bbox 3022 1213 3136 1257; x_wconf 87' lang='lat' dir='ltr'><strong>tua.</strong></span> <span class='ocrx_word' id='word_1_319' title='bbox 3170 1202 3225 1255; x_wconf 92' lang='lat' dir='ltr'><strong>In</strong></span> <span class='ocrx_word' id='word_1_320' title='bbox 3259 1205 3344 1256; x_wconf 90' lang='lat' dir='ltr'><strong>ilic</strong></span> <span class='ocrx_word' id='word_1_321' title='bbox 3374 1218 3510 1256; x_wconf 79' lang='lat' dir='ltr'><strong>con-</strong></span> 
     </span>
    </p>
   </div>
   <div class='ocr_carea' id='block_1_54' title="bbox 1933 1271 3510 1342">
    <p class='ocr_par' dir='ltr' id='par_1_54' title="bbox 1933 1271 3510 1342">
     <span class='ocr_line' id='line_1_57' title="bbox 1933 1271 3510 1342; baseline 0.002 -20"><span class='ocrx_word' id='word_1_322' title='bbox 1933 1271 2317 1342; x_wconf 77' lang='lat' dir='ltr'><strong>suinmationis</strong></span> <span class='ocrx_word' id='word_1_323' title='bbox 2350 1275 2562 1326; x_wconf 85' lang='lat' dir='ltr'><strong>dierum</strong></span> <span class='ocrx_word' id='word_1_324' title='bbox 2594 1275 2715 1326; x_wconf 69' lang='lat' dir='ltr'><strong>vitm</strong></span> <span class='ocrx_word' id='word_1_325' title='bbox 2744 1285 2868 1336; x_wconf 70' lang='lat' dir='ltr'><strong>tute,</strong></span> <span class='ocrx_word' id='word_1_326' title='bbox 2893 1281 2950 1326; x_wconf 90' lang='lat' dir='ltr'><strong>et</strong></span> <span class='ocrx_word' id='word_1_327' title='bbox 2976 1272 3029 1326; x_wconf 91' lang='lat' dir='ltr'><strong>in</strong></span> <span class='ocrx_word' id='word_1_328' title='bbox 3065 1281 3309 1342; x_wconf 89' lang='lat' dir='ltr'><strong>tempore</strong></span> <span class='ocrx_word' id='word_1_329' title='bbox 3329 1273 3510 1326; x_wconf 82' lang='lat' dir='ltr'><strong>exitus</strong></span> 
     </span>
    </p>
   </div>
   <div class='ocr_carea' id='block_1_55' title="bbox 1936 1339 2936 1397">
    <p class='ocr_par' dir='ltr' id='par_1_55' title="bbox 1936 1339 2936 1397">
     <span class='ocr_line' id='line_1_58' title="bbox 1936 1339 2936 1397; baseline 0.004 -4"><span class='ocrx_word' id='word_1_330' title='bbox 1936 1339 2010 1393; x_wconf 86' lang='grc' dir='ltr'><strong>ιιιὶ</strong></span> <span class='ocrx_word' id='word_1_331' title='bbox 2051 1341 2321 1394; x_wconf 82' lang='lat' dir='ltr'><strong>ilisti-ibue</strong></span> <span class='ocrx_word' id='word_1_332' title='bbox 2355 1343 2726 1397; x_wconf 64' lang='lat' dir='ltr'><strong>hmreditatem</strong></span> <span class='ocrx_word' id='word_1_333' title='bbox 2765 1353 2936 1397; x_wconf 89' lang='lat' dir='ltr'><strong>tuam.</strong></span> 
     </span>
    </p>
   </div>
   <div class='ocr_carea' id='block_1_56' title="bbox 2003 1409 3508 1481">
    <p class='ocr_par' dir='ltr' id='par_1_56' title="bbox 2003 1409 3508 1481">
     <span class='ocr_line' id='line_1_59' title="bbox 2003 1409 3508 1481; baseline 0.003 -20"><span class='ocrx_word' id='word_1_334' title='bbox 2003 1409 2241 1481; x_wconf 81' lang='lat' dir='ltr'><strong>Cibaria,</strong></span> <span class='ocrx_word' id='word_1_335' title='bbox 2274 1421 2328 1464; x_wconf 88' lang='lat' dir='ltr'><strong>et</strong></span> <span class='ocrx_word' id='word_1_336' title='bbox 2351 1414 2522 1481; x_wconf 82' lang='lat' dir='ltr'><strong>virga.</strong></span> <span class='ocrx_word' id='word_1_337' title='bbox 2556 1423 2611 1467; x_wconf 91' lang='lat' dir='ltr'><strong>et</strong></span> <span class='ocrx_word' id='word_1_338' title='bbox 2635 1429 2773 1467; x_wconf 90' lang='lat' dir='ltr'><strong>onus</strong></span> <span class='ocrx_word' id='word_1_339' title='bbox 2814 1415 2969 1467; x_wconf 88' lang='lat' dir='ltr'><strong>asino</strong></span> <span class='ocrx_word' id='word_1_340' title='bbox 2998 1428 3014 1467; x_wconf 88' lang='lat'><strong>:</strong></span> <span class='ocrx_word' id='word_1_341' title='bbox 3041 1412 3224 1480; x_wconf 84' lang='lat' dir='ltr'><strong>panis,</strong></span> <span class='ocrx_word' id='word_1_342' title='bbox 3257 1421 3313 1467; x_wconf 93' lang='lat' dir='ltr'><strong>et</strong></span> <span class='ocrx_word' id='word_1_343' title='bbox 3340 1412 3508 1466; x_wconf 87' lang='lat' dir='ltr'><strong>disci-</strong></span> 
     </span>
    </p>
   </div>
   <div class='ocr_carea' id='block_1_57' title="bbox 1932 1479 2565 1549">
    <p class='ocr_par' dir='ltr' id='par_1_57' title="bbox 1932 1479 2565 1549">
     <span class='ocr_line' id='line_1_60' title="bbox 1932 1479 2565 1549; baseline 0.008 -18"><span class='ocrx_word' id='word_1_344' title='bbox 1932 1479 2108 1549; x_wconf 80' lang='lat' dir='ltr'><strong>plina,</strong></span> <span class='ocrx_word' id='word_1_345' title='bbox 2140 1491 2195 1534; x_wconf 87' lang='lat' dir='ltr'><strong>et</strong></span> <span class='ocrx_word' id='word_1_346' title='bbox 2226 1497 2363 1542; x_wconf 84' lang='lat' dir='ltr'><strong>opus</strong></span> <span class='ocrx_word' id='word_1_347' title='bbox 2388 1479 2565 1536; x_wconf 74' lang='lat' dir='ltr'><strong>servo.</strong></span> 
     </span>
    </p>
   </div>
   <div class='ocr_carea' id='block_1_58' title="bbox 2005 1549 3498 1622">
    <p class='ocr_par' dir='ltr' id='par_1_58' title="bbox 2005 1549 3498 1622">
     <span class='ocr_line' id='line_1_61' title="bbox 2005 1549 3498 1622; baseline 0.003 -19"><span class='ocrx_word' id='word_1_348' title='bbox 2005 1549 2276 1618; x_wconf 87' lang='lat' dir='ltr'><strong>Operatur</strong></span> <span class='ocrx_word' id='word_1_349' title='bbox 2311 1553 2375 1622; x_wconf 89' lang='lat' dir='ltr'><strong>in</strong></span> <span class='ocrx_word' id='word_1_350' title='bbox 2419 1553 2730 1622; x_wconf 82' lang='lat' dir='ltr'><strong>disciplina.</strong></span> <span class='ocrx_word' id='word_1_351' title='bbox 2765 1563 2821 1607; x_wconf 88' lang='lat' dir='ltr'><strong>et</strong></span> <span class='ocrx_word' id='word_1_352' title='bbox 2859 1553 3058 1621; x_wconf 83' lang='lat' dir='ltr'><strong>quaerit</strong></span> <span class='ocrx_word' id='word_1_353' title='bbox 3097 1553 3448 1622; x_wconf 82' lang='lat' dir='ltr'><strong>requiescere</strong></span> <span class='ocrx_word' id='word_1_354' title='bbox 3482 1569 3498 1608; x_wconf 86' lang='lat'>:</span> 
     </span>
    </p>
   </div>
   <div class='ocr_carea' id='block_1_59' title="bbox 1934 1619 3106 1691">
    <p class='ocr_par' dir='ltr' id='par_1_59' title="bbox 1934 1619 3106 1691">
     <span class='ocr_line' id='line_1_62' title="bbox 1934 1619 3106 1691; baseline 0.002 -18"><span class='ocrx_word' id='word_1_355' title='bbox 1934 1619 2052 1673; x_wconf 74' lang='lat' dir='ltr'><strong>laxa</strong></span> <span class='ocrx_word' id='word_1_356' title='bbox 2081 1635 2273 1673; x_wconf 85' lang='lat' dir='ltr'><strong>manus</strong></span> <span class='ocrx_word' id='word_1_357' title='bbox 2307 1621 2405 1686; x_wconf 86' lang='lat' dir='ltr'><strong>illi,</strong></span> <span class='ocrx_word' id='word_1_358' title='bbox 2444 1633 2496 1675; x_wconf 87' lang='lat' dir='ltr'><strong>et</strong></span> <span class='ocrx_word' id='word_1_359' title='bbox 2529 1619 2724 1691; x_wconf 69' lang='lat' dir='ltr'><strong>quaerit</strong></span> <span class='ocrx_word' id='word_1_360' title='bbox 2772 1619 3106 1677; x_wconf 80' lang='lat' dir='ltr'><strong>libertatem.</strong></span> 
     </span>
    </p>
   </div>
   <div class='ocr_carea' id='block_1_60' title="bbox 2003 1691 3501 1756">
    <p class='ocr_par' dir='ltr' id='par_1_60' title="bbox 2003 1691 3501 1756">
     <span class='ocr_line' id='line_1_63' title="bbox 2003 1691 3501 1756; baseline 0 -13"><span class='ocrx_word' id='word_1_361' title='bbox 2003 1691 2200 1756; x_wconf 57' lang='lat' dir='ltr'><strong>Iugum</strong></span> <span class='ocrx_word' id='word_1_362' title='bbox 2257 1701 2312 1744; x_wconf 89' lang='lat' dir='ltr'><strong>et</strong></span> <span class='ocrx_word' id='word_1_363' title='bbox 2347 1694 2524 1746; x_wconf 90' lang='lat' dir='ltr'><strong>lorum</strong></span> <span class='ocrx_word' id='word_1_364' title='bbox 2553 1701 2784 1746; x_wconf 84' lang='lat' dir='ltr'><strong>curvant</strong></span> <span class='ocrx_word' id='word_1_365' title='bbox 2813 1693 3020 1746; x_wconf 92' lang='lat' dir='ltr'><strong>collum</strong></span> <span class='ocrx_word' id='word_1_366' title='bbox 3054 1693 3277 1756; x_wconf 87' lang='lat' dir='ltr'><strong>durum,</strong></span> <span class='ocrx_word' id='word_1_367' title='bbox 3304 1702 3359 1746; x_wconf 91' lang='lat' dir='ltr'><strong>et</strong></span> <span class='ocrx_word' id='word_1_368' title='bbox 3381 1706 3501 1746; x_wconf 85' lang='lat' dir='ltr'><strong>scr-</strong></span> 
     </span>
    </p>
   </div>
   <div class='ocr_carea' id='block_1_61' title="bbox 1935 1760 3034 1830">
    <p class='ocr_par' dir='ltr' id='par_1_61' title="bbox 1935 1760 3034 1830">
     <span class='ocr_line' id='line_1_64' title="bbox 1935 1760 3034 1830; baseline 0.002 -17"><span class='ocrx_word' id='word_1_369' title='bbox 1935 1774 2062 1813; x_wconf 90' lang='lat' dir='ltr'><strong>vuin</strong></span> <span class='ocrx_word' id='word_1_370' title='bbox 2099 1760 2362 1813; x_wconf 86' lang='lat' dir='ltr'><strong>inclinant</strong></span> <span class='ocrx_word' id='word_1_371' title='bbox 2393 1764 2744 1830; x_wconf 86' lang='lat' dir='ltr'><strong>operationes</strong></span> <span class='ocrx_word' id='word_1_372' title='bbox 2777 1763 3034 1816; x_wconf 84' lang='lat' dir='ltr'><strong>assiduae.</strong></span> 
     </span>
    </p>
   </div>
   <div class='ocr_carea' id='block_1_62' title="bbox 2006 1831 3291 1903">
    <p class='ocr_par' dir='ltr' id='par_1_62' title="bbox 2006 1831 3291 1903">
     <span class='ocr_line' id='line_1_65' title="bbox 2006 1831 3291 1903; baseline 0.005 -21"><span class='ocrx_word' id='word_1_373' title='bbox 2006 1831 2179 1903; x_wconf 82' lang='lat' dir='ltr'><strong>Servo</strong></span> <span class='ocrx_word' id='word_1_374' title='bbox 2240 1832 2509 1903; x_wconf 80' lang='lat' dir='ltr'><strong>malevolo</strong></span> <span class='ocrx_word' id='word_1_375' title='bbox 2560 1842 2767 1886; x_wconf 88' lang='lat' dir='ltr'><strong>tortura</strong></span> <span class='ocrx_word' id='word_1_376' title='bbox 2822 1841 2878 1887; x_wconf 90' lang='lat' dir='ltr'><strong>et</strong></span> <span class='ocrx_word' id='word_1_377' title='bbox 2936 1831 3232 1903; x_wconf 84' lang='lat' dir='ltr'><strong>compedes</strong></span> <span class='ocrx_word' id='word_1_378' title='bbox 3276 1849 3291 1887; x_wconf 88' lang='lat'><strong>:</strong></span> 
     </span>
    </p>
   </div>
   <div class='ocr_carea' id='block_1_63' title="bbox 1931 1900 2955 1968">
    <p class='ocr_par' dir='ltr' id='par_1_63' title="bbox 1931 1900 2955 1968">
     <span class='ocr_line' id='line_1_66' title="bbox 1931 1900 2955 1968; baseline 0.002 -15"><span class='ocrx_word' id='word_1_379' title='bbox 1931 1900 2084 1953; x_wconf 90' lang='lat' dir='ltr'><strong>illum</strong></span> <span class='ocrx_word' id='word_1_380' title='bbox 2122 1901 2174 1952; x_wconf 93' lang='lat' dir='ltr'><strong>in</strong></span> <span class='ocrx_word' id='word_1_381' title='bbox 2209 1902 2605 1968; x_wconf 78' lang='lat' dir='ltr'><strong>operationem,</strong></span> <span class='ocrx_word' id='word_1_382' title='bbox 2645 1918 2712 1956; x_wconf 91' lang='lat' dir='ltr'><strong>ne</strong></span> <span class='ocrx_word' id='word_1_383' title='bbox 2758 1912 2955 1955; x_wconf 88' lang='lat' dir='ltr'><strong>vacet:</strong></span> 
     </span>
    </p>
   </div>
   <div class='ocr_carea' id='block_1_64' title="bbox 2004 1971 3215 2027">
    <p class='ocr_par' dir='ltr' id='par_1_64' title="bbox 2004 1971 3215 2027">
     <span class='ocr_line' id='line_1_67' title="bbox 2004 1971 3215 2027; baseline 0.004 -5"><span class='ocrx_word' id='word_1_384' title='bbox 2004 1971 2227 2023; x_wconf 84' lang='lat' dir='ltr'><strong>Multam</strong></span> <span class='ocrx_word' id='word_1_385' title='bbox 2257 1972 2403 2024; x_wconf 91' lang='lat' dir='ltr'><strong>enim</strong></span> <span class='ocrx_word' id='word_1_386' title='bbox 2435 1973 2698 2025; x_wconf 82' lang='lat' dir='ltr'><strong>malitiam</strong></span> <span class='ocrx_word' id='word_1_387' title='bbox 2730 1973 2918 2026; x_wconf 90' lang='lat' dir='ltr'><strong>docuit</strong></span> <span class='ocrx_word' id='word_1_388' title='bbox 2945 1973 3215 2027; x_wconf 86' lang='lat' dir='ltr'><strong>otiositas.</strong></span> 
     </span>
    </p>
   </div>
   <div class='ocr_carea' id='block_1_65' title="bbox 1999 2039 3493 2108">
    <p class='ocr_par' dir='ltr' id='par_1_65' title="bbox 1999 2039 3493 2108">
     <span class='ocr_line' id='line_1_68' title="bbox 1999 2039 3493 2108; baseline 0.001 -16"><span class='ocrx_word' id='word_1_389' title='bbox 1999 2039 2058 2093; x_wconf 93' lang='lat' dir='ltr'><strong>lii</strong></span> <span class='ocrx_word' id='word_1_390' title='bbox 2115 2055 2280 2108; x_wconf 87' lang='lat' dir='ltr'><strong>opera</strong></span> <span class='ocrx_word' id='word_1_391' title='bbox 2338 2043 2609 2096; x_wconf 86' lang='lat' dir='ltr'><strong>constitue</strong></span> <span class='ocrx_word' id='word_1_392' title='bbox 2670 2042 2958 2096; x_wconf 74' lang='lat' dir='ltr'><strong>eumtsic</strong></span> <span class='ocrx_word' id='word_1_393' title='bbox 3013 2045 3160 2096; x_wconf 89' lang='lat' dir='ltr'><strong>enim</strong></span> <span class='ocrx_word' id='word_1_394' title='bbox 3226 2040 3493 2097; x_wconf 82' lang='lat' dir='ltr'><strong>condecet</strong></span> 
     </span>
    </p>
   </div>
   <div class='ocr_carea' id='block_1_66' title="bbox 1929 2109 3502 2177">
    <p class='ocr_par' dir='ltr' id='par_1_66' title="bbox 1929 2109 3502 2177">
     <span class='ocr_line' id='line_1_69' title="bbox 1929 2109 3502 2177; baseline -0.001 -13"><span class='ocrx_word' id='word_1_395' title='bbox 1929 2109 2284 2176; x_wconf 85' lang='lat' dir='ltr'><strong>lllum.Quod</strong></span> <span class='ocrx_word' id='word_1_396' title='bbox 2327 2113 2371 2166; x_wconf 89' lang='lat' dir='ltr'><strong>si</strong></span> <span class='ocrx_word' id='word_1_397' title='bbox 2421 2128 2532 2167; x_wconf 91' lang='lat' dir='ltr'><strong>non</strong></span> <span class='ocrx_word' id='word_1_398' title='bbox 2581 2114 2912 2177; x_wconf 89' lang='lat' dir='ltr'><strong>obaudierit,</strong></span> <span class='ocrx_word' id='word_1_399' title='bbox 2944 2129 3108 2166; x_wconf 89' lang='lat' dir='ltr'><strong>curva</strong></span> <span class='ocrx_word' id='word_1_400' title='bbox 3158 2113 3309 2168; x_wconf 91' lang='lat' dir='ltr'><strong>illum</strong></span> <span class='ocrx_word' id='word_1_401' title='bbox 3348 2126 3502 2165; x_wconf 88' lang='lat' dir='ltr'><strong>com-</strong></span> 
     </span>
    </p>
   </div>
   <div class='ocr_carea' id='block_1_67' title="bbox 1927 2181 3499 2252">
    <p class='ocr_par' dir='ltr' id='par_1_67' title="bbox 1927 2181 3499 2252">
     <span class='ocr_line' id='line_1_70' title="bbox 1927 2181 3499 2252; baseline 0.002 -19"><span class='ocrx_word' id='word_1_402' title='bbox 1927 2181 2188 2252; x_wconf 84' lang='lat' dir='ltr'><strong>pedibus,</strong></span> <span class='ocrx_word' id='word_1_403' title='bbox 2219 2193 2273 2234; x_wconf 88' lang='lat' dir='ltr'><strong>et</strong></span> <span class='ocrx_word' id='word_1_404' title='bbox 2304 2197 2412 2252; x_wconf 86' lang='lat' dir='ltr'><strong>non</strong></span> <span class='ocrx_word' id='word_1_405' title='bbox 2437 2182 2737 2252; x_wconf 82' lang='lat' dir='ltr'><strong>ainpliﬁces</strong></span> <span class='ocrx_word' id='word_1_406' title='bbox 2768 2197 2933 2252; x_wconf 89' lang='lat' dir='ltr'><strong>super</strong></span> <span class='ocrx_word' id='word_1_407' title='bbox 2959 2198 3180 2238; x_wconf 88' lang='lat' dir='ltr'><strong>omnem</strong></span> <span class='ocrx_word' id='word_1_408' title='bbox 3217 2197 3442 2237; x_wconf 89' lang='lat' dir='ltr'><strong>carnem</strong></span> <span class='ocrx_word' id='word_1_409' title='bbox 3485 2197 3499 2236; x_wconf 90' lang='lat'><strong>:</strong></span> 
     </span>
    </p>
   </div>
   <div class='ocr_carea' id='block_1_68' title="bbox 1927 2251 3082 2320">
    <p class='ocr_par' dir='ltr' id='par_1_68' title="bbox 1927 2251 3082 2320">
     <span class='ocr_line' id='line_1_71' title="bbox 1927 2251 3082 2320; baseline 0.003 -18"><span class='ocrx_word' id='word_1_410' title='bbox 1927 2265 2120 2320; x_wconf 74' lang='lat' dir='ltr'><strong>Verum</strong></span> <span class='ocrx_word' id='word_1_411' title='bbox 2149 2251 2268 2305; x_wconf 90' lang='lat' dir='ltr'><strong>sine</strong></span> <span class='ocrx_word' id='word_1_412' title='bbox 2297 2251 2506 2319; x_wconf 89' lang='lat' dir='ltr'><strong>judicio</strong></span> <span class='ocrx_word' id='word_1_413' title='bbox 2533 2251 2669 2304; x_wconf 84' lang='lat' dir='ltr'><strong>nihil</strong></span> <span class='ocrx_word' id='word_1_414' title='bbox 2697 2253 2866 2306; x_wconf 79' lang='lat' dir='ltr'><strong>facias</strong></span> <span class='ocrx_word' id='word_1_415' title='bbox 2899 2267 3082 2320; x_wconf 85' lang='lat' dir='ltr'><strong>grave.</strong></span> 
     </span>
    </p>
   </div>
   <div class='ocr_carea' id='block_1_69' title="bbox 1991 2318 3501 2392">
    <p class='ocr_par' dir='ltr' id='par_1_69' title="bbox 1991 2318 3501 2392">
     <span class='ocr_line' id='line_1_72' title="bbox 1991 2318 3501 2392; baseline 0.002 -18"><span class='ocrx_word' id='word_1_416' title='bbox 1991 2318 2048 2374; x_wconf 89' lang='lat' dir='ltr'><strong>Si</strong></span> <span class='ocrx_word' id='word_1_417' title='bbox 2065 2331 2149 2375; x_wconf 89' lang='lat' dir='ltr'><strong>est</strong></span> <span class='ocrx_word' id='word_1_418' title='bbox 2183 2321 2278 2375; x_wconf 87' lang='lat' dir='ltr'><strong>tibi</strong></span> <span class='ocrx_word' id='word_1_419' title='bbox 2301 2318 2497 2376; x_wconf 84' lang='lat' dir='ltr'><strong>servus</strong></span> <span class='ocrx_word' id='word_1_420' title='bbox 2521 2322 2719 2386; x_wconf 81' lang='lat' dir='ltr'><strong>ﬁdelis,</strong></span> <span class='ocrx_word' id='word_1_421' title='bbox 2751 2323 2823 2376; x_wconf 86' lang='lat' dir='ltr'><strong>sit</strong></span> <span class='ocrx_word' id='word_1_422' title='bbox 2850 2318 2948 2375; x_wconf 76' lang='lat' dir='ltr'><strong>tibi</strong></span> <span class='ocrx_word' id='word_1_423' title='bbox 2971 2323 3129 2392; x_wconf 89' lang='lat' dir='ltr'><strong>quasi</strong></span> <span class='ocrx_word' id='word_1_424' title='bbox 3159 2323 3342 2378; x_wconf 88' lang='lat' dir='ltr'><strong>anima</strong></span> <span class='ocrx_word' id='word_1_425' title='bbox 3370 2335 3501 2380; x_wconf 83' lang='lat' dir='ltr'><strong>tua:</strong></span> 
     </span>
    </p>
   </div>
   <div class='ocr_carea' id='block_1_70' title="bbox 1926 2392 3505 2463">
    <p class='ocr_par' dir='ltr' id='par_1_70' title="bbox 1926 2392 3505 2463">
     <span class='ocr_line' id='line_1_73' title="bbox 1926 2392 3505 2463; baseline 0.004 -24"><span class='ocrx_word' id='word_1_426' title='bbox 1926 2392 2082 2463; x_wconf 81' lang='lat' dir='ltr'><strong>quasi</strong></span> <span class='ocrx_word' id='word_1_427' title='bbox 2120 2393 2344 2445; x_wconf 79' lang='lat' dir='ltr'><strong>fratrem</strong></span> <span class='ocrx_word' id='word_1_428' title='bbox 2391 2392 2473 2446; x_wconf 85' lang='lat' dir='ltr'><strong>sic</strong></span> <span class='ocrx_word' id='word_1_429' title='bbox 2509 2408 2637 2446; x_wconf 88' lang='lat' dir='ltr'><strong>eum</strong></span> <span class='ocrx_word' id='word_1_430' title='bbox 2693 2401 2866 2446; x_wconf 90' lang='lat' dir='ltr'><strong>tracta</strong></span> <span class='ocrx_word' id='word_1_431' title='bbox 2908 2408 2923 2447; x_wconf 88' lang='lat'><strong>:</strong></span> <span class='ocrx_word' id='word_1_432' title='bbox 2978 2398 3238 2463; x_wconf 89' lang='lat' dir='ltr'><strong>quoniam</strong></span> <span class='ocrx_word' id='word_1_433' title='bbox 3278 2395 3334 2449; x_wconf 93' lang='lat' dir='ltr'><strong>iii</strong></span> <span class='ocrx_word' id='word_1_434' title='bbox 3373 2409 3505 2451; x_wconf 91' lang='lat' dir='ltr'><strong>sati-</strong></span> 
     </span>
    </p>
   </div>
   <div class='ocr_carea' id='block_1_71' title="bbox 1925 2462 2888 2532">
    <p class='ocr_par' dir='ltr' id='par_1_71' title="bbox 1925 2462 2888 2532">
     <span class='ocr_line' id='line_1_74' title="bbox 1925 2462 2888 2532; baseline 0.006 -20"><span class='ocrx_word' id='word_1_435' title='bbox 1925 2462 2318 2532; x_wconf 15' lang='lat' dir='ltr'><strong>guiiieiaiiima:</strong></span> <span class='ocrx_word' id='word_1_436' title='bbox 2346 2464 2678 2532; x_wconf 84' lang='lat' dir='ltr'><strong>comparasti</strong></span> <span class='ocrx_word' id='word_1_437' title='bbox 2711 2464 2888 2518; x_wconf 88' lang='lat' dir='ltr'><strong>illum.</strong></span> 
     </span>
    </p>
   </div>
   <div class='ocr_carea' id='block_1_72' title="bbox 1999 2530 3502 2604">
    <p class='ocr_par' dir='ltr' id='par_1_72' title="bbox 1999 2530 3502 2604">
     <span class='ocr_line' id='line_1_75' title="bbox 1999 2530 3502 2604; baseline 0.002 -20"><span class='ocrx_word' id='word_1_438' title='bbox 1999 2530 2056 2604; x_wconf 71' lang='lat' dir='ltr'><strong>§i</strong></span> <span class='ocrx_word' id='word_1_439' title='bbox 2102 2531 2328 2604; x_wconf 71' lang='lat' dir='ltr'><strong>laeseris</strong></span> <span class='ocrx_word' id='word_1_440' title='bbox 2354 2530 2488 2586; x_wconf 78' lang='lat' dir='ltr'><strong>cuni</strong></span> <span class='ocrx_word' id='word_1_441' title='bbox 2525 2534 2765 2604; x_wconf 85' lang='lat' dir='ltr'><strong>injuste,</strong></span> <span class='ocrx_word' id='word_1_442' title='bbox 2801 2535 2854 2587; x_wconf 85' lang='lat' dir='ltr'><strong>iii</strong></span> <span class='ocrx_word' id='word_1_443' title='bbox 2891 2534 3073 2602; x_wconf 82' lang='lat' dir='ltr'><strong>fugam</strong></span> <span class='ocrx_word' id='word_1_444' title='bbox 3117 2544 3502 2590; x_wconf 89' lang='lat' dir='ltr'><strong>convertetur.</strong></span> 
     </span>
    </p>
   </div>
   <div class='ocr_carea' id='block_1_73' title="bbox 1994 2600 3501 2673">
    <p class='ocr_par' dir='ltr' id='par_1_73' title="bbox 1994 2600 3501 2673">
     <span class='ocr_line' id='line_1_76' title="bbox 1994 2600 3501 2673; baseline 0.003 -21"><span class='ocrx_word' id='word_1_445' title='bbox 1994 2600 2061 2654; x_wconf 81' lang='lat' dir='ltr'><strong>Et</strong></span> <span class='ocrx_word' id='word_1_446' title='bbox 2095 2601 2141 2673; x_wconf 85' lang='lat' dir='ltr'><strong>si</strong></span> <span class='ocrx_word' id='word_1_447' title='bbox 2167 2603 2435 2656; x_wconf 77' lang='lat' dir='ltr'><strong>extollens</strong></span> <span class='ocrx_word' id='word_1_448' title='bbox 2468 2600 2806 2667; x_wconf 70' lang='lat' dir='ltr'><strong>discesserit,</strong></span> <span class='ocrx_word' id='word_1_449' title='bbox 2860 2600 3026 2673; x_wconf 79' lang='lat' dir='ltr'><strong>quem</strong></span> <span class='ocrx_word' id='word_1_450' title='bbox 3085 2619 3322 2673; x_wconf 69' lang='lat' dir='ltr'><strong>quaeras,</strong></span> <span class='ocrx_word' id='word_1_451' title='bbox 3353 2617 3412 2660; x_wconf 91' lang='lat' dir='ltr'><strong>et</strong></span> <span class='ocrx_word' id='word_1_452' title='bbox 3443 2605 3501 2658; x_wconf 92' lang='lat' dir='ltr'><strong>iii</strong></span> 
     </span>
    </p>
   </div>
   <div class='ocr_carea' id='block_1_74' title="bbox 1925 2671 2861 2741">
    <p class='ocr_par' dir='ltr' id='par_1_74' title="bbox 1925 2671 2861 2741">
     <span class='ocr_line' id='line_1_77' title="bbox 1925 2671 2861 2741; baseline 0.003 -16"><span class='ocrx_word' id='word_1_453' title='bbox 1925 2685 2032 2741; x_wconf 88' lang='lat' dir='ltr'><strong>qua</strong></span> <span class='ocrx_word' id='word_1_454' title='bbox 2063 2671 2146 2726; x_wconf 92' lang='lat' dir='ltr'><strong>via</strong></span> <span class='ocrx_word' id='word_1_455' title='bbox 2177 2688 2392 2741; x_wconf 69' lang='lat' dir='ltr'><strong>quaeras</strong></span> <span class='ocrx_word' id='word_1_456' title='bbox 2423 2674 2577 2727; x_wconf 87' lang='lat' dir='ltr'><strong>illum</strong></span> <span class='ocrx_word' id='word_1_457' title='bbox 2599 2714 2613 2736; x_wconf 92' lang='lat'><strong>,</strong></span> <span class='ocrx_word' id='word_1_458' title='bbox 2656 2676 2861 2730; x_wconf 89' lang='lat' dir='ltr'><strong>nescis.</strong></span> 
     </span>
    </p>
   </div>
   <div class='ocr_carea' id='block_1_75' title="bbox 3345 1833 3504 1886">
    <p class='ocr_par' dir='ltr' id='par_1_75' title="bbox 3345 1833 3504 1886">
     <span class='ocr_line' id='line_1_78' title="bbox 3345 1833 3504 1886; baseline 0 0"><span class='ocrx_word' id='word_1_459' title='bbox 3345 1833 3504 1886; x_wconf 90' lang='lat' dir='ltr'><strong>mitte</strong></span> 
     </span>
    </p>
   </div>
   <div class='ocr_carea' id='block_1_76' title="bbox 2456 2828 2973 2887">
    <p class='ocr_par' dir='ltr' id='par_1_76' title="bbox 2456 2828 2973 2887">
     <span class='ocr_line' id='line_1_79' title="bbox 2456 2828 2973 2887; baseline -0.002 -3"><span class='ocrx_word' id='word_1_460' title='bbox 2456 2828 2684 2885; x_wconf 80' lang='lat' dir='ltr'><strong>CAPUT</strong></span> <span class='ocrx_word' id='word_1_461' title='bbox 2731 2829 2973 2887; x_wconf 79' lang='lat' dir='ltr'><strong>XXXIV.</strong></span> 
     </span>
    </p>
   </div>
   <div class='ocr_carea' id='block_1_77' title="bbox 2003 2943 3504 3013">
    <p class='ocr_par' dir='ltr' id='par_1_77' title="bbox 2003 2943 3504 3013">
     <span class='ocr_line' id='line_1_80' title="bbox 2003 2943 3504 3013; baseline 0.003 -16"><span class='ocrx_word' id='word_1_462' title='bbox 2003 2943 2149 2998; x_wconf 72' lang='lat' dir='ltr'><strong>Vana</strong></span> <span class='ocrx_word' id='word_1_463' title='bbox 2188 2959 2346 3013; x_wconf 84' lang='lat' dir='ltr'><strong>spes,</strong></span> <span class='ocrx_word' id='word_1_464' title='bbox 2387 2953 2444 2999; x_wconf 92' lang='lat' dir='ltr'><strong>et</strong></span> <span class='ocrx_word' id='word_1_465' title='bbox 2489 2946 2838 3000; x_wconf 87' lang='lat' dir='ltr'><strong>mendacium</strong></span> <span class='ocrx_word' id='word_1_466' title='bbox 2883 2947 3000 3002; x_wconf 91' lang='lat' dir='ltr'><strong>viro</strong></span> <span class='ocrx_word' id='word_1_467' title='bbox 3045 2947 3324 3003; x_wconf 85' lang='lat' dir='ltr'><strong>insensato</strong></span> <span class='ocrx_word' id='word_1_468' title='bbox 3376 2964 3390 3000; x_wconf 90' lang='lat'>:</span> <span class='ocrx_word' id='word_1_469' title='bbox 3448 2958 3504 3002; x_wconf 89' lang='lat' dir='ltr'><strong>et</strong></span> 
     </span>
    </p>
   </div>
   <div class='ocr_carea' id='block_1_78' title="bbox 1923 3016 2879 3085">
    <p class='ocr_par' dir='ltr' id='par_1_78' title="bbox 1923 3016 2879 3085">
     <span class='ocr_line' id='line_1_81' title="bbox 1923 3016 2879 3085; baseline 0.001 -16"><span class='ocrx_word' id='word_1_470' title='bbox 1923 3017 2138 3070; x_wconf 91' lang='lat' dir='ltr'><strong>somnia</strong></span> <span class='ocrx_word' id='word_1_471' title='bbox 2172 3016 2443 3069; x_wconf 84' lang='lat' dir='ltr'><strong>extollunt</strong></span> <span class='ocrx_word' id='word_1_472' title='bbox 2473 3017 2879 3085; x_wconf 81' lang='lat' dir='ltr'><strong>imprudentes.</strong></span> 
     </span>
    </p>
   </div>
   <div class='ocr_carea' id='block_1_79' title="bbox 2006 3085 3506 3157">
    <p class='ocr_par' dir='ltr' id='par_1_79' title="bbox 2006 3085 3506 3157">
     <span class='ocr_line' id='line_1_82' title="bbox 2006 3085 3506 3157; baseline 0.003 -20"><span class='ocrx_word' id='word_1_473' title='bbox 2006 3085 2172 3152; x_wconf 85' lang='lat' dir='ltr'><strong>Quasi</strong></span> <span class='ocrx_word' id='word_1_474' title='bbox 2221 3085 2317 3154; x_wconf 87' lang='lat' dir='ltr'><strong>qui</strong></span> <span class='ocrx_word' id='word_1_475' title='bbox 2355 3087 2720 3154; x_wconf 88' lang='lat' dir='ltr'><strong>apprehendit</strong></span> <span class='ocrx_word' id='word_1_476' title='bbox 2754 3088 3027 3152; x_wconf 86' lang='lat' dir='ltr'><strong>umbram,</strong></span> <span class='ocrx_word' id='word_1_477' title='bbox 3054 3096 3110 3142; x_wconf 92' lang='lat' dir='ltr'><strong>et</strong></span> <span class='ocrx_word' id='word_1_478' title='bbox 3149 3087 3506 3157; x_wconf 84' lang='lat' dir='ltr'><strong>persequitur</strong></span> 
     </span>
    </p>
   </div>
   <div class='ocr_carea' id='block_1_80' title="bbox 309 3144 3396 3229">
    <p class='ocr_par' dir='ltr' id='par_1_80' title="bbox 309 3144 3396 3229">
     <span class='ocr_line' id='line_1_83' title="bbox 309 3144 3396 3229; baseline -0.001 -13"><span class='ocrx_word' id='word_1_479' title='bbox 309 3144 488 3218; x_wconf 55' lang='lat' dir='ltr'><strong>unus</strong></span> <span class='ocrx_word' id='word_1_480' title='bbox 526 3144 782 3216; x_wconf 40' lang='lat' dir='ltr'><strong>s&#39;eiis‘aius</strong></span> <span class='ocrx_word' id='word_1_481' title='bbox 812 3144 992 3216; x_wconf 64' lang='lat' dir='ltr'><strong>credit</strong></span> <span class='ocrx_word' id='word_1_482' title='bbox 1016 3144 1276 3229; x_wconf 37' lang='lat' dir='ltr'><strong>legiDe—i,</strong></span> <span class='ocrx_word' id='word_1_483' title='bbox 1319 3173 1372 3217; x_wconf 86' lang='lat' dir='ltr'><strong>et</strong></span> <span class='ocrx_word' id='word_1_484' title='bbox 1400 3164 1484 3217; x_wconf 81' lang='lat' dir='ltr'><strong>lex</strong></span> <span class='ocrx_word' id='word_1_485' title='bbox 1506 3162 1586 3216; x_wconf 82' lang='lat' dir='ltr'><strong>illi</strong></span> <span class='ocrx_word' id='word_1_486' title='bbox 1621 3161 1814 3216; x_wconf 86' lang='lat' dir='ltr'><strong>lidelis.</strong></span> <span class='ocrx_word' id='word_1_487' title='bbox 1843 3144 1890 3207; x_wconf 76' lang='grc' dir='ltr'>ο</span> <span class='ocrx_word' id='word_1_488' title='bbox 1925 3144 2190 3229; x_wconf 54' lang='lat' dir='ltr'><strong>vetitum}</strong></span> <span class='ocrx_word' id='word_1_489' title='bbox 2222 3144 2302 3208; x_wconf 78' lang='lat' dir='ltr'><strong>sic</strong></span> <span class='ocrx_word' id='word_1_490' title='bbox 2333 3144 2514 3229; x_wconf 60' lang='lat' dir='ltr'><strong>et&#39;qut</strong></span> <span class='ocrx_word' id='word_1_491' title='bbox 2559 3158 2792 3210; x_wconf 75' lang='lat' dir='ltr'><strong>attendit</strong></span> <span class='ocrx_word' id='word_1_492' title='bbox 2829 3157 2898 3212; x_wconf 85' lang='lat' dir='ltr'><strong>ad</strong></span> <span class='ocrx_word' id='word_1_493' title='bbox 2930 3144 3045 3212; x_wconf 70' lang='lat' dir='ltr'><strong>visa</strong></span> <span class='ocrx_word' id='word_1_494' title='bbox 3088 3144 3396 3214; x_wconf 76' lang='lat' dir='ltr'><strong>ménuacia.</strong></span> 
     </span>
    </p>
   </div>
   <div class='ocr_carea' id='block_1_81' title="bbox 311 3233 1814 3302">
    <p class='ocr_par' dir='ltr' id='par_1_81' title="bbox 311 3233 1814 3302">
     <span class='ocr_line' id='line_1_84' title="bbox 311 3233 1814 3302; baseline -0.003 -14"><span class='ocrx_word' id='word_1_495' title='bbox 311 3239 412 3300; x_wconf 90' lang='lat' dir='ltr'><strong>Qui</strong></span> <span class='ocrx_word' id='word_1_496' title='bbox 435 3235 928 3301; x_wconf 77' lang='lat' dir='ltr'><strong>interrogationem</strong></span> <span class='ocrx_word' id='word_1_497' title='bbox 955 3234 1292 3296; x_wconf 73' lang='lat' dir='ltr'><strong>manifestat,</strong></span> <span class='ocrx_word' id='word_1_498' title='bbox 1315 3235 1536 3302; x_wconf 87' lang='lat' dir='ltr'><strong>parabit</strong></span> <span class='ocrx_word' id='word_1_499' title='bbox 1561 3233 1814 3298; x_wconf 83' lang='lat' dir='ltr'><strong>verbum,</strong></span> 
     </span>
    </p>
   </div>
   <div class='ocr_carea' id='block_1_82' title="bbox 245 3302 1818 3371">
    <p class='ocr_par' dir='ltr' id='par_1_82' title="bbox 245 3302 1818 3371">
     <span class='ocr_line' id='line_1_85' title="bbox 245 3302 1818 3371; baseline -0.006 -6"><span class='ocrx_word' id='word_1_500' title='bbox 245 3321 296 3365; x_wconf 87' lang='lat' dir='ltr'><strong>et</strong></span> <span class='ocrx_word' id='word_1_501' title='bbox 321 3308 396 3360; x_wconf 81' lang='lat' dir='ltr'><strong>sic</strong></span> <span class='ocrx_word' id='word_1_502' title='bbox 435 3307 771 3371; x_wconf 86' lang='lat' dir='ltr'><strong>deprecatus</strong></span> <span class='ocrx_word' id='word_1_503' title='bbox 812 3305 1176 3368; x_wconf 74' lang='lat' dir='ltr'><strong>exaiidietur,</strong></span> <span class='ocrx_word' id='word_1_504' title='bbox 1225 3314 1284 3358; x_wconf 86' lang='lat' dir='ltr'><strong>et</strong></span> <span class='ocrx_word' id='word_1_505' title='bbox 1321 3303 1674 3358; x_wconf 84' lang='lat' dir='ltr'><strong>conservabit</strong></span> <span class='ocrx_word' id='word_1_506' title='bbox 1731 3302 1818 3356; x_wconf 87' lang='lat' dir='ltr'><strong>di-</strong></span> 
     </span>
    </p>
   </div>
   <div class='ocr_carea' id='block_1_83' title="bbox 246 3374 1222 3445">
    <p class='ocr_par' dir='ltr' id='par_1_83' title="bbox 246 3374 1222 3445">
     <span class='ocr_line' id='line_1_86' title="bbox 246 3374 1222 3445; baseline -0.008 -10"><span class='ocrx_word' id='word_1_507' title='bbox 246 3379 558 3445; x_wconf 86' lang='lat' dir='ltr'><strong>sciplinam,</strong></span> <span class='ocrx_word' id='word_1_508' title='bbox 598 3384 653 3426; x_wconf 89' lang='lat' dir='ltr'><strong>ct</strong></span> <span class='ocrx_word' id='word_1_509' title='bbox 686 3383 820 3445; x_wconf 79' lang='lat' dir='ltr'><strong>tunc</strong></span> <span class='ocrx_word' id='word_1_510' title='bbox 851 3374 1222 3443; x_wconf 86' lang='lat' dir='ltr'><strong>respondebit.</strong></span> 
     </span>
    </p>
   </div>
   <div class='ocr_carea' id='block_1_84' title="bbox 314 3441 1818 3514">
    <p class='ocr_par' dir='ltr' id='par_1_84' title="bbox 314 3441 1818 3514">
     <span class='ocr_line' id='line_1_87' title="bbox 314 3441 1818 3514; baseline -0.003 -11"><span class='ocrx_word' id='word_1_511' title='bbox 314 3441 629 3504; x_wconf 57' lang='lat' dir='ltr'><strong>Prae-cordia</strong></span> <span class='ocrx_word' id='word_1_512' title='bbox 677 3443 814 3498; x_wconf 84' lang='lat' dir='ltr'><strong>fatui</strong></span> <span class='ocrx_word' id='word_1_513' title='bbox 863 3441 1019 3512; x_wconf 76' lang='lat' dir='ltr'><strong>quasi</strong></span> <span class='ocrx_word' id='word_1_514' title='bbox 1065 3455 1184 3498; x_wconf 88' lang='lat' dir='ltr'><strong>rota</strong></span> <span class='ocrx_word' id='word_1_515' title='bbox 1208 3445 1352 3499; x_wconf 88' lang='lat' dir='ltr'><strong>carri</strong></span> <span class='ocrx_word' id='word_1_516' title='bbox 1390 3453 1488 3498; x_wconf 82' lang='lat' dir='ltr'><strong>:et</strong></span> <span class='ocrx_word' id='word_1_517' title='bbox 1516 3441 1674 3514; x_wconf 88' lang='lat' dir='ltr'><strong>quasi</strong></span> <span class='ocrx_word' id='word_1_518' title='bbox 1697 3445 1818 3498; x_wconf 76' lang='lat' dir='ltr'><strong>uitis</strong></span> 
     </span>
    </p>
   </div>
   <div class='ocr_carea' id='block_1_85' title="bbox 248 3514 1036 3582">
    <p class='ocr_par' dir='ltr' id='par_1_85' title="bbox 248 3514 1036 3582">
     <span class='ocr_line' id='line_1_88' title="bbox 248 3514 1036 3582; baseline -0.005 -10"><span class='ocrx_word' id='word_1_519' title='bbox 248 3517 520 3574; x_wconf 76' lang='lat' dir='ltr'><strong>versatilis</strong></span> <span class='ocrx_word' id='word_1_520' title='bbox 549 3514 822 3582; x_wconf 77' lang='lat' dir='ltr'><strong>cogitatus</strong></span> <span class='ocrx_word' id='word_1_521' title='bbox 869 3516 1036 3569; x_wconf 91' lang='lat' dir='ltr'><strong>illius.</strong></span> 
     </span>
    </p>
   </div>
   <div class='ocr_carea' id='block_1_86' title="bbox 316 3584 1818 3657">
    <p class='ocr_par' dir='ltr' id='par_1_86' title="bbox 316 3584 1818 3657">
     <span class='ocr_line' id='line_1_89' title="bbox 316 3584 1818 3657; baseline -0.005 -14"><span class='ocrx_word' id='word_1_522' title='bbox 316 3590 508 3657; x_wconf 78' lang='lat' dir='ltr'><strong>Equus</strong></span> <span class='ocrx_word' id='word_1_523' title='bbox 547 3588 889 3649; x_wconf 86' lang='lat' dir='ltr'><strong>eiiiissarius,</strong></span> <span class='ocrx_word' id='word_1_524' title='bbox 921 3598 1024 3657; x_wconf 24' lang='lat' dir='ltr'><strong>SICA</strong></span> <span class='ocrx_word' id='word_1_525' title='bbox 1054 3593 1112 3657; x_wconf 83' lang='lat' dir='ltr'><strong>et</strong></span> <span class='ocrx_word' id='word_1_526' title='bbox 1155 3584 1376 3657; x_wconf 77' lang='lat' dir='ltr'><strong>amicus</strong></span> <span class='ocrx_word' id='word_1_527' title='bbox 1426 3584 1818 3650; x_wconf 85' lang='lat' dir='ltr'><strong>subsannator,</strong></span> 
     </span>
    </p>
   </div>
   <div class='ocr_carea' id='block_1_87' title="bbox 247 3655 1213 3722">
    <p class='ocr_par' dir='ltr' id='par_1_87' title="bbox 247 3655 1213 3722">
     <span class='ocr_line' id='line_1_90' title="bbox 247 3655 1213 3722; baseline -0.007 -7"><span class='ocrx_word' id='word_1_528' title='bbox 247 3663 345 3715; x_wconf 85' lang='lat' dir='ltr'><strong>sub</strong></span> <span class='ocrx_word' id='word_1_529' title='bbox 371 3655 528 3711; x_wconf 80' lang='lat' dir='ltr'><strong>omni</strong></span> <span class='ocrx_word' id='word_1_530' title='bbox 569 3657 968 3722; x_wconf 82' lang='lat' dir='ltr'><strong>suprascdente</strong></span> <span class='ocrx_word' id='word_1_531' title='bbox 1013 3655 1213 3708; x_wconf 91' lang='lat' dir='ltr'><strong>liinnit.</strong></span> 
     </span>
    </p>
   </div>
   <div class='ocr_carea' id='block_1_88' title="bbox 316 3723 1817 3795">
    <p class='ocr_par' dir='ltr' id='par_1_88' title="bbox 316 3723 1817 3795">
     <span class='ocr_line' id='line_1_91' title="bbox 316 3723 1817 3795; baseline 0.003 -18"><span class='ocrx_word' id='word_1_532' title='bbox 316 3733 500 3794; x_wconf 83' lang='lat' dir='ltr'><strong>Quare</strong></span> <span class='ocrx_word' id='word_1_533' title='bbox 551 3723 671 3777; x_wconf 78' lang='lat' dir='ltr'><strong>dies</strong></span> <span class='ocrx_word' id='word_1_534' title='bbox 702 3727 843 3778; x_wconf 88' lang='lat' dir='ltr'><strong>diem</strong></span> <span class='ocrx_word' id='word_1_535' title='bbox 872 3737 1118 3795; x_wconf 86' lang='lat' dir='ltr'><strong>superat,</strong></span> <span class='ocrx_word' id='word_1_536' title='bbox 1149 3737 1206 3779; x_wconf 88' lang='lat' dir='ltr'><strong>et</strong></span> <span class='ocrx_word' id='word_1_537' title='bbox 1235 3725 1440 3781; x_wconf 86' lang='lat' dir='ltr'><strong>iterum</strong></span> <span class='ocrx_word' id='word_1_538' title='bbox 1481 3724 1574 3779; x_wconf 78' lang='lat' dir='ltr'><strong>lux</strong></span> <span class='ocrx_word' id='word_1_539' title='bbox 1612 3725 1817 3794; x_wconf 89' lang='lat' dir='ltr'><strong>lucem,</strong></span> 
     </span>
    </p>
   </div>
   <div class='ocr_carea' id='block_1_89' title="bbox 247 3798 1721 3854">
    <p class='ocr_par' dir='ltr' id='par_1_89' title="bbox 247 3798 1721 3854">
     <span class='ocr_line' id='line_1_92' title="bbox 247 3798 1721 3854; baseline -0.011 0"><span class='ocrx_word' id='word_1_540' title='bbox 247 3811 302 3854; x_wconf 82' lang='lat' dir='ltr'><strong>et</strong></span> <span class='ocrx_word' id='word_1_541' title='bbox 328 3811 508 3852; x_wconf 88' lang='lat' dir='ltr'><strong>annus</strong></span> <span class='ocrx_word' id='word_1_542' title='bbox 532 3810 740 3847; x_wconf 86' lang='lat' dir='ltr'><strong>annum</strong></span> <span class='ocrx_word' id='word_1_543' title='bbox 769 3811 798 3848; x_wconf 89' lang='lat' dir='ltr'><strong>a</strong></span> <span class='ocrx_word' id='word_1_544' title='bbox 823 3798 972 3850; x_wconf 74' lang='lat' dir='ltr'><strong>sole?</strong></span> <span class='ocrx_word' id='word_1_545' title='bbox 1712 3819 1721 3838; x_wconf 85' lang='grc' dir='ltr'><strong><em>Ι</em></strong></span> 
     </span>
    </p>
   </div>
   <div class='ocr_carea' id='block_1_90' title="bbox 315 3863 1821 3936">
    <p class='ocr_par' dir='ltr' id='par_1_90' title="bbox 315 3863 1821 3936">
     <span class='ocr_line' id='line_1_93' title="bbox 315 3863 1821 3936; baseline 0.001 -14"><span class='ocrx_word' id='word_1_546' title='bbox 315 3872 361 3922; x_wconf 75' lang='grc' dir='ltr'><strong>Α</strong></span> <span class='ocrx_word' id='word_1_547' title='bbox 393 3866 611 3922; x_wconf 86' lang='lat' dir='ltr'><strong>Domitii</strong></span> <span class='ocrx_word' id='word_1_548' title='bbox 671 3867 899 3919; x_wconf 86' lang='lat' dir='ltr'><strong>scientia</strong></span> <span class='ocrx_word' id='word_1_549' title='bbox 946 3866 1186 3936; x_wconf 85' lang='lat' dir='ltr'><strong>separati</strong></span> <span class='ocrx_word' id='word_1_550' title='bbox 1230 3874 1382 3932; x_wconf 90' lang='lat' dir='ltr'><strong>sunt,</strong></span> <span class='ocrx_word' id='word_1_551' title='bbox 1417 3863 1562 3921; x_wconf 75' lang='lat' dir='ltr'><strong>facto</strong></span> <span class='ocrx_word' id='word_1_552' title='bbox 1597 3869 1737 3934; x_wconf 88' lang='lat' dir='ltr'><strong>sole,</strong></span> <span class='ocrx_word' id='word_1_553' title='bbox 1765 3879 1821 3924; x_wconf 90' lang='lat' dir='ltr'><strong>et</strong></span> 
     </span>
    </p>
   </div>
   <div class='ocr_carea' id='block_1_91' title="bbox 248 3937 996 4010">
    <p class='ocr_par' dir='ltr' id='par_1_91' title="bbox 248 3937 996 4010">
     <span class='ocr_line' id='line_1_94' title="bbox 248 3937 996 4010; baseline -0.004 -16"><span class='ocrx_word' id='word_1_554' title='bbox 248 3948 587 4010; x_wconf 75' lang='lat' dir='ltr'><strong>praeceptum</strong></span> <span class='ocrx_word' id='word_1_555' title='bbox 625 3937 996 4010; x_wconf 75' lang='lat' dir='ltr'><strong>custodiente.</strong></span> 
     </span>
    </p>
   </div>
   <div class='ocr_carea' id='block_1_92' title="bbox 319 4005 1818 4078">
    <p class='ocr_par' dir='ltr' id='par_1_92' title="bbox 319 4005 1818 4078">
     <span class='ocr_line' id='line_1_95' title="bbox 319 4005 1818 4078; baseline -0.001 -15"><span class='ocrx_word' id='word_1_556' title='bbox 319 4011 386 4063; x_wconf 78' lang='lat' dir='ltr'><strong>Et</strong></span> <span class='ocrx_word' id='word_1_557' title='bbox 416 4005 732 4078; x_wconf 83' lang='lat' dir='ltr'><strong>iininiitavit</strong></span> <span class='ocrx_word' id='word_1_558' title='bbox 765 4018 1032 4075; x_wconf 89' lang='lat' dir='ltr'><strong>tempora,</strong></span> <span class='ocrx_word' id='word_1_559' title='bbox 1082 4015 1135 4061; x_wconf 91' lang='lat' dir='ltr'><strong>et</strong></span> <span class='ocrx_word' id='word_1_560' title='bbox 1176 4007 1295 4061; x_wconf 80' lang='lat' dir='ltr'><strong>dies</strong></span> <span class='ocrx_word' id='word_1_561' title='bbox 1343 4006 1516 4078; x_wconf 79' lang='lat' dir='ltr'><strong>festos</strong></span> <span class='ocrx_word' id='word_1_562' title='bbox 1549 4008 1818 4078; x_wconf 89' lang='lat' dir='ltr'><strong>ipsorum,</strong></span> 
     </span>
    </p>
   </div>
   <div class='ocr_carea' id='block_1_93' title="bbox 249 4077 1677 4134">
    <p class='ocr_par' dir='ltr' id='par_1_93' title="bbox 249 4077 1677 4134">
     <span class='ocr_line' id='line_1_96' title="bbox 249 4077 1677 4134; baseline -0.001 -1"><span class='ocrx_word' id='word_1_563' title='bbox 249 4093 304 4134; x_wconf 88' lang='lat' dir='ltr'><strong>et</strong></span> <span class='ocrx_word' id='word_1_564' title='bbox 333 4097 386 4132; x_wconf 92' lang='lat' dir='ltr'><strong>in</strong></span> <span class='ocrx_word' id='word_1_565' title='bbox 417 4079 529 4131; x_wconf 87' lang='lat' dir='ltr'><strong>illis</strong></span> <span class='ocrx_word' id='word_1_566' title='bbox 559 4078 678 4131; x_wconf 87' lang='lat' dir='ltr'><strong>dies</strong></span> <span class='ocrx_word' id='word_1_567' title='bbox 708 4077 877 4131; x_wconf 74' lang='lat' dir='ltr'><strong>festos</strong></span> <span class='ocrx_word' id='word_1_568' title='bbox 919 4080 1340 4132; x_wconf 85' lang='lat' dir='ltr'><strong>celebraverunt</strong></span> <span class='ocrx_word' id='word_1_569' title='bbox 1361 4077 1429 4130; x_wconf 87' lang='lat' dir='ltr'><strong>ad</strong></span> <span class='ocrx_word' id='word_1_570' title='bbox 1461 4077 1677 4132; x_wconf 84' lang='lat' dir='ltr'><strong>horam.</strong></span> 
     </span>
    </p>
   </div>
   <div class='ocr_carea' id='block_1_94' title="bbox 323 4145 1822 4216">
    <p class='ocr_par' dir='ltr' id='par_1_94' title="bbox 323 4145 1822 4216">
     <span class='ocr_line' id='line_1_97' title="bbox 323 4145 1822 4216; baseline 0.002 -14"><span class='ocrx_word' id='word_1_571' title='bbox 323 4150 401 4202; x_wconf 74' lang='lat' dir='ltr'><strong>Ex</strong></span> <span class='ocrx_word' id='word_1_572' title='bbox 443 4149 580 4215; x_wconf 88' lang='lat' dir='ltr'><strong>ipsis</strong></span> <span class='ocrx_word' id='word_1_573' title='bbox 623 4147 904 4210; x_wconf 75' lang='lat' dir='ltr'><strong>exaltavit,</strong></span> <span class='ocrx_word' id='word_1_574' title='bbox 939 4159 996 4202; x_wconf 91' lang='lat' dir='ltr'><strong>et</strong></span> <span class='ocrx_word' id='word_1_575' title='bbox 1049 4147 1420 4216; x_wconf 81' lang='lat' dir='ltr'><strong>inagnilieavit</strong></span> <span class='ocrx_word' id='word_1_576' title='bbox 1449 4145 1593 4201; x_wconf 82' lang='lat' dir='ltr'><strong>Deus</strong></span> <span class='ocrx_word' id='word_1_577' title='bbox 1618 4186 1634 4209; x_wconf 87' lang='lat'><strong>,</strong></span> <span class='ocrx_word' id='word_1_578' title='bbox 1670 4160 1727 4203; x_wconf 86' lang='lat' dir='ltr'><strong>et</strong></span> <span class='ocrx_word' id='word_1_579' title='bbox 1754 4166 1822 4205; x_wconf 76' lang='lat' dir='ltr'><strong>ex</strong></span> 
     </span>
    </p>
   </div>
   <div class='ocr_carea' id='block_1_95' title="bbox 253 4217 1824 4290">
    <p class='ocr_par' dir='ltr' id='par_1_95' title="bbox 253 4217 1824 4290">
     <span class='ocr_line' id='line_1_98' title="bbox 253 4217 1824 4290; baseline -0.001 -16"><span class='ocrx_word' id='word_1_580' title='bbox 253 4221 385 4290; x_wconf 83' lang='lat' dir='ltr'><strong>ipsis</strong></span> <span class='ocrx_word' id='word_1_581' title='bbox 417 4220 607 4286; x_wconf 84' lang='lat' dir='ltr'><strong>posuit</strong></span> <span class='ocrx_word' id='word_1_582' title='bbox 631 4218 688 4271; x_wconf 88' lang='lat' dir='ltr'><strong>in</strong></span> <span class='ocrx_word' id='word_1_583' title='bbox 732 4231 1023 4272; x_wconf 87' lang='lat' dir='ltr'><strong>numerum</strong></span> <span class='ocrx_word' id='word_1_584' title='bbox 1054 4219 1294 4272; x_wconf 86' lang='lat' dir='ltr'><strong>dierum.</strong></span> <span class='ocrx_word' id='word_1_585' title='bbox 1329 4217 1397 4270; x_wconf 84' lang='lat' dir='ltr'><strong>Et</strong></span> <span class='ocrx_word' id='word_1_586' title='bbox 1425 4234 1618 4272; x_wconf 88' lang='lat' dir='ltr'><strong>omnes</strong></span> <span class='ocrx_word' id='word_1_587' title='bbox 1644 4220 1824 4274; x_wconf 83' lang='lat' dir='ltr'><strong>homi-</strong></span> 
     </span>
    </p>
   </div>
   <div class='ocr_carea' id='block_1_96' title="bbox 251 4291 1817 4351">
    <p class='ocr_par' dir='ltr' id='par_1_96' title="bbox 251 4291 1817 4351">
     <span class='ocr_line' id='line_1_99' title="bbox 251 4291 1817 4351; baseline 0 -7"><span class='ocrx_word' id='word_1_588' title='bbox 251 4308 350 4344; x_wconf 90' lang='lat' dir='ltr'><strong>nes</strong></span> <span class='ocrx_word' id='word_1_589' title='bbox 373 4292 441 4342; x_wconf 86' lang='lat' dir='ltr'><strong>de</strong></span> <span class='ocrx_word' id='word_1_590' title='bbox 472 4291 610 4351; x_wconf 85' lang='lat' dir='ltr'><strong>solo,</strong></span> <span class='ocrx_word' id='word_1_591' title='bbox 637 4298 693 4341; x_wconf 87' lang='lat' dir='ltr'><strong>et</strong></span> <span class='ocrx_word' id='word_1_592' title='bbox 713 4305 778 4340; x_wconf 81' lang='lat' dir='ltr'><strong>ex</strong></span> <span class='ocrx_word' id='word_1_593' title='bbox 810 4297 951 4341; x_wconf 89' lang='lat' dir='ltr'><strong>terra</strong></span> <span class='ocrx_word' id='word_1_594' title='bbox 974 4329 988 4349; x_wconf 92' lang='lat'><strong>,</strong></span> <span class='ocrx_word' id='word_1_595' title='bbox 1018 4293 1164 4342; x_wconf 87' lang='lat' dir='ltr'><strong>unde</strong></span> <span class='ocrx_word' id='word_1_596' title='bbox 1214 4298 1432 4341; x_wconf 86' lang='lat' dir='ltr'><strong>creatus</strong></span> <span class='ocrx_word' id='word_1_597' title='bbox 1477 4297 1564 4341; x_wconf 74' lang='lat' dir='ltr'><strong>est</strong></span> <span class='ocrx_word' id='word_1_598' title='bbox 1619 4291 1817 4344; x_wconf 86' lang='lat' dir='ltr'><strong>Adam.</strong></span> 
     </span>
    </p>
   </div>
   <div class='ocr_carea' id='block_1_97' title="bbox 318 4359 1822 4427">
    <p class='ocr_par' dir='ltr' id='par_1_97' title="bbox 318 4359 1822 4427">
     <span class='ocr_line' id='line_1_100' title="bbox 318 4359 1822 4427; baseline 0.003 -14"><span class='ocrx_word' id='word_1_599' title='bbox 318 4361 379 4413; x_wconf 78' lang='grc' dir='ltr'><strong>ιιι</strong></span> <span class='ocrx_word' id='word_1_600' title='bbox 409 4359 763 4411; x_wconf 87' lang='lat' dir='ltr'><strong>multitudine</strong></span> <span class='ocrx_word' id='word_1_601' title='bbox 787 4359 1091 4426; x_wconf 72' lang='lat' dir='ltr'><strong>disciplina:</strong></span> <span class='ocrx_word' id='word_1_602' title='bbox 1117 4359 1380 4413; x_wconf 84' lang='lat' dir='ltr'><strong>Dominus</strong></span> <span class='ocrx_word' id='word_1_603' title='bbox 1403 4363 1678 4427; x_wconf 88' lang='lat' dir='ltr'><strong>separavit</strong></span> <span class='ocrx_word' id='word_1_604' title='bbox 1702 4377 1822 4426; x_wconf 90' lang='lat' dir='ltr'><strong>eos,</strong></span> 
     </span>
    </p>
   </div>
   <div class='ocr_carea' id='block_1_98' title="bbox 248 4429 1040 4486">
    <p class='ocr_par' dir='ltr' id='par_1_98' title="bbox 248 4429 1040 4486">
     <span class='ocr_line' id='line_1_101' title="bbox 248 4429 1040 4486; baseline -0.006 1"><span class='ocrx_word' id='word_1_605' title='bbox 248 4444 298 4486; x_wconf 88' lang='lat' dir='ltr'><strong>et</strong></span> <span class='ocrx_word' id='word_1_606' title='bbox 335 4429 645 4484; x_wconf 82' lang='lat' dir='ltr'><strong>liiitnutavit</strong></span> <span class='ocrx_word' id='word_1_607' title='bbox 686 4430 800 4482; x_wconf 89' lang='lat' dir='ltr'><strong>vias</strong></span> <span class='ocrx_word' id='word_1_608' title='bbox 827 4444 1040 4483; x_wconf 86' lang='lat' dir='ltr'><strong>eorum.</strong></span> 
     </span>
    </p>
   </div>
   <div class='ocr_carea' id='block_1_99' title="bbox 1996 3225 3507 3284">
    <p class='ocr_par' dir='ltr' id='par_1_99' title="bbox 1996 3225 3507 3284">
     <span class='ocr_line' id='line_1_102' title="bbox 1996 3225 3507 3284; baseline 0.002 -5"><span class='ocrx_word' id='word_1_609' title='bbox 1996 3225 2111 3280; x_wconf 83' lang='lat' dir='ltr'><strong>Hoc</strong></span> <span class='ocrx_word' id='word_1_610' title='bbox 2141 3227 2447 3279; x_wconf 86' lang='lat' dir='ltr'><strong>secundum</strong></span> <span class='ocrx_word' id='word_1_611' title='bbox 2501 3227 2606 3280; x_wconf 90' lang='lat' dir='ltr'><strong>hoc</strong></span> <span class='ocrx_word' id='word_1_612' title='bbox 2644 3228 2784 3281; x_wconf 82' lang='lat' dir='ltr'><strong>visio</strong></span> <span class='ocrx_word' id='word_1_613' title='bbox 2828 3230 3172 3284; x_wconf 87' lang='lat' dir='ltr'><strong>somniorum</strong></span> <span class='ocrx_word' id='word_1_614' title='bbox 3207 3240 3382 3284; x_wconf 83' lang='lat' dir='ltr'><strong>:ante</strong></span> <span class='ocrx_word' id='word_1_615' title='bbox 3422 3226 3507 3282; x_wconf 81' lang='lat' dir='ltr'><strong>l&#39;a-</strong></span> 
     </span>
    </p>
   </div>
   <div class='ocr_carea' id='block_1_100' title="bbox 1922 3296 2970 3353">
    <p class='ocr_par' dir='ltr' id='par_1_100' title="bbox 1922 3296 2970 3353">
     <span class='ocr_line' id='line_1_103' title="bbox 1922 3296 2970 3353; baseline 0.001 -1"><span class='ocrx_word' id='word_1_616' title='bbox 1922 3296 2062 3352; x_wconf 87' lang='lat' dir='ltr'><strong>cieiii</strong></span> <span class='ocrx_word' id='word_1_617' title='bbox 2096 3297 2339 3350; x_wconf 84' lang='lat' dir='ltr'><strong>hominis</strong></span> <span class='ocrx_word' id='word_1_618' title='bbox 2361 3297 2667 3352; x_wconf 87' lang='lat' dir='ltr'><strong>similitudo</strong></span> <span class='ocrx_word' id='word_1_619' title='bbox 2702 3298 2970 3353; x_wconf 86' lang='lat' dir='ltr'><strong>hominis.</strong></span> 
     </span>
    </p>
   </div>
   <div class='ocr_carea' id='block_1_101' title="bbox 1993 3366 3500 3435">
    <p class='ocr_par' dir='ltr' id='par_1_101' title="bbox 1993 3366 3500 3435">
     <span class='ocr_line' id='line_1_104' title="bbox 1993 3366 3500 3435; baseline 0.001 -15"><span class='ocrx_word' id='word_1_620' title='bbox 1993 3366 2077 3420; x_wconf 88' lang='lat' dir='ltr'><strong>Ab</strong></span> <span class='ocrx_word' id='word_1_621' title='bbox 2105 3367 2388 3420; x_wconf 90' lang='lat' dir='ltr'><strong>immundo</strong></span> <span class='ocrx_word' id='word_1_622' title='bbox 2423 3369 2554 3435; x_wconf 88' lang='lat' dir='ltr'><strong>quid</strong></span> <span class='ocrx_word' id='word_1_623' title='bbox 2609 3368 3011 3422; x_wconf 83' lang='lat' dir='ltr'><strong>inundabitur?</strong></span> <span class='ocrx_word' id='word_1_624' title='bbox 3046 3377 3102 3423; x_wconf 79' lang='lat' dir='ltr'><strong>et</strong></span> <span class='ocrx_word' id='word_1_625' title='bbox 3153 3384 3185 3424; x_wconf 87' lang='lat' dir='ltr'><strong>a</strong></span> <span class='ocrx_word' id='word_1_626' title='bbox 3234 3368 3500 3424; x_wconf 85' lang='lat' dir='ltr'><strong>mendace</strong></span> 
     </span>
    </p>
   </div>
   <div class='ocr_carea' id='block_1_102' title="bbox 1922 3437 2565 3508">
    <p class='ocr_par' dir='ltr' id='par_1_102' title="bbox 1922 3437 2565 3508">
     <span class='ocr_line' id='line_1_105' title="bbox 1922 3437 2565 3508; baseline -0.003 -18"><span class='ocrx_word' id='word_1_627' title='bbox 1922 3437 2054 3508; x_wconf 89' lang='lat' dir='ltr'><strong>quid</strong></span> <span class='ocrx_word' id='word_1_628' title='bbox 2097 3453 2287 3492; x_wconf 85' lang='lat' dir='ltr'><strong>verum</strong></span> <span class='ocrx_word' id='word_1_629' title='bbox 2315 3438 2565 3508; x_wconf 86' lang='lat' dir='ltr'><strong>dieetiir?</strong></span> 
     </span>
    </p>
   </div>
   <div class='ocr_carea' id='block_1_103' title="bbox 2019 3507 3506 3578">
    <p class='ocr_par' dir='ltr' id='par_1_103' title="bbox 2019 3507 3506 3578">
     <span class='ocr_line' id='line_1_106' title="bbox 2019 3507 3506 3578; baseline 0.001 -18"><span class='ocrx_word' id='word_1_630' title='bbox 2019 3508 2293 3560; x_wconf 86' lang='lat' dir='ltr'><strong>Divinatio</strong></span> <span class='ocrx_word' id='word_1_631' title='bbox 2317 3507 2543 3571; x_wconf 87' lang='lat' dir='ltr'><strong>erroris,</strong></span> <span class='ocrx_word' id='word_1_632' title='bbox 2578 3525 2634 3564; x_wconf 87' lang='lat' dir='ltr'><strong>et</strong></span> <span class='ocrx_word' id='word_1_633' title='bbox 2663 3508 2894 3578; x_wconf 79' lang='lat' dir='ltr'><strong>auguria</strong></span> <span class='ocrx_word' id='word_1_634' title='bbox 2927 3508 3233 3575; x_wconf 88' lang='lat' dir='ltr'><strong>mendacia,</strong></span> <span class='ocrx_word' id='word_1_635' title='bbox 3268 3517 3326 3564; x_wconf 91' lang='lat' dir='ltr'><strong>et</strong></span> <span class='ocrx_word' id='word_1_636' title='bbox 3355 3523 3506 3564; x_wconf 86' lang='lat' dir='ltr'><strong>som-</strong></span> 
     </span>
    </p>
   </div>
   <div class='ocr_carea' id='block_1_104' title="bbox 1923 3577 2899 3634">
    <p class='ocr_par' dir='ltr' id='par_1_104' title="bbox 1923 3577 2899 3634">
     <span class='ocr_line' id='line_1_107' title="bbox 1923 3577 2899 3634; baseline 0 -3"><span class='ocrx_word' id='word_1_637' title='bbox 1923 3577 2013 3631; x_wconf 88' lang='lat' dir='ltr'><strong>nia</strong></span> <span class='ocrx_word' id='word_1_638' title='bbox 2050 3578 2512 3634; x_wconf 84' lang='lat' dir='ltr'><strong>inalelacientiuin</strong></span> <span class='ocrx_word' id='word_1_639' title='bbox 2543 3577 2754 3632; x_wconf 82' lang='lat' dir='ltr'><strong>vanitas</strong></span> <span class='ocrx_word' id='word_1_640' title='bbox 2793 3588 2899 3633; x_wconf 89' lang='lat' dir='ltr'><strong>est.</strong></span> 
     </span>
    </p>
   </div>
   <div class='ocr_carea' id='block_1_105' title="bbox 1998 3647 3502 3720">
    <p class='ocr_par' dir='ltr' id='par_1_105' title="bbox 1998 3647 3502 3720">
     <span class='ocr_line' id='line_1_108' title="bbox 1998 3647 3502 3720; baseline 0.003 -20"><span class='ocrx_word' id='word_1_641' title='bbox 1998 3647 2069 3700; x_wconf 87' lang='lat' dir='ltr'><strong>Et</strong></span> <span class='ocrx_word' id='word_1_642' title='bbox 2097 3649 2249 3720; x_wconf 84' lang='lat' dir='ltr'><strong>sicut</strong></span> <span class='ocrx_word' id='word_1_643' title='bbox 2292 3649 2656 3720; x_wconf 76' lang='lat' dir='ltr'><strong>parturientis</strong></span> <span class='ocrx_word' id='word_1_644' title='bbox 2679 3663 2828 3720; x_wconf 86' lang='lat' dir='ltr'><strong>,cor</strong></span> <span class='ocrx_word' id='word_1_645' title='bbox 2858 3662 3011 3702; x_wconf 90' lang='lat' dir='ltr'><strong>tuum</strong></span> <span class='ocrx_word' id='word_1_646' title='bbox 3059 3650 3376 3718; x_wconf 85' lang='lat' dir='ltr'><strong>phaiitasias</strong></span> <span class='ocrx_word' id='word_1_647' title='bbox 3405 3665 3502 3720; x_wconf 86' lang='lat' dir='ltr'><strong>pa-</strong></span> 
     </span>
    </p>
   </div>
   <div class='ocr_carea' id='block_1_106' title="bbox 1925 3716 3500 3787">
    <p class='ocr_par' dir='ltr' id='par_1_106' title="bbox 1925 3716 3500 3787">
     <span class='ocr_line' id='line_1_109' title="bbox 1925 3716 3500 3787; baseline 0.002 -16"><span class='ocrx_word' id='word_1_648' title='bbox 1925 3717 2060 3771; x_wconf 84' lang='lat' dir='ltr'><strong>titur</strong></span> <span class='ocrx_word' id='word_1_649' title='bbox 2097 3732 2112 3773; x_wconf 91' lang='lat'><strong>:</strong></span> <span class='ocrx_word' id='word_1_650' title='bbox 2151 3719 2254 3770; x_wconf 85' lang='lat' dir='ltr'><strong>nisi</strong></span> <span class='ocrx_word' id='word_1_651' title='bbox 2282 3724 2350 3770; x_wconf 86' lang='lat' dir='ltr'><strong>ab</strong></span> <span class='ocrx_word' id='word_1_652' title='bbox 2376 3716 2659 3771; x_wconf 80' lang='lat' dir='ltr'><strong>Altissinio</strong></span> <span class='ocrx_word' id='word_1_653' title='bbox 2690 3719 2859 3771; x_wconf 77' lang='lat' dir='ltr'><strong>fuerit</strong></span> <span class='ocrx_word' id='word_1_654' title='bbox 2893 3716 3094 3773; x_wconf 78' lang='lat' dir='ltr'><strong>emissa</strong></span> <span class='ocrx_word' id='word_1_655' title='bbox 3129 3716 3500 3787; x_wconf 47' lang='lat' dir='ltr'><strong>visitatiofne</strong></span> 
     </span>
    </p>
   </div>
   <div class='ocr_carea' id='block_1_107' title="bbox 1924 3787 2682 3841">
    <p class='ocr_par' dir='ltr' id='par_1_107' title="bbox 1924 3787 2682 3841">
     <span class='ocr_line' id='line_1_110' title="bbox 1924 3787 2682 3841; baseline 0.001 -2"><span class='ocrx_word' id='word_1_656' title='bbox 1924 3791 2140 3841; x_wconf 88' lang='lat' dir='ltr'><strong>dederis</strong></span> <span class='ocrx_word' id='word_1_657' title='bbox 2170 3790 2220 3839; x_wconf 94' lang='lat' dir='ltr'><strong>in</strong></span> <span class='ocrx_word' id='word_1_658' title='bbox 2250 3787 2357 3840; x_wconf 86' lang='lat' dir='ltr'><strong>illis</strong></span> <span class='ocrx_word' id='word_1_659' title='bbox 2383 3802 2478 3840; x_wconf 85' lang='lat' dir='ltr'><strong>cor</strong></span> <span class='ocrx_word' id='word_1_660' title='bbox 2505 3798 2682 3841; x_wconf 91' lang='lat' dir='ltr'><strong>tuum.</strong></span> 
     </span>
    </p>
   </div>
   <div class='ocr_carea' id='block_1_108' title="bbox 1993 3858 3492 3926">
    <p class='ocr_par' dir='ltr' id='par_1_108' title="bbox 1993 3858 3492 3926">
     <span class='ocr_line' id='line_1_111' title="bbox 1993 3858 3492 3926; baseline 0.003 -16"><span class='ocrx_word' id='word_1_661' title='bbox 1993 3858 2191 3911; x_wconf 82' lang='lat' dir='ltr'><strong>Multos</strong></span> <span class='ocrx_word' id='word_1_662' title='bbox 2222 3859 2364 3910; x_wconf 84' lang='lat' dir='ltr'><strong>enim</strong></span> <span class='ocrx_word' id='word_1_663' title='bbox 2396 3873 2582 3910; x_wconf 85' lang='lat' dir='ltr'><strong>errare</strong></span> <span class='ocrx_word' id='word_1_664' title='bbox 2607 3859 2860 3914; x_wconf 82' lang='lat' dir='ltr'><strong>fecerunt</strong></span> <span class='ocrx_word' id='word_1_665' title='bbox 2891 3860 3126 3926; x_wconf 84' lang='lat' dir='ltr'><strong>somnia,</strong></span> <span class='ocrx_word' id='word_1_666' title='bbox 3172 3869 3228 3914; x_wconf 93' lang='lat' dir='ltr'><strong>et</strong></span> <span class='ocrx_word' id='word_1_667' title='bbox 3259 3859 3492 3915; x_wconf 83' lang='lat' dir='ltr'><strong>excide-</strong></span> 
     </span>
    </p>
   </div>
   <div class='ocr_carea' id='block_1_109' title="bbox 1926 3927 2627 3996">
    <p class='ocr_par' dir='ltr' id='par_1_109' title="bbox 1926 3927 2627 3996">
     <span class='ocr_line' id='line_1_112' title="bbox 1926 3927 2627 3996; baseline 0.001 -16"><span class='ocrx_word' id='word_1_668' title='bbox 1926 3937 2055 3982; x_wconf 91' lang='lat' dir='ltr'><strong>runt</strong></span> <span class='ocrx_word' id='word_1_669' title='bbox 2085 3939 2371 3996; x_wconf 87' lang='lat' dir='ltr'><strong>sperantes</strong></span> <span class='ocrx_word' id='word_1_670' title='bbox 2410 3927 2465 3979; x_wconf 91' lang='lat' dir='ltr'><strong>in</strong></span> <span class='ocrx_word' id='word_1_671' title='bbox 2499 3927 2627 3981; x_wconf 92' lang='lat' dir='ltr'><strong>illis.</strong></span> 
     </span>
    </p>
   </div>
   <div class='ocr_carea' id='block_1_110' title="bbox 1999 3998 3500 4069">
    <p class='ocr_par' dir='ltr' id='par_1_110' title="bbox 1999 3998 3500 4069">
     <span class='ocr_line' id='line_1_113' title="bbox 1999 3998 3500 4069; baseline 0.001 -17"><span class='ocrx_word' id='word_1_672' title='bbox 1999 3998 2130 4052; x_wconf 78' lang='lat' dir='ltr'><strong>Sine</strong></span> <span class='ocrx_word' id='word_1_673' title='bbox 2163 3998 2450 4052; x_wconf 85' lang='lat' dir='ltr'><strong>mendacio</strong></span> <span class='ocrx_word' id='word_1_674' title='bbox 2485 3998 2963 4069; x_wconf 86' lang='lat' dir='ltr'><strong>consummabitur</strong></span> <span class='ocrx_word' id='word_1_675' title='bbox 2991 3999 3219 4054; x_wconf 77' lang='lat' dir='ltr'><strong>verbuoi</strong></span> <span class='ocrx_word' id='word_1_676' title='bbox 3261 3999 3418 4069; x_wconf 88' lang='lat' dir='ltr'><strong>legis,</strong></span> <span class='ocrx_word' id='word_1_677' title='bbox 3447 4008 3500 4054; x_wconf 82' lang='lat' dir='ltr'><strong>et</strong></span> 
     </span>
    </p>
   </div>
   <div class='ocr_carea' id='block_1_111' title="bbox 1923 4067 3180 4138">
    <p class='ocr_par' dir='ltr' id='par_1_111' title="bbox 1923 4067 3180 4138">
     <span class='ocr_line' id='line_1_114' title="bbox 1923 4067 3180 4138; baseline 0.001 -17"><span class='ocrx_word' id='word_1_678' title='bbox 1923 4071 2186 4137; x_wconf 79' lang='lat' dir='ltr'><strong>sapientia</strong></span> <span class='ocrx_word' id='word_1_679' title='bbox 2242 4071 2296 4121; x_wconf 90' lang='lat' dir='ltr'><strong>in</strong></span> <span class='ocrx_word' id='word_1_680' title='bbox 2349 4083 2444 4132; x_wconf 79' lang='lat' dir='ltr'><strong>ore</strong></span> <span class='ocrx_word' id='word_1_681' title='bbox 2496 4067 2676 4123; x_wconf 86' lang='lat' dir='ltr'><strong>lidelis</strong></span> <span class='ocrx_word' id='word_1_682' title='bbox 2717 4073 3180 4138; x_wconf 83' lang='lat' dir='ltr'><strong>coinplaiiabitur.</strong></span> 
     </span>
    </p>
   </div>
   <div class='ocr_carea' id='block_1_112' title="bbox 1997 4139 3500 4209">
    <p class='ocr_par' dir='ltr' id='par_1_112' title="bbox 1997 4139 3500 4209">
     <span class='ocr_line' id='line_1_115' title="bbox 1997 4139 3500 4209; baseline 0.007 -19"><span class='ocrx_word' id='word_1_683' title='bbox 1997 4139 2102 4203; x_wconf 87' lang='lat' dir='ltr'><strong>Qui</strong></span> <span class='ocrx_word' id='word_1_684' title='bbox 2125 4153 2235 4191; x_wconf 86' lang='lat' dir='ltr'><strong>non</strong></span> <span class='ocrx_word' id='word_1_685' title='bbox 2273 4148 2358 4192; x_wconf 87' lang='lat' dir='ltr'><strong>est</strong></span> <span class='ocrx_word' id='word_1_686' title='bbox 2392 4148 2664 4203; x_wconf 86' lang='lat' dir='ltr'><strong>tentatus,</strong></span> <span class='ocrx_word' id='word_1_687' title='bbox 2698 4142 2832 4209; x_wconf 88' lang='lat' dir='ltr'><strong>quid</strong></span> <span class='ocrx_word' id='word_1_688' title='bbox 2859 4143 3011 4196; x_wconf 79' lang='lat' dir='ltr'><strong>scit?</strong></span> <span class='ocrx_word' id='word_1_689' title='bbox 3087 4140 3179 4193; x_wconf 81' lang='lat' dir='ltr'><strong>Vir</strong></span> <span class='ocrx_word' id='word_1_690' title='bbox 3211 4142 3266 4195; x_wconf 90' lang='lat' dir='ltr'><strong>iu</strong></span> <span class='ocrx_word' id='word_1_691' title='bbox 3309 4146 3500 4200; x_wconf 85' lang='lat' dir='ltr'><strong>multis</strong></span> 
     </span>
    </p>
   </div>
   <div class='ocr_carea' id='block_1_113' title="bbox 1926 4210 3497 4283">
    <p class='ocr_par' dir='ltr' id='par_1_113' title="bbox 1926 4210 3497 4283">
     <span class='ocr_line' id='line_1_116' title="bbox 1926 4210 3497 4283; baseline 0.004 -20"><span class='ocrx_word' id='word_1_692' title='bbox 1926 4219 2212 4283; x_wconf 80' lang='lat' dir='ltr'><strong>expertus,</strong></span> <span class='ocrx_word' id='word_1_693' title='bbox 2241 4210 2512 4283; x_wconf 74' lang='lat' dir='ltr'><strong>cogitabit</strong></span> <span class='ocrx_word' id='word_1_694' title='bbox 2545 4211 2718 4264; x_wconf 88' lang='lat' dir='ltr'><strong>multa</strong></span> <span class='ocrx_word' id='word_1_695' title='bbox 2755 4228 2770 4267; x_wconf 85' lang='lat'><strong>:</strong></span> <span class='ocrx_word' id='word_1_696' title='bbox 2826 4223 2881 4265; x_wconf 87' lang='lat' dir='ltr'><strong>et</strong></span> <span class='ocrx_word' id='word_1_697' title='bbox 2934 4211 3030 4282; x_wconf 92' lang='lat' dir='ltr'><strong>qui</strong></span> <span class='ocrx_word' id='word_1_698' title='bbox 3063 4212 3233 4265; x_wconf 88' lang='lat' dir='ltr'><strong>multa</strong></span> <span class='ocrx_word' id='word_1_699' title='bbox 3283 4215 3497 4283; x_wconf 76' lang='lat' dir='ltr'><strong>didicn,</strong></span> 
     </span>
    </p>
   </div>
   <div class='ocr_carea' id='block_1_114' title="bbox 1928 4280 2600 4334">
    <p class='ocr_par' dir='ltr' id='par_1_114' title="bbox 1928 4280 2600 4334">
     <span class='ocr_line' id='line_1_117' title="bbox 1928 4280 2600 4334; baseline -0.003 0"><span class='ocrx_word' id='word_1_700' title='bbox 1928 4280 2214 4334; x_wconf 87' lang='lat' dir='ltr'><strong>enarrahit</strong></span> <span class='ocrx_word' id='word_1_701' title='bbox 2240 4281 2600 4333; x_wconf 88' lang='lat' dir='ltr'><strong>intellectum.</strong></span> 
     </span>
    </p>
   </div>
   <div class='ocr_carea' id='block_1_115' title="bbox 2000 4352 3498 4425">
    <p class='ocr_par' dir='ltr' id='par_1_115' title="bbox 2000 4352 3498 4425">
     <span class='ocr_line' id='line_1_118' title="bbox 2000 4352 3498 4425; baseline 0.005 -23"><span class='ocrx_word' id='word_1_702' title='bbox 2000 4352 2102 4414; x_wconf 90' lang='lat' dir='ltr'><strong>Qui</strong></span> <span class='ocrx_word' id='word_1_703' title='bbox 2135 4366 2247 4425; x_wconf 84' lang='lat' dir='ltr'><strong>non</strong></span> <span class='ocrx_word' id='word_1_704' title='bbox 2284 4359 2682 4425; x_wconf 73' lang='lat' dir='ltr'><strong>estexpertus,</strong></span> <span class='ocrx_word' id='word_1_705' title='bbox 2729 4366 2900 4418; x_wconf 89' lang='lat' dir='ltr'><strong>pauca</strong></span> <span class='ocrx_word' id='word_1_706' title='bbox 2963 4355 3309 4420; x_wconf 77' lang='lat' dir='ltr'><strong>recognoscit</strong></span> <span class='ocrx_word' id='word_1_707' title='bbox 3342 4372 3357 4410; x_wconf 89' lang='lat'><strong>:</strong></span> <span class='ocrx_word' id='word_1_708' title='bbox 3401 4355 3498 4425; x_wconf 90' lang='lat' dir='ltr'><strong>qui</strong></span> 
     </span>
    </p>
   </div>
   <div class='ocr_carea' id='block_1_116' title="bbox 1930 4421 3496 4490">
    <p class='ocr_par' dir='ltr' id='par_1_116' title="bbox 1930 4421 3496 4490">
     <span class='ocr_line' id='line_1_119' title="bbox 1930 4421 3496 4490; baseline 0.004 -16"><span class='ocrx_word' id='word_1_709' title='bbox 1930 4431 2112 4474; x_wconf 89' lang='lat' dir='ltr'><strong>autem</strong></span> <span class='ocrx_word' id='word_1_710' title='bbox 2145 4423 2199 4474; x_wconf 91' lang='lat' dir='ltr'><strong>in</strong></span> <span class='ocrx_word' id='word_1_711' title='bbox 2244 4421 2427 4474; x_wconf 87' lang='lat' dir='ltr'><strong>inultis</strong></span> <span class='ocrx_word' id='word_1_712' title='bbox 2461 4424 2639 4474; x_wconf 81' lang='lat' dir='ltr'><strong>lactus</strong></span> <span class='ocrx_word' id='word_1_713' title='bbox 2666 4433 2774 4487; x_wconf 89' lang='lat' dir='ltr'><strong>est,</strong></span> <span class='ocrx_word' id='word_1_714' title='bbox 2848 4424 3178 4490; x_wconf 87' lang='lat' dir='ltr'><strong>multiplicat</strong></span> <span class='ocrx_word' id='word_1_715' title='bbox 3206 4421 3496 4480; x_wconf 73' lang='lat' dir='ltr'><strong>malitiam.</strong></span> 
     </span>
    </p>
   </div>
   <div class='ocr_carea' id='block_1_117' title="bbox 323 4485 1819 4570">
    <p class='ocr_par' dir='ltr' id='par_1_117' title="bbox 323 4499 1819 4570">
     <span class='ocr_line' id='line_1_120' title="bbox 323 4499 1819 4570; baseline 0.003 -16"><span class='ocrx_word' id='word_1_716' title='bbox 323 4501 402 4554; x_wconf 70' lang='lat' dir='ltr'><strong>Ex</strong></span> <span class='ocrx_word' id='word_1_717' title='bbox 465 4499 598 4566; x_wconf 77' lang='lat' dir='ltr'><strong>ipsis</strong></span> <span class='ocrx_word' id='word_1_718' title='bbox 633 4501 961 4567; x_wconf 80' lang='lat' dir='ltr'><strong>benedixit,</strong></span> <span class='ocrx_word' id='word_1_719' title='bbox 1003 4511 1059 4552; x_wconf 90' lang='lat' dir='ltr'><strong>et</strong></span> <span class='ocrx_word' id='word_1_720' title='bbox 1092 4499 1352 4554; x_wconf 80' lang='lat' dir='ltr'><strong>exaltavit</strong></span> <span class='ocrx_word' id='word_1_721' title='bbox 1397 4516 1412 4555; x_wconf 88' lang='lat'><strong>:</strong></span> <span class='ocrx_word' id='word_1_722' title='bbox 1449 4513 1506 4556; x_wconf 89' lang='lat' dir='ltr'><strong>ct</strong></span> <span class='ocrx_word' id='word_1_723' title='bbox 1559 4518 1629 4558; x_wconf 76' lang='lat' dir='ltr'><strong>ex</strong></span> <span class='ocrx_word' id='word_1_724' title='bbox 1687 4504 1819 4570; x_wconf 85' lang='lat' dir='ltr'><strong>ipsis</strong></span> 
     </span>
    </p>
   </div>
   <div class='ocr_carea' id='block_1_118' title="bbox 1978 4485 3495 4570">
    <p class='ocr_par' dir='ltr' id='par_1_118' title="bbox 2001 4485 3495 4570">
     <span class='ocr_line' id='line_1_121' title="bbox 2001 4485 3495 4570; baseline 0.005 -27"><span class='ocrx_word' id='word_1_725' title='bbox 2001 4491 2107 4556; x_wconf 82' lang='lat' dir='ltr'><strong>Qui</strong></span> <span class='ocrx_word' id='word_1_726' title='bbox 2140 4503 2379 4570; x_wconf 75' lang='lat' dir='ltr'><strong>tentatus</strong></span> <span class='ocrx_word' id='word_1_727' title='bbox 2415 4505 2524 4570; x_wconf 74' lang='lat' dir='ltr'><strong>non</strong></span> <span class='ocrx_word' id='word_1_728' title='bbox 2556 4485 2886 4570; x_wconf 82' lang='lat' dir='ltr'><strong>est,_qualia</strong></span> <span class='ocrx_word' id='word_1_729' title='bbox 2911 4485 3064 4547; x_wconf 48' lang='lat' dir='ltr'><strong>scit-‘1</strong></span> <span class='ocrx_word' id='word_1_730' title='bbox 3092 4495 3188 4562; x_wconf 88' lang='lat' dir='ltr'><strong>qui</strong></span> <span class='ocrx_word' id='word_1_731' title='bbox 3225 4497 3495 4565; x_wconf 82' lang='lat' dir='ltr'><strong>intplana—</strong></span> 
     </span>
    </p>
   </div>
   <div class='ocr_carea' id='block_1_119' title="bbox 249 4571 1827 4642">
    <p class='ocr_par' dir='ltr' id='par_1_119' title="bbox 249 4571 1827 4642">
     <span class='ocr_line' id='line_1_122' title="bbox 249 4571 1827 4642; baseline 0.002 -16"><span class='ocrx_word' id='word_1_732' title='bbox 249 4571 638 4636; x_wconf 82' lang='lat' dir='ltr'><strong>satietilicavit,</strong></span> <span class='ocrx_word' id='word_1_733' title='bbox 667 4579 719 4624; x_wconf 92' lang='lat' dir='ltr'><strong>et</strong></span> <span class='ocrx_word' id='word_1_734' title='bbox 748 4573 812 4622; x_wconf 88' lang='lat' dir='ltr'><strong>ad</strong></span> <span class='ocrx_word' id='word_1_735' title='bbox 849 4587 907 4624; x_wconf 84' lang='lat' dir='ltr'><strong>se</strong></span> <span class='ocrx_word' id='word_1_736' title='bbox 939 4572 1234 4639; x_wconf 88' lang='lat' dir='ltr'><strong>applicavit</strong></span> <span class='ocrx_word' id='word_1_737' title='bbox 1259 4587 1272 4624; x_wconf 91' lang='lat'><strong>:</strong></span> <span class='ocrx_word' id='word_1_738' title='bbox 1302 4581 1355 4624; x_wconf 90' lang='lat' dir='ltr'><strong>et</strong></span> <span class='ocrx_word' id='word_1_739' title='bbox 1392 4588 1458 4624; x_wconf 85' lang='lat' dir='ltr'><strong>ex</strong></span> <span class='ocrx_word' id='word_1_740' title='bbox 1497 4574 1633 4642; x_wconf 83' lang='lat' dir='ltr'><strong>ipsis</strong></span> <span class='ocrx_word' id='word_1_741' title='bbox 1659 4577 1827 4629; x_wconf 84' lang='lat' dir='ltr'><strong>male-</strong></span> 
     </span>
    </p>
   </div>
   <div class='ocr_carea' id='block_1_120' title="bbox 249 4641 1827 4714">
    <p class='ocr_par' dir='ltr' id='par_1_120' title="bbox 249 4641 1827 4714">
     <span class='ocr_line' id='line_1_123' title="bbox 249 4641 1827 4714; baseline 0.001 -18"><span class='ocrx_word' id='word_1_742' title='bbox 249 4647 416 4706; x_wconf 66' lang='lat' dir='ltr'><strong>dixit,</strong></span> <span class='ocrx_word' id='word_1_743' title='bbox 463 4649 518 4693; x_wconf 86' lang='lat' dir='ltr'><strong>et</strong></span> <span class='ocrx_word' id='word_1_744' title='bbox 578 4642 915 4708; x_wconf 89' lang='lat' dir='ltr'><strong>huiuiliavit,</strong></span> <span class='ocrx_word' id='word_1_745' title='bbox 949 4655 1007 4697; x_wconf 84' lang='lat' dir='ltr'><strong>et</strong></span> <span class='ocrx_word' id='word_1_746' title='bbox 1057 4643 1336 4696; x_wconf 80' lang='lat' dir='ltr'><strong>cuiiVertit</strong></span> <span class='ocrx_word' id='word_1_747' title='bbox 1374 4641 1501 4697; x_wconf 88' lang='lat' dir='ltr'><strong>illos</strong></span> <span class='ocrx_word' id='word_1_748' title='bbox 1524 4641 1564 4697; x_wconf 19' lang='lat' dir='ltr'><strong>7a</strong></span> <span class='ocrx_word' id='word_1_749' title='bbox 1603 4661 1827 4714; x_wconf 56' lang='lat' dir='ltr'><strong>separa.</strong></span> 
     </span>
    </p>
   </div>
   <div class='ocr_carea' id='block_1_121' title="bbox 249 4717 712 4780">
    <p class='ocr_par' dir='ltr' id='par_1_121' title="bbox 249 4717 712 4780">
     <span class='ocr_line' id='line_1_124' title="bbox 249 4717 712 4780; baseline -0.006 -13"><span class='ocrx_word' id='word_1_750' title='bbox 249 4726 400 4768; x_wconf 80' lang='lat' dir='ltr'><strong>tione</strong></span> <span class='ocrx_word' id='word_1_751' title='bbox 443 4717 712 4780; x_wconf 87' lang='lat' dir='ltr'><strong>ipsorum.</strong></span> 
     </span>
    </p>
   </div>
   <div class='ocr_carea' id='block_1_122' title="bbox 313 4783 1823 4854">
    <p class='ocr_par' dir='ltr' id='par_1_122' title="bbox 313 4783 1823 4854">
     <span class='ocr_line' id='line_1_125' title="bbox 313 4783 1823 4854; baseline 0.002 -18"><span class='ocrx_word' id='word_1_752' title='bbox 313 4789 485 4849; x_wconf 74' lang='lat' dir='ltr'><strong>Quasr</strong></span> <span class='ocrx_word' id='word_1_753' title='bbox 518 4786 696 4838; x_wconf 85' lang='lat' dir='ltr'><strong>lotum</strong></span> <span class='ocrx_word' id='word_1_754' title='bbox 726 4784 874 4853; x_wconf 80' lang='lat' dir='ltr'><strong>ﬁguli</strong></span> <span class='ocrx_word' id='word_1_755' title='bbox 905 4783 962 4837; x_wconf 91' lang='lat' dir='ltr'><strong>in</strong></span> <span class='ocrx_word' id='word_1_756' title='bbox 986 4799 1150 4836; x_wconf 89' lang='lat' dir='ltr'><strong>manu</strong></span> <span class='ocrx_word' id='word_1_757' title='bbox 1173 4783 1369 4852; x_wconf 88' lang='lat' dir='ltr'><strong>ipsius,</strong></span> <span class='ocrx_word' id='word_1_758' title='bbox 1393 4784 1668 4854; x_wconf 88' lang='lat' dir='ltr'><strong>plasmare</strong></span> <span class='ocrx_word' id='word_1_759' title='bbox 1689 4785 1823 4841; x_wconf 87' lang='lat' dir='ltr'><strong>illud</strong></span> 
     </span>
    </p>
   </div>
   <div class='ocr_carea' id='block_1_123' title="bbox 244 4857 661 4922">
    <p class='ocr_par' dir='ltr' id='par_1_123' title="bbox 244 4857 661 4922">
     <span class='ocr_line' id='line_1_126' title="bbox 244 4857 661 4922; baseline -0.005 -14"><span class='ocrx_word' id='word_1_760' title='bbox 244 4869 300 4908; x_wconf 88' lang='lat' dir='ltr'><strong>et</strong></span> <span class='ocrx_word' id='word_1_761' title='bbox 338 4857 661 4922; x_wconf 84' lang='lat' dir='ltr'><strong>disponere.</strong></span> 
     </span>
    </p>
   </div>
   <div class='ocr_carea' id='block_1_124' title="bbox 317 4922 1820 4995">
    <p class='ocr_par' dir='ltr' id='par_1_124' title="bbox 317 4922 1820 4995">
     <span class='ocr_line' id='line_1_127' title="bbox 317 4922 1820 4995; baseline 0 -15"><span class='ocrx_word' id='word_1_762' title='bbox 317 4929 526 4980; x_wconf 88' lang='lat' dir='ltr'><strong>Unines</strong></span> <span class='ocrx_word' id='word_1_763' title='bbox 556 4941 655 4978; x_wconf 74' lang='lat' dir='ltr'><strong>via:</strong></span> <span class='ocrx_word' id='word_1_764' title='bbox 698 4927 822 4995; x_wconf 85' lang='lat' dir='ltr'><strong>ejus</strong></span> <span class='ocrx_word' id='word_1_765' title='bbox 849 4924 1155 4979; x_wconf 83' lang='lat' dir='ltr'><strong>secundum</strong></span> <span class='ocrx_word' id='word_1_766' title='bbox 1198 4922 1616 4994; x_wconf 80' lang='lat' dir='ltr'><strong>dispositionem</strong></span> <span class='ocrx_word' id='word_1_767' title='bbox 1645 4930 1768 4995; x_wconf 85' lang='lat' dir='ltr'><strong>ejus</strong></span> <span class='ocrx_word' id='word_1_768' title='bbox 1806 4943 1820 4980; x_wconf 90' lang='lat'><strong>:</strong></span> 
     </span>
    </p>
   </div>
   <div class='ocr_carea' id='block_1_125' title="bbox 248 4995 1823 5063">
    <p class='ocr_par' dir='ltr' id='par_1_125' title="bbox 248 4995 1823 5063">
     <span class='ocr_line' id='line_1_128' title="bbox 248 4995 1823 5063; baseline 0.001 -12"><span class='ocrx_word' id='word_1_769' title='bbox 248 4999 328 5051; x_wconf 79' lang='lat' dir='ltr'><strong>sic</strong></span> <span class='ocrx_word' id='word_1_770' title='bbox 366 4999 532 5050; x_wconf 90' lang='lat' dir='ltr'><strong>homo</strong></span> <span class='ocrx_word' id='word_1_771' title='bbox 570 5000 624 5049; x_wconf 91' lang='lat' dir='ltr'><strong>in</strong></span> <span class='ocrx_word' id='word_1_772' title='bbox 661 5013 824 5049; x_wconf 84' lang='lat' dir='ltr'><strong>manu</strong></span> <span class='ocrx_word' id='word_1_773' title='bbox 860 4995 1010 5049; x_wconf 91' lang='lat' dir='ltr'><strong>illius</strong></span> <span class='ocrx_word' id='word_1_774' title='bbox 1059 4998 1151 5063; x_wconf 92' lang='lat' dir='ltr'><strong>qui</strong></span> <span class='ocrx_word' id='word_1_775' title='bbox 1210 5010 1269 5048; x_wconf 87' lang='lat' dir='ltr'><strong>se</strong></span> <span class='ocrx_word' id='word_1_776' title='bbox 1324 4996 1490 5061; x_wconf 85' lang='lat' dir='ltr'><strong>lecti,</strong></span> <span class='ocrx_word' id='word_1_777' title='bbox 1539 5007 1595 5052; x_wconf 90' lang='lat' dir='ltr'><strong>et</strong></span> <span class='ocrx_word' id='word_1_778' title='bbox 1627 5002 1823 5053; x_wconf 89' lang='lat' dir='ltr'><strong>reddet</strong></span> 
     </span>
    </p>
   </div>
   <div class='ocr_carea' id='block_1_126' title="bbox 251 5068 1172 5137">
    <p class='ocr_par' dir='ltr' id='par_1_126' title="bbox 251 5068 1172 5137">
     <span class='ocr_line' id='line_1_129' title="bbox 251 5068 1172 5137; baseline -0.002 -16"><span class='ocrx_word' id='word_1_779' title='bbox 251 5071 324 5121; x_wconf 80' lang='lat' dir='ltr'><strong>till</strong></span> <span class='ocrx_word' id='word_1_780' title='bbox 350 5069 659 5120; x_wconf 77' lang='lat' dir='ltr'><strong>secundum</strong></span> <span class='ocrx_word' id='word_1_781' title='bbox 689 5068 960 5137; x_wconf 86' lang='lat' dir='ltr'><strong>judicium</strong></span> <span class='ocrx_word' id='word_1_782' title='bbox 989 5081 1172 5119; x_wconf 88' lang='lat' dir='ltr'><strong>suum.</strong></span> 
     </span>
    </p>
   </div>
   <div class='ocr_carea' id='block_1_127' title="bbox 312 5139 1818 5198">
    <p class='ocr_par' dir='ltr' id='par_1_127' title="bbox 312 5139 1818 5198">
     <span class='ocr_line' id='line_1_130' title="bbox 312 5139 1818 5198; baseline 0.001 -6"><span class='ocrx_word' id='word_1_783' title='bbox 312 5139 520 5192; x_wconf 85' lang='lat' dir='ltr'><strong>Contra</strong></span> <span class='ocrx_word' id='word_1_784' title='bbox 559 5140 767 5190; x_wconf 83' lang='lat' dir='ltr'><strong>malum</strong></span> <span class='ocrx_word' id='word_1_785' title='bbox 811 5139 1015 5191; x_wconf 85' lang='lat' dir='ltr'><strong>bonum</strong></span> <span class='ocrx_word' id='word_1_786' title='bbox 1066 5149 1179 5198; x_wconf 86' lang='lat' dir='ltr'><strong>est,</strong></span> <span class='ocrx_word' id='word_1_787' title='bbox 1228 5147 1284 5192; x_wconf 86' lang='lat' dir='ltr'><strong>et</strong></span> <span class='ocrx_word' id='word_1_788' title='bbox 1344 5149 1537 5192; x_wconf 87' lang='lat' dir='ltr'><strong>contra</strong></span> <span class='ocrx_word' id='word_1_789' title='bbox 1591 5149 1818 5194; x_wconf 88' lang='lat' dir='ltr'><strong>mortem</strong></span> 
     </span>
    </p>
   </div>
   <div class='ocr_carea' id='block_1_128' title="bbox 246 5209 1821 5278">
    <p class='ocr_par' dir='ltr' id='par_1_128' title="bbox 246 5209 1821 5278">
     <span class='ocr_line' id='line_1_131' title="bbox 246 5209 1821 5278; baseline 0.003 -18"><span class='ocrx_word' id='word_1_790' title='bbox 246 5211 359 5261; x_wconf 77' lang='lat' dir='ltr'><strong>vita</strong></span> <span class='ocrx_word' id='word_1_791' title='bbox 397 5225 410 5258; x_wconf 93' lang='lat'><strong>:</strong></span> <span class='ocrx_word' id='word_1_792' title='bbox 443 5209 519 5265; x_wconf 87' lang='lat' dir='ltr'><strong>sic</strong></span> <span class='ocrx_word' id='word_1_793' title='bbox 562 5223 614 5264; x_wconf 85' lang='lat' dir='ltr'><strong>et</strong></span> <span class='ocrx_word' id='word_1_794' title='bbox 641 5217 834 5262; x_wconf 80' lang='lat' dir='ltr'><strong>contra</strong></span> <span class='ocrx_word' id='word_1_795' title='bbox 876 5209 1054 5260; x_wconf 89' lang='lat' dir='ltr'><strong>virum</strong></span> <span class='ocrx_word' id='word_1_796' title='bbox 1085 5209 1293 5276; x_wconf 84' lang='lat' dir='ltr'><strong>justum</strong></span> <span class='ocrx_word' id='word_1_797' title='bbox 1325 5221 1600 5278; x_wconf 88' lang='lat' dir='ltr'><strong>peccator.</strong></span> <span class='ocrx_word' id='word_1_798' title='bbox 1629 5209 1698 5264; x_wconf 80' lang='lat' dir='ltr'><strong>Et</strong></span> <span class='ocrx_word' id='word_1_799' title='bbox 1739 5228 1821 5265; x_wconf 84' lang='lat' dir='ltr'><strong>sic</strong></span> 
     </span>
    </p>
   </div>
   <div class='ocr_carea' id='block_1_129' title="bbox 247 5279 1817 5348">
    <p class='ocr_par' dir='ltr' id='par_1_129' title="bbox 247 5279 1817 5348">
     <span class='ocr_line' id='line_1_132' title="bbox 247 5279 1817 5348; baseline 0.003 -17"><span class='ocrx_word' id='word_1_800' title='bbox 247 5282 464 5332; x_wconf 83' lang='lat' dir='ltr'><strong>intuere</strong></span> <span class='ocrx_word' id='word_1_801' title='bbox 511 5285 564 5334; x_wconf 91' lang='lat' dir='ltr'><strong>in</strong></span> <span class='ocrx_word' id='word_1_802' title='bbox 601 5295 786 5334; x_wconf 85' lang='lat' dir='ltr'><strong>omnia</strong></span> <span class='ocrx_word' id='word_1_803' title='bbox 826 5295 994 5348; x_wconf 84' lang='lat' dir='ltr'><strong>opera</strong></span> <span class='ocrx_word' id='word_1_804' title='bbox 1024 5279 1315 5332; x_wconf 77' lang='lat' dir='ltr'><strong>Altissiini.</strong></span> <span class='ocrx_word' id='word_1_805' title='bbox 1361 5280 1478 5334; x_wconf 89' lang='lat' dir='ltr'><strong>Duo</strong></span> <span class='ocrx_word' id='word_1_806' title='bbox 1509 5292 1564 5334; x_wconf 89' lang='lat' dir='ltr'><strong>ct</strong></span> <span class='ocrx_word' id='word_1_807' title='bbox 1598 5280 1729 5346; x_wconf 90' lang='lat' dir='ltr'><strong>duo,</strong></span> <span class='ocrx_word' id='word_1_808' title='bbox 1765 5294 1817 5336; x_wconf 85' lang='lat' dir='ltr'><strong>et</strong></span> 
     </span>
    </p>
   </div>
   <div class='ocr_carea' id='block_1_130' title="bbox 250 5362 870 5406">
    <p class='ocr_par' dir='ltr' id='par_1_130' title="bbox 250 5362 870 5406">
     <span class='ocr_line' id='line_1_133' title="bbox 250 5362 870 5406; baseline 0.003 -5"><span class='ocrx_word' id='word_1_809' title='bbox 250 5365 424 5402; x_wconf 89' lang='lat' dir='ltr'><strong>unum</strong></span> <span class='ocrx_word' id='word_1_810' title='bbox 452 5362 643 5406; x_wconf 78' lang='lat' dir='ltr'><strong>contra</strong></span> <span class='ocrx_word' id='word_1_811' title='bbox 675 5365 870 5403; x_wconf 80' lang='lat' dir='ltr'>UIIUIII.</span> 
     </span>
    </p>
   </div>
   <div class='ocr_carea' id='block_1_131' title="bbox 318 5419 1812 5492">
    <p class='ocr_par' dir='ltr' id='par_1_131' title="bbox 318 5419 1812 5492">
     <span class='ocr_line' id='line_1_134' title="bbox 318 5419 1812 5492; baseline 0.004 -22"><span class='ocrx_word' id='word_1_812' title='bbox 318 5424 385 5473; x_wconf 69' lang='lat' dir='ltr'><strong>tt</strong></span> <span class='ocrx_word' id='word_1_813' title='bbox 409 5436 508 5491; x_wconf 80' lang='lat' dir='ltr'><strong>ego</strong></span> <span class='ocrx_word' id='word_1_814' title='bbox 525 5423 674 5476; x_wconf 64' lang='lat' dir='ltr'><strong>novis</strong></span> <span class='ocrx_word' id='word_1_815' title='bbox 688 5423 858 5474; x_wconf 88' lang='lat' dir='ltr'><strong>simus</strong></span> <span class='ocrx_word' id='word_1_816' title='bbox 888 5419 1163 5490; x_wconf 84' lang='lat' dir='ltr'><strong>evigilavi,</strong></span> <span class='ocrx_word' id='word_1_817' title='bbox 1196 5431 1253 5476; x_wconf 87' lang='lat' dir='ltr'><strong>et</strong></span> <span class='ocrx_word' id='word_1_818' title='bbox 1284 5421 1567 5491; x_wconf 44' lang='lat' dir='ltr'><strong>quasi&#39;qu&#39;t</strong></span> <span class='ocrx_word' id='word_1_819' title='bbox 1599 5421 1812 5492; x_wconf 79' lang='lat' dir='ltr'><strong>colligit</strong></span> 
     </span>
    </p>
   </div>
   <div class='ocr_carea' id='block_1_132' title="bbox 245 5491 1077 5563">
    <p class='ocr_par' dir='ltr' id='par_1_132' title="bbox 245 5491 1077 5563">
     <span class='ocr_line' id='line_1_135' title="bbox 245 5491 1077 5563; baseline 0.006 -20"><span class='ocrx_word' id='word_1_820' title='bbox 245 5491 440 5545; x_wconf 81' lang='lat' dir='ltr'><strong>acinos</strong></span> <span class='ocrx_word' id='word_1_821' title='bbox 467 5505 588 5563; x_wconf 87' lang='lat' dir='ltr'><strong>post</strong></span> <span class='ocrx_word' id='word_1_822' title='bbox 625 5492 1077 5563; x_wconf 84' lang='lat' dir='ltr'><strong>viiideiuiatores.</strong></span> 
     </span>
    </p>
   </div>
   <div class='ocr_carea' id='block_1_133' title="bbox 313 5562 1815 5634">
    <p class='ocr_par' dir='ltr' id='par_1_133' title="bbox 313 5562 1815 5634">
     <span class='ocr_line' id='line_1_136' title="bbox 313 5562 1815 5634; baseline 0.005 -20"><span class='ocrx_word' id='word_1_823' title='bbox 313 5563 376 5614; x_wconf 83' lang='lat' dir='ltr'><strong>In</strong></span> <span class='ocrx_word' id='word_1_824' title='bbox 421 5562 803 5618; x_wconf 84' lang='lat' dir='ltr'><strong>benedictione</strong></span> <span class='ocrx_word' id='word_1_825' title='bbox 839 5562 934 5616; x_wconf 82' lang='lat' dir='ltr'><strong>Dei</strong></span> <span class='ocrx_word' id='word_1_826' title='bbox 985 5571 1042 5616; x_wconf 89' lang='lat' dir='ltr'><strong>et</strong></span> <span class='ocrx_word' id='word_1_827' title='bbox 1079 5564 1195 5632; x_wconf 90' lang='lat' dir='ltr'><strong>ipse</strong></span> <span class='ocrx_word' id='word_1_828' title='bbox 1245 5563 1458 5632; x_wconf 86' lang='lat' dir='ltr'><strong>speravi</strong></span> <span class='ocrx_word' id='word_1_829' title='bbox 1493 5581 1508 5618; x_wconf 88' lang='lat'><strong>:</strong></span> <span class='ocrx_word' id='word_1_830' title='bbox 1559 5573 1615 5618; x_wconf 89' lang='lat' dir='ltr'><strong>et</strong></span> <span class='ocrx_word' id='word_1_831' title='bbox 1657 5567 1815 5634; x_wconf 89' lang='lat' dir='ltr'><strong>quasi</strong></span> 
     </span>
    </p>
   </div>
   <div class='ocr_carea' id='block_1_134' title="bbox 243 5633 1331 5701">
    <p class='ocr_par' dir='ltr' id='par_1_134' title="bbox 243 5633 1331 5701">
     <span class='ocr_line' id='line_1_137' title="bbox 243 5633 1331 5701; baseline 0.004 -17"><span class='ocrx_word' id='word_1_832' title='bbox 243 5636 338 5701; x_wconf 90' lang='lat' dir='ltr'><strong>qui</strong></span> <span class='ocrx_word' id='word_1_833' title='bbox 370 5637 692 5696; x_wconf 80' lang='lat' dir='ltr'><strong>vindemiat,</strong></span> <span class='ocrx_word' id='word_1_834' title='bbox 722 5633 922 5700; x_wconf 80' lang='lat' dir='ltr'><strong>replcvi</strong></span> <span class='ocrx_word' id='word_1_835' title='bbox 956 5636 1219 5688; x_wconf 85' lang='lat' dir='ltr'><strong>torcular.</strong></span> <span class='ocrx_word' id='word_1_836' title='bbox 1325 5683 1331 5688; x_wconf 91' lang='lat'><strong>.</strong></span> 
     </span>
    </p>
   </div>
   <div class='ocr_carea' id='block_1_135' title="bbox 318 5704 1811 5775">
    <p class='ocr_par' dir='ltr' id='par_1_135' title="bbox 318 5704 1811 5775">
     <span class='ocr_line' id='line_1_138' title="bbox 318 5704 1811 5775; baseline 0.006 -19"><span class='ocrx_word' id='word_1_837' title='bbox 318 5705 618 5772; x_wconf 74' lang='lat' dir='ltr'><strong>ltespicite,</strong></span> <span class='ocrx_word' id='word_1_838' title='bbox 659 5705 915 5772; x_wconf 86' lang='lat' dir='ltr'><strong>quoniam</strong></span> <span class='ocrx_word' id='word_1_839' title='bbox 953 5720 1063 5759; x_wconf 90' lang='lat' dir='ltr'><strong>non</strong></span> <span class='ocrx_word' id='word_1_840' title='bbox 1119 5704 1246 5758; x_wconf 90' lang='lat' dir='ltr'><strong>inibi</strong></span> <span class='ocrx_word' id='word_1_841' title='bbox 1283 5706 1384 5760; x_wconf 90' lang='lat' dir='ltr'><strong>soli</strong></span> <span class='ocrx_word' id='word_1_842' title='bbox 1419 5706 1684 5775; x_wconf 81' lang='lat' dir='ltr'><strong>laboravi,</strong></span> <span class='ocrx_word' id='word_1_843' title='bbox 1716 5709 1811 5764; x_wconf 88' lang='lat' dir='ltr'><strong>sed</strong></span> 
     </span>
    </p>
   </div>
   <div class='ocr_carea' id='block_1_136' title="bbox 255 5778 1363 5848">
    <p class='ocr_par' dir='ltr' id='par_1_136' title="bbox 255 5778 1363 5848">
     <span class='ocr_line' id='line_1_139' title="bbox 255 5778 1363 5848; baseline 0.003 -17"><span class='ocrx_word' id='word_1_844' title='bbox 255 5780 515 5844; x_wconf 55' lang='lat' dir='ltr'><strong>omnibus</strong></span> <span class='ocrx_word' id='word_1_845' title='bbox 552 5778 961 5848; x_wconf 58' lang='lat' dir='ltr'><strong>exquire-utilius</strong></span> <span class='ocrx_word' id='word_1_846' title='bbox 996 5778 1363 5846; x_wconf 79' lang='lat' dir='ltr'><strong>disciplinam.</strong></span> 
     </span>
    </p>
   </div>
   <div class='ocr_carea' id='block_1_137' title="bbox 1933 4562 2790 4630">
    <p class='ocr_par' dir='ltr' id='par_1_137' title="bbox 1933 4562 2790 4630">
     <span class='ocr_line' id='line_1_140' title="bbox 1933 4562 2790 4630; baseline -0.001 -14"><span class='ocrx_word' id='word_1_847' title='bbox 1933 4571 2021 4616; x_wconf 91' lang='lat' dir='ltr'><strong>tus</strong></span> <span class='ocrx_word' id='word_1_848' title='bbox 2051 4571 2156 4626; x_wconf 88' lang='lat' dir='ltr'><strong>est,</strong></span> <span class='ocrx_word' id='word_1_849' title='bbox 2188 4562 2494 4616; x_wconf 87' lang='lat' dir='ltr'><strong>abundabit</strong></span> <span class='ocrx_word' id='word_1_850' title='bbox 2525 4565 2790 4630; x_wconf 86' lang='lat' dir='ltr'><strong>nequitia.</strong></span> 
     </span>
    </p>
   </div>
   <div class='ocr_carea' id='block_1_138' title="bbox 2002 4632 3495 4704">
    <p class='ocr_par' dir='ltr' id='par_1_138' title="bbox 2002 4632 3495 4704">
     <span class='ocr_line' id='line_1_141' title="bbox 2002 4632 3495 4704; baseline 0.002 -17"><span class='ocrx_word' id='word_1_851' title='bbox 2002 4632 2168 4687; x_wconf 78' lang='lat' dir='ltr'><strong>Multa</strong></span> <span class='ocrx_word' id='word_1_852' title='bbox 2197 4635 2306 4688; x_wconf 89' lang='lat' dir='ltr'><strong>vidi</strong></span> <span class='ocrx_word' id='word_1_853' title='bbox 2343 4633 2394 4684; x_wconf 88' lang='lat' dir='ltr'><strong>in</strong></span> <span class='ocrx_word' id='word_1_854' title='bbox 2431 4634 2925 4701; x_wconf 83' lang='lat' dir='ltr'><strong>peregrinationem</strong></span> <span class='ocrx_word' id='word_1_855' title='bbox 2947 4636 3208 4704; x_wconf 86' lang='lat' dir='ltr'><strong>errando,</strong></span> <span class='ocrx_word' id='word_1_856' title='bbox 3229 4645 3286 4692; x_wconf 87' lang='lat' dir='ltr'><strong>et</strong></span> <span class='ocrx_word' id='word_1_857' title='bbox 3316 4637 3495 4691; x_wconf 85' lang='lat' dir='ltr'><strong>abun-</strong></span> 
     </span>
    </p>
   </div>
   <div class='ocr_carea' id='block_1_139' title="bbox 1928 4705 3493 4762">
    <p class='ocr_par' dir='ltr' id='par_1_139' title="bbox 1928 4705 3493 4762">
     <span class='ocr_line' id='line_1_142' title="bbox 1928 4705 3493 4762; baseline 0.003 -4"><span class='ocrx_word' id='word_1_858' title='bbox 1928 4705 2113 4758; x_wconf 89' lang='lat' dir='ltr'><strong>dantia</strong></span> <span class='ocrx_word' id='word_1_859' title='bbox 2190 4708 2484 4758; x_wconf 89' lang='lat' dir='ltr'><strong>verborum</strong></span> <span class='ocrx_word' id='word_1_860' title='bbox 2557 4718 2806 4757; x_wconf 89' lang='lat' dir='ltr'><strong>ineorum</strong></span> <span class='ocrx_word' id='word_1_861' title='bbox 2904 4705 3218 4760; x_wconf 87' lang='lat' dir='ltr'><strong>intellectus</strong></span> <span class='ocrx_word' id='word_1_862' title='bbox 3312 4723 3493 4762; x_wconf 90' lang='lat' dir='ltr'><strong>incus.</strong></span> 
     </span>
    </p>
   </div>
   <div class='ocr_carea' id='block_1_140' title="bbox 1929 4773 3494 4843">
    <p class='ocr_par' dir='ltr' id='par_1_140' title="bbox 1929 4773 3494 4843">
     <span class='ocr_line' id='line_1_143' title="bbox 1929 4773 3494 4843; baseline 0.001 -13"><span class='ocrx_word' id='word_1_863' title='bbox 1929 4775 2274 4842; x_wconf 83' lang='lat' dir='ltr'><strong>Frequenter</strong></span> <span class='ocrx_word' id='word_1_864' title='bbox 2302 4773 2564 4840; x_wconf 87' lang='lat' dir='ltr'><strong>errando,</strong></span> <span class='ocrx_word' id='word_1_865' title='bbox 2614 4783 2670 4828; x_wconf 84' lang='lat' dir='ltr'><strong>et</strong></span> <span class='ocrx_word' id='word_1_866' title='bbox 2703 4775 2969 4843; x_wconf 86' lang='lat' dir='ltr'><strong>plurimas</strong></span> <span class='ocrx_word' id='word_1_867' title='bbox 3005 4779 3301 4831; x_wconf 87' lang='lat' dir='ltr'><strong>verborum</strong></span> <span class='ocrx_word' id='word_1_868' title='bbox 3354 4792 3494 4832; x_wconf 89' lang='lat' dir='ltr'><strong>con-</strong></span> 
     </span>
    </p>
   </div>
   <div class='ocr_carea' id='block_1_141' title="bbox 1926 4849 2270 4899">
    <p class='ocr_par' dir='ltr' id='par_1_141' title="bbox 1926 4849 2270 4899">
     <span class='ocr_line' id='line_1_144' title="bbox 1926 4849 2270 4899; baseline -0.003 0"><span class='ocrx_word' id='word_1_869' title='bbox 1926 4849 2270 4899; x_wconf 77' lang='lat' dir='ltr'><strong>suetudines.</strong></span> 
     </span>
    </p>
   </div>
   <div class='ocr_carea' id='block_1_142' title="bbox 1997 4917 3489 4986">
    <p class='ocr_par' dir='ltr' id='par_1_142' title="bbox 1997 4917 3489 4986">
     <span class='ocr_line' id='line_1_145' title="bbox 1997 4917 3489 4986; baseline 0.001 -17"><span class='ocrx_word' id='word_1_870' title='bbox 1997 4917 2308 4983; x_wconf 86' lang='lat' dir='ltr'><strong>Aliquoties</strong></span> <span class='ocrx_word' id='word_1_871' title='bbox 2350 4930 2521 4984; x_wconf 88' lang='lat' dir='ltr'><strong>usque</strong></span> <span class='ocrx_word' id='word_1_872' title='bbox 2555 4919 2622 4969; x_wconf 87' lang='lat' dir='ltr'><strong>ad</strong></span> <span class='ocrx_word' id='word_1_873' title='bbox 2681 4925 2916 4970; x_wconf 89' lang='lat' dir='ltr'><strong>mortem</strong></span> <span class='ocrx_word' id='word_1_874' title='bbox 2967 4919 3313 4986; x_wconf 88' lang='lat' dir='ltr'><strong>periclitatus</strong></span> <span class='ocrx_word' id='word_1_875' title='bbox 3367 4934 3489 4974; x_wconf 87' lang='lat' dir='ltr'><strong>sum</strong></span> 
     </span>
    </p>
   </div>
   <div class='ocr_carea' id='block_1_143' title="bbox 1930 4988 3248 5057">
    <p class='ocr_par' dir='ltr' id='par_1_143' title="bbox 1930 4988 3248 5057">
     <span class='ocr_line' id='line_1_146' title="bbox 1930 4988 3248 5057; baseline 0.001 -14"><span class='ocrx_word' id='word_1_876' title='bbox 1930 4990 2129 5043; x_wconf 88' lang='lat' dir='ltr'><strong>borum</strong></span> <span class='ocrx_word' id='word_1_877' title='bbox 2155 5003 2342 5052; x_wconf 89' lang='lat' dir='ltr'><strong>causa,</strong></span> <span class='ocrx_word' id='word_1_878' title='bbox 2376 4998 2432 5040; x_wconf 90' lang='lat' dir='ltr'><strong>et</strong></span> <span class='ocrx_word' id='word_1_879' title='bbox 2469 4988 2734 5057; x_wconf 79' lang='lat' dir='ltr'><strong>liberatus</strong></span> <span class='ocrx_word' id='word_1_880' title='bbox 2760 5001 2880 5041; x_wconf 89' lang='lat' dir='ltr'><strong>sum</strong></span> <span class='ocrx_word' id='word_1_881' title='bbox 2913 4989 3084 5057; x_wconf 78' lang='lat' dir='ltr'><strong>gratia</strong></span> <span class='ocrx_word' id='word_1_882' title='bbox 3129 4990 3248 5044; x_wconf 85' lang='lat' dir='ltr'><strong>Dei.</strong></span> 
     </span>
    </p>
   </div>
   <div class='ocr_carea' id='block_1_144' title="bbox 2001 5056 3497 5130">
    <p class='ocr_par' dir='ltr' id='par_1_144' title="bbox 2001 5056 3497 5130">
     <span class='ocr_line' id='line_1_147' title="bbox 2001 5056 3497 5130; baseline 0.003 -21"><span class='ocrx_word' id='word_1_883' title='bbox 2001 5061 2242 5125; x_wconf 61' lang='lat' dir='ltr'><strong>Spiritus</strong></span> <span class='ocrx_word' id='word_1_884' title='bbox 2279 5060 2587 5109; x_wconf 84' lang='lat' dir='ltr'><strong>timentium</strong></span> <span class='ocrx_word' id='word_1_885' title='bbox 2625 5056 2795 5110; x_wconf 87' lang='lat' dir='ltr'><strong>Deum</strong></span> <span class='ocrx_word' id='word_1_886' title='bbox 2826 5056 3112 5129; x_wconf 68' lang='lat' dir='ltr'><strong>quaeritur,</strong></span> <span class='ocrx_word' id='word_1_887' title='bbox 3143 5072 3202 5116; x_wconf 89' lang='lat' dir='ltr'><strong>et</strong></span> <span class='ocrx_word' id='word_1_888' title='bbox 3223 5065 3278 5116; x_wconf 88' lang='lat' dir='ltr'><strong>in</strong></span> <span class='ocrx_word' id='word_1_889' title='bbox 3305 5074 3497 5130; x_wconf 90' lang='lat' dir='ltr'><strong>respe-</strong></span> 
     </span>
    </p>
   </div>
   <div class='ocr_carea' id='block_1_145' title="bbox 1928 5131 2627 5185">
    <p class='ocr_par' dir='ltr' id='par_1_145' title="bbox 1928 5131 2627 5185">
     <span class='ocr_line' id='line_1_148' title="bbox 1928 5131 2627 5185; baseline -0.007 0"><span class='ocrx_word' id='word_1_890' title='bbox 1928 5143 2020 5185; x_wconf 86' lang='lat' dir='ltr'><strong>ctu</strong></span> <span class='ocrx_word' id='word_1_891' title='bbox 2065 5132 2212 5182; x_wconf 89' lang='lat' dir='ltr'><strong>illius</strong></span> <span class='ocrx_word' id='word_1_892' title='bbox 2245 5131 2627 5182; x_wconf 86' lang='lat' dir='ltr'><strong>benedicetur.</strong></span> 
     </span>
    </p>
   </div>
   <div class='ocr_carea' id='block_1_146' title="bbox 2001 5198 3494 5268">
    <p class='ocr_par' dir='ltr' id='par_1_146' title="bbox 2001 5198 3494 5268">
     <span class='ocr_line' id='line_1_149' title="bbox 2001 5198 3494 5268; baseline 0.001 -16"><span class='ocrx_word' id='word_1_893' title='bbox 2001 5202 2138 5267; x_wconf 73' lang='lat' dir='ltr'><strong>Spes</strong></span> <span class='ocrx_word' id='word_1_894' title='bbox 2163 5216 2308 5251; x_wconf 87' lang='lat' dir='ltr'><strong>enim</strong></span> <span class='ocrx_word' id='word_1_895' title='bbox 2365 5200 2585 5251; x_wconf 87' lang='lat' dir='ltr'><strong>illorum</strong></span> <span class='ocrx_word' id='word_1_896' title='bbox 2619 5200 2674 5252; x_wconf 91' lang='lat' dir='ltr'><strong>in</strong></span> <span class='ocrx_word' id='word_1_897' title='bbox 2729 5198 3032 5256; x_wconf 88' lang='lat' dir='ltr'><strong>salvantcm</strong></span> <span class='ocrx_word' id='word_1_898' title='bbox 3073 5202 3218 5268; x_wconf 87' lang='lat' dir='ltr'><strong>illos,</strong></span> <span class='ocrx_word' id='word_1_899' title='bbox 3261 5209 3319 5256; x_wconf 91' lang='lat' dir='ltr'><strong>et</strong></span> <span class='ocrx_word' id='word_1_900' title='bbox 3353 5201 3494 5255; x_wconf 88' lang='lat' dir='ltr'><strong>oculi</strong></span> 
     </span>
    </p>
   </div>
   <div class='ocr_carea' id='block_1_147' title="bbox 1929 5271 2528 5338">
    <p class='ocr_par' dir='ltr' id='par_1_147' title="bbox 1929 5271 2528 5338">
     <span class='ocr_line' id='line_1_150' title="bbox 1929 5271 2528 5338; baseline -0.01 -11"><span class='ocrx_word' id='word_1_901' title='bbox 1929 5273 2024 5327; x_wconf 88' lang='lat' dir='ltr'><strong>Dei</strong></span> <span class='ocrx_word' id='word_1_902' title='bbox 2053 5285 2105 5323; x_wconf 90' lang='lat' dir='ltr'><strong>in</strong></span> <span class='ocrx_word' id='word_1_903' title='bbox 2130 5271 2418 5338; x_wconf 84' lang='lat' dir='ltr'><strong>diligentes</strong></span> <span class='ocrx_word' id='word_1_904' title='bbox 2446 5286 2528 5321; x_wconf 83' lang='lat' dir='ltr'><strong>se.</strong></span> 
     </span>
    </p>
   </div>
   <div class='ocr_carea' id='block_1_148' title="bbox 1997 5341 3496 5413">
    <p class='ocr_par' dir='ltr' id='par_1_148' title="bbox 1997 5341 3496 5413">
     <span class='ocr_line' id='line_1_151' title="bbox 1997 5341 3496 5413; baseline 0.001 -17"><span class='ocrx_word' id='word_1_905' title='bbox 1997 5345 2101 5406; x_wconf 87' lang='lat' dir='ltr'><strong>Qui</strong></span> <span class='ocrx_word' id='word_1_906' title='bbox 2146 5344 2302 5394; x_wconf 91' lang='lat' dir='ltr'><strong>timet</strong></span> <span class='ocrx_word' id='word_1_907' title='bbox 2333 5341 2650 5407; x_wconf 88' lang='lat' dir='ltr'><strong>Dominum,</strong></span> <span class='ocrx_word' id='word_1_908' title='bbox 2708 5341 2848 5396; x_wconf 92' lang='lat' dir='ltr'><strong>nihil</strong></span> <span class='ocrx_word' id='word_1_909' title='bbox 2908 5344 3230 5413; x_wconf 84' lang='lat' dir='ltr'><strong>trepidabit,</strong></span> <span class='ocrx_word' id='word_1_910' title='bbox 3279 5355 3334 5400; x_wconf 84' lang='lat' dir='ltr'><strong>et</strong></span> <span class='ocrx_word' id='word_1_911' title='bbox 3383 5362 3496 5399; x_wconf 88' lang='lat' dir='ltr'><strong>non</strong></span> 
     </span>
    </p>
   </div>
   <div class='ocr_carea' id='block_1_149' title="bbox 1927 5413 3070 5487">
    <p class='ocr_par' dir='ltr' id='par_1_149' title="bbox 1927 5413 3070 5487">
     <span class='ocr_line' id='line_1_152' title="bbox 1927 5413 3070 5487; baseline -0.002 -17"><span class='ocrx_word' id='word_1_912' title='bbox 1927 5417 2152 5487; x_wconf 57' lang='lat' dir='ltr'><strong>pavebit</strong></span> <span class='ocrx_word' id='word_1_913' title='bbox 2181 5423 2198 5464; x_wconf 86' lang='lat'><strong>:</strong></span> <span class='ocrx_word' id='word_1_914' title='bbox 2225 5426 2484 5487; x_wconf 77' lang='lat' dir='ltr'><strong>quoniam</strong></span> <span class='ocrx_word' id='word_1_915' title='bbox 2517 5413 2637 5487; x_wconf 80' lang='lat' dir='ltr'><strong>ipse</strong></span> <span class='ocrx_word' id='word_1_916' title='bbox 2665 5423 2750 5467; x_wconf 84' lang='lat' dir='ltr'><strong>est</strong></span> <span class='ocrx_word' id='word_1_917' title='bbox 2775 5429 2902 5482; x_wconf 84' lang='lat' dir='ltr'><strong>spes</strong></span> <span class='ocrx_word' id='word_1_918' title='bbox 2929 5415 3070 5485; x_wconf 86' lang='lat' dir='ltr'><strong>ejus.</strong></span> 
     </span>
    </p>
   </div>
   <div class='ocr_carea' id='block_1_150' title="bbox 1996 5482 3355 5556">
    <p class='ocr_par' dir='ltr' id='par_1_150' title="bbox 1996 5482 3355 5556">
     <span class='ocr_line' id='line_1_153' title="bbox 1996 5482 3355 5556; baseline 0.001 -18"><span class='ocrx_word' id='word_1_919' title='bbox 1996 5485 2266 5538; x_wconf 81' lang='lat' dir='ltr'><strong>Timentis</strong></span> <span class='ocrx_word' id='word_1_920' title='bbox 2295 5482 2587 5535; x_wconf 87' lang='lat' dir='ltr'><strong>Domitium</strong></span> <span class='ocrx_word' id='word_1_921' title='bbox 2626 5485 2783 5538; x_wconf 86' lang='lat' dir='ltr'><strong>beata</strong></span> <span class='ocrx_word' id='word_1_922' title='bbox 2813 5494 2897 5538; x_wconf 87' lang='lat' dir='ltr'><strong>est</strong></span> <span class='ocrx_word' id='word_1_923' title='bbox 2931 5482 3108 5539; x_wconf 77' lang='lat' dir='ltr'><strong>anima</strong></span> <span class='ocrx_word' id='word_1_924' title='bbox 3144 5486 3288 5556; x_wconf 82' lang='lat' dir='ltr'><strong>ejus.</strong></span> <span class='ocrx_word' id='word_1_925' title='bbox 3353 5487 3355 5489; x_wconf 71' lang='grc'><strong>’</strong></span> 
     </span>
    </p>
   </div>
   <div class='ocr_carea' id='block_1_151' title="bbox 1995 5556 3459 5628">
    <p class='ocr_par' dir='ltr' id='par_1_151' title="bbox 1995 5556 3459 5628">
     <span class='ocr_line' id='line_1_154' title="bbox 1995 5556 3459 5628; baseline 0 -19"><span class='ocrx_word' id='word_1_926' title='bbox 1995 5560 2076 5610; x_wconf 78' lang='lat' dir='ltr'><strong>Ad</strong></span> <span class='ocrx_word' id='word_1_927' title='bbox 2112 5570 2273 5623; x_wconf 84' lang='lat' dir='ltr'><strong>quem</strong></span> <span class='ocrx_word' id='word_1_928' title='bbox 2312 5557 2558 5621; x_wconf 87' lang='lat' dir='ltr'><strong>respicit,</strong></span> <span class='ocrx_word' id='word_1_929' title='bbox 2589 5565 2644 5608; x_wconf 89' lang='lat' dir='ltr'><strong>et</strong></span> <span class='ocrx_word' id='word_1_930' title='bbox 2672 5569 2796 5622; x_wconf 85' lang='lat' dir='ltr'><strong>quis</strong></span> <span class='ocrx_word' id='word_1_931' title='bbox 2815 5565 2900 5608; x_wconf 83' lang='lat' dir='ltr'><strong>est</strong></span> <span class='ocrx_word' id='word_1_932' title='bbox 2925 5556 3194 5610; x_wconf 74' lang='lat' dir='ltr'><strong>fortitudo</strong></span> <span class='ocrx_word' id='word_1_933' title='bbox 3233 5556 3392 5628; x_wconf 81' lang='lat' dir='ltr'><strong>ejus?</strong></span> <span class='ocrx_word' id='word_1_934' title='bbox 3452 5591 3459 5597; x_wconf 92' lang='lat'><em>-</em></span> 
     </span>
    </p>
   </div>
   <div class='ocr_carea' id='block_1_152' title="bbox 1991 5628 3496 5701">
    <p class='ocr_par' dir='ltr' id='par_1_152' title="bbox 1991 5628 3496 5701">
     <span class='ocr_line' id='line_1_155' title="bbox 1991 5628 3496 5701; baseline 0.001 -22"><span class='ocrx_word' id='word_1_935' title='bbox 1991 5630 2150 5701; x_wconf 80' lang='lat' dir='ltr'><strong>Oculi</strong></span> <span class='ocrx_word' id='word_1_936' title='bbox 2213 5628 2424 5701; x_wconf 81' lang='lat' dir='ltr'><strong>Domini</strong></span> <span class='ocrx_word' id='word_1_937' title='bbox 2460 5641 2631 5692; x_wconf 84' lang='lat' dir='ltr'><strong>super</strong></span> <span class='ocrx_word' id='word_1_938' title='bbox 2673 5635 2932 5701; x_wconf 84' lang='lat' dir='ltr'><strong>timentes</strong></span> <span class='ocrx_word' id='word_1_939' title='bbox 2987 5640 3138 5701; x_wconf 81' lang='lat' dir='ltr'><strong>eum,</strong></span> <span class='ocrx_word' id='word_1_940' title='bbox 3212 5638 3496 5701; x_wconf 86' lang='lat' dir='ltr'><strong>protector</strong></span> 
     </span>
    </p>
   </div>
   <div class='ocr_carea' id='block_1_153' title="bbox 1920 5697 3489 5770">
    <p class='ocr_par' dir='ltr' id='par_1_153' title="bbox 1920 5697 3489 5770">
     <span class='ocr_line' id='line_1_156' title="bbox 1920 5697 3489 5770; baseline 0.003 -21"><span class='ocrx_word' id='word_1_941' title='bbox 1920 5700 2202 5770; x_wconf 64' lang='lat' dir='ltr'><strong>potentiae,</strong></span> <span class='ocrx_word' id='word_1_942' title='bbox 2232 5699 2638 5770; x_wconf 78' lang='lat' dir='ltr'><strong>lirmamentuiu</strong></span> <span class='ocrx_word' id='word_1_943' title='bbox 2664 5698 2902 5764; x_wconf 81' lang='lat' dir='ltr'><strong>\irtutis,</strong></span> <span class='ocrx_word' id='word_1_944' title='bbox 2922 5697 3163 5766; x_wconf 75' lang='lat' dir='ltr'><strong>tegimen</strong></span> <span class='ocrx_word' id='word_1_945' title='bbox 3179 5697 3412 5770; x_wconf 65' lang='lat' dir='ltr'><strong>ardoris,</strong></span> <span class='ocrx_word' id='word_1_946' title='bbox 3432 5711 3489 5760; x_wconf 84' lang='lat' dir='ltr'><strong>et</strong></span> 
     </span>
    </p>
   </div>
   <div class='ocr_carea' id='block_1_154' title="bbox 1921 5765 2640 5830">
    <p class='ocr_par' dir='ltr' id='par_1_154' title="bbox 1921 5765 2640 5830">
     <span class='ocr_line' id='line_1_157' title="bbox 1921 5765 2640 5830; baseline -0.008 -4"><span class='ocrx_word' id='word_1_947' title='bbox 1921 5765 2299 5827; x_wconf 73' lang='lat' dir='ltr'><strong>umbraculum</strong></span> <span class='ocrx_word' id='word_1_948' title='bbox 2331 5765 2640 5830; x_wconf 83' lang='lat' dir='ltr'><strong>nteiidiaiii,</strong></span> 
     </span>
    </p>
   </div>
  </div>
