3840 6176
216 294 308 360 τίει

221 404 305 462 sed
331 410 415 459 est
436 402 650 458 amicus
679 401 800 458 solo
828 401 1055 459 nomine
1077 402 1315 459 amicus.
1342 405 1539 464 Nonne
1563 410 1789 465 tristitia
1820 416 1868 472 Α

223 479 352 532 inest
372 488 547 541 usque
575 473 641 526 ad
668 487 902 529 mortem
926 474 948 526 ?

284 546 501 599 Sodalis
554 556 738 598 autem
772 553 824 599 et
880 544 1094 600 amicus
1148 546 1215 600 ad
1264 548 1613 604 inimicitiam
1658 566 1791 606 con-

221 625 517 671 vertentur.

278 684 321 739 Ο
358 685 716 754 praesumptio
749 685 1123 755 nequissima!
1155 686 1302 741 unde
1334 699 1515 742 creata
1583 705 1645 744 es
1691 706 1791 746 co-

221 755 666 827 operireiaridam
704 757 909 810 malitia
942 766 997 809 et
1014 756 1303 811 dolositate
1332 760 1480 812 illius
1511 761 1535 813 ?

281 826 495 878 Sodalis
532 826 709 879 aulico
740 827 1182 896 conjucuudatur
1217 828 1269 880 in
1307 829 1788 897 obleCIatiOnibus,

220 906 265 951 et
291 898 345 948 in
381 906 628 963 tempore
659 897 1033 950 tribulationis
1062 898 1416 952 adversarius
1441 909 1549 953 est.

282 966 503 1019 Soilalis
535 967 713 1020 amico
742 968 1001 1020 cnndolet
1036 982 1200 1021 causa
1238 969 1464 1033 ventris,
1496 979 1552 1023 et
1595 980 1789 1026 contra

217 1036 419 1090 hostem
462 1038 703 1104 accipiet
733 1046 975 1090 scutum.

284 1106 398 1159 Non
431 1106 779 1161 obliviscaris
810 1108 971 1162 amici
1005 1108 1083 1161 tui
1117 1109 1168 1162 in
1203 1109 1390 1163 animo
1418 1117 1535 1175 tuo,
1590 1120 1645 1165 et
1680 1128 1789 1167 non

206 1178 496 1247 immemor
534 1179 610 1229 sis
648 1178 794 1231 illius
824 1180 877 1231 in
904 1180 1104 1247 opibus
1137 1179 1268 1231 tuis.

284 1246 704 1317 Noliconsiliari
738 1264 860 1302 cum
909 1246 997 1312 eo,
1026 1250 1116 1317 qui
1187 1249 1282 1304 tibi
1316 1250 1630 1317 insidiatur,
1666 1263 1720 1307 et
1760 1269 1789 1306 a

220 1316 514 1370 zelantibus
555 1326 606 1369 te
636 1318 915 1372 absconde
948 1316 1268 1373 consilium.

279 1384 467 1458 omnis
510 1386 863 1443 consiliarius
918 1389 1099 1456 prodit
1149 1390 1464 1458 consilium,

216 1456 556 1511 consiliarius
589 1460 643 1511 in
672 1461 997 1528 semetipso.

278 1528 316 1579 Α
347 1528 671 1600 consiliario
724 1544 876 1582 serva
912 1531 1152 1584 animam
1203 1540 1346 1585 tuam
1383 1547 1400 1591 :
1434 1533 1591 1600 prius
1651 1533 1791 1586 scito

219 1613 324 1679 qua;
351 1598 601 1719 sigillius
634 1600 939 1654 necessitas
973 1612 1069 1656 :et
1102 1602 1219 1671 ipse
1268 1598 1654 1656 eniin‘animo
1685 1619 1788 1658 suo

219 1676 378 1719 comta
429 1677 470 1719 ιι
504 1687 518 1719 :

218 1668 470 1722 conitabit
504 1687 518 1722 :

270 1738 341 1817 ξε
400 1738 548 1793 forte
588 1739 769 1817 mittat
797 1739 989 1795 suderr
1037 1741 1091 1794 in
1127 1750 1365 1817 terram,_
1384 1751 1438 1797 et
1468 1739 1616 1817 dic'at
1648 1745 1787 1801 tibi:
1825 1761 1866 1817 [ι

287 1807 430 1884 βοτη
466 1819 551 1884 est
580 1812 665 1864 via
697 1820 787 1865 tua
822 1827 837 1863 :
869 1821 922 1865 et
951 1820 1061 1868 stet
1090 1814 1407 1867 econtrario
1438 1814 1628 1868 videre
1650 1817 1783 1884 quid

220 1878 302 1931 tibi
329 1879 573 1933 eveniat.

276 1947 406 2021 Cum
443 1951 563 2021 viro
604 1951 916 2021 irreligioso
949 1961 1117 2007 tracta
1139 1953 1206 2008 de
1238 1954 1550 2018 sanctitate,
1581 1964 1635 2007 et
1658 1971 1781 2010 cttm

218 2019 420 2093 iniusto
486 2020 554 2074 de
618 2019 852 2089 iustitia,
918 2034 976 2078 et
1032 2039 1155 2077 cum
1189 2025 1420 2078 muliere
1446 2025 1512 2077 de
1542 2042 1629 2087 ea,
1657 2042 1780 2093 quae

216 2090 499 2143 simulatur
528 2107 543 2145 :
580 2108 703 2146 cum
736 2094 927 2148 timido
956 2096 1023 2149 de
1054 2094 1199 2147 bello
1237 2113 1250 2148 :
1285 2110 1408 2148 cum
1444 2090 1784 2160 negotiatore

219 2160 651 2235 detrajectione,
680 2180 806 2218 cum
839 2173 1090 2235 emptore
1141 2166 1210 2218 de
1271 2165 1614 2230 venditione,
1658 2183 1783 2221 cum

216 2230 324 2304 viro
352 2230 530 2304 livido
562 2232 631 2304 de
671 2237 866 2303 gratiis
904 2230 1131 2304 agendis
1165 2250 1180 2290 :
1446 2292 1451 2299 ,

286 2298 421 2353 Cum
457 2301 628 2370 impio
651 2298 717 2358 d'e
745 2298 995 2374 pietate":
1021 2321 1143 2361 cum
1182 2298 1477 2359 inhonesto
1509 2305 1577 2360 de
1610 2307 1785 2363 hone-

217 2379 343 2447 state.
376 2386 393 2423 :
441 2386 570 2424 cum
602 2378 854 2443 operario
884 2377 1102 2447 agrario
1132 2375 1199 2430 de
1225 2378 1373 2429 omni
1410 2393 1575 2443 opere
1606 2394 1621 2435 :

282 2438 416 2493 Cum
460 2438 715 2511 operario
748 2438 968 2499 annuali
1004 2449 1067 2500 de
1099 2438 1575 2501 cmisummatione
1602 2450 1733 2503 anni
1765 2465 1779 2501 :

212 2524 528 2584 cumservo
557 2516 710 2583 pigro
750 2517 819 2570 de
851 2518 1022 2570 multa
1060 2517 1378 2584 operatione
1415 2533 1429 2571 :
1462 2532 1570 2570 non
1599 2530 1780 2573 atten-

215 2580 304 2632 das
330 2582 423 2634 his
456 2583 511 2634 in
545 2580 698 2638 omni
731 2588 983 2641 consilio.

280 2651 385 2703 Sed
411 2667 540 2731 eum
574 2656 692 2731 viro
724 2666 917 2711 sancto
947 2657 1202 2711 assiduus
1230 2667 1372 2731 esto,
1393 2673 1782 2731 quemcunque

210 2725 538 2785 cognoveris
569 2727 952 2781 observantem
978 2730 1229 2781 timorem
1260 2728 1378 2781 Dei.

278 2792 452 2861 Cujus
485 2798 666 2848 anima
710 2809 794 2851 est
847 2801 1149 2851 secundum
1210 2801 1449 2852 animam
1484 2809 1632 2852 tuam
1679 2810 1783 2856 :et

212 2862 320 2932 qui,
359 2879 491 2917 cum
528 2868 854 2921 titubaveris
892 2869 947 2920 in
996 2870 1264 2932 tenebris,
1313 2870 1633 2923 condolebit
1659 2872 1780 2924 tibi.

287 2930 395 3011 flor
416 2935 569 3011 boni
589 2938 815 3011 consilii
838 2947 1017 3011 statue
1052 2943 1229 3011 tecum
1254 2930 1269 2992 ὲ
1296 2955 1403 2992 nou
1436 2950 1519 2994 est
1550 2937 1648 3011 [aL
1674 2950 1783 2996 tac.

208 3002 312 3073 est]
339 3006 495 3057 enim
537 3008 634 3061 tibi
670 3008 817 3061 aliud
851 3010 1021 3077 pluris
1056 3010 1169 3061 illo.

278 3077 487 3127 Anima
505 3078 606 3131 viri
640 3081 1082 3132 sanctienuntiat
1106 3078 1403 3150 aliquando
1436 3095 1583 3146 vera,
1616 3096 1778 3150 quam

208 3154 414 3218 septem
479 3151 972 3218 circumspectores
1020 3149 1280 3204 sedentes
1335 3154 1388 3204 in
1450 3149 1671 3205 excelso
1716 3152 1782 3205 ad

209 3217 635 3281 speculandum.

238 3353 247 3361 ι
282 3283 350 3368 Et
380 3287 437 3368 in
480 3288 567 3341 his
587 3288 851 3368 omnibus
878 3288 1181 3360 deprecare
1211 3288 1589 3355 Altissimum,
1622 3301 1685 3345 ut
1706 3292 1796 3347 die

207 3366 341 3422 rigat
381 3361 438 3409 in
485 3361 714 3413 veritate
748 3361 888 3413 viam
927 3371 1099 3415 tuam.

284 3428 429 3482 Ante
470 3430 657 3483 omnia
690 3446 856 3498 opera
891 3436 1120 3485 verbum
1150 3448 1315 3488 verax
1372 3433 1651 3501 praecedat
1720 3441 1792 3497 te,

1544 1393 1639 1448 sed
1705 1401 1793 1447 est

1812 3118 1858 3181 C

206 3506 261 3550 et
284 3508 417 3552 ante
444 3514 675 3553 omnem
704 3509 886 3553 actum
916 3502 1207 3557 consilium
1236 3505 1460 3560 stabile.

289 3592 822 3667 \‘crbunrnequam
850 3594 1169 3649 immutabit
1192 3611 1291 3650 cor
1328 3614 1342 3652 :
1375 3612 1444 3652 ex
1474 3613 1586 3667 quo
1612 3606 1795 3667 partes

204 3672 448 3728 quatuor
477 3664 777 3724 oriuntur,
810 3664 1014 3718 bonum
1043 3673 1098 3718 et
1134 3666 1357 3727 malum.
1392 3664 1504 3722 vita
1525 3678 1582 3722 et
1613 3664 1793 3722 mors:

200 3740 257 3783 et
287 3734 642 3806 dominatrix
690 3734 907 3787 illorum
934 3744 1022 3788 est
1042 3738 1261 3789 assidua
1304 3739 1511 3806 lingua.
1577 3738 1675 3792 Est
1708 3738 1793 3790 vir

198 3812 424 3859 astutus
462 3803 764 3857 multorum
795 3806 1065 3871 eruditur,
1099 3815 1154 3860 et
1188 3803 1526 3864 animai'sua:
1571 3808 1792 3863 inutilis

198 3884 302 3926 εει.

238 4037 248 4045 _
274 3966 371 4019 Vir
392 3969 621 4038 peritus
652 3968 850 4024 multos
878 3968 1145 4036 erudivit,
1174 3977 1230 4024 et
1273 3969 1472 4024 anima:
1507 3985 1622 4025 sum
1658 3984 1793 4025 sua.

200 4049 279 4091 ηε
309 4050 426 4093 est.

270 4130 388 4205 Qui
421 4132 741 4200 sophistice
792 4132 1060 4205 loquitur,
1110 4131 1336 4187 odibilis
1385 4141 1472 4187 est
1508 4148 1522 4187 :
1558 4132 1613 4187 in
1645 4131 1797 4186 omni

196 4212 256 4250 re
286 4202 749 4257 defraudabitur.

273 4269 407 4346 Non
438 4276 646 4346 estilli
680 4281 805 4329 data
849 4291 878 4327 a
904 4274 1136 4329 Domino
1184 4274 1360 4346 gratia
1404 4288 1419 4328 :

194 4342 489 4405 sapientia
522 4344 888 4399 defraudatus
910 4357 1019 4401 est.

266 4410 375 4485 Est
389 4415 637 4485 sapiens
664 4417 860 4470 animae
885 4431 997 4471 suae
1056 4416 1279 4485 sapiens
1312 4434 1325 4471 :
1355 4424 1411 4471 et
1439 4414 1651 4470 fructus
1672 4425 1798 4467 sen-

186 4494 283 4533 sus
317 4482 485 4536 illius
515 4485 835 4540 laudabilis.

279 4551 381 4605 Vir
400 4555 650 4624 sapiens
681 4559 895 4624 plebem
924 4570 1078 4611 suam
1110 4554 1314 4622 erudit,
1341 4565 1397 4612 et
1426 4555 1638 4611 fructus
1662 4573 1793 4614 sen-

180 4635 280 4675 sus
324 4623 493 4677 Illius
521 4623 708 4679 ﬁdeles
744 4636 894 4682 sunt.

265 4691 366 4745 Vir
402 4698 638 4761 sapiens
670 4697 990 4766 implebitur
1047 4697 1553 4764 benedictionibus,
1601 4707 1658 4754 et
1711 4699 1793 4753 vi-

180 4760 383 4816 dentes
410 4760 583 4816 illium
618 4760 944 4824 laudabunt.

261 4834 390 4887 Vita
428 4834 545 4887 vrri
574 4838 629 4887 in
670 4854 901 4895 numero
927 4841 1145 4898 dierum
1182 4861 1196 4898 :
1243 4843 1363 4897 dies
1395 4850 1577 4895 autem
1617 4839 1789 4896 Israel

178 4903 495 4959 innumera
508 4905 648 4960 biles
684 4920 835 4963 sunt.

252 4976 517 5051 Sapiens
549 4980 834 5051 iltpupulo
859 4984 1212 5040 hereditabit
1240 4986 1532 5047 honorem,
1559 4990 1643 5051 iet
1691 4996 1787 5034 no-

175 5060 305 5098 men
345 5048 525 5100 illius
548 5050 650 5099 erit
678 5053 871 5109 vivens
904 5056 957 5107 iu
985 5066 1279 5111 aeternum.

252 5116 389 5180 Fili,
457 5120 523 5169 in
587 5124 700 5171 vita
740 5130 831 5175 tua
896 5134 1043 5178 tenta
1086 5128 1323 5179 animum
1382 5135 1585 5177 tuam:
1646 5131 1704 5177 et
1741 5122 1786 5177 si

172 5185 354 5264 fuerit
381 5202 665 5255 nequam,
689 5206 797 5264 non
840 5194 937 5248 des
973 5196 1052 5248 illi
1094 5206 1421 5264 potestatem
1460 5209 1477 5249 :

245 5259 378 5335 Non
423 5273 591 5335 enun
633 5262 821 5316 omnia
885 5259 1145 5319 omnibus
1199 5266 1527 5335 expediunt,
1589 5272 1782 5317 etnon

170 5330 323 5404 omni
357 5330 593 5404 anima:
625 5347 789 5384 omne
819 5350 992 5401 genus
1025 5337 1222 5404 placet.

256 5400 389 5453 Noli
423 5398 641 5455 avrdus
667 5418 789 5456 esse
824 5398 879 5459 in
906 5398 1056 5460 omni
1086 5406 1422 5477 epulatione,
1455 5413 1512 5460 et
1569 5417 1682 5457 non
1734 5413 1786 5457 te

165 5472 441 5545 εὕροιμι
460 5484 650 5545 super
679 5490 897 5529 onmem
930 5472 1138 5532 escam.

243 5540 307 5593 In
341 5542 568 5592 multis
592 5544 737 5596 enim
768 5552 909 5601 escis
940 5554 1047 5601 erit
1087 5545 1404 5611 infirmitas,
1457 5555 1515 5601 et
1549 5547 1784 5603 aviditas

162 5615 673 5681 appropinquahit
708 5630 879 5685 usque
908 5620 975 5671 ad
1010 5619 1313 5673 choleram.

244 5685 518 5763 Rropter
560 5689 840 5763 crapulam
880 5691 1033 5743 multi
1079 5691 1340 5744 obierunt
1376 5706 1390 5745 :
1450 5691 1547 5763 qui
1596 5702 1782 5747 autem

161 5755 480 5812 abstinens
514 5761 631 5815 eat.
660 5757 879 5826 abjiciet
912 5764 1104 5816 vitam.

1464 4274 1611 4328 omni
1638 4273 1788 4326 enim

1408 294 1644 355 LIBER
1690 294 2282 360 ECCLESIASTICI.

3370 295 3481 363 ‘83

2404 416 2633 474 CAPUT
2665 400 2954 476 xxxvml
3548 404 3553 414 ’

1981 509 2199 564 llonora
2230 509 2502 565 medicum
2534 522 2763 580 propter
2797 513 3183 569 necessitatem
3217 531 3230 568 :
3262 515 3467 571 etenim

1897 579 2051 633 illum
2081 582 2292 635 creavit
2326 579 2667 637 Altissimus.

1967 651 2009 702 A
2038 651 2150 725 Deo
2175 660 2257 725 est
2287 653 2434 706 enim
2479 653 2661 707 omnis
2692 652 2927 718 medela,
2985 664 3038 708 et
3073 670 3101 708 a
3141 671 3268 725 rege
3329 658 3474 712 accio

1895 720 2010 789 piet
2070 722 2447 776 donationem.

1986 792 2284 861 Disciplina
2318 792 2519 846 medici
2579 793 2843 851 exaltabit
2892 803 3054 860 caput
3104 795 3272 859 illius,
3331 799 3468 854 etin

1894 873 2190 924 conspectu
2227 871 2608 932 magnatorum
2638 863 3061 919 collaudabitur.

1968 934 2284 987 Altissimus
2321 935 2528 988 creavit
2565 934 2632 988 de
2670 944 2813 988 terra
2848 935 3272 999 medicamenta,
3304 946 3359 992 et
3388 939 3472 993 vir

1895 1003 2141 1073 prudens
2164 1019 2274 1057 non
2312 1004 2631 1060 abhorrebit
2671 1005 2783 1059 illa.

1971 1073 2165 1144 Nonne
2202 1075 2399 1144 aligno
2430 1074 2705 1128 induleata
2740 1083 2821 1128 est
2854 1089 2993 1142 aqua
3027 1078 3261 1132 amara?

1972 1142 2051 1197 Ad
2078 1142 2415 1214 agnitionem
2448 1144 2547 1217 [αι.
2578 1144 2951 1217 agnationem]
2986 1146 3266 1202 hominum
3294 1151 3472 1204 virtus

1896 1212 2139 1284 illorum,
2175 1225 2229 1268 et
2261 1216 2412 1269 dedit
2449 1212 2770 1269 hominibus
2806 1212 3090 1269 scientiam
3127 1218 3470 1284 Altissimus,

1896 1283 2160 1338 honorari
2187 1285 2240 1339 in
2276 1287 2628 1339 mirabilibus
2664 1287 2797 1340 suis.

1966 1355 2023 1427 in
2053 1355 2139 1427 his
2161 1372 2362 1409 curans
2390 1357 2659 1425 mitigabit
2692 1358 2961 1417 dolorem.
2987 1366 3043 1411 et
3071 1360 3471 1427 unguentarius

1894 1423 2057 1478 faciet
2091 1425 2364 1493 pigmenta
2402 1423 2712 1489 suavitatis,
2776 1436 2832 1479 et
2890 1423 3183 1482 unctiones
3211 1432 3470 1485 conficiet

1894 1496 2255 1568 sanitatis,“
2295 1513 2403 1551 non
2434 1496 2972 1568 consunimabuntur
3002 1512 3167 1566 opera
3205 1500 3328 1568 ejus
3362 1516 3376 1552 :

1974 1566 2080 1635 Pax
2110 1566 2253 1618 enim
2285 1568 2375 1621 Dei
2411 1583 2578 1635 super
2611 1566 2809 1619 faciem
2849 1577 3028 1621 terrae.

1967 1634 2093 1707 Fili,
2124 1635 2180 1707 in
2214 1645 2305 1689 tua
2337 1634 2662 1690 inﬁrmitate
2718 1652 2787 1690 ne
2818 1636 3095 1704 despicias
3148 1646 3201 1692 te
3262 1638 3469 1707 ipsum,

1894 1706 1990 1759 sed
2023 1721 2119 1757 ora
2154 1706 2468 1770 Dominum,
2492 1717 2546 1760 et
2574 1707 2692 1776 ipse
2719 1708 2937 1760 curabit
2971 1716 3045 1760 te.

1974 1776 2174 1828 Averte
2203 1792 2231 1828 a
2270 1776 2495 1839 delicto,
2544 1775 2806 1841 et’dirige
2861 1792 3076 1843 manus,
3110 1787 3163 1831 et
3210 1777 3280 1834 ab
3318 1780 3469 1834 omni

1898 1845 2101 1899 delicto
2129 1847 2331 1899 munda
2365 1862 2460 1901 cor
2493 1855 2674 1901 tuum.

1977 1915 2415 1990 Da_sua_vitatem
2449 1916 2860 1990 etineinoriam
2888 1916 3240 1990 similaginis,
3271 1918 3472 1990 impiu-

1893 2001 1995 2056 gua
2023 1986 2379 2047 oblationem,
2414 1996 2470 2038 et
2503 1986 2569 2039 da
2608 1987 2787 2039 loeum
2829 1986 3067 2040 medico.

1975 2056 2187 2109 Etenim
2221 2056 2367 2109 illam
2403 2056 2666 2109 Dominus
2692 2057 2901 2109 creavit
2936 2075 2948 2109 :
2985 2066 3041 2109 et
3075 2073 3183 2112 non
3219 2059 3474 2114 discedat

1894 2142 1924 2180 a
1959 2126 2183 2192 te.,quia
2214 2142 2380 2194 opera
2408 2127 2529 2195 ejus
2561 2136 2691 2180 sunt
2721 2126 3056 2182 necessaria.

1973 2197 2071 2250 Est
2104 2195 2253 2250 enim
2290 2206 2527 2266 tempus,
2560 2195 2782 2265 quando
2812 2198 2863 2249 iu
2900 2212 3094 2251 manus
3130 2197 3351 2253 illorum
3383 2199 3468 2253 iu-

1893 2281 2113 2321 curras.

1975 2336 2080 2405 Ipsi
2118 2352 2250 2391 vero
2287 2338 2580 2393 Dominum
2613 2338 3085 2408 deprecabuntur,
3142 2348 3202 2393 ut
3269 2338 3476 2408 dirigat

1894 2408 2137 2478 requiem
2166 2423 2379 2472 eorum,
2407 2418 2463 2463 et
2506 2412 2799 2464 sanitatem
2833 2419 3061 2478 propter
3095 2412 3473 2464 conversatio-

1892 2493 2018 2533 nem
2051 2477 2297 2533 illorum.

1971 2548 2073 2613 Qui
2107 2548 2373 2619 delinquit
2406 2549 2461 2604 in
2495 2559 2799 2619 conspectu
2849 2548 2991 2618 ejus,
3029 2547 3124 2618 qui
3157 2549 3290 2604 fecit
3321 2564 3470 2611 eum.

1891 2619 2095 2673 incidet
2116 2617 2169 2670 in
2202 2634 2395 2674 manus
2422 2622 2645 2675 medici.

1964 2688 2089 2751 Fili,
2120 2688 2180 2759 iu
2214 2700 2493 2759 mortuum
2526 2690 2740 2759 produc
2766 2690 3060 2759 lacrymas.
3084 2697 3139 2742 et
3171 2689 3327 2756 quasi
3354 2690 3471 2744 dira

1891 2773 2086 2828 passus
2116 2757 2301 2824 incipe
2333 2757 2570 2826 plorare,
2607 2771 2663 2813 et
2703 2757 3009 2815 secundum
3035 2760 3304 2828 judicium
3335 2775 3469 2813 con-

1895 2840 2012 2897 tege
2048 2842 2252 2895 corpus
2280 2828 2450 2893 illius,
2518 2840 2573 2884 et
2625 2845 2735 2883 non
2801 2828 3080 2897 despicias
3124 2829 3469 2897 sepulturam

1892 2899 2058 2953 illius.

1969 2990 2194 3058 Propter
2218 2990 2525 3045 delaturam
2554 3000 2733 3044 autem
2760 3005 2946 3043 amare
2976 2988 3058 3043 fer
3086 2988 3298 3043 luctum
3324 2989 3473 3045 illius

1896 3075 2009 3129 uno
2043 3062 2153 3122 die.
2188 3070 2242 3116 et
2274 3063 2560 3115 consolare
2604 3070 2831 3129 pr0pter
2860 3060 3160 3113 tristitiam.

1973 3128 2039 3183 Et
2069 3131 2154 3185 fac
2181 3135 2390 3185 luctum
2418 3128 2723 3185 secundum
2760 3130 3017 3183 meritum
3049 3130 3170 3196 ejus
3203 3144 3312 3184 uno
3350 3129 3463 3197 die,

1899 3201 1980 3253 vel
2001 3202 2218 3256 duobus
2239 3210 2460 3270 propter
2493 3202 2912 3254 detractionem.

1979 3273 2023 3323 Α
2056 3268 2277 3326 tristitia
2303 3268 2449 3325 enim
2486 3271 2710 3324 festinat
2736 3287 2905 3333 mors,
2936 3278 2991 3323 et
3016 3268 3265 3339 cooperit
3292 3269 3474 3325 virtu-

1900 3349 2032 3401 tem.
2065 3352 2121 3397 et
2155 3342 2376 3395 tristitia
2408 3340 2593 3394 cordis
2624 3340 2796 3395 flectit
2825 3341 3118 3395 cervicem.

1978 3410 2037 3464 In
2065 3412 2398 3466 abductione
2436 3422 2723 3480 permanet
2752 3411 2977 3465 tristitia
3014 3426 3030 3465 :
3078 3420 3134 3464 et
3167 3410 3473 3465 substantia

1900 3479 2081 3548 in0pis
2110 3484 2414 3536 secundum
2440 3479 2540 3535 cor
2564 3481 2707 3548 eius.

1973 3552 2053 3604 Ne
2074 3552 2292 3606 dederis
2323 3552 2378 3604 in
2410 3551 2627 3605 tristitia
2662 3566 2756 3604 cor
2783 3559 2962 3615 tuum,
2994 3549 3090 3604 sed
3127 3550 3328 3620 repelle
3351 3566 3471 3605 eam

1899 3635 1929 3673 a
1964 3631 2015 3674 te
2039 3631 2094 3675 et
2131 3631 2409 3675 memento
2437 3621 2887 3675 navissimorum.

1982 3690 2103 3744 Noli
2134 3692 2387 3744 oblivisci
2432 3707 2447 3745 :
2503 3706 2682 3759 neque
2740 3692 2886 3743 enim
2946 3699 3032 3743 est
3067 3690 3380 3757 conversio,
3415 3704 3474 3747 et

1901 3759 2029 3813 huic
2065 3761 2201 3814 nihil
2234 3760 2508 3829 proderis.
2536 3772 2589 3814 et
2620 3771 2669 3813 tc
2698 3759 2875 3827 ipsum
2908 3760 3257 3827 pessimabis.

1970 3830 2177 3884 Memor
2208 3840 2327 3883 esto
2357 3830 2554 3898 judicii
2590 3830 2694 3883 mei
2727 3844 2744 3887 :
2778 3833 2857 3884 sic
2885 3831 3031 3882 enim
3060 3832 3166 3882 erit
3188 3839 3244 3883 et
3268 3838 3421 3884 tuum
3456 3848 3472 3885 :

1901 3900 2035 3953 mihi
2078 3900 2218 3962 lteri,
2251 3910 2307 3953 et
2337 3899 2432 3951 tibi
2467 3900 2658 3953 hodie.

1973 3969 2031 4023 In
2060 3972 2249 4039 requie
2269 3970 2468 4042 mortui
2501 3968 2955 4042 requfescerefac
2983 3969 3303 4024 memoriam
3330 3970 3471 4042 ejus,

1899 4049 1955 4094 et
1987 4045 2277 4095 consolare
2318 4040 2470 4093 illutn
2506 4040 2559 4093 in
2600 4040 2747 4094 exitu
2779 4040 3012 4109 spiritus
3056 4042 3164 4093 sui.

1986 4111 2265 4179 Sapientia
2292 4112 2486 4164 serihze
2513 4111 2568 4163 in
2602 4122 2849 4180 tempore
2898 4110 3191 4164 vacuitatis
3227 4126 3242 4165 :
3285 4118 3344 4165 et
3374 4111 3471 4180 qui

1902 4182 2212 4235 miuoratur
2240 4192 2388 4245 actu,
2429 4184 2752 4249 sapientiam
2782 4181 3051 4250 percipiet
3082 4198 3094 4234 :
3120 4196 3228 4250 qua
3256 4180 3476 4250 sapien-

1906 4256 1977 4305 tia
2009 4252 2313 4319 replebitur

1975 4318 2079 4387 Qui
2123 4331 2275 4375 tenet
2302 4331 2574 4385 aratrum,
2611 4331 2668 4376 et
2706 4321 2799 4390 qui
2823 4319 3091 4391 gloriatur
3145 4319 3199 4374 in
3259 4318 3473 4389 jaculo,

1903 4391 2127 4446 stimulo
2164 4393 2331 4445 boves
2362 4394 2552 4462 agitat,
2592 4403 2649 4447 et
2682 4401 3045 4447 conversatur
3107 4391 3160 4443 in
3210 4393 3477 4460 operibus

1830 4470 1873 4525 ι)
1905 4476 2121 4526 eorum,
2146 4471 2203 4515 et
2238 4466 2518 4516 enarratio
2542 4466 2659 4531 ejus
2692 4464 2747 4515 in
2791 4462 2920 4515 ﬁliis
2955 4472 3259 4516 taurorum.

1978 4534 2087 4587 Cor
2120 4546 2280 4586 suum
2311 4532 2463 4586 dabit
2492 4534 2560 4587 ad
2595 4532 2893 4588 versandus
2926 4532 3133 4593 sulcos.
3171 4540 3227 4585 et
3288 4531 3474 4603 vigilia

1896 4602 2016 4672 ejus
2048 4602 2101 4655 in
2129 4604 2317 4672 sagina
2346 4618 2658 4659 vaccarum.

1974 4674 2066 4728 Sic
2097 4670 2277 4727 omnis
2304 4673 2460 4727 faber
2498 4684 2555 4728 ct
2581 4672 2945 4738 architectus,
2974 4670 3066 4739 qui
3103 4679 3320 4725 noctem
3358 4681 3480 4727 tan-

1895 4758 2058 4812 quam
2087 4744 2231 4798 diem
2268 4745 2547 4813 transigit,
2602 4748 2697 4813 qui
2741 4744 2941 4811 sculpit
2992 4744 3273 4810 signacula
3329 4744 3479 4797 scol-

1896 4814 2075 4882 ptilia,
2095 4815 2474 4868 etassiduitas
2499 4816 2617 4885 ejus
2648 4813 2819 4867 variat
2843 4818 3162 4885 picturam:
3194 4828 3290 4867 cor
3315 4829 3477 4867 suum

1895 4885 2047 4938 dabit
2087 4886 2140 4937 in
2171 4882 2594 4938 similitudinem
2627 4887 2886 4954 pictum,
2915 4894 2971 4936 et
3001 4882 3191 4951 vigilia
3224 4900 3320 4937 sua
3355 4900 3480 4953 per-

1895 4955 2042 5010 ﬁciet
2074 4971 2235 5022 opus.

1972 5046 2063 5102 Sic
2086 5049 2238 5103 faber
2266 5046 2532 5103 ferrarius
2558 5047 2759 5103 sedens
2777 5047 2932 5118 juxta
2955 5046 3233 5111 incudem,
3264 5053 3320 5099 et
3346 5061 3482 5100 con-

1898 5119 2150 5175 siderans
2180 5134 2319 5189 opus
2358 5120 2518 5172 ferri.
2560 5118 2744 5187 Vapor
2772 5121 2912 5188 ignis
2941 5130 3061 5173 uret
3112 5130 3307 5171 carnes
3333 5118 3474 5184 ejus,

1892 5202 1946 5244 et
1966 5191 2034 5264 iu
2063 5190 2247 5264 calore
2274 5190 2516 5264 fornacis
2546 5202 2900 5264 conoertatur
2932 5207 2947 5243 :
3351 5254 3363 5264 _
3432 5254 3443 5264 .

1965 5260 2078 5314 Vox
2111 5261 2291 5313 mallei
2331 5263 2557 5313 innovat
2603 5275 2793 5313 aurem
2841 5262 2981 5331 ejus,
3004 5270 3059 5314 et
3092 5266 3282 5313 contra
3319 5254 3476 5309 simi-

1890 5330 2178 5385 litudinem
2216 5333 2363 5384 vasis
2393 5334 2589 5384 oculos
2631 5336 2771 5397 ejus.

1961 5403 2072 5456 Cor
2110 5416 2271 5455 suum
2303 5403 2452 5454 dabit
2478 5417 2535 5454 tn
2567 5404 3101 5456 consummationem
3134 5408 3390 5466 operum,
3417 5405 3474 5449 et

1890 5475 2076 5544 vigilia
2105 5486 2209 5544 sua
2230 5474 2450 5525 ornabit
2489 5474 2542 5524 in
2588 5470 3003 5540 perfectionem.

1964 5546 2054 5598 Sic
2088 5543 2284 5611 ﬁgulus
2319 5544 2518 5595 sedens
2545 5548 2611 5595 ad
2644 5558 2784 5609 opus
2818 5557 2999 5606 suum,
3026 5548 3356 5595 convertens
3383 5552 3475 5606 pc-

1891 5615 2053 5670 dibus
2083 5620 2198 5666 suis
2232 5624 2428 5673 rotam.
2489 5615 2581 5681 qui
2612 5615 2664 5665 in
2692 5614 3060 5666 sollicitudine
3116 5616 3325 5679 positus
3390 5618 3477 5661 est

1889 5700 2108 5755 semper
2130 5692 2358 5753 propter
2390 5699 2527 5751 opus
2563 5696 2751 5746 suum,
2800 5693 2861 5738 et
2892 5685 2942 5736 in
2977 5696 3211 5736 numero
3239 5689 3324 5735 est
3353 5694 3472 5734 oni-

1890 5760 1978 5812 nis
2008 5756 2255 5826 operatio
2288 5755 2428 5821 ejus.
2564 5770 2569 5775 ·
