3840 6176
369 303 472 367 433

1276 297 1336 358 S.
1384 288 1834 355 HIEHONYMI
1880 284 2143 347 DIVINA
2188 280 2732 345 BIBLIOTHECA.

3475 285 3562 350 iii.

442 414 759 472 ln-brachio
790 426 891 468 suo
918 409 1177 467 formabit
1227 408 1430 473 lutum,
1486 412 1544 459 et
1594 412 1723 458 ante
1782 398 2026 470 pedcsA
2123 396 2409 463 Quomodo
2439 396 2712 473 convertit
2745 393 2997 473 aquasin
3020 392 3380 473 siccitatem.et
3400 399 3567 457 siccata

373 503 503 543 suos
523 486 777 541 curvabit
807 485 1063 536 virtutem
1095 494 1272 535 suam.
1400 548 1431 551 μ
1483 546 1495 551 _
1528 546 1540 551 _
1717 543 1739 551 _
1815 549 1819 551 Α
1904 540 1916 551 ,

445 558 553 613 Cor
584 569 744 609 suum
770 552 945 616 dabit,
982 561 1044 604 ut
1085 556 1375 619 consumet
1399 543 1749 607 linitionem,‘
1773 549 1827 595 et
1864 543 1946 594 vi-

286 658 303 691 ,ι
374 628 503 699 gilia
534 641 631 680 sua
662 622 946 699 inundauit
978 620 1280 699 fornacem.

444 698 645 752 Omnes
680 694 733 746 hi
766 694 817 745 in
854 690 1106 744 manibus
1137 690 1253 741 suis
1270 693 1657 757 speraverunt,
1693 690 1750 738 et
1782 695 1949 736 unus-

374 770 609 838 quisque
642 767 695 838 in
730 771 974 838 arte__sua
1006 760 1387 838 sapiensncnst.
1527 825 1539 836 .
1587 825 1599 836 .

447 828 576 888 Sine
602 834 689 886 his
720 831 977 884 omnibus
1016 846 1123 883 non
1165 828 1470 882 aediﬁcatur
1494 828 1714 880 civitas.

449 906 513 957 Et
544 920 654 956 non
700 901 1114 963 inhabitabunt,
1175 914 1277 953 nec
1333 894 1778 959 inambulabunt,
1812 894 1950 948 etin

375 975 663 1031 ecclesiam
703 987 812 1024 non
838 970 1166 1024 transilieiit.

449 1045 629 1112 Super
671 1042 861 1096 sellam
920 1039 1122 1110 judicis
1162 1055 1271 1112 non
1311 1036 1608 1099 sedebunt,
1661 1043 1718 1112 et
1782 1036 1953 1112 testa-

376 1101 621 1169 mentum
665 1112 855 1181 judicii
912 1101 1017 1163 non
1046 1110 1371 1181 intelligent,
1409 1121 1584 1181 neque
1630 1105 1811 1181 palam
1867 1101 1952 1154 fa-

378 1187 529 1241 cient
580 1175 927 1250 dis'cipiinam
964 1190 1021 1233 et
1055 1175 1345 1249 judicium,
1381 1187 1433 1231 et
1468 1177 1521 1229 in
1544 1175 1817 1245 parabolis
1846 1184 1954 1226 non

375 1254 726 1309 invenientur
750 1291 762 1305 .

449 1326 555 1379 Sed
598 1331 903 1377 creaturam
933 1320 1031 1375 :evi
1066 1318 1492 1376 conﬁrmabuut.
1537 1325 1593 1370 et
1641 1314 1955 1382 deprecatio

377 1396 595 1450 illorum
632 1394 684 1447 in
734 1393 1059 1465 operatione
1110 1393 1244 1442 artis
1282 1385 1789 1465 accommodantes
1840 1385 1956 1439 ani-

380 1480 523 1519 mam
566 1456 821 1530 suani,et
858 1460 1250 1529 conquirentes
1280 1459 1331 1511 in
1378 1456 1500 1526 le'ge
1531 1456 1815 1512 Altissimi.

912 1619 1142 1678 CAPUT
1182 1616 1432 1673 XXXIX.

445 1737 781 1819 Sapientiam
851 1736 1095 1819 omnium
1168 1732 1519 1819 antiquorum
1580 1729 1831 1799 exquiret
1873 1744 2039 1819 sa-B

369 1803 560 1884 piens,
603 1803 1287 1884 etinprophetisvacabit.
1349 1880 1357 1884 Δ
1834 1870 1880 1884 μ

440 1870 823 1931 Narrationem
843 1870 1092 1931 virorum
1118 1875 1529 1928 noniiuatorum
1551 1870 1944 1935 conservabit,

372 1957 429 2005 et
454 1948 507 2000 in
540 1948 808 2001 versutias
836 1946 1213 2015 parabolarum
1248 1944 1410 2015 simul
1442 1940 1708 2015 introibit.

445 2016 665 2072 Occulta
698 2011 1117 2085 provérbiorum
1147 2014 1424 2082 exquiret,
1460 2011 1585 2067 etin
1614 2011 1954 2067 absconditis

380 2088 765 2158 parabolarum
790 2086 1233 2158 conversabitur.

442 2157 500 2211 In
536 2158 718 2210 medio
737 2168 1115 2226 magnatorum
1131 2151 1487 2215 ministrabit,
1511 2161 1566 2206 et
1610 2152 1666 2205 in
1722 2164 1953 2218 conspe-

369 2239 461 2285 ctu
497 2229 742 2296 praesidis
772 2227 1077 2296 apparebit.

433 2291 512 2350 In"
554 2305 753 2351 terram
804 2291 1231 2365 alienigenarum
1266 2292 1511 2362 gentium
1566 2291 1894 2365 pertransiet
1932 2310 1945 2347 :

376 2370 519 2422 bona
542 2367 689 2421 enim
719 2376 775 2420 et
812 2369 949 2420 mala
975 2363 1029 2419 in
1078 2366 1394 2419 hominibus
1429 2363 1680 2417 tentabit.

435 2437 545 2491 Cor
592 2452 753 2490 suum
809 2438 987 2490 tradet
1044 2438 1107 2488 ad
1171 2435 1507 2501 vigilandum
1583 2432 1824 2486 diluculo
1881 2434 1951 2489 ad

374 2507 689 2570 Dominum,
723 2508 814 2574 qui
836 2506 964 2559 fecit
996 2506 1145 2560 illum
1176 2522 1191 2560 ;
1222 2513 1275 2558 et
1308 2505 1362 2556 in
1392 2511 1690 2571 conspectu
1734 2504 1953 2559 Altissi-

378 2577 451 2629 ιιιί
482 2578 888 2644 deprecabitur.

421 2641 647 2714 Aperiet
673 2662 735 2700 os
764 2661 921 2700 Suum
984 2648 1038 2700 in
1073 2645 1342 2710 oratione,
1375 2651 1432 2698 et
1455 2658 1554 2713 pro
1597 2641 1814 2699 delictis
1835 2646 1952 2701 suis

368 2716 779 2783 deprecabitur.

432 2786 488 2841 Si
519 2788 665 2841 enim
717 2789 979 2843 Dominus
1026 2803 1255 2857 magnus
1292 2786 1551 2851 voluerit,
1614 2785 1814 2856 spiritu
1860 2785 1947 2841 in-

367 2857 683 2928 telligentia:
738 2861 972 2928 replebit
1033 2861 1183 2912 illum
1218 2864 1277 2920 τι

438 2927 506 2979 Ει
535 2928 650 2997 ipse
702 2926 958 2998 tauquam
1002 2929 1207 2983 imbres
1243 2928 1419 2981 mittet
1466 2926 1683 2994 eloquia
1727 2928 1945 2996 sapien-

367 2996 457 3051 tiae
487 2996 619 3062 sum,
656 3009 710 3051 et
742 3000 793 3051 in
815 2996 1071 3053 oratione
1104 2998 1458 3052 ceiiﬁteliitur
1494 2998 1723 3051 Domino
1752 3014 1768 3052 :

440 3067 503 3119 Et
531 3069 643 3136 ipse
673 3069 870 3137 diriget
908 3070 1196 3122 consilium
1231 3070 1371 3138 ejus,
1403 3078 1459 3120 et
1494 3068 1859 3136 disciplinam,
1884 3076 1942 3123 et

368 3137 708 3191 absconditis
768 3141 881 3192 suis
927 3137 1325 3192 consiliabitur.

432 3207 552 3275 ipse
572 3207 747 3275 palam
783 3209 947 3262 faciet
1000 3210 1348 3276 disciplinam
1409 3208 1674 3265 doctrinae
1720 3223 1854 3275 sua},
1890 3218 1945 3263 et

372 3276 425 3330 in
454 3280 573 3347 lege
600 3280 911 3332 testamenti
946 3279 1163 3331 Domini
1195 3280 1542 3347 gloriabitur.

441 3346 844 3402 Collaudaduut
873 3348 1029 3401 multi
1077 3351 1399 3418 sapientiam
1422 3350 1562 3418 ejus,
1596 3358 1651 3405 et
1675 3364 1847 3418 usque
1889 3349 1945 3403 in

374 3418 634 3472 saeclum
692 3434 797 3471 non
855 3418 1153 3472 delebitur.
1572 3460 1581 3468 .

440 3485 558 3539 Non
597 3492 816 3542 recedet
838 3490 1097 3562 memoria
1130 3489 1269 3557 ejus,
1297 3500 1351 3562 ct
1377 3505 1574 3545 nomen
1596 3490 1717 3562 ejus
1760 3491 1947 3560 requi-

372 3568 523 3611 retur
557 3574 585 3610 a
615 3562 968 3628 generatione
992 3559 1048 3611 in
1083 3561 1518 3628 generationem.

440 3630 777 3697 Sapientiam
818 3631 940 3699 ejus
993 3631 1333 3684 enarrabunt
1378 3642 1590 3699 gentes,
1651 3629 1943 3687 etlaudem

368 3699 489 3769 ejus
514 3701 828 3754 enuntiabit
855 3699 1107 3755 ecclesia.

440 3771 499 3843 _S_i
560 3772 944 3843 permanserit,
983 3786 1183 3843 nomen
1242 3770 1591 3841 derelinquet
1614 3771 1739 3843 plus
1778 3786 1942 3841 quam

369 3839 518 3895 mille
553 3855 568 3893 :
618 3850 675 3894 et
704 3842 748 3894 si
779 3842 1134 3910 requieverit,
1162 3844 1407 3909 proderit
1440 3839 1529 3896 ill.

438 3911 637 3966 Adhuc
659 3912 1042 3968 consiliabitur
1089 3922 1149 3965 ut
1174 3928 1427 3967 enarrem
1456 3927 1472 3969 :
1500 3923 1559 3967 ut
1581 3914 1772 3969 furore
1797 3914 1944 3969 enim

369 3984 611 4050 repletus
663 3996 782 4035 sum

453 4053 508 4106 ln
539 4066 671 4107 voce
699 4054 835 4107 dicit
872 4071 885 4107 :
946 4051 1217 4108 Obaudite
1252 4070 1360 4119 me,
1397 4052 1570 4107 divini
1626 4052 1863 4117 fructus,
1890 4062 1946 4108 et

370 4123 527 4191 quasi
559 4137 681 4177 rosa
720 4125 960 4192 plautata
1005 4138 1173 4193 super
1218 4126 1366 4179 rivos
1408 4139 1672 4193 aquarum
1717 4127 1946 4180 fructiti-

368 4204 511 4249 cate.

441 4265 604 4330 Quasi
628 4262 869 4319 Libanus
909 4263 1135 4320 odorem
1167 4262 1455 4318 suavitatis
1487 4264 1701 4319 habete.

440 4337 674 4400 Florete,
704 4339 888 4401 tiores,
922 4338 1077 4405 quasi
1110 4338 1309 4396 lilium,
1361 4344 1417 4388 et
1452 4337 1578 4389 date
1610 4336 1861 4401 odorem,
1892 4344 1945 4389 et

368 4406 621 4461 fi-ondete
650 4407 703 4460 in
731 4409 981 4477 gratiam,
1020 4408 1401 4461 etcollaudate
1430 4410 1722 4471 canticum,
1757 4417 1813 4460 ct
1844 4410 1943 4461 be-

372 4478 609 4532 tiedicite
657 4478 945 4531 Dominum
973 4481 1025 4531 in
1049 4481 1313 4546 operibus
1343 4481 1481 4531 suis.

438 4548 572 4601 Date
601 4548 811 4602 nomini
836 4548 956 4617 ejus
994 4550 1476 4617 magniﬁcentiam,
1517 4559 1572 4602 et
1600 4546 1940 4603 confitemini

369 4619 447 4673 illi
471 4622 523 4670 iii
552 4622 973 4672 vocelabiorum
996 4632 1327 4679 vestrorum,
1360 4630 1415 4671 et
1444 4637 1493 4671 ιιι
1518 4620 1749 4672 canticis
1775 4620 1944 4671 labio-

369 4704 514 4750 rum,
543 4699 596 4743 et
631 4690 878 4749 citharis,
906 4698 962 4741 et
990 4692 1069 4742 sic
1100 4689 1295 4741 dicetis
1331 4692 1384 4740 in
1418 4691 1764 4743 conl’essione
1794 4706 1807 4741 :

439 4762 612 4827 Opera
663 4759 879 4812 Domini
915 4760 1171 4813 universa
1211 4762 1350 4811 bona
1382 4760 1555 4812 valde.

433 4828 493 4882 ln
521 4829 686 4884 verbo
735 4831 854 4899 ejus
893 4830 1049 4883 stetit
1089 4844 1230 4897 aqua
1260 4830 1404 4883 sicut
1442 4829 1727 4899 congeries
1761 4844 1858 4886 :et
1888 4834 1940 4886 in

364 4915 621 4955 sermone
647 4901 762 4955 oris
793 4902 940 4953 illius
971 4900 1112 4953 sicut
1142 4901 1453 4968 exceptoria
1484 4916 1774 4969 aquarum.

434 4971 704 5035 Quoniam
734 4973 787 5024 in
824 4979 1097 5041 praecepto
1127 4970 1298 5038 ipsius
1351 4972 1536 5040 placor
1588 4975 1665 5036 tit,
1714 4984 1770 5026 et
1833 4989 1942 5027 non

360 5055 444 5097 est
476 5043 769 5095 minoratio
809 5045 863 5094 in
892 5041 1067 5095 salute
1098 5042 1280 5109 ipsius.

428 5112 605 5177 Opera
646 5117 821 5167 omnis
849 5114 1033 5168 carnis
1053 5128 1235 5184 coram
1271 5112 1383 5177 illo,
1411 5122 1468 5167 et
1526 5130 1635 5168 non
1669 5124 1752 5169 est
1777 5114 1942 5184 quid-

360 5199 523 5253 quam
576 5184 957 5239 absconditum
1013 5183 1081 5236 ab
1116 5184 1292 5237 oculis
1335 5186 1474 5252 ejus.

433 5256 477 5308 A
503 5256 703 5310 saeculo
731 5270 906 5325 usque
940 5256 991 5307 in
1017 5254 1278 5309 saeculum
1318 5257 1562 5325 respicit,
1590 5266 1643 5312 et
1674 5259 1811 5313 nihil
1859 5264 1943 5309 est

360 5326 609 5381 mirabile
653 5329 706 5379 in
730 5334 1031 5396 conspectu
1078 5327 1215 5394 ejus.

430 5398 548 5451 Non
580 5406 663 5451 est
685 5395 917 5453 dicere:
955 5395 1097 5461 Quid
1125 5396 1357 5463 esthoc,
1392 5399 1632 5465 autquid
1649 5408 1731 5455 est
1755 5399 1942 5455 istud?

360 5470 542 5522 omnia
564 5470 711 5521 enim
742 5468 795 5521 in
832 5480 1081 5537 tempore
1117 5481 1216 5520 suo
1240 5477 1578 5536 quaerentur.

430 5538 749 5592 Benedictio
806 5539 951 5591 illius
1017 5541 1172 5607 quasi
1202 5540 1399 5591 tluvms
1430 5540 1735 5594 inundavit.

429 5613 714 5680 Quomodo
780 5609 1144 5680 cataclysmus
1206 5612 1415 5662 aridam
1471 5612 1805 5667 inebriavit:
1862 5615 1942 5669 sic

363 5677 443 5730 ira
475 5678 645 5746 ipsius
668 5690 878 5749 gentes,
909 5677 1027 5748 quae
1050 5695 1157 5735 non
1180 5686 1558 5749 exquiswrunt
1589 5698 1738 5747 eum,
1772 5687 1941 5739 lme-

362 5752 576 5801 citabit.

2055 478 2139 522 est
2172 479 2312 523 terra
2348 478 2445 524 :et
2484 471 2581 523 \iiB
2629 465 3121 521 illiusvisillorum
3157 465 3361 521 directa!
3405 482 3513 524 sunt
3552 487 3566 528 :

2057 540 2135 593 sic
2167 539 2551 607 peccatoribus
2606 537 2941 592 oﬂ‘ensiones
2969 537 3120 607 inira
3149 537 3283 605 ejus.

2131 609 2279 663 Bona
2309 610 2466 663 bonis
2491 616 2674 663 creata
2705 618 2835 662 sunt
2873 607 2941 660 ab
2968 606 3142 669 initio,
3168 609 3243 661 sic
3264 610 3573 678 nequissimis

2054 681 2200 735 bona
2234 689 2288 733 et
2315 680 2471 733 mala.

2130 751 2347 804 Initium
2416 749 2742 821 necessariae.
2816 746 3382 821 reivitae‘hominum.
3440 766 3577 821 aqua,

2060 820 2222 887 ignis,
2251 830 2307 875 ct
2333 821 2564 882 ferrum,
2595 820 2695 882 sal,
2722 818 2831 879 lac,
2859 828 2914 872 et
2949 819 3106 885 panis
3151 818 3513 888 similagineus,
3535 834 3581 877 et

2061 892 2193 953 mel.
2234 899 2290 945 et
2333 896 2524 946 liotrus
2574 906 2717 952 uvae,
2768 898 2823 944 et
2865 890 3072 953 oleum,
3110 899 3164 942 et
3215 890 3585 951 vestimentum,

2130 960 2259 1015 Haec
2311 962 2493 1015 omnia
2537 961 2745 1015 sanctis
2802 960 2855 1013 in
2892 961 3052 1021 bona,
3105 959 3183 1014 sic
3212 967 3264 1013 et
3327 959 3492 1030 impiis
3541 974 3587 1018 et

2061 1034 2445 1103 peccatoribus
2489 1032 2545 1084 in
2600 1032 2742 1085 mala
2798 1038 3202 1103 convertentur.

2137 1101 2279 1156 Sunt
2323 1103 2571 1173 spiritus,
2631 1102 2725 1170 qui
2756 1101 2821 1153 ad
2849 1100 3143 1153 vindictam
3168 1105 3328 1158 creati
3377 1114 3510 1167 sunt,
3548 1113 3593 1159 et

2067 1172 2120 1226 in
2148 1174 2332 1227 furore
2364 1188 2465 1226 suo
2520 1174 2983 1226 conﬁrmaverunt
3012 1178 3270 1226 tormenta
3301 1190 3393 1228 sua
3428 1193 3439 1227 :

2135 1243 2193 1295 ιιι
2231 1253 2476 1313 tempore
2517 1241 3007 1313 consummationis
3029 1240 3589 1299 eiiunilentvirtutem:

2065 1323 2122 1368 et
2155 1312 2394 1367 furorem
2440 1315 2582 1383 ejus,
2614 1315 2707 1382 qui
2736 1312 2869 1366 fecit
2909 1312 3052 1371 illos,
3108 1313 3413 1379 piacabunt.

2126 1384 2293 1453 Ignis,
2326 1388 2557 1453 grando,
2598 1385 2790 1446 fames,
2822 1389 2878 1435 et
2932 1395 3105 1447 mors,
3150 1383 3325 1437 omnia
3384 1385 3487 1439 haec
3537 1385 3592 1437 ad

2067 1454 2361 1508 vindictam
2393 1466 2572 1510 creata
2597 1464 2722 1508 sunt
2758 1470 2774 1510 :

2136 1524 2443 1578 Bestiarum
2496 1530 2709 1587 dentes,
2739 1534 2795 1579 et
2836 1522 3072 1592 scorpii,
3105 1532 3159 1576 et
3209 1533 3498 1592 serpentes,
3554 1535 3600 1577 et

2071 1596 2349 1662 romphaza
2380 1597 2665 1650 vindicans
2693 1598 2745 1649 in
2787 1591 3175 1648 exterminium
3207 1591 3414 1663 impios.

2145 1665 2201 1716 In
2231 1665 2503 1737 mandatis
2531 1668 2648 1735 ejus
2700 1664 3093 1737 epulabuntur,
3144 1672 3198 1715 et
3213 1678 3388 1737 super
3423 1673 3599 1737 terram

2071 1732 2573 1817 in_necessitatem'
2593 1732 3046 1817 praaparabuutur
3074 1747 3092 1787 :
3126 1743 3182 1787 et
3212 1734 3264 1788 in
3297 1732 3603 1804 temporibus

2067 1807 2184 1860 suis
2231 1819 2342 1857 non
2393 1807 2704 1874 praeterierit
2733 1808 2984 1860 verbum.

2130 1873 2424 1944 Propterea
2449 1878 2515 1929 ab
2543 1878 2700 1929 initio
2739 1877 3099 1932 conﬁrmatus
3151 1893 3293 1938 sum.
3333 1885 3385 1930 et
3447 1873 3607 1930 consi-

2058 1945 2225 2019 liatus
2269 1962 2424 2019 sum,
2465 1956 2520 2000 et
2545 1948 2798 2019 cogitavi,
2829 1959 2885 2002 et
2915 1950 3119 2019 scripta
3150 1947 3351 2003 dimisi.

2122 2016 2317 2073 Omnia
2349 2032 2513 2085 opera
2572 2018 2791 2072 Domini
2823 2020 2984 2083 bona,
3029 2016 3090 2073 et
3126 2034 3288 2073 omne
3309 2031 3442 2088 opus
3490 2016 3603 2069 hora

2056 2103 2155 2140 sua
2205 2088 2665 2141 subministrabit.

2128 2158 2245 2212 Non
2269 2164 2352 2210 est
2384 2157 2568 2212 dicere
2605 2175 2620 2213 2
2671 2158 2787 2214 Hoc
2825 2158 2920 2212 illo
2978 2157 3215 2227 nequius
3269 2166 3350 2212 est
3385 2174 3399 2211 :
3447 2154 3606 2209 omnia

2057 2230 2202 2282 enim
2265 2228 2319 2280 in
2365 2239 2611 2295 tempore
2663 2245 2763 2284 suo
2811 2229 3341 2298 comprobabiiniur.

2128 2299 2198 2352 Et
2225 2313 2373 2352 nunc
2407 2298 2461 2349 in
2490 2301 2638 2355 omni
2665 2299 2830 2353 corde
2858 2308 2914 2353 et
2940 2295 3039 2352 ore
3065 2299 3398 2363 collaudate,
3432 2306 3485 2351 et
3527 2295 3608 2349 be—

2055 2370 2293 2425 nedicite
2336 2384 2533 2425 nomen
2574 2371 2812 2425 Domini.

2619 2484 2846 2543 CAPUT
2874 2485 2991 2541 XL.

2124 2579 2429 2652 Occupatio
2455 2594 2648 2650 magna
2680 2588 2861 2652 creata
2888 2590 2971 2633 est
3000 2578 3269 2652 omnibus
3292 2574 3609 2652 hominibus,

2052 2662 2106 2707 et
2132 2647 2319 2720 juguin
2354 2666 2517 2724 grave
2552 2647 2730 2719 super
2764 2651 2901 2703 ﬁlios
2932 2651 3134 2724 Adam.
3175 2664 3208 2702 a
3253 2649 3343 2701 die
3370 2648 3536 2724 exitus
3558 2647 3613 2724 de

2052 2719 2244 2777 ventre
2276 2719 2465 2775 matris
2489 2734 2703 2785 eorum,
2741 2735 2914 2789 usque
2947 2720 3001 2773 in
3057 2720 3212 2773 diem
3241 2719 3541 2787 sepulturae,
3566 2719 3613 2766 in

2051 2802 2281 2846 matrem
2314 2791 2583 2845 omnium.

2115 2862 2487 2932 Cogitationes
2523 2874 2739 2922 eorum,
2759 2868 2815 2913 et
2832 2860 3059 2932 timores
3084 2858 3300 2925 cordis,
3327 2855 3618 2911 adinventio

2049 2930 2496 3002 exspectationis,
2522 2942 2578 2985 et
2608 2932 2727 2983 dies
2778 2930 3074 2984 linitionis:
3115 2950 3139 3002 ς

2122 2996 2167 3057 Ᾱ
2194 2996 2489 3057 residente
2529 3017 2692 3067 super
2752 3002 2938 3054 sedem
2981 3000 3321 3067 gloriosam,
3361 3013 3529 3069 usque
3558 2996 3617 3051 ad

2052 3074 2402 3129 humiliatum
2434 3074 2487 3126 iu
2537 3080 2681 3127 terra
2712 3081 2766 3125 et
2808 3072 3019 3124 cinere:

1968 3119 2016 3181 C
2052 3119 3091 3213 ""5523“ait”.i'iiiiri.3v;.cii;ii.a,'ei
3124 3150 3316 3209 portat
3358 3157 3618 3203 coronam.

2052 3230 2229 3283 usque
2257 3214 2324 3268 ad
2358 3229 2484 3268 eum
2543 3213 2645 3283 qui
2695 3214 2943 3280 operitur
2998 3213 3123 3265 lino
3179 3213 3396 3267 crudo:
3465 3214 3623 3271 furor.

2052 3282 2233 3347 zelus.
2286 3286 2577 3346 tumultus,
2610 3282 2925 3347 ﬂuctuatio,
2955 3292 3009 3336 et
3067 3283 3241 3335 timor
3273 3285 3483 3347 mortis,
3525 3286 3623 3337 ira-

2051 3357 2249 3410 cundia
2296 3368 2675 3425 perseverans,
2718 3362 2775 3425 et
2826 3353 3141 3425 contentio,
3589 3402 3627 3425 ί,

2120 3428 2186 3479 Et
2216 3428 2265 3481 in
2296 3422 2546 3493 tempore
2582 3422 2895 3477 refcctiouis
2920 3422 2972 3474 in
3000 3424 3155 3477 cubil
3220 3437 3451 3480 somnus
3473 3424 3628 3478 noctis

2051 3497 2307 3550 immutat
2359 3495 2647 3549 scientiam
2698 3494 2843 3562 ejus.

2123 3568 2394 3621 Modicum
2430 3575 2687 3631 tanquam
2727 3562 2884 3616 nihili
2937 3562 2987 3616 in
3051 3567 3274 3635 requie,
3304 3576 3363 3623 et
3399 3565 3467 3621 ab
3490 3579 3550 3621 eo
3582 3566 3627 3618 in

2051 3638 2279 3701 somnis,
2309 3636 2461 3704 quasi
2493 3639 2548 3687 in
2612 3635 2701 3688 die
2759 3644 3067 3702 respectus.

2118 3709 2491 3762 Conturbatus
2511 3704 2827 3777 gestuiuvisu
2858 3706 3049 3759 cordis
3090 3711 3210 3771 sui,
3254 3720 3522 3777 tanquam
3545 3706 3628 3775 qui

2048 3780 2289 3834 evaserit
2311 3780 2362 3831 in
2388 3778 2480 3829 die
2508 3775 2661 3829 belli.
2696 3775 2755 3828 lu
2792 3784 3039 3842 tempore
3072 3781 3283 3834 salutis
3314 3775 3430 3833 suae
3463 3792 3631 3833 exsur-

2051 3852 2215 3912 rexit,
2266 3858 2322 3901 ct
2370 3848 2647 3900 admirans
2684 3849 2749 3898 ad
2802 3848 3012 3898 nultum
3059 3851 3357 3908 timorem;

2122 3921 2259 3974 Cum
2279 3921 2428 3973 omni
2454 3930 2640 3980 carne,
2674 3916 2741 3968 ab
2798 3917 3020 3991 homine
3068 3936 3258 3990 usque
3297 3925 3365 3975 ad
3390 3925 3633 3991 pccus,et

2051 4005 2219 4059 super
2270 3998 2585 4058 peccatores
2631 3987 2964 4059 septuplum.

2120 4058 2205 4115 Ad
2248 4062 2365 4134 haec
2398 4073 2563 4134 mors,
2602 4058 2846 4125 sanguis,
2889 4061 3228 4134 contentio,
3246 4071 3308 4116 et
3354 4062 3635 4134 romphmai

2052 4133 2454 4202 Oppressiones,
2484 4128 2675 4191 fames,
2712 4136 2766 4179 et
2796 4130 3060 4202 contrito,
3103 4140 3165 4186 et
3200 4131 3442 4202 ﬂagella.

2124 4203 2303 4274 Super
2328 4201 2546 4267 iniquos
2571 4206 2911 4274 creata_sunt
2942 4200 3061 4254 haec
3093 4200 3324 4267 omnia,
3345 4214 3402 4259 et
3432 4211 3641 4274 propter

2052 4272 2176 4326 illos
2209 4269 2418 4339 "factus
2468 4278 2553 4322 est
2601 4269 2982 4338 cataclysmus.

2121 4342 2313 4397 Omnia
2338 4356 2458 4410 quae
2489 4339 2557 4393 de
2589 4347 2735 4391 terra
2760 4341 2969 4398 sunt,in
2990 4348 3207 4397 terrain
3231 4350 3636 4407 convertentur,

2050 4421 2107 4467 et
2130 4430 2320 4466 omnes
2347 4426 2499 4481 aqua:
2526 4412 2581 4462 in
2622 4422 2770 4464 mare
2803 4420 3182 4467 revertentur.
3389 4437 3392 4439 λ

1976 4479 2023 4534 D
2119 4482 2293 4536 Omne
2324 4479 2545 4547 munus,
2588 4492 2640 4533 et
2677 4480 2937 4550 iniquitas
2968 4481 3295 4552 delabitur,
3340 4496 3399 4541 et
3449 4484 3639 4539 tidesin

2047 4556 2307 4608 saaculum
2338 4552 2528 4606 stabit.

2121 4626 2453 4679 Sutistantize
2486 4623 2815 4692 injustorum
2852 4621 2993 4677 sicut
3019 4620 3245 4681 ﬂuvius
3274 4628 3641 4683 siccabuntur,

2044 4697 2884 4767 et_sieuttonitruummagnum
2926 4695 2979 4767 in
3006 4697 3212 4763 pluvia
3252 4700 3641 4767 personabunt.

2117 4765 2172 4818 lu
2208 4765 2502 4840 aperiendo
2531 4780 2725 4817 manus
2767 4780 2893 4816 suas
2921 4766 3218 4840 lzetabitur
3253 4765 3294 4824 _:
3345 4772 3427 4823 sic
3458 4785 3650 4840 pratia-

2047 4836 2313 4890 riCutores
2360 4836 2415 4888 iu
2463 4845 2937 4888 consummatione
2969 4836 3299 4894 tabescent.

2119 4906 2359 4975 Nepotes
2396 4907 2685 4975 impiorum
2714 4918 2820 4957 non
2863 4907 3341 4975 inultiplicabunt
3382 4924 3579 4976 ramos,
3602 4918 3650 4962 et

2047 4979 2258 5030 radices
2294 4978 2587 5030 immunda:
2611 4990 2777 5044 super
2803 4992 3071 5030 cacumen
3113 4995 3298 5045 petra:
3330 4990 3554 5036 sonant.

2118 5047 2294 5115 Super
2326 5062 2545 5101 omnem
2588 5063 2783 5116 aquam
2838 5048 3121 5113 viriditas,
3163 5062 3225 5103 et
3260 5052 3333 5104 ad
3370 5067 3523 5104 oram
3560 5050 3649 5103 ﬂu-

2045 5118 2210 5171 minis
2240 5126 2365 5171 aute
2426 5132 2588 5170 omne
2623 5122 2807 5171 lenum
2860 5118 3169 5173 evelletur.

2114 5187 2297 5242 Gratia
2358 5189 2501 5242 sicut
2549 5188 2834 5258 paradisus
2890 5190 2940 5240 in
3000 5189 3547 5257 benedictionibus,
3603 5200 3652 5243 et

2048 5258 2427 5312 misericordia
2486 5260 2537 5310 in
2598 5259 2858 5313 szeculum
2897 5271 3224 5327 permanet.

2102 5330 2359 5404 Vitas-ibi
2396 5328 2714 5404 suilicientis
2770 5330 3010 5404 operarii
3057 5336 3520 5392 emululcabitur
3554 5331 3647 5404 ιαι.

2046 5401 2504 5470 conculcabitur],
2541 5409 2595 5453 et
2640 5404 2694 5453 in
2724 5417 2786 5455 ea
2819 5402 3071 5455 invenies
3102 5407 3478 5463 thesaurum.

2118 5470 2348 5554 Filii,el
2369 5473 2658 5524 :edtiieutio
2690 5473 2932 5554 civitatis
2984 5476 3372 5554 conﬁrmabit
3403 5479 3506 5554 [αι.
3533 5490 3653 5554 coli-

2047 5539 2305 5610 ﬁrmavit]
2336 5558 2553 5604 nomen,
2585 5560 2639 5596 et
2671 5560 2837 5613 super
2888 5546 2999 5597 haec
3059 5550 3284 5604 mulier
3312 5539 3655 5606 immaculata

2045 5617 2465 5679 coiiiptitaliitur.

2117 5682 2316 5734 Vinum
2349 5693 2401 5736 et
2433 5687 2637 5739 musica
2672 5687 2947 5744 lictilicant
2974 5702 3079 5743 cor

2538 5698 2947 5765 itcalicttlicant
2974 5702 3079 5743 cor
3143 5708 3159 5747 ε
3218 5702 3283 5748 et
3309 5708 3484 5765 super
3521 5698 3660 5747 utra-

2047 5770 2152 5823 que
2192 5755 2409 5806 dilectio
2436 5760 2737 5825 εξιιιυιιιιω.
