1920 3088
189 129 240 163 487

472 190 586 219 CAPUT
597 189 690 217 XLIII.

225 232 386 263 Allitudinis
404 236 609 263 firmamentum
637 234 819 271 pulchritudo
844 235 905 270 ejus
918 241 970 270 est,

189 271 296 306 species
310 271 370 299 εωιὶ
383 272 410 298 in
426 271 532 298 visione
548 271 653 306 glorias.

229 306 275 333 Sol
293 306 320 333 iu
338 310 486 340 conspectu
503 302 671 334 antiuntians
685 305 713 333 in
727 305 813 338 exitu,
826 313 874 333 vas
888 302 976 333 admi-

190 341 286 374 rabile,
299 348 368 375 opus
385 340 500 367 Excelsi.

227 377 256 402 ln
274 376 425 402 meridiano
443 376 535 403 exurit
551 379 666 407 terram,
681 375 748 407 etin
763 380 911 409 conspectu
927 384 973 402 ar-

189 411 265 437 doris
279 411 338 445 ejus
358 411 419 444 quis
436 411 535 443 poterit
549 411 704 438 sustinere?
716 410 866 438 Fornacem
883 412 975 439 custo-

189 445 268 472 diens
281 446 306 471 in
323 446 452 478 operibus
465 446 590 473 ardoris:

225 480 381 514 Tripliciter
394 480 433 507 sol
450 487 568 508 exurens
583 485 699 513 montes,
716 480 808 508 radios
820 479 914 514 igneos
926 489 975 509 ex-

188 515 310 546 suillans,
328 520 356 541 et
368 514 506 549 refulgens
523 514 606 543 r'adiis
618 516 676 542 suis
688 516 808 543 obcaecat
821 515 927 544 oeulos.

224 550 339 591 Magnus
351 550 542 591 Dominus-qui
561 551 626 578 fecit
638 551 727 584 illum,
744 556 772 579 et
793 550 819 576 iu
835 552 974 579 sermoni-

186 586 239 612 bus
254 584 313 620 ejus
329 584 468 612 festinavit
481 586 544 614 iter.

224 620 256 646 Et
281 620 344 646 luna
367 620 394 646 in
422 621 550 648 omnibus
576 621 603 648 in
621 622 745 655 tempore
762 627 824 655 suo,
849 622 973 650 ostensio

186 655 331 689 temporis,
349 659 376 682 et
391 655 497 689 signum
513 656 574 686 aevi.

221 688 250 717 AV
263 690 327 716 luna
344 688 450 724 signum
469 688 522 717 diei
541 689 615 725 festi,
628 691 766 719 luminare
781 691 855 726 quod
874 692 972 719 minui-

186 727 273 757 turin
290 725 539 753 consummatione.
643 754 645 757 ,

220 755 484 797 Mensisisecundum
500 769 600 789 nomen
621 755 681 797 ejus
704 766 758 795 est,
773 768 901 790 crescens
922 762 974 790 mi-

185 795 309 822 rabiliter
322 795 348 821 in
365 797 612 824 consummatione.

222 825 274 857 Vas
294 834 447 857 castrorum
474 831 500 857 in
521 832 647 865 excelsis,
670 832 697 859 in
716 831 892 863 ﬁrmamento
908 832 973 862 coeli

184 865 363 898 resplendens
377 867 505 898 gloriose.

221 874 363 891 SIICI'NIBIIS
377 874 505 898 glOI'lOSB.

221 874 333 934 gpecics
356 900 415 926 ςωιί
431 901 516 934 gloria
531 902 684 935 stellarum,
705 904 840 932 mundum
866 904 968 933 illumi-

183 943 253 962 nans
272 935 297 961 in
313 936 428 961 excelsis
446 936 587 963 Dominus.

220 970 249 1008 in
265 969 361 1008 verbis.
371 971 473 1008 sanctis
484 972 594 998 stabunt
606 972 638 999 ad
648 972 796 1008 judicium,
809 979 904 1002 etnon
921 973 967 1001 de-

184 1005 276 1032 ﬁcient
293 1006 319 1031 in
337 1005 437 1039 vigiliis
451 1007 517 1032 suis.

219 1039 288 1078 Vide
315 1047 420 1078 arcum,
446 1046 474 1068 et
489 1041 623 1078 benedici
640 1049 703 1069 eum
719 1045 767 1078 qui
784 1044 849 1072 fecit
865 1044 941 1071 illum
959 1052 967 1072 :

183 1076 260 1101 valde
278 1076 419 1108 speciosus
430 1082 472 1102 cst
488 1077 514 1103 in
528 1077 677 1111 splendere
690 1076 753 1106 suo.

219 1110 331 1149 Gyiravit
358 1111 455 1136 uelum
484 1110 651 1149 in_circuitu
671 1113 764 1149 gloriae
778 1122 855 1142 suae:
870 1122 969 1142 manus

184 1146 291 1172 Eieclsi
309 1150 478 1178 aperuerunt
495 1146 584 1174 illum.

219 1180 336 1214 Imperio
353 1188 403 1206 suo
417 1181 577 1208 acceleravit
588 1182 678 1209 nivem
694 1191 702 1210 :
718 1189 745 1212 et
758 1185 893 1213 accelerat
922 1192 969 1213 c0-

185 1216 358 1242 ruscationcs
377 1216 504 1243 emittere
516 1216 613 1251 judicii
630 1218 685 1245 sui.

221 1251 367 1284 Propterea
396 1251 483 1284 aperti
509 1257 574 1279 sunt
597 1252 718 1280 thesauri

183 1285 289 1313 nebula:
306 1285 378 1312 sicut
389 1292 465 1312 aves.

219 1321 248 1347 In
263 1320 480 1358 magnitudine
491 1330 539 1349 sua
566 1323 656 1356 posuit
672 1326 771 1358 nubes,
791 1329 818 1352 et
833 1326 968 1354 confracti

183 1359 248 1383 sunt
262 1355 367 1388 lapides
385 1356 538 1388 grandinis.
567 1355 573 1356 ί
763 1355 768 1358 ’
849 1387 852 1389 .

217 1390 246 1417 ln
262 1395 408 1423 conspectu
421 1391 479 1424 ejus
496 1393 743 1421 commovebuntur
755 1400 864 1423 montes
878 1405 885 1423 :
901 1400 928 1424 et
941 1396 967 1423 in

182 1426 322 1453 voluntate
339 1425 398 1459 ejus
413 1427 542 1459 aspirabil
560 1428 655 1455 Notus.

217 1460 274 1501 vos
294 1460 406 1499 tonitrui
432 1462 490 1496 ejus
507 1464 661 1501 verberabit
686 1471 799 1498 terram.
820 1470 968 1501 tempestas

182 1496 335 1532 Aquilonis,
353 1500 379 1521 et
391 1498 565 1532 congregatio
582 1499 694 1532 spiritus
710 1510 717 1527 :

203 1531 251 1572 .Et
265 1531 336 1556 sicut
356 1532 413 1570 avis
440 1531 579 1572 deponens
598 1531 638 1572 Vati
663 1535 832 1572 sedendum,
849 1537 969 1572 aspergit

182 1574 273 1593 anelll
292 1574 297 1590 Σ

183 1602 255 1636 ejus.

220 1648 458 1687 Pulchritudinem
474 1649 602 1687 candoris
628 1652 688 1687 ejus
704 1651 890 1680 admirabitur
905 1660 972 1681 oeu-

183 1683 237 1721 los,
254 1687 283 1721 et
297 1690 380 1721 super
396 1684 511 1721 imbrem
528 1686 588 1721 ejus
600 1683 761 1721 expavescet
777 1695 835 1714 eor.

218 1718 380 1756 Gelu_sieut
407 1719 493 1756 salem
523 1718 646 1748 eﬂ‘undei.
669 1729 753 1756 super
776 1727 877 1750 terram

183 1753 402 1790 duuigelaverit,
421 1754 466 1781 ﬁet
489 1758 617 1790 tanquam
631 1753 772 1784 cacumina
790 1758 898 1785 tributi.

218 1788 347 1828 Frigidus
363 1793 460 1815 ventus
476 1788 574 1824 Aquilo
588 1791 672 1821 llavit.
690 1797 715 1818 el
733 1793 834 1827 gelavit
852 1793 970 1828 crystal-

183 1823 225 1850 lus
242 1825 276 1850 ab
291 1831 383 1862 aqua:
399 1831 481 1858 super
493 1823 603 1862 omnem
624 1823 863 1862 congregationem
880 1823 969 1861 aqua-

183 1866 244 1898 rum
263 1859 425 1898 requicst'tttI
445 1864 473 1886 et
487 1861 559 1887 sicut
574 1861 658 1889 lorica
672 1859 768 1889 induet
782 1870 810 1890 se
823 1859 912 1898 aquis.

220 1894 253 1920 Et
265 1895 410 1931 devorabit
424 1901 542 1931 montes,
560 1901 588 1922 et
601 1903 700 1925 exuret
712 1894 863 1931 desertum]
880 1904 908 1926 et
922 1907 969 1927 ex—

182 1929 312 1966 stinguet
321 1929 418 1961 viride,
431 1930 502 1957 sicut
516 1932 588 1966 igne.

218 1964 351 1991 Medicina
380 1966 502 1992 omnium
528 1964 555 1993 in
583 1967 760 1995 festinatione
787 1969 915 1997 nebulae:
940 1975 969 1997 et

183 2007 228 2027 ros
256 2000 371 2026 obvians
391 2000 426 2026 ab
446 2002 544 2029 ardore
558 2004 680 2030 venienti
710 2004 842 2031 humilem
868 2005 968 2032 elIiciet

182 2043 257 2063 eum.

216 2081 245 2109 In
262 2089 389 2120 sermone
403 2082 465 2116 ejus
479 2082 555 2120 siluit
569 2089 679 2117 ventus,
695 2089 723 2112 et
739 2084 905 2120 cogitatione
919 2094 968 2115 sua

181 2117 301 2179 plzlicavit
313 2118 453 2153 abyssum,
470 2122 498 2145 et
513 2119 647 2153 plantavit
668 2120 696 2146 in
715 2120 759 2147 illa
773 2117 911 2148 'Dominus
926 2122 968 2148 in-

181 2160 212 2179 su
225 2160 264 2179 as.

181 2160 264 2180 suras.

215 2187 266 2221 Qui
287 2188 414 2226 navigant
441 2195 526 2221 mare,
545 2194 679 2226 enarrent
695 2191 817 2224 pericula
838 2192 919 2226 ejus:
939 2195 967 2220 et

179 2225 323 2250 audientes
337 2224 450 2251 auribus
465 2224 566 2250 nostris
582 2225 793 2253 adniirabimur.

216 2258 273 2286 Illic
286 2259 415 2293 pratclara
432 2266 528 2293 opera,
545 2263 573 2286 et
598 2260 735 2288 mirabiiia
749 2270 756 2287 :
774 2261 846 2289 varia
863 2262 966 2290 bestia-

178 2301 240 2320 rum
256 2301 369 2329 genera,
382 2299 411 2321 et
429 2294 552 2320 omnium
569 2302 711 2329 pecorum,
728 2301 757 2323 et
767 2303 895 2325 creatura
911 2298 968 2325 bel-

179 2330 298 2357 luarum.

214 2364 329 2398 Propter
351 2364 439 2399 ipsum
456 2365 635 2393 conﬁrmatus
653 2368 696 2392 est
714 2365 823 2393 itineris
838 2367 912 2398 finis,
939 2372 968 2395 et

178 2400 205 2427 in
216 2406 348 2436 sermone
363 2400 421 2434 ejus
436 2401 586 2436 composita
604 2406 667 2427 sunt
684 2409 788 2427 omnia.

214 2434 297 2461 Multa
312 2435 446 2467 dicemus,
461 2441 490 2462 et
499 2434 663 2463 deliciemus
680 2436 706 2462 in
721 2436 823 2463 verbis:
840 2444 967 2465 consum-

180 2470 265 2497 matio
284 2475 376 2497 autem
393 2477 563 2501 sermonum,
581 2471 638 2504 ipse
654 2476 695 2497 est
711 2471 739 2497 in
753 2472 893 2499 omnibus.

213 2505 370 2532 Gloriantes
386 2505 419 2532 ad
437 2506 502 2541 quid
521 2506 691 2534 valebimus?
713 2507 770 2541 ipse
787 2509 860 2534 enim
876 2509 966 2535 omni-

178 2545 274 2576 potens
288 2547 371 2575 super
383 2543 476 2576 omnia
489 2549 573 2576 opera
588 2548 648 2568 sua.

214 2575 358 2602 Terribilis
383 2574 525 2608 Dominus,
545 2581 573 2604 et
596 2584 711 2611 magnus
730 2577 918 2612 vehementer,
937 2583 966 2606 et

177 2611 309 2640 mirabilis
326 2612 447 2645 potentia
462 2612 558 2646 ipsius.

212 2646 412 2683 Gloriticantes
426 2646 573 2683 Dominum
597 2651 842 2683 quantumcunque
868 2653 965 2683 potue-

177 2683 239 2710 ritis
261 2681 310 2718 [αι.
326 2681 479 2717 poteritis],
503 2682 691 2716 supervalebit
716 2681 914 2717 enim‘adhuc,
937 2689 966 2712 et

177 2717 349 2746 admirabilis
371 2718 576 2751 magnificentia
591 2717 662 2752 ejus.

213 2753 413 2780 Benedicentes
431 2752 590 2785 Dominum,
607 2753 724 2780 exaltate
739 2753 815 2781 illum
831 2758 965 2788 quantum

177 2788 292 2824 potestis
304 2795 311 2813 :
329 2795 383 2814 non
400 2788 486 2821 major
499 2788 572 2815 enim
585 2792 629 2815 est
640 2789 716 2815 omni
730 2789 821 2816 laude.

212 2822 371 2850 Exaltautes
392 2830 454 2849 eum
474 2824 617 2858 replemiui
633 2825 744 2858 virtute,
762 2824 942 2853 uelaboretis
958 2833 964 2851 :

179 2867 234 2888 non
253 2858 504 2891 comprehenderis.

723 1272 731 1286 ,
745 1259 773 1281 et
788 1256 969 1284 evolaverunt

333 1570 360 1591 et
386 1567 457 1592 sicut
486 1569 591 1595 locusta
623 1569 786 1606 demergcns
819 1567 972 1600 dese-enthis

905 1728 971 1752 τοι

636 130 668 161 S-
689 125 912 161 HIERONYMI
935 126 1070 162 DIVINA
1091 124 1363 162 BIBLIOTIIECA.

1741 132 1783 162 4158

989 192 1014 221 Α
1064 190 1131 224 Quis
1148 189 1252 217 videbit
1267 197 1342 220 eum.
1360 193 1385 215 et
1399 185 1541 224 enarrabit
1552 184 1563 212 ἲ
1576 184 1670 220 etquis
1681 187 1785 221 magniﬁ-

982 1541 1006 1573 C

983 2221 1005 2250 υ

1027 216 1268 262 οδξῆἶίὲιηήζὲίειιι
1282 216 1375 262 est'ab
1390 216 1490 262 initio}
1553 257 1559 262 ι
1571 256 1577 262 .

1062 261 1144 288 Multa
1170 260 1326 287 abscondita
1345 262 1410 287 sunt
1427 258 1532 293 majora
1553 257 1608 284 his:
1628 263 1706 290 pauca
1722 257 1786 285 enim

1025 295 1148 333 vidimus
1161 302 1275 329 operum
1295 294 1376 333 eius».
1458 327 1468 333 _
1501 328 1517 333 __
1576 331 1580 333 _
1617 326 1624 333 θ
1725 327 1738 333 _.

1061 330 1159 358 Omnia
1180 327 1275 356 autem
1300 329 1433 357 Dominus
1456 327 1521 355 fecit
1535 332 1543 354 :
1557 331 1584 355 et
1600 327 1641 361 pie
1661 327 1786 362 agentibus

1025 364 1100 393 dedit
1111 364 1284 400 sapientiam.

1297 421 1410 451 CAPUT
1429 419 1524 449 XLIV.

1061 469 1218 498 Laudemus
1242 469 1317 496 viros
1333 469 1478 504 gloriosos,
1504 472 1532 496 et
1554 466 1677 503 parentes
1693 471 1789 495 nostros

1024 505 1053 532 i'n
1068 506 1325 540 generatiolne'sua,
1363 539 1366 540 ν
1397 538 1417 540 Η

1060 537 1173 602 Multlam
1187 539 1302 575 gloriam
1315 539 1381 566 fecit
1396 538 1529 567 Dominus
1545 537 1735 574 magniﬁcentia
1748 546 1790 566 sua

1060 582 1126 602 saecu
1139 579 1166 602 ο.

1025 580 1040 602 a
1055 579 1166 603 saeculo.

1061 610 1239 649 Dominantes
1250 609 1280 649 in
1301 609 1488 649 potestatibus
1502 608 1560 649 suis
1579 608 1789 649 hominesmagni

1025 645 1136 677 virtute,
1150 650 1177 671 et
1188 644 1333 680 prudentia
1343 652 1391 672 sua
1406 644 1523 679 praediti,
1536 644 1690 670 nuntiantes
1701 644 1791 677 inpro-

1024 681 1115 715 phetis
1130 680 1291 714 dignitatem
1305 680 1502 714 prophetarum
1521 687 1530 706 :

1061 714 1096 742 Et
1123 715 1293 749 imperantes
1317 715 1345 741 in
1367 716 1497 749 praesenti
1517 714 1633 749 populo,
1655 717 1681 740 et
1701 714 1789 740 virtute

1024 750 1178 789 prudentia:
1185 749 1300 789 populis
1311 750 1484 789 sanctissima
1502 751 1596 789 verba.
1684 783 1690 789 _

1062 784 1089 812 In
1112 784 1209 820 peritia
1236 792 1285 820 sua
1306 785 1479 820 requirentes
1498 786 1595 812 medea
1623 784 1744 816 musicos,
1768 788 1792 811 et

1025 819 1171 856 narrantes
1184 819 1305 856 carmina
1320 819 1537 856 scripturarum.

1055 855 1186 883 Homines
1211 855 1312 882 divites
1337 855 1365 890 in
1392 854 1506 887 virtute,
1523 854 1730 890 pulchritudinis
1743 858 1793 882 stu-

1021 891 1097 919 dium
1115 890 1249 917 habentes
1266 898 1275 919 :
1290 889 1466 924 paciﬁcantes
1478 891 1506 918 in
1520 891 1647 918 domibus
1660 892 1721 917 suis.

1056 926 1157 965 Omnes
1174 925 1218 965 isti
1238 925 1266 965 in_
1285 925 1509 965 generationibus
1521 927 1611 965 gentis
1626 932 1682 965 suae
1692 925 1793 965 gloriam

1019 960 1112 995 adspti
1139 964 1222 992 sunt,
1240 963 1269 986 et
1291 959 1318 986 in
1335 959 1433 987 diebus
1454 961 1512 988 suis
1524 959 1665 988 habentur
1676 959 1704 987 in
1716 960 1795 987 laudi-

1020 996 1083 1023 bus.

1057 1030 1108 1064 Qui
1118 1030 1156 1067 Vde
1173 1030 1228 1067 illis
1251 1030 1308 1057 na‘ti
1330 1034 1406 1065 sunt,
1428 1031 1602 1067 reliquerunt
1626 1032 1723 1059 nomen
1740 1033 1796 1058 nar-

1020 1066 1100 1094 randi
1117 1066 1213 1094 laudes
1230 1072 1338 1093 eorum.

1057 1101 1090 1128 Et
1116 1106 1181 1128 sunt
1209 1109 1326 1136 quorum
1343 1109 1397 1129 non
1416 1106 1459 1130 est
1486 1102 1639 1129 memoria:
1668 1101 1797 1136 perierunt

1019 1137 1098 1171 quasi
1112 1136 1160 1170 qui
1174 1144 1226 1163 non
1238 1135 1342 1163 fuerint
1357 1145 1365 1165 :
1380 1141 1409 1172 et
1425 1138 1482 1165 nati
1494 1137 1570 1170 sunt,
1585 1138 1662 1172 quasi
1670 1135 1726 1163 non
1739 1137 1796 1167 nati,

1019 1177 1047 1199 et
1063 1171 1109 1198 lilii
1123 1172 1243 1205 ipsorum
1260 1178 1322 1197 cum
1341 1171 1418 1206 ipsis.
1594 1171 1601 1172 ί

1056 1206 1109 1234 Sed
1126 1206 1164 1243 illi
1179 1205 1231 1233 viri
1248 1205 1446 1235 misericordia
1461 1212 1538 1240 sunt,
1553 1207 1670 1243 quorum
1693 1207 1798 1242 pietates

1021 1249 1075 1269 non
1088 1241 1234 1269 defuerunt
1246 1250 1254 1270 :

1056 1277 1123 1314 Cum
1142 1277 1246 1314 semine
1258 1285 1353 1305 eorum
1366 1282 1529 1314 permanent
1541 1278 1626 1306 bona.

1058 1311 1209 1349 Hazreditas
1218 1318 1312 1341 sancta
1324 1311 1438 1349 nepotes
1447 1321 1556 1347 eorum,
1567 1314 1631 1342 etin
1642 1313 1800 1341 testamentis

1020 1347 1097 1374 stetit
1113 1353 1206 1373 semen
1221 1355 1330 1376 eorum.

1056 1382 1090 1409 Et
1114 1381 1162 1408 ﬁlii
1178 1390 1275 1410 eorum
1300 1388 1413 1420 propter
1436 1384 1497 1411 illos
1515 1392 1605 1419 usque
1624 1385 1650 1411 in
1680 1388 1800 1420 :clernum

1020 1420 1133 1455 manent
1147 1424 1154 1444 :
1171 1424 1264 1446 semen
1278 1421 1375 1447 eorum
1393 1426 1421 1447 et
1443 1420 1533 1455 gloria
1550 1428 1649 1448 eorum
1665 1428 1718 1447 non
1732 1420 1803 1447 dere-

1021 1453 1173 1495 lin‘quetur.

1055 1488 1315 1528 Corporaipsoruin
1332 1488 1359 1518 in
1374 1498 1442 1526 pace
1459 1491 1568 1526 sepulta
1584 1497 1660 1524 sunt,
1674 1496 1803 1519 etnomen

1022 1526 1125 1562 eor_um.
1137 1525 1204 1562 vivit
1219 1525 1252 1562 in
1261 1525 1468 1561 generationem
1481 1525 1507 1554 et
1524 1528 1743 1562 generationem.

1062 1557 1229 1592 sapientiam
1247 1557 1367 1597 ipsorum
1390 1565 1503 1589 narrent
1525 1557 1638 1597 populi,
1658 1566 1685 1589 et
1705 1560 1803 1590 laudem'

1062 1569 1229 1592 Dﬂplcﬂllnm
1247 1569 1367 1623 ipsorum
1390 1569 1411 1588 n;

1026 1600 1122 1632 eorum
1135 1597 1241 1632 nuntiet
1263 1597 1386 1632 ‘cciesia.
1408 1627 1411 1632 Ι

1063 1629 1175 1668 Henoch
1194 1627 1369 1668 placuitDeo,
1384 1627 1413 1659 et
1429 1631 1583 1660 translatus
1598 1638 1642 1660 est
1659 1635 1683 1660 iu
1706 1633 1806 1668 paradi-‘

1026 1672 1098 1704 sum,
1115 1668 1143 1704 ut
1156 1666 1202 1693 det
1216 1666 1343 1704 gentibus
1358 1668 1564 1704 pinniientiam.

1061 1699 1120 1726 Noe
1133 1699 1263 1740 invenius
1274 1706 1317 1728 est
1328 1699 1477 1740 perfectus,
1490 1704 1598 1738 justus,
1609 1703 1677 1731 etin
1692 1705 1806 1740 tempore

1025 1735 1175 1763 iracundia:
1191 1736 1279 1764 factus
1297 1742 1339 1763 est
1354 1735 1564 1766 recanciliatio:

1061 1768 1123 1808 [deo
1142 1772 1286 1799 dimissum
1302 1775 1345 1798 est
1363 1769 1499 1808 reliquum
1518 1778 1613 1808 terrae,
1633 1783 1697 1803 cum
1713 1774 1807 1802 factum

1024 1805 1228 1843 est_diluvium.
1423 1805 1431 1808 ⁷
1606 1805 1612 1808 ”
1696 1841 1698 1843 ,

1061 1840 1353 1882 Testamenta__s:eculi
1370 1843 1457 1882 posita
1475 1849 1543 1872 sunt
1568 1846 1644 1882 apud
1668 1841 1756 1878 illum,
1776 1852 1808 1872 ne

1024 1875 1109 1903 deleri
1126 1877 1214 1911 possit
1227 1877 1331 1905 diluvio
1342 1875 1434 1905 omnis
1445 1886 1523 1907 caro.

1058 1911 1195 1952 Abraham
1209 1921 1322 1947 magnus
1334 1919 1411 1952 pater
1426 1915 1621 1952 multitudinis
1637 1917 1769 1952 gentium,
1785 1919 1809 1942 et

1023 1953 1078 1974 non
1104 1952 1146 1987 est
1160 1949 1301 1987 iuventtis
1320 1949 1419 1987 similis
1442 1949 1481 1987 illi
1497 1952 1524 1987 in
1550 1949 1662 1986 gloria':
1692 1953 1810 1987 quieon-

1023 1983 1145 2044 sﬁrvavit
1160 1983 1246 2017 legem
1263 1983 1382 2017 Excelsi,
1400 1989 1428 2011 et
1439 1984 1492 2012 fuit
1511 1983 1735 2015 in'testamen-to
1753 1994 1811 2014 cum

1024 2025 1031 2044 ι
1055 2025 1083 2044 o.

1024 2025 1083 2044 ιιιο.

1059 2052 1087 2089 lin
1101 2061 1184 2081 carne
1199 2054 1259 2089 ejus
1271 2059 1344 2082 stare
1356 2054 1422 2081 fecit
1440 2059 1657 2089 testamentum,
1673 2062 1700 2085 et
1716 2058 1742 2084 in
1758 2060 1813 2084 teu-

1023 2088 1126 2115 talione
1140 2088 1268 2116 iuventus
1288 2094 1330 2117 est
1341 2089 1439 2117 fidelis.

1058 2122 1121 2150 Ideo
1139 2124 1326 2163 jurejurando
1336 2124 1410 2152 dedit
1427 2125 1465 2153 illi
1479 2126 1602 2161 gloriam
1620 2129 1649 2156 in
1665 2133 1745 2163 gente
1755 2134 1810 2157 sua,

1022 2163 1146 2194 crescere
1160 2159 1234 2186 illum
1249 2161 1327 2194 quasi
1349 2165 1428 2187 terra!
1439 2159 1586 2189 cumulum
1605 2172 1613 2191 :

1057 2192 1090 2220 Et
1111 2200 1140 2220 ut
1156 2195 1249 2223 stellas
1257 2192 1383 2232 exaltare
1396 2203 1490 2223 semen
1506 2198 1583 2232 ejus,
1609 2204 1638 2226 et
1655 2198 1814 2226 haereditare

1021 2228 1107 2269 illosa
1123 2232 1189 2256 mari
1211 2234 1298 2265 usque
1315 2231 1348 2258 ad
1364 2237 1449 2263 mare,
1465 2236 1493 2259 et
1507 2228 1661 2261 a'ﬂuinine
1682 2241 1768 2269 usque
1782 2234 1813 2258 ad

1022 2269 1154 2300 terminos
1167 2270 1258 2292 terrae.
1672 2298 1674 2300 _

1055 2298 1135 2340 Etriu
1156 2300 1230 2340 lsaac
1244 2301 1343 2328 eodem
1360 2303 1441 2332 modo
1463 2300 1530 2331 fecit
1549 2298 1816 2339 prepter'Abraham

1020 2339 1126 2368 patrem
1140 2339 1211 2369 ejus.

1054 2369 1279 2409 Benedictionem
1303 2373 1426 2401 omnium
1453 2373 1583 2409 gentium
1606 2373 1687 2402 dedit
1707 2373 1746 2401 illi
1769 2372 1816 2399 Du-

1017 2404 1123 2466 ;nintlis,
1154 2410 1186 2432 et
1207 2411 1400 2435 testamentum
1424 2404 1609 2438 coiiﬁrmavit
1633 2417 1722 2444 super
1741 2413 1817 2443 caput

1034 2446 1083 2466 3C0
1093 2449 1113 2466 J.

1034 2446 1113 2466 που.

1055 2475 1172 2509 Agnovit
1193 2484 1259 2503 eum
1287 2477 1315 2505 in
1342 2478 1593 2508 benedictionibus
1611 2479 1687 2511 suis,
1704 2484 1733 2506 et
1746 2478 1818 2506 dedit

1018 2509 1058 2572 illli
1076 2511 1277 2570 latereditatem,
1294 2518 1322 2539 et
1341 2514 1436 2541 divisit
1450 2514 1490 2541 illi
1508 2520 1627 2548 partem
1651 2509 1685 2542 in'
1697 2515 1818 2541 tribubus

1039 2552 1073 2571 ιιο
1094 2553 1175 2572 CCIII].

1039 2552 1175 2573 UOUCCIIII.

1039 2580 1088 2620 _Et
1107 2583 1284 2620 conservavit
1303 2582 1342 2611 illi
1356 2583 1482 2611 homines
1497 2584 1724 2618 misericordiae,
1743 2584 1816 2612 luve-

1018 2618 1127 2642 nieutes
1140 2618 1257 2650 gratiam
1270 2619 1298 2645 in
1313 2620 1400 2647 oculis
1418 2620 1508 2646 omnis
1526 2621 1643 2648 carnis.

1311 2674 1425 2704 CAPUT
1441 2676 1525 2704 XLV.

1056 2720 1176 2762 Dilectus
1191 2721 1287 2762 Decet
1300 2722 1459 2752 hominibus
1478 2723 1607 2760 Moyses,
1622 2725 1707 2762 cujus
1721 2730 1822 2752 memo-

1019 2756 1059 2782 ria
1075 2755 1102 2782 iu
1122 2757 1315 2785 benedictione
1329 2764 1380 2785 est.

1055 2791 1178 2830 §imilcm
1201 2793 1277 2830 illum
1292 2793 1356 2820 I'ecit
1375 2794 1402 2821 in
1419 2794 1503 2830 gloria
1523 2801 1711 2827 sanctorum.
1726 2800 1755 2822 et
1768 2801 1821 2821 ma-

1019 2827 1160 2866 gniticavit
1182 2827 1289 2866 eumin
1306 2832 1403 2866 tonore
1421 2827 1625 2866 inimicorum,
1642 2837 1672 2860 et
1689 2832 1719 2860 in
1733 2831 1820 2858 verbis

1020 2863 1078 2888 suis
1098 2867 1217 2890 monstra
1232 2864 1362 2898 placavit.
