3840 6176
249 299 351 368 439

1404 295 1647 355 LIBER
1688 294 2269 356 ECCLESIASTICI.

3381 281 3488 346 490

314 411 656 466 tilorilicavit
685 410 834 463 illum
887 410 939 462 in
987 418 1283 475 conspectu
1316 424 1527 477 regum.
1562 418 1618 461 et
1658 408 1820 475 jussit
1849 410 1891 465 Α
1928 408 2053 459 tiam
2083 407 2136 459 in
2171 421 2265 458 cor
2306 413 2551 477 nostrum
2582 401 3076 477 jinlicarcgcutem
3109 412 3260 452 suam
3292 399 3352 477 lin
3379 403 3486 477 jn-

248 482 329 538 illi
388 497 574 535 coram
626 479 828 549 p0pulo
878 492 999 541 suo,
1054 490 1109 529 et
1148 478 1391 531 ostendit
1447 477 1522 531 illi
1579 478 1814 545 gloriam

247 568 342 606 ειιςι
351 568 425 604 111.

324 621 381 673 ln
426 619 530 673 (ide
558 630 611 671 et
642 618 865 671 lenitate
906 615 1077 681 ipsius
1110 624 1359 670 sanctum
1394 615 1520 669 fecit
1550 617 1725 678 illum,
1762 627 1818 671 et

245 690 413 759 elegit
436 704 561 741 eum
589 703 655 741 ex
681 686 826 741 omni
860 700 1045 738 carne.

320 754 545 814 A'udivit
590 759 736 809 enim
770 771 921 819 eum,
952 763 1008 807 et
1041 770 1230 811 vocem
1275 754 1469 823 ipsius,
1520 765 1576 810 et
1603 755 1819 809 induxit

246 831 402 885 illum
436 829 489 879 iii
522 826 747 880 nubem.

320 900 390 951 Et
432 898 585 950 dedit
632 896 705 948 illi
746 909 929 964 coram
966 903 1263 963 praecepta,
1304 905 1359 949 et
1390 896 1563 964 legem
1604 895 1730 947 vitae
1764 903 1821 948 et

248 966 829 1035 disciplinm,_docere
878 961 1048 1018 Jaeob
1103 961 1488 1021 testamentum
1541 978 1724 1028 suum,
1762 972 1820 1019 et

244 1033 447 1109 judicia
473 1051 569 1109 sua
598 1033 782 1109 lsfael.

324 1105 612 1160 Excelsum
650 1102 777 1156 fecit
810 1104 988 1157 Aaron
1037 1104 1266 1159 fratrem
1312 1103 1452 1173 ejus.
1491 1112 1549 1160 et
1580 1104 1817 1159 similem

249 1178 351 1232 sibi
389 1175 459 1227 de
495 1175 640 1227 tribu
677 1173 827 1226 Levi.

320 1244 527 1297 Statuit
575 1243 627 1297 ei
686 1246 1070 1297 testamentum
1131 1254 1424 1303 aiternum,
1462 1250 1516 1297 et
1554 1244 1707 1297 dedit
1741 1242 1819 1297 illi

252 1315 619 1371 sacerdOtiuin
653 1312 830 1379 gentis
860 1328 876 1367 ε
908 1324 961 1366 et
986 1313 1317 1367 beatiﬁcavit
1357 1314 1509 1365 illum
1544 1315 1597 1365 in
1626 1314 1819 1379 gloria.

321 1384 384 1436 l‘lt
409 1382 795 1435 circumcinxit
824 1397 948 1435 eum
999 1398 1134 1435 zona
1160 1383 1366 1451 gloriae,
1396 1392 1452 1435 et
1489 1384 1665 1435 induit
1694 1398 1820 1434 eum

252 1455 442 1507 stolam
497 1452 705 1522 gloria),
760 1459 815 1504 et
862 1454 1142 1506 coronavit
1213 1468 1338 1505 eum
1398 1455 1451 1505 in
1509 1452 1824 1527 vasis’.vir-

254 1535 399 1576 tutis.

316 1589 736 1657 Circumpedes,
766 1600 822 1648 et
872 1591 1175 1649 ferituralia.
1218 1601 1273 1644 et
1311 1590 1595 1643 liuincrale
1643 1590 1828 1658 posuit

252 1663 317 1719 ei,
350 1672 402 1713 et
433 1662 612 1713 cinxit
643 1659 797 1713 illum
830 1660 1213 1715 tintinnabulis
1250 1663 1432 1715 aureis
1477 1659 1731 1729 plurimis
1771 1660 1824 1711 in

284 1748 305 1781 Ὺ
316 1746 393 1781 ro.

284 1749 393 1781 Vri).

253 1749 460 1853 εὐαί-θ
523 1799 766 1851 sonitum
821 1801 874 1853 in
932 1801 1147 1853 incessu
1197 1814 1321 1859 suo,
1362 1796 1609 1850 auditum
1643 1797 1822 1851 facere

255 1872 486 1922 sonitum
521 1869 574 1918 in
607 1870 808 1935 templo
845 1872 898 1920 in
926 1870 1241 1921 memoriam
1282 1869 1408 1921 [iliis
1436 1869 1616 1934 geniis
1656 1883 1787 1919 sua».

319 1938 529 1990 Stolam
561 1947 829 2007 sanctam,
852 1955 1004 1997 auro,
1040 1948 1094 1991 et
1126 1938 1441 2007 hyacintho,
1474 1946 1529 1989 et
1562 1952 1825 2003 purpura.

254 2023 378 2076 opus
417 2006 637 2069 textile,
671 2010 772 2060 viri
798 2008 1083 2076 sapientis,
1112 2006 1319 2077 judicio
1343 2017 1399 2060 et
1427 2009 1656 2059 veritate
1692 2020 1828 2070 prte-

257 2080 360 2130 diti.

320 2145 494 2198 Torto
517 2159 689 2200 cocco
718 2161 856 2215 opus
879 2146 1123 2210 artilieis,
1162 2146 1389 2214 gemmis
1410 2143 1664 2213 pretiosis
1680 2144 1827 2215 ligu-

261 2220 378 2269 raiis
415 2217 473 2267 in
517 2214 767 2284 hgatnrai
803 2220 943 2277 auri,
981 2226 1036 2269 et
1090 2230 1259 2281 opere
1288 2214 1541 2283 lapidarii
1577 2214 1825 2284 sculptis,

260 2288 306 2338 iii
340 2288 669 2336 memoriam
705 2287 1004 2338 secundum
1040 2301 1328 2337 numerum
1358 2283 1601 2337 tribuum
1638 2283 1826 2336 Israel.

318 2354 539 2405 Corona
569 2367 736 2406 aurea
774 2369 939 2422 super
979 2354 1196 2406 mitram
1230 2358 1349 2419 ejus
1386 2368 1644 2421 eitpressa
1673 2355 1830 2419 signo

259 2423 587 2485 sanctitatis,
618 2436 671 2474 et
702 2425 873 2493 gloria
900 2424 1129 2477 honoris
1157 2441 1170 2476 :
1204 2437 1343 2492 opus
1376 2424 1613 2481 virtutis,
1643 2430 1701 2475 et
1734 2422 1831 2473 de-

259 2494 457 2546 sideria
495 2494 783 2545 oculorum
818 2504 1031 2546 ornata.

326 2562 413 2614 Sic
462 2563 693 2629 pulchra
725 2573 853 2616 ante
877 2564 1057 2631 ipsum
1094 2578 1203 2616 non
1232 2561 1453 2617 luerunt
1495 2560 1623 2613 talia
1658 2576 1830 2628 usque

258 2634 319 2684 nd
346 2636 645 2697 originem.

329 2701 444 2753 Non
489 2710 574 2752 est
608 2700 833 2753 indutus
864 2700 954 2753 illa
986 2702 1289 2769 alienigena
1324 2700 1545 2768 aliquis,
1584 2700 1677 2752 sed
1709 2708 1831 2752 tan-

262 2781 372 2823 tum
432 2769 535 2821 lilii
585 2772 758 2838 ipsius
814 2770 937 2834 soli,
990 2780 1045 2824 et
1096 2784 1324 2839 nepetes
1372 2772 1494 2840 ejus
1529 2785 1627 2838 per
1666 2783 1830 2822 omne

261 2851 497 2894 tempus.

332 2857 616 2963 gagrsilicia
648 2908 821 2976 ipsius
854 2917 1173 2975 consumpta
1208 2917 1338 2962 sunt
1366 2908 1489 2977 igne
1520 2906 1789 2975 quotidie.

324 2980 637 3046 Complevit
687 2978 899 3049 Moyses
938 2992 1132 3033 manus
1184 2979 1325 3044 ejus,
1377 2991 1434 3032 et
1485 2978 1642 3029 unxit
1672 2977 1828 3029 illum

259 3050 373 3103 oleo
404 3058 623 3102 salicto.

326 3118 558 3171 Factum
595 3126 680 3171 est
704 3117 778 3170 illi
818 3120 873 3171 in
914 3125 1297 3170 testamentum
1338 3125 1629 3178 aeternum,
1661 3126 1717 3168 et
1742 3129 1828 3168 se-

260 3190 388 3240 mini
430 3190 555 3255 ejus
586 3189 727 3241 sicut
755 3188 873 3241 dies
897 3187 1020 3240 caeli
1050 3204 1064 3238 :
1098 3186 1250 3255 l‘ungi
1277 3186 1609 3247 sacerdotio,
1647 3194 1703 3255 et
1737 3184 1832 3236 ha-

259 3260 385 3311 bere
419 3254 664 3319 tandem,
696 3265 754 3310 et
803 3255 1109 3325 gloriﬁcare
1155 3254 1417 3324 pupulum
1452 3269 1609 3307 suum
1646 3254 1699 3307 in
1734 3268 1833 3306 no-

258 3343 402 3379 mine
425 3341 571 3395 ejus.

330 3384 515 3464 lpsuiu
537 3398 702 3465 elegit
730 3396 799 3450 ab
820 3395 973 3449 omni
1003 3396 1244 3458 vivente,
1272 3392 1473 3465 offerre
1495 3391 1827 3447 sacriﬁcium
1850 3384 1862 3397 ⁷

258 3463 386 3526 Deo,
425 3463 738 3530 incensum,
781 3474 837 3519 et
882 3469 1088 3519 bonum
1118 3466 1366 3528 odorem,
1398 3463 1454 3516 in
1504 3465 1827 3517 memoriam

257 3537 475 3602 placare
516 3551 616 3603 pro
654 3536 854 3605 populo
884 3549 1004 3589 suo.

328 3606 395 3658 Et
450 3602 607 3658 dedit
655 3602 741 3658 illi
787 3607 841 3658 in
890 3604 1175 3673 praeceptis
1213 3604 1329 3658 suis
1363 3610 1711 3671 potestatem,
1771 3602 1827 3655 in

260 3682 602 3746 testamentis
652 3677 1013 3746 jndiciornni,
1051 3680 1250 3746 docere
1279 3674 1449 3728 Jacob
1492 3673 1829 3735 testimonia,

255 3755 310 3796 et
339 3749 393 3795 in
422 3744 545 3811 lege
574 3742 673 3797 sua
700 3748 877 3798 lucem
905 3744 1034 3796 dare
1072 3742 1259 3797 Israel.

333 3813 475 3877 Quia
533 3824 725 3868 contra
752 3816 927 3866 ~iIIUIIt
980 3822 1254 3867 steterunt
1293 3811 1481 3873 alieni.
1516 3820 1575 3865 et
1604 3821 1829 3880 propter

257 3883 526 3937 inridiam
551 3885 1030 3937 circumdederunt
1053 3884 1203 3935 illum
1237 3883 1483 3935 homines
1509 3883 1563 3935 in
1582 3881 1827 3941 deserto,

254 3957 346 4019 qui
398 3965 565 4007 erant
616 3969 743 4007 cum
778 3954 988 4006 Dathan
1019 3952 1328 4017 etAhiron,
1362 3961 1419 4006 et
1458 3950 1826 4020 congregatio

257 4031 395 4074 bore
424 4022 479 4073 in
524 4023 833 4076 iracundia.

329 4090 477 4143 Vidit
513 4092 779 4147 Dominus
810 4093 975 4156 Deus,
1011 4100 1069 4147 et
1094 4107 1203 4145 non
1234 4093 1439 4162 placuit
1470 4092 1573 4156 illi,
1608 4100 1664 4145 et
1696 4105 1829 4144 con-

254 4162 463 4231 sutripti
496 4174 627 4215 sunt
661 4166 716 4215 in
749 4164 957 4231 impetu
989 4163 1306 4217 iracundiae.

260 4297 269 4306 .
326 4229 481 4283 Fecit
506 4232 612 4285 illis
632 4229 897 4297 monSira,
924 4242 979 4286 et
996 4233 1340 4302 consumpsit
1367 4232 1493 4288 illos
1523 4231 1581 4285 in
1610 4231 1825 4283 ﬂamina

254 4312 417 4351 tuuis.

320 4368 389 4420 lit
419 4370 629 4424 addidit
654 4373 835 4424 Aaron
877 4371 1128 4438 gloriam,
1158 4381 1212 4425 et
1244 4372 1392 4426 dedit
1426 4372 1502 4425 illi
1535 4368 1827 4425 haeredita-

255 4448 389 4510 ιαμ,
432 4451 488 4493 et
516 4443 785 4509 primitias
802 4441 1021 4510 frugum
1053 4452 1211 4495 tet-ne
1233 4443 1421 4496 divisit
1444 4441 1543 4495 illi.

325 4509 532 4562 Panem
580 4512 718 4579 ipsis
772 4513 826 4563 in
866 4509 1060 4579 primis
1107 4512 1318 4579 paravit
1366 4516 1419 4564 in
1468 4512 1828 4579 satietatem:

252 4592 385 4657 nam
428 4589 485 4659 et
518 4578 787 4656 sacrilicia
826 4578 1045 4636 Domini
1072 4578 1260 4647 edent,
1292 4596 1411 4651 qua:
1446 4583 1600 4636 dedit
1630 4578 1734 4643 illi,
1771 4584 1830 4630 et

251 4665 455 4701 semini
482 4666 621 4715 ejus.

320 4722 597 4773 Caeterum
639 4722 700 4776 in
742 4732 888 4776 terra
914 4732 1103 4790 gentes
1149 4739 1262 4778 non
1293 4721 1658 4787 haereditabit,
1701 4735 1829 4792 pars

252 4802 363 4839 non
407 4800 491 4863 est
536 4791 609 4843 illi
640 4794 696 4844 in
744 4801 907 4858 gente
936 4808 950 4844 :
999 4792 1116 4861 ipse
1145 4804 1227 4849 est
1257 4795 1408 4848 enim
1439 4807 1568 4861 pars
1599 4795 1739 4863 ejus,
1774 4800 1830 4845 et

252 4858 460 4911 nictet“
467 4870 565 4912 tas.

326 4928 563 4984 Hiinees
590 4931 739 4986 illius
779 4931 1027 5003 Eleaaari
1057 4933 1249 4988 tertius
1287 4933 1344 4986 in
1376 4934 1552 5003 gloria
1582 4943 1668 4990 est
1698 4932 1827 4987 inii-

250 5003 422 5071 tauuo
450 5016 572 5053 eum
601 5004 659 5055 in
696 5004 894 5071 timore
926 5002 1142 5056 Domini
1172 5020 1190 5057 t

314 5068 393 5141 lit
420 5080 565 5121 stare
598 5072 651 5124 in
688 5070 991 5125 reverentia
1022 5075 1195 5138 gentis
1225 5075 1321 5131 :in
1356 5074 1600 5129 bonitate
1626 5084 1682 5129 et
1711 5074 1828 5128 ala-

246 5147 449 5214 critate
476 5142 666 5214 anima;
690 5158 802 5196 suae
830 5144 1037 5209 placuit
1068 5143 1178 5196 Deo
1207 5160 1306 5214 pro
1332 5144 1517 5199 Israel.

316 5206 453 5260 Ideo
501 5212 687 5263 statuit
737 5206 1239 5266 illi'teSiainentuiii
1298 5216 1467 5281 pacis,
1514 5213 1817 5284 principem

246 5287 573 5355 sanctorum
593 5292 663 5355 et
700 5285 881 5355 gentis
915 5297 1048 5344 suae,
1084 5293 1140 5335 ut
1170 5285 1241 5338 sit
1272 5284 1349 5338 illi
1377 5294 1434 5339 et
1466 5286 1662 5339 semini
1693 5286 1816 5355 ejus

245 5350 542 5401 sucu-uotii
572 5352 811 5419 dignitas
844 5352 895 5404 iii
923 5362 1212 5406 aeternum.

316 5419 385 5469 Et
424 5428 809 5491 testamentum
843 5421 1011 5475 David
1066 5424 1176 5491 regi
1211 5424 1322 5479 lilio
1347 5424 1513 5479 Jessie
1552 5423 1620 5479 de
1669 5423 1821 5478 tribu

242 5484 409 5554 Juua,
438 5490 726 5546 bsereditas
747 5494 848 5561 ipsi
872 5503 926 5544 et
952 5484 1153 5546 semini
1168 5496 1307 5563 ejus,
1329 5507 1387 5549 ut
1414 5495 1572 5551 daret
1599 5496 1821 5565 sapien-

1920 477 2085 534 stitia.
2133 491 2198 527 ne
2252 475 2608 526 abolerentur
2650 472 2789 523 bona
2845 472 3113 537 ipsorum,
3167 476 3220 521 et
3257 470 3485 539 gloriam

1920 546 2159 611 ipsorum
2200 545 2250 595 in
2280 554 2495 613 gentem
2538 557 2728 595 eorum
2766 552 3026 593 aeternam
3060 539 3208 593 fecit.

2485 676 2709 733 CAPUT
2750 677 2935 733 XLVI.

1996 792 2175 848 Fortis
2217 794 2270 847 in
2322 790 2466 846 bello
2496 790 2657 845 Jesus
2687 792 2856 851 Nave.
2906 801 2960 845 et
3000 807 3287 844 successor
3321 791 3487 860 Moysi

1925 865 1979 917 in
2032 864 2339 933 prophetis,
2392 862 2484 931 qui
2523 862 2628 915 fuit
2670 876 2896 931 magnus
2947 861 3254 915 secundum
3291 878 3493 917 nomen

1924 946 2105 986 SUIHII.

2000 1002 2267 1058 Maximus
2314 1003 2367 1059 in
2424 1001 2656 1057 salutem
2685 1001 2982 1055 electorum
3010 999 3131 1061 Dei,
3179 1014 3499 1067 expugnare

1926 1073 2275 1195 insurlgentes
2315 1075 2521 1136 hostes,
2551 1082 2609 1125 ut
2642 1078 3076 1138 consequeretur
3106 1070 3497 1125 IliBl'Cdllalelll

1950 1158 2070 1195 srae
2097 1183 2110 1194 .

1926 1145 2110 1197 Israel.

1998 1213 2172 1275 Quam
2232 1213 2464 1282 gloriam
2519 1210 2752 1279 adeptus
2800 1219 2883 1265 est
2934 1210 2987 1262 in
3025 1208 3267 1282 tollendo
3294 1224 3497 1282 manus

1927 1298 2077 1342 suas.
2112 1292 2167 1336 et
2190 1279 2445 1349 ja'ctaudo
2479 1291 2667 1336 contra
2696 1281 2945 1333 civitates
2974 1279 3312 1349 romphaeas?

1998 1353 2130 1415 Quis
2172 1347 2297 1405 ante
2350 1354 2502 1404 illum
2550 1351 2629 1404 sic
2684 1350 2923 1403 restitit?
2971 1347 3103 1402 Nam
3145 1350 3332 1403 hostes
3382 1347 3501 1416 ipse

1926 1421 2191 1476 Dominus
2224 1422 2496 1488 perduxit.

1999 1494 2080 1542 An
2111 1507 2217 1543 non
2250 1490 2533 1544 iracundia
2563 1490 2682 1553 ejus
2720 1488 3016 1558 impeditus
3046 1496 3135 1543 est
3166 1488 3270 1550 sol,
3300 1495 3357 1541 et
3396 1504 3499 1542 una

1929 1560 2047 1611 dics
2076 1561 2211 1612 facta
2238 1573 2319 1612 εει
2353 1561 2509 1627 quasi
2544 1559 2690 1612 duo?

2000 1629 2277 1682 lnvocavit
2312 1631 2654 1681 Altissimuni
2698 1639 2976 1698 potentem
3031 1627 3084 1681 in
3132 1627 3502 1696 oppugnando

1933 1698 2185 1751 inimicos
2214 1700 2477 1765 nudique,
2506 1709 2560 1751 et
2596 1700 2807 1751 audivit
2844 1699 2990 1750 illum
3022 1711 3250 1762 magnus
3291 1707 3347 1765 et
3376 1711 3505 1749 san-

1933 1779 2055 1821 ctus
2098 1768 2238 1819 Deus
2272 1769 2322 1819 iu
2359 1764 2504 1819 Saxis
2531 1768 2812 1835 grandinis
2848 1770 3065 1818 virtutis
3099 1766 3251 1818 valde
3282 1764 3460 1818 fortis.

2008 1837 2269 1902 Impetum
2308 1836 2435 1889 fecit
2466 1848 2653 1889 contra
2688 1846 2899 1902 gentem
2941 1838 3214 1898 hostilem,
3242 1845 3297 1887 et
3330 1836 3382 1886 iii
3408 1835 3505 1887 de-

1927 1919 2127 1958 scensu
2164 1907 2400 1970 perdidit
2434 1909 2759 1959 contrarios.

2000 1975 2066 2030 Ut
2089 1986 2418 2041 cognoscunt
2449 1986 2638 2040 gentes
2664 1977 2960 2043 potentiam
2987 1975 3129 2043 ejus,
3156 1975 3283 2042 quia
3309 1987 3501 2027 contra

1928 2044 2098 2097 Deum
2128 2057 2373 2112 pugnare
2403 2061 2510 2097 non
2538 2054 2620 2098 est
2645 2048 2818 2099 facile.
2841 2046 2907 2098 Et
2935 2054 3157 2097 secutus
3189 2056 3270 2099 est
3292 2061 3321 2097 a
3349 2056 3502 2112 tergo

1931 2115 2188 2179 potentis.

2005 2184 2069 2234 Et
2105 2184 2158 2235 in
2198 2183 2394 2236 diebus
2428 2183 2593 2252 Moysi
2635 2183 3072 2237 misericordiam
3101 2184 3233 2239 fecit
3266 2184 3407 2251 ipse,
3450 2194 3505 2236 et

1928 2252 2095 2306 Caleb
2126 2253 2268 2304 lilius
2295 2252 2561 2321 Jeplione,
2596 2267 2738 2307 stare
2763 2268 2952 2306 contra
2986 2256 3222 2315 hostem,
3274 2265 3330 2306 et
3379 2270 3498 2322 pro-

1932 2323 2122 2443 liiblere
2156 2332 2371 2389 gentem
2402 2339 2430 2374 ii
2474 2328 2739 2391 peccatis,
2778 2334 2834 2376 et
2876 2324 3219 2393 perfringere
3252 2338 3494 2377 Illurth

1932 2407 2015 2443 nia
2046 2404 2174 2443 itiai.

1932 2404 2174 2445 ωῖιιιιιω.

2004 2483 2069 2535 Ει
2098 2482 2201 2550 ipsi
2232 2484 2339 2536 duo
2373 2484 2681 2548 constituti,
2731 2496 2758 2535 a
2787 2484 3035 2552 periculo
3065 2484 3283 2538 liberati
3316 2494 3442 2538 sunt
3476 2502 3504 2536 :i

1931 2568 2162 2605 numero
2219 2563 2606 2606 sescentorum
2654 2553 2883 2606 millium
2928 2555 3200 2621 peditum,
3238 2555 3504 2607 inducere

1934 2622 2054 2742 illols
2095 2625 2149 2674 in
2184 2622 2583 2687 hereditatem,
2632 2623 2686 2676 in
2717 2632 2939 2686 terrain,
2972 2639 3092 2691 quae
3125 2635 3311 2677 manat
3340 2624 3425 2678 lac
3451 2634 3504 2678 et

1934 2707 2019 2742 ine
2046 2730 2061 2742 .

1934 2707 2061 2744 ιιιυι.

2001 2781 2070 2834 Et
2102 2780 2252 2835 dedit
2284 2782 2548 2855 Dominus
2586 2782 2689 2851 ipsi
2717 2782 2829 2855 [AL
2860 2780 2995 2852 ipse]
3025 2780 3507 2855 Caiebdfortitudi-

1933 2868 2080 2915 nem,
2114 2862 2168 2904 et
2194 2867 2366 2919 usque
2401 2853 2455 2904 in
2491 2853 2830 2906 senectutem
2861 2854 3164 2915 permansit
3198 2853 3271 2905 illi
3307 2855 3503 2918 virtus,

1935 2933 1991 2973 ut
2021 2921 2344 2975 ascenderet
2373 2921 2426 2974 in
2462 2923 2738 2977 excelsum
2778 2932 2938 2975 terra:
2968 2922 3172 2986 locum,
3217 2934 3273 2977 et
3310 2939 3503 2978 semen

1935 2991 2107 3059 ipsius
2136 2992 2378 3046 obtinuit
2408 2992 2726 3045 haereditate
2757 3007 2811 3049 :.

1860 3062 1907 3122 ο
1960 3058 1965 3059 ⁷
2015 3062 2081 3112 Ut
2110 3062 2358 3114 viderent
2406 3076 2597 3114 omnes
2626 3060 2721 3113 lilii
2771 3060 2954 3123 Israel,
3005 3058 3136 3129 quia
3172 3060 3377 3115 bonum
3414 3074 3501 3118 est

1934 3131 2162 3197 obsequi
2197 3144 2386 3184 sancto
2422 3131 2532 3186 Deo
2567 3132 2608 3185 ί.

2004 3200 2070 3253 Et
2095 3200 2309 3269 juoices
2339 3200 2540 3269 singuli
2574 3217 2674 3257 suo
2707 3200 2952 3264 nomine,
3010 3215 3247 3270 quorum
3285 3217 3393 3255 non
3420 3215 3507 3258 est

1931 3277 2252 3337 corruptum
2276 3284 2370 3323 cor
2398 3290 2411 3324 :
2454 3272 2546 3339 qui
2583 3287 2693 3326 non
2725 3276 2900 3327 aversi
2934 3282 3065 3324 sunt
3094 3288 3123 3323 a
3164 3271 3416 3328 Domino.

2002 3341 2070 3397 Ut
2097 3341 2167 3392 sit
2200 3342 2463 3395 memoria
2499 3341 2719 3396 illorum
2754 3344 2811 3396 in
2852 3342 3260 3405 benedictione,
3294 3352 3350 3396 et
3384 3361 3507 3399 ossa

1897 3426 2121 3485 ,eor_um
2151 3409 2425 3477 pullulent
2452 3413 2520 3465 de
2558 3413 2680 3466 loco
2705 3427 2828 3467 suo.

2005 3482 2071 3533 Et
2101 3495 2301 3532 nomen
2333 3496 2525 3535 eorum
2577 3492 2899 3551 permaneat
2956 3483 3010 3534 in
3059 3491 3347 3547 internum,
3385 3498 3510 3551 per-

1933 3563 2164 3607 manens
2216 3551 2284 3601 ad
2361 3553 2505 3606 lilios
2567 3552 2822 3623 illorum,
2883 3561 3199 3606 sanctorum
3262 3553 3505 3608 virorum

1930 3623 2125 3694 gloria.

2006 3693 2245 3746 Dilectus
2308 3707 2340 3745 a
2396 3690 2629 3746 Domino
2670 3693 2781 3747 Deo
2831 3707 2933 3746 suo
2968 3690 3187 3746 Samuel
3240 3693 3506 3760 propheta

1934 3764 2171 3826 Domini,
2205 3765 2488 3815 renovavit
2516 3762 2839 3832 imperium,
2870 3771 2926 3814 et
2964 3764 3117 3814 unxit
3143 3763 3421 3830 principes
3449 3765 3504 3816 iu

1930 3845 2090 3905 gente
2115 3848 2232 3905 sua.

2005 3904 2059 3956 In
2122 3903 2237 3972 lege
2291 3902 2501 3957 Domini
2561 3903 3038 3972 congregationem
3100 3900 3392 3969 judicavit,
3438 3911 3496 3956 et

1931 3974 2067 4027 vidit
2104 3972 2249 4027 Deus
2275 3972 2470 4038 Jacob,
2511 3984 2567 4029 et
2599 3975 2651 4026 in
2677 3974 2783 4027 tide
2811 3987 2908 4025 sua
2950 3972 3215 4040 probatus
3255 3982 3338 4026 est
3374 3987 3503 4039 pro-

1970 4046 2109 4097 lieta.

1932 4062 2357 4180 pn(lilltdcognitus
2384 4124 2472 4170 est
2504 4114 2561 4168 in
2593 4112 2778 4168 verbis
2807 4113 2925 4167 suis
2957 4112 3152 4175 lidelis,
3214 4112 3342 4181 quia
3368 4110 3503 4164 vidit

1932 4184 2102 4237 Deum
2147 4186 2303 4237 lucis.

2006 4254 2073 4306 Et
2110 4254 2381 4307 invocavit
2420 4254 2707 4309 Dominum
2748 4253 3201 4322 omnipotentem,
3246 4252 3297 4305 in
3332 4266 3505 4320 oppu-

1932 4323 2152 4395 gnando
2177 4324 2365 4377 hostes
2394 4327 2823 4380 circumstantes
2847 4326 3089 4392 undique
3135 4322 3191 4375 in
3223 4326 3503 4376 oblatione

1856 4390 1909 4450 Β
1934 4390 2057 4462 agni
2092 4394 2363 4456 inviolati,

1998 4464 2063 4515 Et
2087 4465 2328 4516 intonuit
2351 4464 2419 4518 dc
2452 4467 2592 4520 coelo
2615 4463 2902 4530 Dominus,
2922 4472 2979 4519 et
3008 4465 3061 4517 in
3090 4463 3273 4517 sonitu
3307 4478 3505 4533 magno

1927 4536 2171 4589 auditam
2214 4535 2554 4589 fecitvocein
2592 4550 2768 4590 suam.

2000 4604 2068 4658 Et
2099 4607 2360 4658 contrivit
2387 4606 2666 4674 principes
2693 4605 3013 4675 Tyriorum,
3039 4614 3097 4659 et
3119 4617 3310 4658 omnes
3334 4604 3504 4658 duces

1926 4676 2247 4729 Pliilistiiin.

2007 4746 2070 4798 Et
2091 4757 2217 4797 ante
2249 4754 2465 4811 tempus
2497 4744 2624 4800 linis
2651 4747 2773 4799 vita
2800 4760 2912 4797 sum
2941 4755 2995 4799 et
3019 4745 3225 4807 seculi,
3260 4746 3510 4799 testimo-

1930 4818 2081 4870 nium
2118 4816 2351 4882 prtebuit
2380 4817 2435 4866 in
2466 4827 2760 4883 conspectu
2788 4816 3026 4880 Domini,
3062 4827 3116 4869 et
3138 4818 3368 4878 Christi,
3403 4832 3505 4884 pe-

1930 4888 2123 4939 cunias
2147 4894 2205 4937 et
2235 4899 2407 4952 usque
2427 4886 2495 4937 ad
2527 4889 2895 4940 calceamenta
2922 4891 2991 4939 ab
3026 4902 3174 4939 omni
3204 4900 3369 4941 carne
3394 4901 3506 4939 non

1933 4957 2169 5023 accepit,
2209 4963 2266 5007 et
2291 4969 2401 5006 non
2423 4958 2704 5009 accusavit
2730 4957 2882 5007 illum
2909 4957 3095 5011 homo.

2010 5027 2076 5080 Et
2110 5034 2231 5092 post
2286 5025 2391 5076 hoc
2426 5026 2708 5087 dormivit,
2766 5038 2821 5077 et
2856 5041 3045 5081 nOtuin
3094 5029 3223 5081 fecit
3276 5027 3411 5094 regi,
3447 5040 3505 5077 et

1934 5098 2179 5152 ostendit
2227 5093 2307 5147 illi
2363 5094 2530 5147 linem
2565 5098 2691 5149 vitae
2732 5110 2866 5160 suae,
2917 5109 2973 5151 et
3020 5099 3283 5152 exaltavit
3314 5093 3505 5151 vocent

1932 5183 2087 5221 suain
2133 5168 2201 5220 de
2272 5174 2415 5218 terra
2466 5166 2521 5218 iu
2582 5166 2866 5235 preplietia
2921 5168 3109 5224 delere
3165 5168 3503 5237 impietatem

1928 5239 2132 5308 gentis.

2492 5306 2724 5365 CAPUT
2768 5306 2978 5365 XLVII.

1933 5418 2124 5544 Dl’ozt
2174 5421 2291 5477 haec
2334 5421 2576 5478 surrexit
2627 5418 2843 5477 Natlian
2871 5422 3138 5493 prapheta
3192 5420 3245 5472 in
3296 5412 3495 5471 diebus

1976 5506 2065 5544 avi
2111 5530 2126 5544 .

1976 5506 2126 5546 artu.

315 5632 720 5685 'lnterserunt
781 5632 957 5686 Latini
1002 5634 1096 5687 alii
1143 5634 1359 5688 codices
1412 5650 1547 5689 suo:
1635 5629 1860 5687 Graccus
1942 5648 2073 5689 vero
2132 5642 2313 5689 textus
2375 5640 2587 5689 tantum
2650 5634 2854 5699 habet,
2931 5629 3259 5697 πορεύεσθαι
3331 5627 3512 5684 ὀπίσω

244 5701 480 5771 Κυρίου,
514 5704 782 5755 ambulare
813 5715 927 5771 post
963 5704 1285 5757 Dominum-

646 5796 912 5861 PATiiOL.
944 5798 1173 5861 XXIX.

3006 5794 3071 5854 Ii}
