  <div class='ocr_page' id='page_1' title='image "/cluster/home/n/w/nwhite01/storage/ocr_20150623/29/hvd.32044096580519/261.png"; bbox 0 0 3840 6176; ppageno 0'>
   <div class='ocr_carea' id='block_1_1' title="bbox 393 231 490 296">
    <p class='ocr_par' dir='ltr' id='par_1_1' title="bbox 393 231 490 296">
     <span class='ocr_line' id='line_1_1' title="bbox 393 231 490 296; baseline -0.041 0"><span class='ocrx_word' id='word_1_1' title='bbox 393 231 490 296; x_wconf 69' lang='grc'><strong>491</strong></span> 
     </span>
    </p>
   </div>
   <div class='ocr_carea' id='block_1_2' title="bbox 456 342 2025 419">
    <p class='ocr_par' dir='ltr' id='par_1_2' title="bbox 456 342 2025 419">
     <span class='ocr_line' id='line_1_2' title="bbox 456 342 2025 419; baseline -0.005 -12"><span class='ocrx_word' id='word_1_2' title='bbox 456 355 521 407; x_wconf 83' lang='grc' dir='ltr'>Ει</span> <span class='ocrx_word' id='word_1_3' title='bbox 558 348 710 419; x_wconf 83' lang='lat' dir='ltr'><strong>quasi</strong></span> <span class='ocrx_word' id='word_1_4' title='bbox 752 348 921 418; x_wconf 81' lang='lat' dir='ltr'><strong>adeps</strong></span> <span class='ocrx_word' id='word_1_5' title='bbox 972 357 1256 416; x_wconf 88' lang='lat' dir='ltr'><strong>separatus</strong></span> <span class='ocrx_word' id='word_1_6' title='bbox 1284 363 1311 399; x_wconf 92' lang='lat' dir='ltr'><strong>a</strong></span> <span class='ocrx_word' id='word_1_7' title='bbox 1344 362 1534 407; x_wconf 86' lang='lat' dir='ltr'><strong>carne,</strong></span> <span class='ocrx_word' id='word_1_8' title='bbox 1591 345 1673 399; x_wconf 90' lang='lat' dir='ltr'><strong>sic</strong></span> <span class='ocrx_word' id='word_1_9' title='bbox 1716 342 1884 398; x_wconf 90' lang='lat' dir='ltr'><strong>David</strong></span> <span class='ocrx_word' id='word_1_10' title='bbox 1915 360 1943 399; x_wconf 90' lang='lat' dir='ltr'><strong>a</strong></span> <span class='ocrx_word' id='word_1_11' title='bbox 1982 353 2025 407; x_wconf 76' lang='grc' dir='ltr'><em>Α</em></span> 
     </span>
    </p>
   </div>
   <div class='ocr_carea' id='block_1_3' title="bbox 386 420 730 478">
    <p class='ocr_par' dir='ltr' id='par_1_3' title="bbox 386 420 730 478">
     <span class='ocr_line' id='line_1_3' title="bbox 386 420 730 478; baseline -0.017 0"><span class='ocrx_word' id='word_1_12' title='bbox 386 423 512 478; x_wconf 81' lang='lat' dir='ltr'><strong>filiis</strong></span> <span class='ocrx_word' id='word_1_13' title='bbox 542 420 730 475; x_wconf 88' lang='lat' dir='ltr'><strong>lsracl.</strong></span> 
     </span>
    </p>
   </div>
   <div class='ocr_carea' id='block_1_4' title="bbox 452 483 1954 554">
    <p class='ocr_par' dir='ltr' id='par_1_4' title="bbox 452 483 1954 554">
     <span class='ocr_line' id='line_1_4' title="bbox 452 483 1954 554; baseline -0.007 -8"><span class='ocrx_word' id='word_1_14' title='bbox 452 493 586 547; x_wconf 83' lang='lat' dir='ltr'><strong>Cum</strong></span> <span class='ocrx_word' id='word_1_15' title='bbox 611 488 865 543; x_wconf 84' lang='lat' dir='ltr'><strong>leonibus</strong></span> <span class='ocrx_word' id='word_1_16' title='bbox 902 487 1033 540; x_wconf 92' lang='lat' dir='ltr'><strong>lusit</strong></span> <span class='ocrx_word' id='word_1_17' title='bbox 1061 485 1218 554; x_wconf 86' lang='lat' dir='ltr'><strong>quasi</strong></span> <span class='ocrx_word' id='word_1_18' title='bbox 1244 500 1365 539; x_wconf 90' lang='lat' dir='ltr'><strong>cum</strong></span> <span class='ocrx_word' id='word_1_19' title='bbox 1393 486 1546 553; x_wconf 79' lang='lat' dir='ltr'><strong>agnis</strong></span> <span class='ocrx_word' id='word_1_20' title='bbox 1580 502 1595 539; x_wconf 87' lang='lat'>:</span> <span class='ocrx_word' id='word_1_21' title='bbox 1638 493 1691 537; x_wconf 88' lang='lat' dir='ltr'><strong>et</strong></span> <span class='ocrx_word' id='word_1_22' title='bbox 1720 484 1771 536; x_wconf 93' lang='lat' dir='ltr'><strong>in</strong></span> <span class='ocrx_word' id='word_1_23' title='bbox 1808 483 1954 536; x_wconf 80' lang='lat' dir='ltr'><strong>ursis</strong></span> 
     </span>
    </p>
   </div>
   <div class='ocr_carea' id='block_1_5' title="bbox 383 555 1953 625">
    <p class='ocr_par' dir='ltr' id='par_1_5' title="bbox 383 555 1953 625">
     <span class='ocr_line' id='line_1_5' title="bbox 383 555 1953 625; baseline -0.007 -8"><span class='ocrx_word' id='word_1_24' title='bbox 383 563 637 617; x_wconf 71' lang='lat' dir='ltr'><strong>similiter</strong></span> <span class='ocrx_word' id='word_1_25' title='bbox 682 559 809 613; x_wconf 84' lang='lat' dir='ltr'><strong>fecit</strong></span> <span class='ocrx_word' id='word_1_26' title='bbox 845 558 990 611; x_wconf 91' lang='lat' dir='ltr'><strong>sicut</strong></span> <span class='ocrx_word' id='word_1_27' title='bbox 1029 556 1085 609; x_wconf 92' lang='lat' dir='ltr'><strong>in</strong></span> <span class='ocrx_word' id='word_1_28' title='bbox 1131 556 1286 625; x_wconf 77' lang='lat' dir='ltr'><strong>agnis</strong></span> <span class='ocrx_word' id='word_1_29' title='bbox 1341 556 1529 609; x_wconf 91' lang='lat' dir='ltr'><strong>ovium</strong></span> <span class='ocrx_word' id='word_1_30' title='bbox 1578 556 1631 608; x_wconf 89' lang='lat' dir='ltr'><strong>itt</strong></span> <span class='ocrx_word' id='word_1_31' title='bbox 1660 555 1953 622; x_wconf 87' lang='lat' dir='ltr'><strong>juventute</strong></span> 
     </span>
    </p>
   </div>
   <div class='ocr_carea' id='block_1_6' title="bbox 384 649 505 686">
    <p class='ocr_par' dir='ltr' id='par_1_6' title="bbox 384 649 505 686">
     <span class='ocr_line' id='line_1_6' title="bbox 384 649 505 686; baseline -0.025 0"><span class='ocrx_word' id='word_1_32' title='bbox 384 649 505 686; x_wconf 87' lang='lat' dir='ltr'><strong>sua.</strong></span> 
     </span>
    </p>
   </div>
   <div class='ocr_carea' id='block_1_7' title="bbox 458 715 1957 785">
    <p class='ocr_par' dir='ltr' id='par_1_7' title="bbox 458 715 1957 785">
     <span class='ocr_line' id='line_1_7' title="bbox 458 715 1957 785; baseline -0.004 -11"><span class='ocrx_word' id='word_1_33' title='bbox 458 719 726 785; x_wconf 81' lang='lat' dir='ltr'><strong>Numquid</strong></span> <span class='ocrx_word' id='word_1_34' title='bbox 748 733 852 769; x_wconf 90' lang='lat' dir='ltr'><strong>non</strong></span> <span class='ocrx_word' id='word_1_35' title='bbox 877 715 1078 769; x_wconf 89' lang='lat' dir='ltr'><strong>occidit</strong></span> <span class='ocrx_word' id='word_1_36' title='bbox 1103 715 1399 783; x_wconf 76' lang='lat' dir='ltr'><strong>gigantem,</strong></span> <span class='ocrx_word' id='word_1_37' title='bbox 1423 726 1480 771; x_wconf 89' lang='lat' dir='ltr'><strong>et</strong></span> <span class='ocrx_word' id='word_1_38' title='bbox 1501 715 1732 770; x_wconf 78' lang='lat' dir='ltr'><strong>abstulit</strong></span> <span class='ocrx_word' id='word_1_39' title='bbox 1754 730 1957 785; x_wconf 82' lang='lat' dir='ltr'><strong>oppro-</strong></span> 
     </span>
    </p>
   </div>
   <div class='ocr_carea' id='block_1_8' title="bbox 385 785 895 856">
    <p class='ocr_par' dir='ltr' id='par_1_8' title="bbox 385 785 895 856">
     <span class='ocr_line' id='line_1_8' title="bbox 385 785 895 856; baseline -0.01 -11"><span class='ocrx_word' id='word_1_40' title='bbox 385 795 561 845; x_wconf 87' lang='lat' dir='ltr'><strong>brium</strong></span> <span class='ocrx_word' id='word_1_41' title='bbox 596 790 662 842; x_wconf 87' lang='lat' dir='ltr'><strong>de</strong></span> <span class='ocrx_word' id='word_1_42' title='bbox 691 785 895 856; x_wconf 77' lang='lat' dir='ltr'><strong>gente?</strong></span> 
     </span>
    </p>
   </div>
   <div class='ocr_carea' id='block_1_9' title="bbox 451 854 1961 925">
    <p class='ocr_par' dir='ltr' id='par_1_9' title="bbox 451 854 1961 925">
     <span class='ocr_line' id='line_1_9' title="bbox 451 854 1961 925; baseline -0.003 -13"><span class='ocrx_word' id='word_1_43' title='bbox 451 864 501 913; x_wconf 92' lang='lat' dir='ltr'><strong>In</strong></span> <span class='ocrx_word' id='word_1_44' title='bbox 538 854 776 911; x_wconf 78' lang='lat' dir='ltr'><strong>tollendo</strong></span> <span class='ocrx_word' id='word_1_45' title='bbox 807 870 1048 922; x_wconf 88' lang='lat' dir='ltr'><strong>manum,</strong></span> <span class='ocrx_word' id='word_1_46' title='bbox 1088 870 1219 909; x_wconf 78' lang='lat' dir='ltr'><strong>saxo</strong></span> <span class='ocrx_word' id='word_1_47' title='bbox 1260 854 1440 909; x_wconf 64' lang='lat' dir='ltr'><strong>fundae</strong></span> <span class='ocrx_word' id='word_1_48' title='bbox 1469 855 1671 925; x_wconf 86' lang='lat' dir='ltr'><strong>dejecit</strong></span> <span class='ocrx_word' id='word_1_49' title='bbox 1708 854 1961 909; x_wconf 82' lang='lat' dir='ltr'><strong>exsulta-</strong></span> 
     </span>
    </p>
   </div>
   <div class='ocr_carea' id='block_1_10' title="bbox 385 928 1729 984">
    <p class='ocr_par' dir='ltr' id='par_1_10' title="bbox 385 928 1729 984">
     <span class='ocr_line' id='line_1_10' title="bbox 385 928 1729 984; baseline -0.018 -1"><span class='ocrx_word' id='word_1_50' title='bbox 385 933 583 984; x_wconf 83' lang='lat' dir='ltr'><strong>tionem</strong></span> <span class='ocrx_word' id='word_1_51' title='bbox 611 928 799 981; x_wconf 67' lang='lat' dir='ltr'><strong>Golitn.</strong></span> <span class='ocrx_word' id='word_1_52' title='bbox 1726 932 1729 933; x_wconf 50' lang='grc' dir='ltr'><em>ν</em></span> 
     </span>
    </p>
   </div>
   <div class='ocr_carea' id='block_1_11' title="bbox 456 995 1955 1065">
    <p class='ocr_par' dir='ltr' id='par_1_11' title="bbox 456 995 1955 1065">
     <span class='ocr_line' id='line_1_11' title="bbox 456 995 1955 1065; baseline -0.002 -14"><span class='ocrx_word' id='word_1_53' title='bbox 456 1001 585 1053; x_wconf 83' lang='lat' dir='ltr'><strong>Nam</strong></span> <span class='ocrx_word' id='word_1_54' title='bbox 612 998 884 1051; x_wconf 79' lang='lat' dir='ltr'><strong>invocavit</strong></span> <span class='ocrx_word' id='word_1_55' title='bbox 908 996 1198 1050; x_wconf 91' lang='lat' dir='ltr'><strong>Dominum</strong></span> <span class='ocrx_word' id='word_1_56' title='bbox 1229 996 1777 1065; x_wconf 84' lang='lat' dir='ltr'><strong>omnipotentem.et</strong></span> <span class='ocrx_word' id='word_1_57' title='bbox 1804 995 1955 1048; x_wconf 88' lang='lat' dir='ltr'><strong>dedit</strong></span> 
     </span>
    </p>
   </div>
   <div class='ocr_carea' id='block_1_12' title="bbox 382 1064 1951 1134">
    <p class='ocr_par' dir='ltr' id='par_1_12' title="bbox 382 1064 1951 1134">
     <span class='ocr_line' id='line_1_12' title="bbox 382 1064 1951 1134; baseline -0.004 -10"><span class='ocrx_word' id='word_1_58' title='bbox 382 1074 435 1124; x_wconf 84' lang='lat' dir='ltr'><strong>in</strong></span> <span class='ocrx_word' id='word_1_59' title='bbox 472 1071 692 1122; x_wconf 79' lang='lat' dir='ltr'><strong>dextera</strong></span> <span class='ocrx_word' id='word_1_60' title='bbox 734 1070 852 1134; x_wconf 83' lang='lat' dir='ltr'><strong>ejus</strong></span> <span class='ocrx_word' id='word_1_61' title='bbox 888 1068 1079 1121; x_wconf 89' lang='lat' dir='ltr'><strong>tollere</strong></span> <span class='ocrx_word' id='word_1_62' title='bbox 1124 1064 1401 1119; x_wconf 85' lang='lat' dir='ltr'><strong>hominem</strong></span> <span class='ocrx_word' id='word_1_63' title='bbox 1451 1066 1651 1117; x_wconf 80' lang='lat' dir='ltr'><strong>fortem</strong></span> <span class='ocrx_word' id='word_1_64' title='bbox 1698 1064 1751 1117; x_wconf 92' lang='lat' dir='ltr'><strong>in</strong></span> <span class='ocrx_word' id='word_1_65' title='bbox 1784 1066 1951 1129; x_wconf 87' lang='lat' dir='ltr'><strong>bello,</strong></span> 
     </span>
    </p>
   </div>
   <div class='ocr_carea' id='block_1_13' title="bbox 381 1137 1275 1203">
    <p class='ocr_par' dir='ltr' id='par_1_13' title="bbox 381 1137 1275 1203">
     <span class='ocr_line' id='line_1_13' title="bbox 381 1137 1275 1203; baseline -0.009 -7"><span class='ocrx_word' id='word_1_66' title='bbox 381 1153 435 1196; x_wconf 87' lang='lat' dir='ltr'><strong>et</strong></span> <span class='ocrx_word' id='word_1_67' title='bbox 460 1140 700 1193; x_wconf 78' lang='lat' dir='ltr'><strong>exaltare</strong></span> <span class='ocrx_word' id='word_1_68' title='bbox 735 1153 904 1189; x_wconf 75' lang='lat' dir='ltr'><strong>cornu</strong></span> <span class='ocrx_word' id='word_1_69' title='bbox 933 1137 1112 1203; x_wconf 76' lang='lat' dir='ltr'><strong>gentis</strong></span> <span class='ocrx_word' id='word_1_70' title='bbox 1143 1152 1275 1188; x_wconf 61' lang='lat' dir='ltr'><strong>suae.</strong></span> 
     </span>
    </p>
   </div>
   <div class='ocr_carea' id='block_1_14' title="bbox 453 1202 1955 1273">
    <p class='ocr_par' dir='ltr' id='par_1_14' title="bbox 453 1202 1955 1273">
     <span class='ocr_line' id='line_1_14' title="bbox 453 1202 1955 1273; baseline -0.005 -9"><span class='ocrx_word' id='word_1_71' title='bbox 453 1214 542 1264; x_wconf 83' lang='lat' dir='ltr'><strong>Sic</strong></span> <span class='ocrx_word' id='word_1_72' title='bbox 574 1211 623 1260; x_wconf 87' lang='lat' dir='ltr'><strong>in</strong></span> <span class='ocrx_word' id='word_1_73' title='bbox 654 1209 839 1260; x_wconf 83' lang='lat' dir='ltr'><strong>decem</strong></span> <span class='ocrx_word' id='word_1_74' title='bbox 870 1202 1110 1259; x_wconf 85' lang='lat' dir='ltr'><strong>millibus</strong></span> <span class='ocrx_word' id='word_1_75' title='bbox 1144 1204 1473 1273; x_wconf 80' lang='lat' dir='ltr'><strong>gloriﬁcavit</strong></span> <span class='ocrx_word' id='word_1_76' title='bbox 1496 1220 1646 1263; x_wconf 86' lang='lat' dir='ltr'><strong>eum,</strong></span> <span class='ocrx_word' id='word_1_77' title='bbox 1675 1211 1731 1255; x_wconf 92' lang='lat' dir='ltr'><strong>et</strong></span> <span class='ocrx_word' id='word_1_78' title='bbox 1758 1202 1955 1257; x_wconf 89' lang='lat' dir='ltr'><strong>lauda-</strong></span> 
     </span>
    </p>
   </div>
   <div class='ocr_carea' id='block_1_15' title="bbox 383 1274 1953 1333">
    <p class='ocr_par' dir='ltr' id='par_1_15' title="bbox 383 1274 1953 1333">
     <span class='ocr_line' id='line_1_15' title="bbox 383 1274 1953 1333; baseline -0.004 0"><span class='ocrx_word' id='word_1_79' title='bbox 383 1286 460 1333; x_wconf 85' lang='lat' dir='ltr'><strong>vit</strong></span> <span class='ocrx_word' id='word_1_80' title='bbox 489 1295 612 1333; x_wconf 91' lang='lat' dir='ltr'><strong>eum</strong></span> <span class='ocrx_word' id='word_1_81' title='bbox 639 1278 691 1329; x_wconf 94' lang='lat' dir='ltr'><strong>in</strong></span> <span class='ocrx_word' id='word_1_82' title='bbox 722 1276 1198 1329; x_wconf 81' lang='lat' dir='ltr'><strong>benedictionibus</strong></span> <span class='ocrx_word' id='word_1_83' title='bbox 1223 1275 1437 1328; x_wconf 85' lang='lat' dir='ltr'><strong>Domini</strong></span> <span class='ocrx_word' id='word_1_84' title='bbox 1473 1274 1527 1327; x_wconf 91' lang='lat' dir='ltr'><strong>in</strong></span> <span class='ocrx_word' id='word_1_85' title='bbox 1558 1274 1848 1327; x_wconf 80' lang='lat' dir='ltr'><strong>oﬂ‘erendo</strong></span> <span class='ocrx_word' id='word_1_86' title='bbox 1874 1274 1953 1327; x_wconf 90' lang='lat' dir='ltr'><strong>illi</strong></span> 
     </span>
    </p>
   </div>
   <div class='ocr_carea' id='block_1_16' title="bbox 384 1347 1923 1420">
    <p class='ocr_par' dir='ltr' id='par_1_16' title="bbox 384 1347 1923 1420">
     <span class='ocr_line' id='line_1_16' title="bbox 384 1347 1923 1420; baseline -0.003 -17"><span class='ocrx_word' id='word_1_87' title='bbox 384 1364 642 1420; x_wconf 86' lang='lat' dir='ltr'><strong>coronam</strong></span> <span class='ocrx_word' id='word_1_88' title='bbox 674 1347 877 1420; x_wconf 75' lang='lat' dir='ltr'><strong>gloriae.</strong></span> <span class='ocrx_word' id='word_1_89' title='bbox 928 1417 938 1420; x_wconf 90' lang='lat'>_</span> <span class='ocrx_word' id='word_1_90' title='bbox 989 1416 999 1420; x_wconf 87' lang='lat'><em>_</em></span> <span class='ocrx_word' id='word_1_91' title='bbox 1067 1417 1078 1420; x_wconf 86' lang='lat'>_</span> <span class='ocrx_word' id='word_1_92' title='bbox 1313 1414 1347 1420; x_wconf 84' lang='lat'>__</span> <span class='ocrx_word' id='word_1_93' title='bbox 1747 1413 1759 1420; x_wconf 89' lang='lat'>_</span> <span class='ocrx_word' id='word_1_94' title='bbox 1913 1412 1923 1420; x_wconf 37' lang='lat'><strong>.</strong></span> 
     </span>
    </p>
   </div>
   <div class='ocr_carea' id='block_1_17' title="bbox 456 1413 1956 1482">
    <p class='ocr_par' dir='ltr' id='par_1_17' title="bbox 456 1413 1956 1482">
     <span class='ocr_line' id='line_1_17' title="bbox 456 1413 1956 1482; baseline -0.005 -10"><span class='ocrx_word' id='word_1_95' title='bbox 456 1413 727 1472; x_wconf 73' lang='lat' dir='ltr'><strong>Contrivit</strong></span> <span class='ocrx_word' id='word_1_96' title='bbox 755 1416 902 1469; x_wconf 89' lang='lat' dir='ltr'><strong>enim</strong></span> <span class='ocrx_word' id='word_1_97' title='bbox 928 1416 1180 1470; x_wconf 85' lang='lat' dir='ltr'><strong>inimicos</strong></span> <span class='ocrx_word' id='word_1_98' title='bbox 1218 1414 1485 1482; x_wconf 88' lang='lat' dir='ltr'><strong>undique,</strong></span> <span class='ocrx_word' id='word_1_99' title='bbox 1521 1420 1576 1465; x_wconf 89' lang='lat' dir='ltr'><strong>et</strong></span> <span class='ocrx_word' id='word_1_100' title='bbox 1622 1413 1956 1478; x_wconf 80' lang='lat' dir='ltr'><strong>exstirpavit</strong></span> 
     </span>
    </p>
   </div>
   <div class='ocr_carea' id='block_1_18' title="bbox 382 1483 1954 1552">
    <p class='ocr_par' dir='ltr' id='par_1_18' title="bbox 382 1483 1954 1552">
     <span class='ocr_line' id='line_1_18' title="bbox 382 1483 1954 1552; baseline -0.007 -7"><span class='ocrx_word' id='word_1_101' title='bbox 382 1488 673 1545; x_wconf 74' lang='lat' dir='ltr'><strong>Philistiim</strong></span> <span class='ocrx_word' id='word_1_102' title='bbox 725 1490 1025 1539; x_wconf 87' lang='lat' dir='ltr'><strong>contrarios</strong></span> <span class='ocrx_word' id='word_1_103' title='bbox 1075 1500 1247 1552; x_wconf 85' lang='lat' dir='ltr'><strong>usque</strong></span> <span class='ocrx_word' id='word_1_104' title='bbox 1302 1484 1354 1536; x_wconf 92' lang='lat' dir='ltr'><strong>in</strong></span> <span class='ocrx_word' id='word_1_105' title='bbox 1405 1483 1734 1535; x_wconf 89' lang='lat' dir='ltr'><strong>hodiernum</strong></span> <span class='ocrx_word' id='word_1_106' title='bbox 1769 1483 1954 1549; x_wconf 84' lang='lat' dir='ltr'><strong>diem;</strong></span> 
     </span>
    </p>
   </div>
   <div class='ocr_carea' id='block_1_19' title="bbox 382 1556 1754 1623">
    <p class='ocr_par' dir='ltr' id='par_1_19' title="bbox 382 1556 1754 1623">
     <span class='ocr_line' id='line_1_19' title="bbox 382 1556 1754 1623; baseline -0.007 -9"><span class='ocrx_word' id='word_1_107' title='bbox 382 1558 639 1614; x_wconf 88' lang='lat' dir='ltr'><strong>contrivit</strong></span> <span class='ocrx_word' id='word_1_108' title='bbox 687 1570 859 1609; x_wconf 83' lang='lat' dir='ltr'><strong>cornu</strong></span> <span class='ocrx_word' id='word_1_109' title='bbox 895 1558 1133 1623; x_wconf 88' lang='lat' dir='ltr'><strong>ipsorum</strong></span> <span class='ocrx_word' id='word_1_110' title='bbox 1172 1569 1345 1620; x_wconf 89' lang='lat' dir='ltr'><strong>usque</strong></span> <span class='ocrx_word' id='word_1_111' title='bbox 1377 1556 1432 1606; x_wconf 90' lang='lat' dir='ltr'><strong>in</strong></span> <span class='ocrx_word' id='word_1_112' title='bbox 1464 1563 1754 1623; x_wconf 68' lang='lat' dir='ltr'><strong>internum.</strong></span> 
     </span>
    </p>
   </div>
   <div class='ocr_carea' id='block_1_20' title="bbox 458 1621 1956 1692">
    <p class='ocr_par' dir='ltr' id='par_1_20' title="bbox 458 1621 1956 1692">
     <span class='ocr_line' id='line_1_20' title="bbox 458 1621 1956 1692; baseline -0.003 -11"><span class='ocrx_word' id='word_1_113' title='bbox 458 1629 515 1681; x_wconf 92' lang='lat' dir='ltr'><strong>In</strong></span> <span class='ocrx_word' id='word_1_114' title='bbox 566 1626 715 1680; x_wconf 88' lang='lat' dir='ltr'><strong>omni</strong></span> <span class='ocrx_word' id='word_1_115' title='bbox 768 1621 933 1692; x_wconf 77' lang='lat' dir='ltr'><strong>Opere</strong></span> <span class='ocrx_word' id='word_1_116' title='bbox 981 1624 1133 1677; x_wconf 87' lang='lat' dir='ltr'><strong>dedit</strong></span> <span class='ocrx_word' id='word_1_117' title='bbox 1176 1625 1584 1677; x_wconf 86' lang='lat' dir='ltr'><strong>confessionem</strong></span> <span class='ocrx_word' id='word_1_118' title='bbox 1633 1621 1860 1685; x_wconf 78' lang='lat' dir='ltr'><strong>Sancto,</strong></span> <span class='ocrx_word' id='word_1_119' title='bbox 1900 1630 1956 1676; x_wconf 88' lang='lat' dir='ltr'><strong>et</strong></span> 
     </span>
    </p>
   </div>
   <div class='ocr_carea' id='block_1_21' title="bbox 384 1695 1127 1762">
    <p class='ocr_par' dir='ltr' id='par_1_21' title="bbox 384 1695 1127 1762">
     <span class='ocr_line' id='line_1_21' title="bbox 384 1695 1127 1762; baseline -0.009 -10"><span class='ocrx_word' id='word_1_120' title='bbox 384 1698 614 1752; x_wconf 78' lang='lat' dir='ltr'><strong>Excelso</strong></span> <span class='ocrx_word' id='word_1_121' title='bbox 647 1697 699 1749; x_wconf 91' lang='lat' dir='ltr'><strong>in</strong></span> <span class='ocrx_word' id='word_1_122' title='bbox 725 1697 892 1747; x_wconf 87' lang='lat' dir='ltr'><strong>verbo</strong></span> <span class='ocrx_word' id='word_1_123' title='bbox 918 1695 1127 1762; x_wconf 72' lang='lat' dir='ltr'><strong>gloriae.</strong></span> 
     </span>
    </p>
   </div>
   <div class='ocr_carea' id='block_1_22' title="bbox 457 1781 1961 1848">
    <p class='ocr_par' dir='ltr' id='par_1_22' title="bbox 457 1781 1961 1848">
     <span class='ocr_line' id='line_1_22' title="bbox 457 1781 1961 1848; baseline -0.005 -5"><span class='ocrx_word' id='word_1_124' title='bbox 457 1790 535 1842; x_wconf 88' lang='lat' dir='ltr'><strong>De</strong></span> <span class='ocrx_word' id='word_1_125' title='bbox 565 1785 715 1840; x_wconf 91' lang='lat' dir='ltr'><strong>omni</strong></span> <span class='ocrx_word' id='word_1_126' title='bbox 746 1787 912 1838; x_wconf 90' lang='lat' dir='ltr'><strong>corde</strong></span> <span class='ocrx_word' id='word_1_127' title='bbox 946 1801 1046 1837; x_wconf 86' lang='lat' dir='ltr'><strong>suo</strong></span> <span class='ocrx_word' id='word_1_128' title='bbox 1077 1782 1320 1837; x_wconf 79' lang='lat' dir='ltr'><strong>laudavit</strong></span> <span class='ocrx_word' id='word_1_129' title='bbox 1340 1782 1660 1848; x_wconf 91' lang='lat' dir='ltr'><strong>Dominum,</strong></span> <span class='ocrx_word' id='word_1_130' title='bbox 1687 1789 1740 1834; x_wconf 90' lang='lat' dir='ltr'><strong>et</strong></span> <span class='ocrx_word' id='word_1_131' title='bbox 1773 1781 1961 1836; x_wconf 82' lang='lat' dir='ltr'><strong>dilexit</strong></span> 
     </span>
    </p>
   </div>
   <div class='ocr_carea' id='block_1_23' title="bbox 388 1852 1963 1937">
    <p class='ocr_par' dir='ltr' id='par_1_23' title="bbox 388 1852 1963 1937">
     <span class='ocr_line' id='line_1_23' title="bbox 388 1852 1963 1937; baseline -0.003 -26"><span class='ocrx_word' id='word_1_132' title='bbox 388 1858 593 1937; x_wconf 51' lang='lat' dir='ltr'><strong>Deum,</strong></span> <span class='ocrx_word' id='word_1_133' title='bbox 614 1856 708 1923; x_wconf 89' lang='lat' dir='ltr'><strong>qui</strong></span> <span class='ocrx_word' id='word_1_134' title='bbox 738 1856 868 1909; x_wconf 90' lang='lat' dir='ltr'><strong>fecit</strong></span> <span class='ocrx_word' id='word_1_135' title='bbox 893 1855 1046 1907; x_wconf 91' lang='lat' dir='ltr'><strong>illum</strong></span> <span class='ocrx_word' id='word_1_136' title='bbox 1073 1870 1086 1906; x_wconf 88' lang='lat'><strong>:</strong></span> <span class='ocrx_word' id='word_1_137' title='bbox 1114 1862 1168 1907; x_wconf 88' lang='lat' dir='ltr'><strong>et</strong></span> <span class='ocrx_word' id='word_1_138' title='bbox 1196 1853 1351 1907; x_wconf 82' lang='lat' dir='ltr'><strong>dedit</strong></span> <span class='ocrx_word' id='word_1_139' title='bbox 1374 1853 1452 1905; x_wconf 88' lang='lat' dir='ltr'><strong>illi</strong></span> <span class='ocrx_word' id='word_1_140' title='bbox 1486 1861 1678 1906; x_wconf 89' lang='lat' dir='ltr'><strong>c0ntra</strong></span> <span class='ocrx_word' id='word_1_141' title='bbox 1705 1852 1963 1908; x_wconf 71' lang='lat' dir='ltr'><strong>inimicos</strong></span> 
     </span>
    </p>
   </div>
   <div class='ocr_carea' id='block_1_24' title="bbox 386 1935 730 1998">
    <p class='ocr_par' dir='ltr' id='par_1_24' title="bbox 386 1935 730 1998">
     <span class='ocr_line' id='line_1_24' title="bbox 386 1935 730 1998; baseline -0.012 -16"><span class='ocrx_word' id='word_1_142' title='bbox 386 1935 689 1998; x_wconf 86' lang='lat' dir='ltr'><strong>potentiam</strong></span> <span class='ocrx_word' id='word_1_143' title='bbox 715 1942 730 1979; x_wconf 87' lang='lat'><strong>:</strong></span> 
     </span>
    </p>
   </div>
   <div class='ocr_carea' id='block_1_25' title="bbox 457 2014 1963 2079">
    <p class='ocr_par' dir='ltr' id='par_1_25' title="bbox 457 2014 1963 2079">
     <span class='ocr_line' id='line_1_25' title="bbox 457 2014 1963 2079; baseline -0.006 -5"><span class='ocrx_word' id='word_1_144' title='bbox 457 2021 525 2074; x_wconf 88' lang='lat' dir='ltr'><strong>Et</strong></span> <span class='ocrx_word' id='word_1_145' title='bbox 563 2028 709 2073; x_wconf 87' lang='lat' dir='ltr'><strong>stare</strong></span> <span class='ocrx_word' id='word_1_146' title='bbox 741 2016 870 2070; x_wconf 86' lang='lat' dir='ltr'><strong>fecit</strong></span> <span class='ocrx_word' id='word_1_147' title='bbox 908 2024 1162 2070; x_wconf 89' lang='lat' dir='ltr'><strong>cantores</strong></span> <span class='ocrx_word' id='word_1_148' title='bbox 1195 2023 1387 2069; x_wconf 87' lang='lat' dir='ltr'><strong>contra</strong></span> <span class='ocrx_word' id='word_1_149' title='bbox 1426 2014 1620 2079; x_wconf 87' lang='lat' dir='ltr'><strong>altare,</strong></span> <span class='ocrx_word' id='word_1_150' title='bbox 1654 2022 1710 2067; x_wconf 91' lang='lat' dir='ltr'><strong>et</strong></span> <span class='ocrx_word' id='word_1_151' title='bbox 1741 2014 1795 2066; x_wconf 92' lang='lat' dir='ltr'><strong>in</strong></span> <span class='ocrx_word' id='word_1_152' title='bbox 1827 2026 1963 2067; x_wconf 90' lang='lat' dir='ltr'><strong>sono</strong></span> 
     </span>
    </p>
   </div>
   <div class='ocr_carea' id='block_1_26' title="bbox 386 2085 1214 2144">
    <p class='ocr_par' dir='ltr' id='par_1_26' title="bbox 386 2085 1214 2144">
     <span class='ocr_line' id='line_1_26' title="bbox 386 2085 1214 2144; baseline -0.006 0"><span class='ocrx_word' id='word_1_153' title='bbox 386 2106 576 2144; x_wconf 86' lang='lat' dir='ltr'><strong>eorum</strong></span> <span class='ocrx_word' id='word_1_154' title='bbox 617 2088 805 2141; x_wconf 84' lang='lat' dir='ltr'><strong>dulces</strong></span> <span class='ocrx_word' id='word_1_155' title='bbox 840 2085 967 2139; x_wconf 90' lang='lat' dir='ltr'><strong>fecit</strong></span> <span class='ocrx_word' id='word_1_156' title='bbox 1000 2086 1214 2140; x_wconf 91' lang='lat' dir='ltr'><strong>modos.</strong></span> 
     </span>
    </p>
   </div>
   <div class='ocr_carea' id='block_1_27' title="bbox 464 2152 1962 2216">
    <p class='ocr_par' dir='ltr' id='par_1_27' title="bbox 464 2152 1962 2216">
     <span class='ocr_line' id='line_1_27' title="bbox 464 2152 1962 2216; baseline -0.007 -2"><span class='ocrx_word' id='word_1_157' title='bbox 464 2162 527 2214; x_wconf 74' lang='lat' dir='ltr'><strong>Et</strong></span> <span class='ocrx_word' id='word_1_158' title='bbox 577 2157 729 2212; x_wconf 86' lang='lat' dir='ltr'><strong>dedit</strong></span> <span class='ocrx_word' id='word_1_159' title='bbox 774 2158 829 2209; x_wconf 88' lang='lat' dir='ltr'><strong>in</strong></span> <span class='ocrx_word' id='word_1_160' title='bbox 887 2154 1354 2209; x_wconf 85' lang='lat' dir='ltr'><strong>celebrationibus</strong></span> <span class='ocrx_word' id='word_1_161' title='bbox 1399 2153 1593 2216; x_wconf 86' lang='lat' dir='ltr'><strong>decus,</strong></span> <span class='ocrx_word' id='word_1_162' title='bbox 1630 2158 1685 2205; x_wconf 92' lang='lat' dir='ltr'><strong>et</strong></span> <span class='ocrx_word' id='word_1_163' title='bbox 1739 2152 1962 2205; x_wconf 86' lang='lat' dir='ltr'><strong>ornavit</strong></span> 
     </span>
    </p>
   </div>
   <div class='ocr_carea' id='block_1_28' title="bbox 389 2222 1956 2298">
    <p class='ocr_par' dir='ltr' id='par_1_28' title="bbox 389 2222 1956 2298">
     <span class='ocr_line' id='line_1_28' title="bbox 389 2222 1956 2298; baseline -0.006 -14"><span class='ocrx_word' id='word_1_164' title='bbox 389 2240 635 2298; x_wconf 85' lang='lat' dir='ltr'><strong>tempora</strong></span> <span class='ocrx_word' id='word_1_165' title='bbox 667 2240 839 2293; x_wconf 84' lang='lat' dir='ltr'><strong>usque</strong></span> <span class='ocrx_word' id='word_1_166' title='bbox 876 2226 943 2278; x_wconf 90' lang='lat' dir='ltr'><strong>ad</strong></span> <span class='ocrx_word' id='word_1_167' title='bbox 978 2224 1515 2298; x_wconf 76' lang='lat' dir='ltr'><strong>consummationem</strong></span> <span class='ocrx_word' id='word_1_168' title='bbox 1570 2224 1810 2298; x_wconf 34' lang='lat' dir='ltr'><strong>vitte_,uut</strong></span> <span class='ocrx_word' id='word_1_169' title='bbox 1841 2222 1956 2275; x_wconf 89' lang='lat' dir='ltr'><strong>lau-</strong></span> 
     </span>
    </p>
   </div>
   <div class='ocr_carea' id='block_1_29' title="bbox 388 2292 1962 2360">
    <p class='ocr_par' dir='ltr' id='par_1_29' title="bbox 388 2292 1962 2360">
     <span class='ocr_line' id='line_1_29' title="bbox 388 2292 1962 2360; baseline -0.006 -8"><span class='ocrx_word' id='word_1_170' title='bbox 388 2292 585 2352; x_wconf 78' lang='lat' dir='ltr'><strong>darent</strong></span> <span class='ocrx_word' id='word_1_171' title='bbox 624 2292 823 2350; x_wconf 81' lang='lat' dir='ltr'><strong>nomen</strong></span> <span class='ocrx_word' id='word_1_172' title='bbox 876 2302 1124 2348; x_wconf 89' lang='lat' dir='ltr'><strong>sanctum</strong></span> <span class='ocrx_word' id='word_1_173' title='bbox 1177 2293 1416 2358; x_wconf 85' lang='lat' dir='ltr'><strong>Domini,</strong></span> <span class='ocrx_word' id='word_1_174' title='bbox 1467 2302 1524 2346; x_wconf 92' lang='lat' dir='ltr'><strong>et</strong></span> <span class='ocrx_word' id='word_1_175' title='bbox 1559 2292 1962 2360; x_wconf 85' lang='lat' dir='ltr'><strong>ampliticarent</strong></span> 
     </span>
    </p>
   </div>
   <div class='ocr_carea' id='block_1_30' title="bbox 324 2367 1074 2422">
    <p class='ocr_par' dir='ltr' id='par_1_30' title="bbox 324 2367 1074 2422">
     <span class='ocr_line' id='line_1_30' title="bbox 324 2367 1074 2422; baseline -0.012 1"><span class='ocrx_word' id='word_1_176' title='bbox 324 2392 333 2401; x_wconf 63' lang='grc' dir='ltr'><strong>η</strong></span> <span class='ocrx_word' id='word_1_177' title='bbox 388 2385 547 2422; x_wconf 90' lang='lat' dir='ltr'><strong>mane</strong></span> <span class='ocrx_word' id='word_1_178' title='bbox 580 2369 670 2421; x_wconf 93' lang='lat' dir='ltr'><strong>Dei</strong></span> <span class='ocrx_word' id='word_1_179' title='bbox 707 2367 1074 2419; x_wconf 84' lang='lat' dir='ltr'><strong>sanctitatem.</strong></span> 
     </span>
    </p>
   </div>
   <div class='ocr_carea' id='block_1_31' title="bbox 462 2430 1959 2502">
    <p class='ocr_par' dir='ltr' id='par_1_31' title="bbox 462 2430 1959 2502">
     <span class='ocr_line' id='line_1_31' title="bbox 462 2430 1959 2502; baseline -0.005 -12"><span class='ocrx_word' id='word_1_180' title='bbox 462 2439 726 2491; x_wconf 86' lang='lat' dir='ltr'><strong>Dominus</strong></span> <span class='ocrx_word' id='word_1_181' title='bbox 762 2435 1252 2502; x_wconf 80' lang='lat' dir='ltr'><strong>pnrgavitpeccata</strong></span> <span class='ocrx_word' id='word_1_182' title='bbox 1292 2432 1584 2502; x_wconf 84' lang='lat' dir='ltr'><strong>ipsius,et</strong></span> <span class='ocrx_word' id='word_1_183' title='bbox 1614 2430 1880 2485; x_wconf 79' lang='lat' dir='ltr'><strong>exaltavit</strong></span> <span class='ocrx_word' id='word_1_184' title='bbox 1907 2430 1959 2483; x_wconf 91' lang='lat' dir='ltr'><strong>in</strong></span> 
     </span>
    </p>
   </div>
   <div class='ocr_carea' id='block_1_32' title="bbox 386 2500 1958 2570">
    <p class='ocr_par' dir='ltr' id='par_1_32' title="bbox 386 2500 1958 2570">
     <span class='ocr_line' id='line_1_32' title="bbox 386 2500 1958 2570; baseline -0.005 -10"><span class='ocrx_word' id='word_1_185' title='bbox 386 2519 652 2561; x_wconf 63' lang='lat' dir='ltr'><strong>aeternum</strong></span> <span class='ocrx_word' id='word_1_186' title='bbox 696 2500 1076 2570; x_wconf 27' lang='lat' dir='ltr'><strong>cornu’ejus’:</strong></span> <span class='ocrx_word' id='word_1_187' title='bbox 1130 2512 1185 2555; x_wconf 89' lang='lat' dir='ltr'><strong>et</strong></span> <span class='ocrx_word' id='word_1_188' title='bbox 1234 2500 1386 2557; x_wconf 84' lang='lat' dir='ltr'><strong>dedit</strong></span> <span class='ocrx_word' id='word_1_189' title='bbox 1438 2500 1516 2553; x_wconf 88' lang='lat' dir='ltr'><strong>illi</strong></span> <span class='ocrx_word' id='word_1_190' title='bbox 1569 2510 1958 2555; x_wconf 85' lang='lat' dir='ltr'><strong>testamentum</strong></span> 
     </span>
    </p>
   </div>
   <div class='ocr_carea' id='block_1_33' title="bbox 387 2572 1361 2648">
    <p class='ocr_par' dir='ltr' id='par_1_33' title="bbox 387 2572 1361 2648">
     <span class='ocr_line' id='line_1_33' title="bbox 387 2572 1361 2648; baseline -0.007 -17"><span class='ocrx_word' id='word_1_191' title='bbox 387 2579 563 2648; x_wconf 72' lang='lat' dir='ltr'><strong>regni,</strong></span> <span class='ocrx_word' id='word_1_192' title='bbox 596 2587 648 2629; x_wconf 93' lang='lat' dir='ltr'><strong>et</strong></span> <span class='ocrx_word' id='word_1_193' title='bbox 673 2579 855 2629; x_wconf 84' lang='lat' dir='ltr'><strong>sedem</strong></span> <span class='ocrx_word' id='word_1_194' title='bbox 886 2574 1068 2642; x_wconf 73' lang='lat' dir='ltr'><strong>gloria:</strong></span> <span class='ocrx_word' id='word_1_195' title='bbox 1097 2572 1361 2648; x_wconf 39' lang='lat' dir='ltr'><strong>inﬂlsracl.</strong></span> 
     </span>
    </p>
   </div>
   <div class='ocr_carea' id='block_1_34' title="bbox 463 2642 1962 2714">
    <p class='ocr_par' dir='ltr' id='par_1_34' title="bbox 463 2642 1962 2714">
     <span class='ocr_line' id='line_1_34' title="bbox 463 2642 1962 2714; baseline -0.007 -12"><span class='ocrx_word' id='word_1_196' title='bbox 463 2642 591 2702; x_wconf 75' lang='lat' dir='ltr'><strong>Post</strong></span> <span class='ocrx_word' id='word_1_197' title='bbox 648 2648 826 2714; x_wconf 79' lang='lat' dir='ltr'><strong>ipsum</strong></span> <span class='ocrx_word' id='word_1_198' title='bbox 862 2650 1101 2695; x_wconf 73' lang='lat' dir='ltr'><strong>surrexit</strong></span> <span class='ocrx_word' id='word_1_199' title='bbox 1136 2642 1276 2695; x_wconf 80' lang='lat' dir='ltr'><strong>ﬁlius</strong></span> <span class='ocrx_word' id='word_1_200' title='bbox 1323 2650 1596 2714; x_wconf 87' lang='lat' dir='ltr'><strong>sensatus,</strong></span> <span class='ocrx_word' id='word_1_201' title='bbox 1640 2647 1695 2693; x_wconf 89' lang='lat' dir='ltr'><strong>et</strong></span> <span class='ocrx_word' id='word_1_202' title='bbox 1739 2648 1962 2709; x_wconf 86' lang='lat' dir='ltr'><strong>propter</strong></span> 
     </span>
    </p>
   </div>
   <div class='ocr_carea' id='block_1_35' title="bbox 386 2713 1756 2786">
    <p class='ocr_par' dir='ltr' id='par_1_35' title="bbox 386 2713 1756 2786">
     <span class='ocr_line' id='line_1_35' title="bbox 386 2713 1756 2786; baseline -0.006 -15"><span class='ocrx_word' id='word_1_203' title='bbox 386 2717 537 2771; x_wconf 90' lang='lat' dir='ltr'><strong>illum</strong></span> <span class='ocrx_word' id='word_1_204' title='bbox 572 2713 769 2786; x_wconf 82' lang='lat' dir='ltr'><strong>dejecit</strong></span> <span class='ocrx_word' id='word_1_205' title='bbox 797 2725 1015 2786; x_wconf 82' lang='lat' dir='ltr'><strong>omnem</strong></span> <span class='ocrx_word' id='word_1_206' title='bbox 1046 2716 1344 2786; x_wconf 78' lang='lat' dir='ltr'><strong>potentiam</strong></span> <span class='ocrx_word' id='word_1_207' title='bbox 1376 2713 1756 2786; x_wconf 82' lang='lat' dir='ltr'><strong>inimicorum.</strong></span> 
     </span>
    </p>
   </div>
   <div class='ocr_carea' id='block_1_36' title="bbox 463 2778 1951 2851">
    <p class='ocr_par' dir='ltr' id='par_1_36' title="bbox 463 2778 1951 2851">
     <span class='ocr_line' id='line_1_36' title="bbox 463 2778 1951 2851; baseline -0.007 -10"><span class='ocrx_word' id='word_1_208' title='bbox 463 2778 720 2842; x_wconf 64' lang='lat' dir='ltr'><strong>Salonio“</strong></span> <span class='ocrx_word' id='word_1_209' title='bbox 758 2778 1129 2851; x_wconf 27' lang='lat' dir='ltr'><strong>itnperavit’in</strong></span> <span class='ocrx_word' id='word_1_210' title='bbox 1168 2782 1359 2834; x_wconf 84' lang='lat' dir='ltr'><strong>diebus</strong></span> <span class='ocrx_word' id='word_1_211' title='bbox 1396 2784 1567 2851; x_wconf 82' lang='lat' dir='ltr'><strong>pacis,</strong></span> <span class='ocrx_word' id='word_1_212' title='bbox 1600 2782 1687 2832; x_wconf 91' lang='lat' dir='ltr'><strong>cui</strong></span> <span class='ocrx_word' id='word_1_213' title='bbox 1718 2778 1951 2849; x_wconf 86' lang='lat' dir='ltr'><strong>subjecit</strong></span> 
     </span>
    </p>
   </div>
   <div class='ocr_carea' id='block_1_37' title="bbox 389 2852 1956 2913">
    <p class='ocr_par' dir='ltr' id='par_1_37' title="bbox 389 2852 1956 2913">
     <span class='ocr_line' id='line_1_37' title="bbox 389 2852 1956 2913; baseline -0.005 -4"><span class='ocrx_word' id='word_1_214' title='bbox 389 2857 535 2910; x_wconf 81' lang='lat' dir='ltr'><strong>Deus</strong></span> <span class='ocrx_word' id='word_1_215' title='bbox 558 2871 748 2909; x_wconf 89' lang='lat' dir='ltr'><strong>omnes</strong></span> <span class='ocrx_word' id='word_1_216' title='bbox 784 2856 995 2913; x_wconf 82' lang='lat' dir='ltr'><strong>hostes,</strong></span> <span class='ocrx_word' id='word_1_217' title='bbox 1028 2863 1087 2903; x_wconf 88' lang='lat' dir='ltr'><strong>ut</strong></span> <span class='ocrx_word' id='word_1_218' title='bbox 1116 2853 1376 2904; x_wconf 86' lang='lat' dir='ltr'><strong>conderet</strong></span> <span class='ocrx_word' id='word_1_219' title='bbox 1404 2860 1620 2905; x_wconf 86' lang='lat' dir='ltr'><strong>domum</strong></span> <span class='ocrx_word' id='word_1_220' title='bbox 1654 2855 1703 2901; x_wconf 89' lang='lat' dir='ltr'><strong>in</strong></span> <span class='ocrx_word' id='word_1_221' title='bbox 1735 2852 1956 2901; x_wconf 84' lang='lat' dir='ltr'><strong>nomine</strong></span> 
     </span>
    </p>
   </div>
   <div class='ocr_carea' id='block_1_38' title="bbox 387 2920 1957 2994">
    <p class='ocr_par' dir='ltr' id='par_1_38' title="bbox 387 2920 1957 2994">
     <span class='ocr_line' id='line_1_38' title="bbox 387 2920 1957 2994; baseline -0.008 -13"><span class='ocrx_word' id='word_1_222' title='bbox 387 2936 569 2987; x_wconf 82' lang='lat' dir='ltr'><strong>suo,et</strong></span> <span class='ocrx_word' id='word_1_223' title='bbox 602 2931 812 2994; x_wconf 84' lang='lat' dir='ltr'><strong>pararet</strong></span> <span class='ocrx_word' id='word_1_224' title='bbox 834 2923 1174 2994; x_wconf 81' lang='lat' dir='ltr'><strong>sanctitatem</strong></span> <span class='ocrx_word' id='word_1_225' title='bbox 1205 2920 1257 2994; x_wconf 82' lang='lat' dir='ltr'><strong>in</strong></span> <span class='ocrx_word' id='word_1_226' title='bbox 1286 2922 1678 2989; x_wconf 90' lang='lat' dir='ltr'><strong>sempiternum</strong></span> <span class='ocrx_word' id='word_1_227' title='bbox 1710 2934 1727 2971; x_wconf 87' lang='lat'><strong>:</strong></span> <span class='ocrx_word' id='word_1_228' title='bbox 1759 2933 1957 2987; x_wconf 78' lang='lat' dir='ltr'><strong>quem-</strong></span> 
     </span>
    </p>
   </div>
   <div class='ocr_carea' id='block_1_39' title="bbox 388 2990 1604 3058">
    <p class='ocr_par' dir='ltr' id='par_1_39' title="bbox 388 2990 1604 3058">
     <span class='ocr_line' id='line_1_39' title="bbox 388 2990 1604 3058; baseline -0.005 -8"><span class='ocrx_word' id='word_1_229' title='bbox 388 2990 681 3050; x_wconf 79' lang='lat' dir='ltr'><strong>admodum</strong></span> <span class='ocrx_word' id='word_1_230' title='bbox 741 2993 992 3045; x_wconf 86' lang='lat' dir='ltr'><strong>eruditus</strong></span> <span class='ocrx_word' id='word_1_231' title='bbox 1044 3006 1104 3043; x_wconf 87' lang='lat' dir='ltr'><strong>es</strong></span> <span class='ocrx_word' id='word_1_232' title='bbox 1136 2990 1188 3041; x_wconf 92' lang='lat' dir='ltr'><strong>in</strong></span> <span class='ocrx_word' id='word_1_233' title='bbox 1216 2991 1440 3058; x_wconf 87' lang='lat' dir='ltr'><strong>juvente</strong></span> <span class='ocrx_word' id='word_1_234' title='bbox 1493 3003 1604 3044; x_wconf 89' lang='lat' dir='ltr'><strong>tua.</strong></span> 
     </span>
    </p>
   </div>
   <div class='ocr_carea' id='block_1_40' title="bbox 452 3059 2034 3133">
    <p class='ocr_par' dir='ltr' id='par_1_40' title="bbox 452 3059 2034 3133">
     <span class='ocr_line' id='line_1_40' title="bbox 452 3059 2034 3133; baseline -0.006 -12"><span class='ocrx_word' id='word_1_235' title='bbox 452 3067 520 3121; x_wconf 77' lang='lat' dir='ltr'><strong>Et</strong></span> <span class='ocrx_word' id='word_1_236' title='bbox 552 3066 804 3133; x_wconf 83' lang='lat' dir='ltr'><strong>impletus</strong></span> <span class='ocrx_word' id='word_1_237' title='bbox 840 3076 921 3123; x_wconf 86' lang='lat' dir='ltr'><strong>es,</strong></span> <span class='ocrx_word' id='word_1_238' title='bbox 957 3062 1115 3128; x_wconf 84' lang='lat' dir='ltr'><strong>quasi</strong></span> <span class='ocrx_word' id='word_1_239' title='bbox 1154 3059 1388 3123; x_wconf 83' lang='lat' dir='ltr'><strong>ﬂumen,</strong></span> <span class='ocrx_word' id='word_1_240' title='bbox 1419 3059 1709 3129; x_wconf 85' lang='lat' dir='ltr'><strong>sapientia,</strong></span> <span class='ocrx_word' id='word_1_241' title='bbox 1738 3068 1794 3113; x_wconf 90' lang='lat' dir='ltr'><strong>et</strong></span> <span class='ocrx_word' id='word_1_242' title='bbox 1847 3068 1958 3112; x_wconf 86' lang='lat' dir='ltr'><strong>tcr-</strong></span> <span class='ocrx_word' id='word_1_243' title='bbox 1986 3063 2034 3124; x_wconf 65' lang='grc' dir='ltr'><strong>(ζ</strong></span> 
     </span>
    </p>
   </div>
   <div class='ocr_carea' id='block_1_41' title="bbox 389 3134 1093 3190">
    <p class='ocr_par' dir='ltr' id='par_1_41' title="bbox 389 3134 1093 3190">
     <span class='ocr_line' id='line_1_41' title="bbox 389 3134 1093 3190; baseline -0.013 -1"><span class='ocrx_word' id='word_1_244' title='bbox 389 3152 506 3190; x_wconf 90' lang='lat' dir='ltr'><strong>ram</strong></span> <span class='ocrx_word' id='word_1_245' title='bbox 539 3136 736 3188; x_wconf 81' lang='lat' dir='ltr'><strong>retexit</strong></span> <span class='ocrx_word' id='word_1_246' title='bbox 773 3134 954 3184; x_wconf 86' lang='lat' dir='ltr'><strong>anima</strong></span> <span class='ocrx_word' id='word_1_247' title='bbox 981 3141 1093 3182; x_wconf 92' lang='lat' dir='ltr'><strong>tua.</strong></span> 
     </span>
    </p>
   </div>
   <div class='ocr_carea' id='block_1_42' title="bbox 464 3197 1959 3273">
    <p class='ocr_par' dir='ltr' id='par_1_42' title="bbox 464 3197 1959 3273">
     <span class='ocr_line' id='line_1_42' title="bbox 464 3197 1959 3273; baseline -0.005 -16"><span class='ocrx_word' id='word_1_248' title='bbox 464 3207 528 3257; x_wconf 85' lang='lat' dir='ltr'><strong>Et</strong></span> <span class='ocrx_word' id='word_1_249' title='bbox 558 3204 781 3273; x_wconf 85' lang='lat' dir='ltr'><strong>replesti</strong></span> <span class='ocrx_word' id='word_1_250' title='bbox 834 3202 888 3253; x_wconf 91' lang='lat' dir='ltr'><strong>in</strong></span> <span class='ocrx_word' id='word_1_251' title='bbox 918 3199 1424 3273; x_wconf 74' lang='lat' dir='ltr'><strong>comparationibus</strong></span> <span class='ocrx_word' id='word_1_252' title='bbox 1474 3200 1775 3267; x_wconf 62' lang='lat' dir='ltr'><strong>aenigmata</strong></span> <span class='ocrx_word' id='word_1_253' title='bbox 1834 3213 1848 3251; x_wconf 89' lang='lat'><strong>:</strong></span> <span class='ocrx_word' id='word_1_254' title='bbox 1889 3197 1959 3250; x_wconf 87' lang='lat' dir='ltr'><strong>ad</strong></span> 
     </span>
    </p>
   </div>
   <div class='ocr_carea' id='block_1_43' title="bbox 391 3269 1963 3339">
    <p class='ocr_par' dir='ltr' id='par_1_43' title="bbox 391 3269 1963 3339">
     <span class='ocr_line' id='line_1_43' title="bbox 391 3269 1963 3339; baseline -0.006 -9"><span class='ocrx_word' id='word_1_255' title='bbox 391 3269 811 3339; x_wconf 45' lang='lat' dir='ltr'><strong>insulas—longe</strong></span> <span class='ocrx_word' id='word_1_256' title='bbox 899 3269 1233 3335; x_wconf 79' lang='lat' dir='ltr'><strong>divulgatum</strong></span> <span class='ocrx_word' id='word_1_257' title='bbox 1266 3278 1352 3323; x_wconf 90' lang='lat' dir='ltr'><strong>est</strong></span> <span class='ocrx_word' id='word_1_258' title='bbox 1412 3284 1612 3323; x_wconf 86' lang='lat' dir='ltr'><strong>nomen</strong></span> <span class='ocrx_word' id='word_1_259' title='bbox 1658 3277 1840 3329; x_wconf 90' lang='lat' dir='ltr'><strong>tuum,</strong></span> <span class='ocrx_word' id='word_1_260' title='bbox 1906 3276 1963 3321; x_wconf 89' lang='lat' dir='ltr'><strong>et</strong></span> 
     </span>
    </p>
   </div>
   <div class='ocr_carea' id='block_1_44' title="bbox 391 3349 1097 3408">
    <p class='ocr_par' dir='ltr' id='par_1_44' title="bbox 391 3349 1097 3408">
     <span class='ocr_line' id='line_1_44' title="bbox 391 3349 1097 3408; baseline -0.016 -9"><span class='ocrx_word' id='word_1_261' title='bbox 391 3350 621 3400; x_wconf 88' lang='lat' dir='ltr'><strong>dilectus</strong></span> <span class='ocrx_word' id='word_1_262' title='bbox 653 3360 712 3395; x_wconf 86' lang='lat' dir='ltr'><strong>es</strong></span> <span class='ocrx_word' id='word_1_263' title='bbox 752 3357 802 3392; x_wconf 95' lang='grc' dir='ltr'><strong>ιιι</strong></span> <span class='ocrx_word' id='word_1_264' title='bbox 832 3353 963 3408; x_wconf 86' lang='lat' dir='ltr'><strong>pace</strong></span> <span class='ocrx_word' id='word_1_265' title='bbox 986 3349 1097 3396; x_wconf 78' lang='lat' dir='ltr'><strong>tua.</strong></span> 
     </span>
    </p>
   </div>
   <div class='ocr_carea' id='block_1_45' title="bbox 465 3407 1951 3477">
    <p class='ocr_par' dir='ltr' id='par_1_45' title="bbox 465 3407 1951 3477">
     <span class='ocr_line' id='line_1_45' title="bbox 465 3407 1951 3477; baseline -0.007 -7"><span class='ocrx_word' id='word_1_266' title='bbox 465 3416 523 3470; x_wconf 86' lang='grc' dir='ltr'>Ιιι</span> <span class='ocrx_word' id='word_1_267' title='bbox 553 3407 864 3475; x_wconf 75' lang='lat' dir='ltr'><strong>cantilenis,</strong></span> <span class='ocrx_word' id='word_1_268' title='bbox 890 3416 943 3461; x_wconf 91' lang='lat' dir='ltr'><strong>et</strong></span> <span class='ocrx_word' id='word_1_269' title='bbox 974 3407 1302 3476; x_wconf 83' lang='lat' dir='ltr'><strong>proverbiis,</strong></span> <span class='ocrx_word' id='word_1_270' title='bbox 1331 3416 1386 3461; x_wconf 90' lang='lat' dir='ltr'><strong>et</strong></span> <span class='ocrx_word' id='word_1_271' title='bbox 1415 3410 1951 3477; x_wconf 78' lang='lat' dir='ltr'><strong>comparationibus,</strong></span> 
     </span>
    </p>
   </div>
   <div class='ocr_carea' id='block_1_46' title="bbox 392 3479 1624 3549">
    <p class='ocr_par' dir='ltr' id='par_1_46' title="bbox 392 3479 1624 3549">
     <span class='ocr_line' id='line_1_46' title="bbox 392 3479 1624 3549; baseline -0.007 -8"><span class='ocrx_word' id='word_1_272' title='bbox 392 3495 447 3541; x_wconf 79' lang='lat' dir='ltr'><strong>et</strong></span> <span class='ocrx_word' id='word_1_273' title='bbox 472 3479 1017 3549; x_wconf 85' lang='lat' dir='ltr'><strong>interpretationibus</strong></span> <span class='ocrx_word' id='word_1_274' title='bbox 1040 3482 1247 3531; x_wconf 69' lang='lat' dir='ltr'><strong>miratae</strong></span> <span class='ocrx_word' id='word_1_275' title='bbox 1281 3487 1411 3531; x_wconf 88' lang='lat' dir='ltr'><strong>sunt</strong></span> <span class='ocrx_word' id='word_1_276' title='bbox 1442 3490 1624 3537; x_wconf 63' lang='lat' dir='ltr'><strong>terras.</strong></span> 
     </span>
    </p>
   </div>
   <div class='ocr_carea' id='block_1_47' title="bbox 464 3549 1959 3620">
    <p class='ocr_par' dir='ltr' id='par_1_47' title="bbox 464 3549 1959 3620">
     <span class='ocr_line' id='line_1_47' title="bbox 464 3549 1959 3620; baseline 0.001 -14"><span class='ocrx_word' id='word_1_277' title='bbox 464 3556 530 3607; x_wconf 79' lang='lat' dir='ltr'><strong>Et</strong></span> <span class='ocrx_word' id='word_1_278' title='bbox 580 3569 631 3605; x_wconf 90' lang='grc' dir='ltr'><strong>ιιι</strong></span> <span class='ocrx_word' id='word_1_279' title='bbox 668 3551 889 3604; x_wconf 87' lang='lat' dir='ltr'><strong>nomine</strong></span> <span class='ocrx_word' id='word_1_280' title='bbox 928 3550 1144 3601; x_wconf 84' lang='lat' dir='ltr'><strong>Domini</strong></span> <span class='ocrx_word' id='word_1_281' title='bbox 1193 3549 1312 3617; x_wconf 89' lang='lat' dir='ltr'><strong>Dei,</strong></span> <span class='ocrx_word' id='word_1_282' title='bbox 1352 3549 1441 3602; x_wconf 92' lang='lat' dir='ltr'><strong>cui</strong></span> <span class='ocrx_word' id='word_1_283' title='bbox 1492 3558 1580 3602; x_wconf 88' lang='lat' dir='ltr'><strong>est</strong></span> <span class='ocrx_word' id='word_1_284' title='bbox 1628 3565 1959 3620; x_wconf 76' lang='lat' dir='ltr'><strong>cognomen,</strong></span> 
     </span>
    </p>
   </div>
   <div class='ocr_carea' id='block_1_48' title="bbox 395 3622 751 3678">
    <p class='ocr_par' dir='ltr' id='par_1_48' title="bbox 395 3622 751 3678">
     <span class='ocr_line' id='line_1_48' title="bbox 395 3622 751 3678; baseline -0.011 0"><span class='ocrx_word' id='word_1_285' title='bbox 395 3625 539 3678; x_wconf 80' lang='lat' dir='ltr'><strong>Deus</strong></span> <span class='ocrx_word' id='word_1_286' title='bbox 567 3622 751 3678; x_wconf 82' lang='lat' dir='ltr'><strong>Israel.</strong></span> 
     </span>
    </p>
   </div>
   <div class='ocr_carea' id='block_1_49' title="bbox 440 3711 1960 3786">
    <p class='ocr_par' dir='ltr' id='par_1_49' title="bbox 440 3711 1960 3786">
     <span class='ocr_line' id='line_1_49' title="bbox 440 3711 1960 3786; baseline -0.004 -11"><span class='ocrx_word' id='word_1_287' title='bbox 440 3716 732 3784; x_wconf 14' lang='lat' dir='ltr'><strong>.Collegisti</strong></span> <span class='ocrx_word' id='word_1_288' title='bbox 769 3714 925 3783; x_wconf 88' lang='lat' dir='ltr'><strong>quasi</strong></span> <span class='ocrx_word' id='word_1_289' title='bbox 950 3711 1322 3767; x_wconf 85' lang='lat' dir='ltr'><strong>aurichalcum</strong></span> <span class='ocrx_word' id='word_1_290' title='bbox 1354 3727 1574 3780; x_wconf 87' lang='lat' dir='ltr'><strong>aurum,</strong></span> <span class='ocrx_word' id='word_1_291' title='bbox 1602 3722 1659 3769; x_wconf 89' lang='lat' dir='ltr'><strong>et</strong></span> <span class='ocrx_word' id='word_1_292' title='bbox 1697 3725 1757 3768; x_wconf 93' lang='lat' dir='ltr'><strong>ut</strong></span> <span class='ocrx_word' id='word_1_293' title='bbox 1780 3715 1960 3786; x_wconf 86' lang='lat' dir='ltr'><strong>plum-</strong></span> 
     </span>
    </p>
   </div>
   <div class='ocr_carea' id='block_1_50' title="bbox 393 3788 1166 3855">
    <p class='ocr_par' dir='ltr' id='par_1_50' title="bbox 393 3788 1166 3855">
     <span class='ocr_line' id='line_1_50' title="bbox 393 3788 1166 3855; baseline -0.008 -12"><span class='ocrx_word' id='word_1_294' title='bbox 393 3791 520 3844; x_wconf 90' lang='lat' dir='ltr'><strong>bum</strong></span> <span class='ocrx_word' id='word_1_295' title='bbox 544 3788 825 3855; x_wconf 78' lang='lat' dir='ltr'><strong>complestt</strong></span> <span class='ocrx_word' id='word_1_296' title='bbox 861 3795 1166 3852; x_wconf 70' lang='lat' dir='ltr'><strong>argentum.</strong></span> 
     </span>
    </p>
   </div>
   <div class='ocr_carea' id='block_1_51' title="bbox 463 3855 1953 3924">
    <p class='ocr_par' dir='ltr' id='par_1_51' title="bbox 463 3855 1953 3924">
     <span class='ocr_line' id='line_1_51' title="bbox 463 3855 1953 3924; baseline -0.003 -12"><span class='ocrx_word' id='word_1_297' title='bbox 463 3859 529 3911; x_wconf 78' lang='lat' dir='ltr'><strong>Et</strong></span> <span class='ocrx_word' id='word_1_298' title='bbox 558 3856 829 3911; x_wconf 84' lang='lat' dir='ltr'><strong>inclinasti</strong></span> <span class='ocrx_word' id='word_1_299' title='bbox 860 3856 1067 3906; x_wconf 75' lang='lat' dir='ltr'><strong>femora</strong></span> <span class='ocrx_word' id='word_1_300' title='bbox 1090 3864 1179 3907; x_wconf 87' lang='lat' dir='ltr'><strong>tua</strong></span> <span class='ocrx_word' id='word_1_301' title='bbox 1216 3855 1539 3910; x_wconf 86' lang='lat' dir='ltr'><strong>mulieribus</strong></span> <span class='ocrx_word' id='word_1_302' title='bbox 1573 3870 1586 3907; x_wconf 90' lang='lat'><strong>:</strong></span> <span class='ocrx_word' id='word_1_303' title='bbox 1624 3864 1953 3924; x_wconf 84' lang='lat' dir='ltr'><strong>potestatein</strong></span> 
     </span>
    </p>
   </div>
   <div class='ocr_carea' id='block_1_52' title="bbox 390 3928 1134 3992">
    <p class='ocr_par' dir='ltr' id='par_1_52' title="bbox 390 3928 1134 3992">
     <span class='ocr_line' id='line_1_52' title="bbox 390 3928 1134 3992; baseline -0.009 -7"><span class='ocrx_word' id='word_1_304' title='bbox 390 3930 633 3985; x_wconf 77' lang='lat' dir='ltr'><strong>habuisti</strong></span> <span class='ocrx_word' id='word_1_305' title='bbox 675 3928 729 3979; x_wconf 81' lang='grc' dir='ltr'><strong>ιιι</strong></span> <span class='ocrx_word' id='word_1_306' title='bbox 758 3940 986 3992; x_wconf 82' lang='lat' dir='ltr'><strong>corpore</strong></span> <span class='ocrx_word' id='word_1_307' title='bbox 1022 3936 1134 3978; x_wconf 89' lang='lat' dir='ltr'><strong>tuo.</strong></span> 
     </span>
    </p>
   </div>
   <div class='ocr_carea' id='block_1_53' title="bbox 475 3994 1957 4063">
    <p class='ocr_par' dir='ltr' id='par_1_53' title="bbox 475 3994 1957 4063">
     <span class='ocr_line' id='line_1_53' title="bbox 475 3994 1957 4063; baseline -0.001 -11"><span class='ocrx_word' id='word_1_308' title='bbox 475 3998 679 4052; x_wconf 81' lang='lat' dir='ltr'><strong>Dedisti</strong></span> <span class='ocrx_word' id='word_1_309' title='bbox 731 3996 1003 4047; x_wconf 79' lang='lat' dir='ltr'><strong>niaeulam</strong></span> <span class='ocrx_word' id='word_1_310' title='bbox 1062 3997 1116 4047; x_wconf 89' lang='lat' dir='ltr'><strong>in</strong></span> <span class='ocrx_word' id='word_1_311' title='bbox 1169 3994 1339 4063; x_wconf 74' lang='lat' dir='ltr'><strong>gloria</strong></span> <span class='ocrx_word' id='word_1_312' title='bbox 1392 4005 1504 4058; x_wconf 89' lang='lat' dir='ltr'><strong>tua,</strong></span> <span class='ocrx_word' id='word_1_313' title='bbox 1553 4006 1609 4048; x_wconf 89' lang='lat' dir='ltr'><strong>et</strong></span> <span class='ocrx_word' id='word_1_314' title='bbox 1650 3997 1957 4063; x_wconf 80' lang='lat' dir='ltr'><strong>profanaSti</strong></span> 
     </span>
    </p>
   </div>
   <div class='ocr_carea' id='block_1_54' title="bbox 390 4063 1954 4130">
    <p class='ocr_par' dir='ltr' id='par_1_54' title="bbox 390 4063 1954 4130">
     <span class='ocr_line' id='line_1_54' title="bbox 390 4063 1954 4130; baseline -0.004 -5"><span class='ocrx_word' id='word_1_315' title='bbox 390 4085 576 4125; x_wconf 81' lang='lat' dir='ltr'><strong>semen</strong></span> <span class='ocrx_word' id='word_1_316' title='bbox 609 4077 760 4120; x_wconf 90' lang='lat' dir='ltr'><strong>tuum</strong></span> <span class='ocrx_word' id='word_1_317' title='bbox 798 4066 1059 4117; x_wconf 84' lang='lat' dir='ltr'><strong>inducere</strong></span> <span class='ocrx_word' id='word_1_318' title='bbox 1097 4063 1437 4117; x_wconf 84' lang='lat' dir='ltr'><strong>iracundiam</strong></span> <span class='ocrx_word' id='word_1_319' title='bbox 1462 4068 1528 4117; x_wconf 89' lang='lat' dir='ltr'><strong>ad</strong></span> <span class='ocrx_word' id='word_1_320' title='bbox 1557 4066 1762 4119; x_wconf 87' lang='lat' dir='ltr'><strong>liberos</strong></span> <span class='ocrx_word' id='word_1_321' title='bbox 1810 4079 1954 4130; x_wconf 83' lang='lat' dir='ltr'><strong>tuos,</strong></span> 
     </span>
    </p>
   </div>
   <div class='ocr_carea' id='block_1_55' title="bbox 392 4136 1269 4195">
    <p class='ocr_par' dir='ltr' id='par_1_55' title="bbox 392 4136 1269 4195">
     <span class='ocr_line' id='line_1_55' title="bbox 392 4136 1269 4195; baseline -0.011 -1"><span class='ocrx_word' id='word_1_322' title='bbox 392 4155 447 4195; x_wconf 88' lang='lat' dir='ltr'><strong>et</strong></span> <span class='ocrx_word' id='word_1_323' title='bbox 489 4138 706 4191; x_wconf 85' lang='lat' dir='ltr'><strong>incitari</strong></span> <span class='ocrx_word' id='word_1_324' title='bbox 747 4136 1039 4187; x_wconf 87' lang='lat' dir='ltr'><strong>stultitiant</strong></span> <span class='ocrx_word' id='word_1_325' title='bbox 1069 4142 1216 4185; x_wconf 84' lang='lat' dir='ltr'><strong>tuam</strong></span> <span class='ocrx_word' id='word_1_326' title='bbox 1256 4149 1269 4184; x_wconf 90' lang='lat'><strong>:</strong></span> 
     </span>
    </p>
   </div>
   <div class='ocr_carea' id='block_1_56' title="bbox 435 4206 1954 4276">
    <p class='ocr_par' dir='ltr' id='par_1_56' title="bbox 435 4206 1954 4276">
     <span class='ocr_line' id='line_1_56' title="bbox 435 4206 1954 4276; baseline -0.003 -12"><span class='ocrx_word' id='word_1_327' title='bbox 435 4212 503 4264; x_wconf 87' lang='lat' dir='ltr'><strong>Ut</strong></span> <span class='ocrx_word' id='word_1_328' title='bbox 529 4207 1051 4272; x_wconf 79' lang='lat' dir='ltr'><strong>t&#39;aeeresimper&#39;tum</strong></span> <span class='ocrx_word' id='word_1_329' title='bbox 1083 4206 1435 4269; x_wconf 83' lang='lat' dir='ltr'><strong>bipartttum,</strong></span> <span class='ocrx_word' id='word_1_330' title='bbox 1482 4212 1537 4257; x_wconf 91' lang='lat' dir='ltr'><strong>et</strong></span> <span class='ocrx_word' id='word_1_331' title='bbox 1575 4220 1641 4259; x_wconf 79' lang='lat' dir='ltr'><strong>ex</strong></span> <span class='ocrx_word' id='word_1_332' title='bbox 1689 4206 1954 4276; x_wconf 84' lang='lat' dir='ltr'><strong>Ephraim</strong></span> 
     </span>
    </p>
   </div>
   <div class='ocr_carea' id='block_1_57' title="bbox 395 4276 1248 4348">
    <p class='ocr_par' dir='ltr' id='par_1_57' title="bbox 395 4276 1248 4348">
     <span class='ocr_line' id='line_1_57' title="bbox 395 4276 1248 4348; baseline -0.009 -16"><span class='ocrx_word' id='word_1_333' title='bbox 395 4282 666 4348; x_wconf 80' lang='lat' dir='ltr'><strong>imperare</strong></span> <span class='ocrx_word' id='word_1_334' title='bbox 697 4280 990 4343; x_wconf 87' lang='lat' dir='ltr'><strong>imperium</strong></span> <span class='ocrx_word' id='word_1_335' title='bbox 1026 4276 1248 4348; x_wconf 79' lang='lat' dir='ltr'><strong>durum.</strong></span> 
     </span>
    </p>
   </div>
   <div class='ocr_carea' id='block_1_58' title="bbox 464 4343 1948 4412">
    <p class='ocr_par' dir='ltr' id='par_1_58' title="bbox 464 4343 1948 4412">
     <span class='ocr_line' id='line_1_58' title="bbox 464 4343 1948 4412; baseline -0.001 -10"><span class='ocrx_word' id='word_1_336' title='bbox 464 4343 605 4403; x_wconf 77' lang='lat' dir='ltr'><strong>Deus</strong></span> <span class='ocrx_word' id='word_1_337' title='bbox 680 4359 860 4398; x_wconf 79' lang='lat' dir='ltr'><strong>autem</strong></span> <span class='ocrx_word' id='word_1_338' title='bbox 922 4360 1027 4397; x_wconf 90' lang='lat' dir='ltr'><strong>non</strong></span> <span class='ocrx_word' id='word_1_339' title='bbox 1087 4343 1436 4412; x_wconf 87' lang='lat' dir='ltr'><strong>derehnquet</strong></span> <span class='ocrx_word' id='word_1_340' title='bbox 1506 4345 1948 4401; x_wconf 86' lang='lat' dir='ltr'><strong>misericordiam</strong></span> 
     </span>
    </p>
   </div>
   <div class='ocr_carea' id='block_1_59' title="bbox 393 4402 2032 4484">
    <p class='ocr_par' dir='ltr' id='par_1_59' title="bbox 393 4402 2032 4484">
     <span class='ocr_line' id='line_1_59' title="bbox 393 4402 2032 4484; baseline -0.002 -11"><span class='ocrx_word' id='word_1_341' title='bbox 393 4402 568 4481; x_wconf 82' lang='lat' dir='ltr'><strong>suam,</strong></span> <span class='ocrx_word' id='word_1_342' title='bbox 598 4429 651 4472; x_wconf 87' lang='lat' dir='ltr'><strong>et</strong></span> <span class='ocrx_word' id='word_1_343' title='bbox 676 4433 784 4470; x_wconf 88' lang='grc' dir='ltr'>ιιυιι</span> <span class='ocrx_word' id='word_1_344' title='bbox 818 4424 1152 4482; x_wconf 85' lang='lat' dir='ltr'><strong>corrumpet,</strong></span> <span class='ocrx_word' id='word_1_345' title='bbox 1179 4412 1293 4479; x_wconf 67' lang='grc' dir='ltr'><strong>[Αἰ.</strong></span> <span class='ocrx_word' id='word_1_346' title='bbox 1320 4402 1461 4469; x_wconf 77' lang='grc' dir='ltr'><strong>ἀάά.</strong></span> <span class='ocrx_word' id='word_1_347' title='bbox 1498 4414 1572 4484; x_wconf 85' lang='lat' dir='ltr'><strong>et]</strong></span> <span class='ocrx_word' id='word_1_348' title='bbox 1606 4431 1706 4469; x_wconf 87' lang='lat' dir='ltr'><strong>nec</strong></span> <span class='ocrx_word' id='word_1_349' title='bbox 1735 4419 1947 4471; x_wconf 86' lang='lat' dir='ltr'><strong>delebit</strong></span> <span class='ocrx_word' id='word_1_350' title='bbox 1989 4402 2032 4455; x_wconf 73' lang='grc' dir='ltr'>θ</span> 
     </span>
    </p>
   </div>
   <div class='ocr_carea' id='block_1_60' title="bbox 392 4486 1956 4560">
    <p class='ocr_par' dir='ltr' id='par_1_60' title="bbox 392 4486 1956 4560">
     <span class='ocr_line' id='line_1_60' title="bbox 392 4486 1956 4560; baseline -0.003 -15"><span class='ocrx_word' id='word_1_351' title='bbox 392 4506 556 4560; x_wconf 85' lang='lat' dir='ltr'><strong>opera</strong></span> <span class='ocrx_word' id='word_1_352' title='bbox 600 4505 721 4548; x_wconf 85' lang='lat' dir='ltr'><strong>sua.</strong></span> <span class='ocrx_word' id='word_1_353' title='bbox 754 4502 931 4553; x_wconf 81' lang='lat' dir='ltr'><strong>neque</strong></span> <span class='ocrx_word' id='word_1_354' title='bbox 983 4486 1176 4560; x_wconf 79' lang='lat' dir='ltr'><strong>perdet</strong></span> <span class='ocrx_word' id='word_1_355' title='bbox 1213 4489 1470 4560; x_wconf 77' lang='lat' dir='ltr'><strong>_a_stirpe</strong></span> <span class='ocrx_word' id='word_1_356' title='bbox 1495 4496 1730 4560; x_wconf 79' lang='lat' dir='ltr'><strong>nepotes</strong></span> <span class='ocrx_word' id='word_1_357' title='bbox 1792 4489 1956 4541; x_wconf 87' lang='lat' dir='ltr'><strong>electi</strong></span> 
     </span>
    </p>
   </div>
   <div class='ocr_carea' id='block_1_61' title="bbox 394 4553 1961 4623">
    <p class='ocr_par' dir='ltr' id='par_1_61' title="bbox 394 4553 1961 4623">
     <span class='ocr_line' id='line_1_61' title="bbox 394 4553 1961 4623; baseline -0.002 -8"><span class='ocrx_word' id='word_1_358' title='bbox 394 4553 537 4615; x_wconf 80' lang='lat' dir='ltr'><strong>sui:</strong></span> <span class='ocrx_word' id='word_1_359' title='bbox 603 4570 658 4611; x_wconf 88' lang='lat' dir='ltr'><strong>et</strong></span> <span class='ocrx_word' id='word_1_360' title='bbox 697 4573 883 4610; x_wconf 86' lang='lat' dir='ltr'><strong>semen</strong></span> <span class='ocrx_word' id='word_1_361' title='bbox 964 4557 1100 4623; x_wconf 79' lang='lat' dir='ltr'><strong>ejus,</strong></span> <span class='ocrx_word' id='word_1_362' title='bbox 1127 4556 1224 4621; x_wconf 81' lang='lat' dir='ltr'><strong>qui</strong></span> <span class='ocrx_word' id='word_1_363' title='bbox 1253 4553 1430 4623; x_wconf 72' lang='lat' dir='ltr'><strong>diltgtt</strong></span> <span class='ocrx_word' id='word_1_364' title='bbox 1493 4556 1782 4609; x_wconf 85' lang='lat' dir='ltr'><strong>Dominum</strong></span> <span class='ocrx_word' id='word_1_365' title='bbox 1851 4574 1961 4612; x_wconf 86' lang='lat' dir='ltr'><strong>non</strong></span> 
     </span>
    </p>
   </div>
   <div class='ocr_carea' id='block_1_62' title="bbox 394 4638 732 4696">
    <p class='ocr_par' dir='ltr' id='par_1_62' title="bbox 394 4638 732 4696">
     <span class='ocr_line' id='line_1_62' title="bbox 394 4638 732 4696; baseline -0.021 -11"><span class='ocrx_word' id='word_1_366' title='bbox 394 4645 615 4685; x_wconf 79' lang='lat' dir='ltr'><strong>currum</strong></span> <span class='ocrx_word' id='word_1_367' title='bbox 625 4638 732 4696; x_wconf 84' lang='lat' dir='ltr'><strong>pet,</strong></span> 
     </span>
    </p>
   </div>
   <div class='ocr_carea' id='block_1_63' title="bbox 458 4691 1964 4766">
    <p class='ocr_par' dir='ltr' id='par_1_63' title="bbox 458 4691 1964 4766">
     <span class='ocr_line' id='line_1_63' title="bbox 458 4691 1964 4766; baseline -0.001 -13"><span class='ocrx_word' id='word_1_368' title='bbox 458 4691 833 4753; x_wconf 66' lang='lat' dir='ltr'><strong>Dedit&#39;autem</strong></span> <span class='ocrx_word' id='word_1_369' title='bbox 866 4694 1142 4762; x_wconf 83' lang='lat' dir='ltr'><strong>reliquum</strong></span> <span class='ocrx_word' id='word_1_370' title='bbox 1181 4691 1375 4757; x_wconf 82' lang='lat' dir='ltr'><strong>Jacob,</strong></span> <span class='ocrx_word' id='word_1_371' title='bbox 1431 4701 1489 4747; x_wconf 88' lang='lat' dir='ltr'><strong>et</strong></span> <span class='ocrx_word' id='word_1_372' title='bbox 1520 4691 1690 4748; x_wconf 84' lang='lat' dir='ltr'><strong>David</strong></span> <span class='ocrx_word' id='word_1_373' title='bbox 1721 4694 1790 4750; x_wconf 90' lang='lat' dir='ltr'><strong>de</strong></span> <span class='ocrx_word' id='word_1_374' title='bbox 1843 4695 1964 4766; x_wconf 89' lang='lat' dir='ltr'><strong>ipsa</strong></span> 
     </span>
    </p>
   </div>
   <div class='ocr_carea' id='block_1_64' title="bbox 392 4783 580 4837">
    <p class='ocr_par' dir='ltr' id='par_1_64' title="bbox 392 4783 580 4837">
     <span class='ocr_line' id='line_1_64' title="bbox 392 4783 580 4837; baseline -0.016 -12"><span class='ocrx_word' id='word_1_375' title='bbox 392 4783 580 4837; x_wconf 72' lang='lat' dir='ltr'><strong>sttt&#39;pe.</strong></span> 
     </span>
    </p>
   </div>
   <div class='ocr_carea' id='block_1_65' title="bbox 464 4854 1851 4924">
    <p class='ocr_par' dir='ltr' id='par_1_65' title="bbox 464 4854 1851 4924">
     <span class='ocr_line' id='line_1_65' title="bbox 464 4854 1851 4924; baseline -0.004 -9"><span class='ocrx_word' id='word_1_376' title='bbox 464 4863 533 4916; x_wconf 84' lang='lat' dir='ltr'><strong>Et</strong></span> <span class='ocrx_word' id='word_1_377' title='bbox 561 4860 723 4913; x_wconf 85' lang='lat' dir='ltr'><strong>linem</strong></span> <span class='ocrx_word' id='word_1_378' title='bbox 758 4857 950 4910; x_wconf 85' lang='lat' dir='ltr'><strong>habuit</strong></span> <span class='ocrx_word' id='word_1_379' title='bbox 978 4854 1233 4908; x_wconf 86' lang='lat' dir='ltr'><strong>Salomon</strong></span> <span class='ocrx_word' id='word_1_380' title='bbox 1268 4869 1393 4909; x_wconf 86' lang='lat' dir='ltr'><strong>cunt</strong></span> <span class='ocrx_word' id='word_1_381' title='bbox 1420 4855 1670 4924; x_wconf 88' lang='lat' dir='ltr'><strong>patribus</strong></span> <span class='ocrx_word' id='word_1_382' title='bbox 1708 4858 1851 4911; x_wconf 89' lang='lat' dir='ltr'><strong>suis.</strong></span> 
     </span>
    </p>
   </div>
   <div class='ocr_carea' id='block_1_66' title="bbox 468 4927 1967 4999">
    <p class='ocr_par' dir='ltr' id='par_1_66' title="bbox 468 4927 1967 4999">
     <span class='ocr_line' id='line_1_66' title="bbox 468 4927 1967 4999; baseline -0.001 -14"><span class='ocrx_word' id='word_1_383' title='bbox 468 4939 531 4984; x_wconf 70' lang='lat' dir='ltr'><strong>bi</strong></span> <span class='ocrx_word' id='word_1_384' title='bbox 556 4930 849 4999; x_wconf 83' lang='lat' dir='ltr'><strong>dereliquit</strong></span> <span class='ocrx_word' id='word_1_385' title='bbox 879 4936 1003 4995; x_wconf 84' lang='lat' dir='ltr'><strong>post</strong></span> <span class='ocrx_word' id='word_1_386' title='bbox 1036 4942 1098 4979; x_wconf 89' lang='lat' dir='ltr'><strong>se</strong></span> <span class='ocrx_word' id='word_1_387' title='bbox 1128 4927 1194 4979; x_wconf 90' lang='lat' dir='ltr'><strong>de</strong></span> <span class='ocrx_word' id='word_1_388' title='bbox 1218 4929 1430 4979; x_wconf 85' lang='lat' dir='ltr'><strong>semine</strong></span> <span class='ocrx_word' id='word_1_389' title='bbox 1460 4940 1584 4991; x_wconf 85' lang='lat' dir='ltr'><strong>suo,</strong></span> <span class='ocrx_word' id='word_1_390' title='bbox 1620 4930 1802 4994; x_wconf 81' lang='lat' dir='ltr'><strong>gentis</strong></span> <span class='ocrx_word' id='word_1_391' title='bbox 1827 4931 1967 4983; x_wconf 84' lang='lat' dir='ltr'><strong>stul-</strong></span> 
     </span>
    </p>
   </div>
   <div class='ocr_carea' id='block_1_67' title="bbox 400 5004 594 5057">
    <p class='ocr_par' dir='ltr' id='par_1_67' title="bbox 400 5004 594 5057">
     <span class='ocr_line' id='line_1_67' title="bbox 400 5004 594 5057; baseline -0.021 0"><span class='ocrx_word' id='word_1_392' title='bbox 400 5004 594 5057; x_wconf 84' lang='lat' dir='ltr'><strong>titiam.</strong></span> 
     </span>
    </p>
   </div>
   <div class='ocr_carea' id='block_1_68' title="bbox 465 5089 1958 5160">
    <p class='ocr_par' dir='ltr' id='par_1_68' title="bbox 465 5089 1958 5160">
     <span class='ocr_line' id='line_1_68' title="bbox 465 5089 1958 5160; baseline -0.001 -12"><span class='ocrx_word' id='word_1_393' title='bbox 465 5093 529 5148; x_wconf 80' lang='lat' dir='ltr'><strong>Et</strong></span> <span class='ocrx_word' id='word_1_394' title='bbox 568 5093 914 5146; x_wconf 89' lang='lat' dir='ltr'><strong>inuninutum</strong></span> <span class='ocrx_word' id='word_1_395' title='bbox 945 5106 973 5144; x_wconf 87' lang='lat' dir='ltr'><strong>a</strong></span> <span class='ocrx_word' id='word_1_396' title='bbox 1005 5089 1308 5160; x_wconf 85' lang='lat' dir='ltr'><strong>prudentia,</strong></span> <span class='ocrx_word' id='word_1_397' title='bbox 1336 5090 1604 5155; x_wconf 79' lang='lat' dir='ltr'><strong>Roboam,</strong></span> <span class='ocrx_word' id='word_1_398' title='bbox 1632 5092 1725 5160; x_wconf 84' lang='lat' dir='ltr'><strong>qui</strong></span> <span class='ocrx_word' id='word_1_399' title='bbox 1752 5094 1958 5147; x_wconf 86' lang='lat' dir='ltr'><strong>avertit</strong></span> 
     </span>
    </p>
   </div>
   <div class='ocr_carea' id='block_1_69' title="bbox 394 5165 1010 5235">
    <p class='ocr_par' dir='ltr' id='par_1_69' title="bbox 394 5165 1010 5235">
     <span class='ocr_line' id='line_1_69' title="bbox 394 5165 1010 5235; baseline -0.008 -16"><span class='ocrx_word' id='word_1_400' title='bbox 394 5176 609 5235; x_wconf 80' lang='lat' dir='ltr'><strong>gentem</strong></span> <span class='ocrx_word' id='word_1_401' title='bbox 638 5165 864 5217; x_wconf 82' lang='lat' dir='ltr'><strong>consilto</strong></span> <span class='ocrx_word' id='word_1_402' title='bbox 891 5177 1010 5216; x_wconf 86' lang='lat' dir='ltr'><strong>suo.</strong></span> 
     </span>
    </p>
   </div>
   <div class='ocr_carea' id='block_1_70' title="bbox 464 5229 1961 5302">
    <p class='ocr_par' dir='ltr' id='par_1_70' title="bbox 464 5229 1961 5302">
     <span class='ocr_line' id='line_1_70' title="bbox 464 5229 1961 5302; baseline -0.002 -13"><span class='ocrx_word' id='word_1_403' title='bbox 464 5238 526 5289; x_wconf 75' lang='lat' dir='ltr'><strong>Et</strong></span> <span class='ocrx_word' id='word_1_404' title='bbox 574 5235 863 5289; x_wconf 81' lang='lat' dir='ltr'><strong>Jeroboam</strong></span> <span class='ocrx_word' id='word_1_405' title='bbox 919 5235 1086 5285; x_wconf 89' lang='lat' dir='ltr'><strong>liliutn</strong></span> <span class='ocrx_word' id='word_1_406' title='bbox 1131 5229 1325 5295; x_wconf 88' lang='lat' dir='ltr'><strong>Nabat,</strong></span> <span class='ocrx_word' id='word_1_407' title='bbox 1388 5233 1479 5302; x_wconf 90' lang='lat' dir='ltr'><strong>qui</strong></span> <span class='ocrx_word' id='word_1_408' title='bbox 1534 5249 1762 5302; x_wconf 88' lang='lat' dir='ltr'><strong>peccare</strong></span> <span class='ocrx_word' id='word_1_409' title='bbox 1829 5236 1961 5288; x_wconf 78' lang='lat' dir='ltr'><strong>fecit</strong></span> 
     </span>
    </p>
   </div>
   <div class='ocr_carea' id='block_1_71' title="bbox 393 5303 1961 5374">
    <p class='ocr_par' dir='ltr' id='par_1_71' title="bbox 393 5303 1961 5374">
     <span class='ocr_line' id='line_1_71' title="bbox 393 5303 1961 5374; baseline -0.002 -14"><span class='ocrx_word' id='word_1_410' title='bbox 393 5306 580 5367; x_wconf 83' lang='lat' dir='ltr'><strong>Israel,</strong></span> <span class='ocrx_word' id='word_1_411' title='bbox 610 5315 665 5358; x_wconf 86' lang='lat' dir='ltr'><strong>et</strong></span> <span class='ocrx_word' id='word_1_412' title='bbox 706 5306 859 5358; x_wconf 88' lang='lat' dir='ltr'><strong>dedit</strong></span> <span class='ocrx_word' id='word_1_413' title='bbox 900 5310 1040 5356; x_wconf 87' lang='lat' dir='ltr'><strong>vlam</strong></span> <span class='ocrx_word' id='word_1_414' title='bbox 1075 5305 1335 5368; x_wconf 86' lang='lat' dir='ltr'><strong>peccandi</strong></span> <span class='ocrx_word' id='word_1_415' title='bbox 1376 5303 1657 5372; x_wconf 86' lang='lat' dir='ltr'><strong>Ephraitn,</strong></span> <span class='ocrx_word' id='word_1_416' title='bbox 1692 5316 1746 5358; x_wconf 89' lang='lat' dir='ltr'><strong>et</strong></span> <span class='ocrx_word' id='word_1_417' title='bbox 1784 5308 1961 5374; x_wconf 84' lang='lat' dir='ltr'><strong>pluri-</strong></span> 
     </span>
    </p>
   </div>
   <div class='ocr_carea' id='block_1_72' title="bbox 392 5376 1515 5441">
    <p class='ocr_par' dir='ltr' id='par_1_72' title="bbox 392 5376 1515 5441">
     <span class='ocr_line' id='line_1_72' title="bbox 392 5376 1515 5441; baseline 0.001 -12"><span class='ocrx_word' id='word_1_418' title='bbox 392 5392 480 5431; x_wconf 90' lang='lat' dir='ltr'><strong>ma</strong></span> <span class='ocrx_word' id='word_1_419' title='bbox 515 5376 957 5429; x_wconf 85' lang='lat' dir='ltr'><strong>redundaverunt</strong></span> <span class='ocrx_word' id='word_1_420' title='bbox 996 5383 1217 5441; x_wconf 88' lang='lat' dir='ltr'><strong>peccata</strong></span> <span class='ocrx_word' id='word_1_421' title='bbox 1246 5379 1515 5441; x_wconf 86' lang='lat' dir='ltr'><strong>ipsorum.</strong></span> 
     </span>
    </p>
   </div>
   <div class='ocr_carea' id='block_1_73' title="bbox 474 5443 1533 5502">
    <p class='ocr_par' dir='ltr' id='par_1_73' title="bbox 474 5443 1533 5502">
     <span class='ocr_line' id='line_1_73' title="bbox 474 5443 1533 5502; baseline 0.001 -6"><span class='ocrx_word' id='word_1_422' title='bbox 474 5448 635 5500; x_wconf 74' lang='lat' dir='ltr'><strong>Valde</strong></span> <span class='ocrx_word' id='word_1_423' title='bbox 660 5456 982 5501; x_wconf 88' lang='lat' dir='ltr'><strong>averterunt</strong></span> <span class='ocrx_word' id='word_1_424' title='bbox 1023 5443 1146 5496; x_wconf 89' lang='lat' dir='ltr'><strong>illos</strong></span> <span class='ocrx_word' id='word_1_425' title='bbox 1174 5458 1204 5495; x_wconf 91' lang='lat' dir='ltr'><strong>a</strong></span> <span class='ocrx_word' id='word_1_426' title='bbox 1232 5454 1376 5497; x_wconf 89' lang='lat' dir='ltr'><strong>terra</strong></span> <span class='ocrx_word' id='word_1_427' title='bbox 1409 5458 1533 5502; x_wconf 86' lang='lat' dir='ltr'><strong>sua.</strong></span> 
     </span>
    </p>
   </div>
   <div class='ocr_carea' id='block_1_74' title="bbox 466 5514 1958 5586">
    <p class='ocr_par' dir='ltr' id='par_1_74' title="bbox 466 5514 1958 5586">
     <span class='ocr_line' id='line_1_74' title="bbox 466 5514 1958 5586; baseline -0.001 -17"><span class='ocrx_word' id='word_1_428' title='bbox 466 5517 532 5571; x_wconf 76' lang='lat' dir='ltr'><strong>Et</strong></span> <span class='ocrx_word' id='word_1_429' title='bbox 561 5517 812 5586; x_wconf 69' lang='lat' dir='ltr'><strong>quaesivit</strong></span> <span class='ocrx_word' id='word_1_430' title='bbox 849 5529 1043 5569; x_wconf 85' lang='lat' dir='ltr'><strong>omnes</strong></span> <span class='ocrx_word' id='word_1_431' title='bbox 1074 5514 1352 5582; x_wconf 88' lang='lat' dir='ltr'><strong>nequitias</strong></span> <span class='ocrx_word' id='word_1_432' title='bbox 1370 5528 1543 5581; x_wconf 85' lang='lat' dir='ltr'><strong>usque</strong></span> <span class='ocrx_word' id='word_1_433' title='bbox 1586 5515 1718 5568; x_wconf 92' lang='lat' dir='ltr'><strong>dum</strong></span> <span class='ocrx_word' id='word_1_434' title='bbox 1753 5532 1958 5584; x_wconf 86' lang='lat' dir='ltr'><strong>perve-</strong></span> 
     </span>
    </p>
   </div>
   <div class='ocr_carea' id='block_1_75' title="bbox 393 5586 1956 5656">
    <p class='ocr_par' dir='ltr' id='par_1_75' title="bbox 393 5586 1956 5656">
     <span class='ocr_line' id='line_1_75' title="bbox 393 5586 1956 5656; baseline -0.001 -15"><span class='ocrx_word' id='word_1_435' title='bbox 393 5590 540 5641; x_wconf 80' lang='lat' dir='ltr'><strong>niret</strong></span> <span class='ocrx_word' id='word_1_436' title='bbox 566 5592 633 5640; x_wconf 86' lang='lat' dir='ltr'><strong>ad</strong></span> <span class='ocrx_word' id='word_1_437' title='bbox 678 5591 803 5642; x_wconf 80' lang='lat' dir='ltr'><strong>illos</strong></span> <span class='ocrx_word' id='word_1_438' title='bbox 854 5586 1128 5651; x_wconf 85' lang='lat' dir='ltr'><strong>defensio,</strong></span> <span class='ocrx_word' id='word_1_439' title='bbox 1177 5594 1232 5639; x_wconf 86' lang='lat' dir='ltr'><strong>et</strong></span> <span class='ocrx_word' id='word_1_440' title='bbox 1274 5588 1341 5639; x_wconf 81' lang='lat' dir='ltr'><strong>ab</strong></span> <span class='ocrx_word' id='word_1_441' title='bbox 1393 5587 1653 5642; x_wconf 82' lang='lat' dir='ltr'><strong>omnibus</strong></span> <span class='ocrx_word' id='word_1_442' title='bbox 1707 5599 1956 5656; x_wconf 79' lang='lat' dir='ltr'><strong>peccatis</strong></span> 
     </span>
    </p>
   </div>
   <div class='ocr_carea' id='block_1_76' title="bbox 392 5657 796 5713">
    <p class='ocr_par' dir='ltr' id='par_1_76' title="bbox 392 5657 796 5713">
     <span class='ocr_line' id='line_1_76' title="bbox 392 5657 796 5713; baseline -0.007 0"><span class='ocrx_word' id='word_1_443' title='bbox 392 5657 649 5713; x_wconf 69' lang='lat' dir='ltr'><strong>liberat/tt</strong></span> <span class='ocrx_word' id='word_1_444' title='bbox 678 5674 796 5713; x_wconf 85' lang='lat' dir='ltr'><strong>eos.</strong></span> 
     </span>
    </p>
   </div>
   <div class='ocr_carea' id='block_1_77' title="bbox 1297 222 2730 309">
    <p class='ocr_par' dir='ltr' id='par_1_77' title="bbox 1297 222 2730 309">
     <span class='ocr_line' id='line_1_77' title="bbox 1297 222 2730 309; baseline -0.003 -21"><span class='ocrx_word' id='word_1_445' title='bbox 1297 230 1359 288; x_wconf 91' lang='lat' dir='ltr'><strong>S.</strong></span> <span class='ocrx_word' id='word_1_446' title='bbox 1401 226 1840 289; x_wconf 75' lang='lat' dir='ltr'><strong>HlERONYMI</strong></span> <span class='ocrx_word' id='word_1_447' title='bbox 1888 226 2155 287; x_wconf 82' lang='lat' dir='ltr'><strong>DIVINA</strong></span> <span class='ocrx_word' id='word_1_448' title='bbox 2199 222 2730 309; x_wconf 77' lang='lat' dir='ltr'><strong>BlBLlOTHECA.</strong></span> 
     </span>
    </p>
   </div>
   <div class='ocr_carea' id='block_1_78' title="bbox 3489 238 3515 299">
    <p class='ocr_par' dir='ltr' id='par_1_78' title="bbox 3489 238 3515 299">
     <span class='ocr_line' id='line_1_78' title="bbox 3489 238 3515 299; baseline 0 0"><span class='ocrx_word' id='word_1_449' title='bbox 3489 238 3515 299; x_wconf 74' lang='lat' dir='ltr'><strong>l</strong></span> 
     </span>
    </p>
   </div>
   <div class='ocr_carea' id='block_1_79' title="bbox 2594 241 3578 397">
    <p class='ocr_par' dir='ltr' id='par_1_79' title="bbox 2594 241 3578 397">
     <span class='ocr_line' id='line_1_79' title="bbox 2594 241 3578 304; baseline 0.002 -22"><span class='ocrx_word' id='word_1_450' title='bbox 2594 241 2730 284; x_wconf 68' lang='lat' dir='ltr'><strong>tua.</strong></span> <span class='ocrx_word' id='word_1_451' title='bbox 3489 241 3578 304; x_wconf 59' lang='grc' dir='ltr'><strong>μη</strong></span> 
     </span>
     <span class='ocr_line' id='line_1_80' title="bbox 2594 337 3099 397; baseline -0.012 0"><span class='ocrx_word' id='word_1_452' title='bbox 2594 338 2821 397; x_wconf 84' lang='lat' dir='ltr'><strong>CAPUT</strong></span> <span class='ocrx_word' id='word_1_453' title='bbox 2865 337 3099 395; x_wconf 67' lang='lat' dir='ltr'><strong>XLVIII.</strong></span> 
     </span>
    </p>
   </div>
   <div class='ocr_carea' id='block_1_80' title="bbox 2130 434 3581 505">
    <p class='ocr_par' dir='ltr' id='par_1_80' title="bbox 2130 434 3581 505">
     <span class='ocr_line' id='line_1_81' title="bbox 2130 434 3581 505; baseline 0.001 -16"><span class='ocrx_word' id='word_1_454' title='bbox 2130 436 2197 489; x_wconf 88' lang='lat' dir='ltr'><strong>Et</strong></span> <span class='ocrx_word' id='word_1_455' title='bbox 2230 436 2471 490; x_wconf 78' lang='lat' dir='ltr'><strong>surrexit</strong></span> <span class='ocrx_word' id='word_1_456' title='bbox 2504 436 2654 490; x_wconf 88' lang='lat' dir='ltr'><strong>Elias</strong></span> <span class='ocrx_word' id='word_1_457' title='bbox 2684 434 2976 505; x_wconf 85' lang='lat' dir='ltr'><strong>propheta.</strong></span> <span class='ocrx_word' id='word_1_458' title='bbox 3007 435 3166 501; x_wconf 85' lang='lat' dir='ltr'><strong>quasi</strong></span> <span class='ocrx_word' id='word_1_459' title='bbox 3202 434 3353 505; x_wconf 77' lang='lat' dir='ltr'><strong>ignis,</strong></span> <span class='ocrx_word' id='word_1_460' title='bbox 3390 451 3439 495; x_wconf 90' lang='lat' dir='ltr'><strong>et</strong></span> <span class='ocrx_word' id='word_1_461' title='bbox 3470 460 3581 500; x_wconf 85' lang='lat' dir='ltr'><strong>ver.</strong></span> 
     </span>
    </p>
   </div>
   <div class='ocr_carea' id='block_1_81' title="bbox 2059 504 3079 574">
    <p class='ocr_par' dir='ltr' id='par_1_81' title="bbox 2059 504 3079 574">
     <span class='ocr_line' id='line_1_82' title="bbox 2059 504 3079 574; baseline -0.002 -15"><span class='ocrx_word' id='word_1_462' title='bbox 2059 504 2187 559; x_wconf 89' lang='lat' dir='ltr'><strong>bum</strong></span> <span class='ocrx_word' id='word_1_463' title='bbox 2220 506 2396 574; x_wconf 87' lang='lat' dir='ltr'><strong>ipsius</strong></span> <span class='ocrx_word' id='word_1_464' title='bbox 2426 507 2581 574; x_wconf 90' lang='lat' dir='ltr'><strong>quasi</strong></span> <span class='ocrx_word' id='word_1_465' title='bbox 2615 504 2791 574; x_wconf 87' lang='lat' dir='ltr'><strong>facula</strong></span> <span class='ocrx_word' id='word_1_466' title='bbox 2821 504 3079 557; x_wconf 88' lang='lat' dir='ltr'><strong>ardebat.</strong></span> 
     </span>
    </p>
   </div>
   <div class='ocr_carea' id='block_1_82' title="bbox 2127 572 3581 639">
    <p class='ocr_par' dir='ltr' id='par_1_82' title="bbox 2127 572 3581 639">
     <span class='ocr_line' id='line_1_83' title="bbox 2127 572 3581 639; baseline 0.008 -13"><span class='ocrx_word' id='word_1_467' title='bbox 2127 572 2483 638; x_wconf 53' lang='lat' dir='ltr'><strong>Qni&#39;induxit</strong></span> <span class='ocrx_word' id='word_1_468' title='bbox 2515 576 2570 628; x_wconf 88' lang='lat' dir='ltr'><strong>in</strong></span> <span class='ocrx_word' id='word_1_469' title='bbox 2606 575 2728 629; x_wconf 89' lang='lat' dir='ltr'><strong>illos</strong></span> <span class='ocrx_word' id='word_1_470' title='bbox 2774 573 2996 638; x_wconf 89' lang='lat' dir='ltr'><strong>famem,</strong></span> <span class='ocrx_word' id='word_1_471' title='bbox 3040 584 3095 627; x_wconf 93' lang='lat' dir='ltr'><strong>et</strong></span> <span class='ocrx_word' id='word_1_472' title='bbox 3143 572 3416 632; x_wconf 88' lang='lat' dir='ltr'><strong>irritantes</strong></span> <span class='ocrx_word' id='word_1_473' title='bbox 3445 580 3581 639; x_wconf 87' lang='lat' dir='ltr'><strong>illum</strong></span> 
     </span>
    </p>
   </div>
   <div class='ocr_carea' id='block_1_83' title="bbox 2061 644 3583 715">
    <p class='ocr_par' dir='ltr' id='par_1_83' title="bbox 2061 644 3583 715">
     <span class='ocr_line' id='line_1_84' title="bbox 2061 644 3583 715; baseline 0.007 -20"><span class='ocrx_word' id='word_1_474' title='bbox 2061 645 2264 697; x_wconf 86' lang='lat' dir='ltr'><strong>invidia</strong></span> <span class='ocrx_word' id='word_1_475' title='bbox 2304 659 2399 698; x_wconf 91' lang='lat' dir='ltr'><strong>sua</strong></span> <span class='ocrx_word' id='word_1_476' title='bbox 2450 645 2607 711; x_wconf 86' lang='lat' dir='ltr'><strong>pauci</strong></span> <span class='ocrx_word' id='word_1_477' title='bbox 2644 644 2770 697; x_wconf 82' lang='lat' dir='ltr'><strong>facti</strong></span> <span class='ocrx_word' id='word_1_478' title='bbox 2811 654 2985 715; x_wconf 90' lang='lat' dir='ltr'><strong>sunt:</strong></span> <span class='ocrx_word' id='word_1_479' title='bbox 3023 658 3131 696; x_wconf 91' lang='lat' dir='ltr'><strong>non</strong></span> <span class='ocrx_word' id='word_1_480' title='bbox 3180 646 3319 698; x_wconf 88' lang='lat' dir='ltr'><strong>enim</strong></span> <span class='ocrx_word' id='word_1_481' title='bbox 3356 660 3583 715; x_wconf 82' lang='lat' dir='ltr'><strong>poterant</strong></span> 
     </span>
    </p>
   </div>
   <div class='ocr_carea' id='block_1_84' title="bbox 2058 714 2898 781">
    <p class='ocr_par' dir='ltr' id='par_1_84' title="bbox 2058 714 2898 781">
     <span class='ocr_line' id='line_1_85' title="bbox 2058 714 2898 781; baseline 0.004 -15"><span class='ocrx_word' id='word_1_482' title='bbox 2058 716 2331 767; x_wconf 85' lang='lat' dir='ltr'><strong>sustinere</strong></span> <span class='ocrx_word' id='word_1_483' title='bbox 2360 724 2627 781; x_wconf 64' lang='lat' dir='ltr'><strong>praecepta</strong></span> <span class='ocrx_word' id='word_1_484' title='bbox 2660 714 2898 769; x_wconf 84' lang='lat' dir='ltr'><strong>Domini.</strong></span> 
     </span>
    </p>
   </div>
   <div class='ocr_carea' id='block_1_85' title="bbox 2036 783 3591 856">
    <p class='ocr_par' dir='ltr' id='par_1_85' title="bbox 2036 783 3591 856">
     <span class='ocr_line' id='line_1_86' title="bbox 2036 783 3591 856; baseline 0.005 -20"><span class='ocrx_word' id='word_1_485' title='bbox 2036 841 2039 844; x_wconf 48' lang='grc'>,</span> <span class='ocrx_word' id='word_1_486' title='bbox 2130 783 2307 856; x_wconf 65' lang='lat' dir='ltr'><strong>Verbo</strong></span> <span class='ocrx_word' id='word_1_487' title='bbox 2341 784 2558 836; x_wconf 85' lang='lat' dir='ltr'><strong>Domini</strong></span> <span class='ocrx_word' id='word_1_488' title='bbox 2605 783 2883 837; x_wconf 89' lang='lat' dir='ltr'><strong>continuit</strong></span> <span class='ocrx_word' id='word_1_489' title='bbox 2922 783 3155 848; x_wconf 81' lang='lat' dir='ltr'><strong>ccelum,</strong></span> <span class='ocrx_word' id='word_1_490' title='bbox 3195 792 3253 838; x_wconf 90' lang='lat' dir='ltr'><strong>et</strong></span> <span class='ocrx_word' id='word_1_491' title='bbox 3302 786 3488 856; x_wconf 88' lang='lat' dir='ltr'><strong>dejecit</strong></span> <span class='ocrx_word' id='word_1_492' title='bbox 3529 791 3591 848; x_wconf 79' lang='lat' dir='ltr'><strong>de</strong></span> 
     </span>
    </p>
   </div>
   <div class='ocr_carea' id='block_1_86' title="bbox 2057 853 2553 921">
    <p class='ocr_par' dir='ltr' id='par_1_86' title="bbox 2057 853 2553 921">
     <span class='ocr_line' id='line_1_87' title="bbox 2057 853 2553 921; baseline -0.002 -15"><span class='ocrx_word' id='word_1_493' title='bbox 2057 853 2196 907; x_wconf 62' lang='lat' dir='ltr'><strong>caelo</strong></span> <span class='ocrx_word' id='word_1_494' title='bbox 2230 854 2409 921; x_wconf 80' lang='lat' dir='ltr'><strong>ignem</strong></span> <span class='ocrx_word' id='word_1_495' title='bbox 2449 863 2553 907; x_wconf 90' lang='lat' dir='ltr'><strong>ter.</strong></span> 
     </span>
    </p>
   </div>
   <div class='ocr_carea' id='block_1_87' title="bbox 2131 921 3591 992">
    <p class='ocr_par' dir='ltr' id='par_1_87' title="bbox 2131 921 3591 992">
     <span class='ocr_line' id='line_1_88' title="bbox 2131 921 3591 992; baseline 0.004 -17"><span class='ocrx_word' id='word_1_496' title='bbox 2131 922 2221 977; x_wconf 89' lang='lat' dir='ltr'><strong>Sic</strong></span> <span class='ocrx_word' id='word_1_497' title='bbox 2243 922 2604 992; x_wconf 78' lang='lat' dir='ltr'><strong>ampliticatns</strong></span> <span class='ocrx_word' id='word_1_498' title='bbox 2636 933 2720 978; x_wconf 83' lang='lat' dir='ltr'><strong>est</strong></span> <span class='ocrx_word' id='word_1_499' title='bbox 2761 921 2903 978; x_wconf 83' lang='lat' dir='ltr'><strong>Elias</strong></span> <span class='ocrx_word' id='word_1_500' title='bbox 2931 922 2985 975; x_wconf 89' lang='lat' dir='ltr'><strong>in</strong></span> <span class='ocrx_word' id='word_1_501' title='bbox 3012 922 3355 979; x_wconf 84' lang='lat' dir='ltr'><strong>mirabilibus</strong></span> <span class='ocrx_word' id='word_1_502' title='bbox 3380 927 3505 986; x_wconf 83' lang='lat' dir='ltr'><strong>suis.</strong></span> <span class='ocrx_word' id='word_1_503' title='bbox 3530 930 3591 984; x_wconf 87' lang='lat' dir='ltr'><strong>Et</strong></span> 
     </span>
    </p>
   </div>
   <div class='ocr_carea' id='block_1_88' title="bbox 2060 985 3201 1062">
    <p class='ocr_par' dir='ltr' id='par_1_88' title="bbox 2060 985 3201 1062">
     <span class='ocr_line' id='line_1_89' title="bbox 2060 985 3201 1062; baseline 0.002 -18"><span class='ocrx_word' id='word_1_504' title='bbox 2060 993 2185 1061; x_wconf 90' lang='lat' dir='ltr'><strong>quis</strong></span> <span class='ocrx_word' id='word_1_505' title='bbox 2220 985 2398 1060; x_wconf 72' lang='lat' dir='ltr'><strong>potest</strong></span> <span class='ocrx_word' id='word_1_506' title='bbox 2422 985 2674 1046; x_wconf 82' lang='lat' dir='ltr'><strong>similiier</strong></span> <span class='ocrx_word' id='word_1_507' title='bbox 2705 992 2784 1046; x_wconf 90' lang='lat' dir='ltr'><strong>sic</strong></span> <span class='ocrx_word' id='word_1_508' title='bbox 2808 993 3033 1062; x_wconf 71' lang='lat' dir='ltr'><strong>gloriari</strong></span> <span class='ocrx_word' id='word_1_509' title='bbox 3061 993 3201 1046; x_wconf 80' lang='lat' dir='ltr'><strong>tibi?</strong></span> 
     </span>
    </p>
   </div>
   <div class='ocr_carea' id='block_1_89' title="bbox 2130 1062 3589 1126">
    <p class='ocr_par' dir='ltr' id='par_1_89' title="bbox 2130 1062 3589 1126">
     <span class='ocr_line' id='line_1_90' title="bbox 2130 1062 3589 1126; baseline 0.005 -12"><span class='ocrx_word' id='word_1_510' title='bbox 2130 1062 2233 1126; x_wconf 86' lang='lat' dir='ltr'><strong>Qui</strong></span> <span class='ocrx_word' id='word_1_511' title='bbox 2266 1062 2535 1116; x_wconf 88' lang='lat' dir='ltr'><strong>sustulisti</strong></span> <span class='ocrx_word' id='word_1_512' title='bbox 2571 1072 2846 1116; x_wconf 88' lang='lat' dir='ltr'><strong>mortuum</strong></span> <span class='ocrx_word' id='word_1_513' title='bbox 2869 1064 2937 1117; x_wconf 90' lang='lat' dir='ltr'><strong>ab</strong></span> <span class='ocrx_word' id='word_1_514' title='bbox 2968 1062 3164 1117; x_wconf 84' lang='lat' dir='ltr'><strong>inferis</strong></span> <span class='ocrx_word' id='word_1_515' title='bbox 3194 1062 3262 1118; x_wconf 92' lang='lat' dir='ltr'><strong>de</strong></span> <span class='ocrx_word' id='word_1_516' title='bbox 3291 1072 3433 1119; x_wconf 82' lang='lat' dir='ltr'><strong>sorte</strong></span> <span class='ocrx_word' id='word_1_517' title='bbox 3461 1080 3589 1121; x_wconf 84' lang='lat' dir='ltr'><strong>mor-</strong></span> 
     </span>
    </p>
   </div>
   <div class='ocr_carea' id='block_1_90' title="bbox 2060 1131 2812 1188">
    <p class='ocr_par' dir='ltr' id='par_1_90' title="bbox 2060 1131 2812 1188">
     <span class='ocr_line' id='line_1_91' title="bbox 2060 1131 2812 1188; baseline 0.003 -3"><span class='ocrx_word' id='word_1_518' title='bbox 2060 1132 2128 1186; x_wconf 83' lang='lat' dir='ltr'><strong>tis</strong></span> <span class='ocrx_word' id='word_1_519' title='bbox 2165 1134 2217 1184; x_wconf 92' lang='lat' dir='ltr'><strong>in</strong></span> <span class='ocrx_word' id='word_1_520' title='bbox 2251 1132 2421 1185; x_wconf 80' lang='lat' dir='ltr'><strong>verbo</strong></span> <span class='ocrx_word' id='word_1_521' title='bbox 2457 1131 2667 1184; x_wconf 87' lang='lat' dir='ltr'><strong>Domini</strong></span> <span class='ocrx_word' id='word_1_522' title='bbox 2694 1132 2812 1188; x_wconf 89' lang='lat' dir='ltr'><strong>Dei.</strong></span> 
     </span>
    </p>
   </div>
   <div class='ocr_carea' id='block_1_91' title="bbox 2131 1199 3593 1273">
    <p class='ocr_par' dir='ltr' id='par_1_91' title="bbox 2131 1199 3593 1273">
     <span class='ocr_line' id='line_1_92' title="bbox 2131 1199 3593 1273; baseline 0.003 -19"><span class='ocrx_word' id='word_1_523' title='bbox 2131 1201 2235 1266; x_wconf 86' lang='lat' dir='ltr'><strong>Qui</strong></span> <span class='ocrx_word' id='word_1_524' title='bbox 2269 1201 2518 1273; x_wconf 87' lang='lat' dir='ltr'><strong>dejecisti</strong></span> <span class='ocrx_word' id='word_1_525' title='bbox 2553 1216 2708 1273; x_wconf 72' lang='lat' dir='ltr'><strong>reges</strong></span> <span class='ocrx_word' id='word_1_526' title='bbox 2743 1203 2812 1256; x_wconf 90' lang='lat' dir='ltr'><strong>ad</strong></span> <span class='ocrx_word' id='word_1_527' title='bbox 2852 1199 3176 1273; x_wconf 88' lang='lat' dir='ltr'><strong>perniciem,</strong></span> <span class='ocrx_word' id='word_1_528' title='bbox 3206 1211 3275 1273; x_wconf 10' lang='lat' dir='ltr'><strong>et!</strong></span> <span class='ocrx_word' id='word_1_529' title='bbox 3298 1202 3593 1273; x_wconf 78' lang='lat' dir='ltr'><strong>confregisti</strong></span> 
     </span>
    </p>
   </div>
   <div class='ocr_carea' id='block_1_92' title="bbox 2059 1270 3592 1340">
    <p class='ocr_par' dir='ltr' id='par_1_92' title="bbox 2059 1270 3592 1340">
     <span class='ocr_line' id='line_1_93' title="bbox 2059 1270 3592 1340; baseline 0.003 -15"><span class='ocrx_word' id='word_1_530' title='bbox 2059 1270 2223 1325; x_wconf 83' lang='lat' dir='ltr'><strong>facile</strong></span> <span class='ocrx_word' id='word_1_531' title='bbox 2252 1271 2562 1340; x_wconf 79' lang='lat' dir='ltr'><strong>potentiam</strong></span> <span class='ocrx_word' id='word_1_532' title='bbox 2577 1270 2922 1339; x_wconf 84' lang='lat' dir='ltr'><strong>ipsorum,et</strong></span> <span class='ocrx_word' id='word_1_533' title='bbox 2941 1272 3208 1340; x_wconf 76' lang='lat' dir='ltr'><strong>gloriosos</strong></span> <span class='ocrx_word' id='word_1_534' title='bbox 3247 1271 3313 1325; x_wconf 91' lang='lat' dir='ltr'><strong>de</strong></span> <span class='ocrx_word' id='word_1_535' title='bbox 3334 1273 3467 1327; x_wconf 89' lang='lat' dir='ltr'><strong>lecto</strong></span> <span class='ocrx_word' id='word_1_536' title='bbox 3482 1270 3592 1329; x_wconf 76' lang='lat' dir='ltr'><strong>suo.</strong></span> 
     </span>
    </p>
   </div>
   <div class='ocr_carea' id='block_1_93' title="bbox 2131 1338 3595 1413">
    <p class='ocr_par' dir='ltr' id='par_1_93' title="bbox 2131 1338 3595 1413">
     <span class='ocr_line' id='line_1_94' title="bbox 2131 1338 3595 1413; baseline 0.003 -20"><span class='ocrx_word' id='word_1_537' title='bbox 2131 1340 2234 1413; x_wconf 86' lang='lat' dir='ltr'><strong>Qui</strong></span> <span class='ocrx_word' id='word_1_538' title='bbox 2256 1340 2421 1413; x_wconf 81' lang='lat' dir='ltr'><strong>audis</strong></span> <span class='ocrx_word' id='word_1_539' title='bbox 2443 1340 2495 1392; x_wconf 89' lang='lat' dir='ltr'><strong>in</strong></span> <span class='ocrx_word' id='word_1_540' title='bbox 2538 1338 2669 1393; x_wconf 86' lang='lat' dir='ltr'><strong>Sina</strong></span> <span class='ocrx_word' id='word_1_541' title='bbox 2692 1338 2985 1411; x_wconf 80' lang='lat' dir='ltr'><strong>judicium,</strong></span> <span class='ocrx_word' id='word_1_542' title='bbox 3011 1350 3068 1395; x_wconf 91' lang='lat' dir='ltr'><strong>et</strong></span> <span class='ocrx_word' id='word_1_543' title='bbox 3096 1341 3151 1395; x_wconf 91' lang='lat' dir='ltr'><strong>in</strong></span> <span class='ocrx_word' id='word_1_544' title='bbox 3195 1341 3372 1396; x_wconf 81' lang='lat' dir='ltr'><strong>Horeb</strong></span> <span class='ocrx_word' id='word_1_545' title='bbox 3408 1343 3595 1413; x_wconf 87' lang='lat' dir='ltr'><strong>judicia</strong></span> 
     </span>
    </p>
   </div>
   <div class='ocr_carea' id='block_1_94' title="bbox 2058 1409 2414 1467">
    <p class='ocr_par' dir='ltr' id='par_1_94' title="bbox 2058 1409 2414 1467">
     <span class='ocr_line' id='line_1_95' title="bbox 2058 1409 2414 1467; baseline 0.011 -4"><span class='ocrx_word' id='word_1_546' title='bbox 2058 1409 2414 1467; x_wconf 86' lang='lat' dir='ltr'><strong>defensionis.</strong></span> 
     </span>
    </p>
   </div>
   <div class='ocr_carea' id='block_1_95' title="bbox 2134 1477 3600 1550">
    <p class='ocr_par' dir='ltr' id='par_1_95' title="bbox 2134 1477 3600 1550">
     <span class='ocr_line' id='line_1_96' title="bbox 2134 1477 3600 1550; baseline 0.003 -19"><span class='ocrx_word' id='word_1_547' title='bbox 2134 1479 2237 1544; x_wconf 87' lang='lat' dir='ltr'><strong>Qui</strong></span> <span class='ocrx_word' id='word_1_548' title='bbox 2293 1480 2451 1547; x_wconf 80' lang='lat' dir='ltr'><strong>ungis</strong></span> <span class='ocrx_word' id='word_1_549' title='bbox 2480 1492 2634 1548; x_wconf 82' lang='lat' dir='ltr'><strong>reges</strong></span> <span class='ocrx_word' id='word_1_550' title='bbox 2666 1478 2732 1532; x_wconf 89' lang='lat' dir='ltr'><strong>ad</strong></span> <span class='ocrx_word' id='word_1_551' title='bbox 2781 1477 3181 1548; x_wconf 78' lang='lat' dir='ltr'><strong>ptenitentiam,</strong></span> <span class='ocrx_word' id='word_1_552' title='bbox 3223 1488 3279 1534; x_wconf 91' lang='lat' dir='ltr'><strong>et</strong></span> <span class='ocrx_word' id='word_1_553' title='bbox 3326 1480 3600 1550; x_wconf 85' lang='lat' dir='ltr'><strong>prophetas</strong></span> 
     </span>
    </p>
   </div>
   <div class='ocr_carea' id='block_1_96' title="bbox 2060 1547 2830 1616">
    <p class='ocr_par' dir='ltr' id='par_1_96' title="bbox 2060 1547 2830 1616">
     <span class='ocr_line' id='line_1_97' title="bbox 2060 1547 2830 1616; baseline 0.003 -14"><span class='ocrx_word' id='word_1_554' title='bbox 2060 1547 2199 1603; x_wconf 78' lang='lat' dir='ltr'><strong>facis</strong></span> <span class='ocrx_word' id='word_1_555' title='bbox 2231 1547 2581 1603; x_wconf 79' lang='lat' dir='ltr'><strong>successores</strong></span> <span class='ocrx_word' id='word_1_556' title='bbox 2606 1557 2728 1616; x_wconf 90' lang='lat' dir='ltr'><strong>post</strong></span> <span class='ocrx_word' id='word_1_557' title='bbox 2760 1547 2830 1604; x_wconf 87' lang='lat' dir='ltr'><strong>te.</strong></span> 
     </span>
    </p>
   </div>
   <div class='ocr_carea' id='block_1_97' title="bbox 2130 1618 3600 1690">
    <p class='ocr_par' dir='ltr' id='par_1_97' title="bbox 2130 1618 3600 1690">
     <span class='ocr_line' id='line_1_98' title="bbox 2130 1618 3600 1690; baseline 0.001 -17"><span class='ocrx_word' id='word_1_558' title='bbox 2130 1618 2232 1682; x_wconf 89' lang='lat' dir='ltr'><strong>Qui</strong></span> <span class='ocrx_word' id='word_1_559' title='bbox 2301 1629 2551 1687; x_wconf 89' lang='lat' dir='ltr'><strong>receptus</strong></span> <span class='ocrx_word' id='word_1_560' title='bbox 2603 1633 2663 1672; x_wconf 82' lang='lat' dir='ltr'><strong>es</strong></span> <span class='ocrx_word' id='word_1_561' title='bbox 2719 1620 2775 1673; x_wconf 91' lang='lat' dir='ltr'><strong>in</strong></span> <span class='ocrx_word' id='word_1_562' title='bbox 2819 1621 3042 1677; x_wconf 86' lang='lat' dir='ltr'><strong>turbine</strong></span> <span class='ocrx_word' id='word_1_563' title='bbox 3094 1619 3265 1690; x_wconf 79' lang='lat' dir='ltr'><strong>ignis,</strong></span> <span class='ocrx_word' id='word_1_564' title='bbox 3320 1619 3378 1674; x_wconf 91' lang='lat' dir='ltr'><strong>in</strong></span> <span class='ocrx_word' id='word_1_565' title='bbox 3450 1634 3600 1675; x_wconf 90' lang='lat' dir='ltr'><strong>curru</strong></span> 
     </span>
    </p>
   </div>
   <div class='ocr_carea' id='block_1_98' title="bbox 1987 1703 2355 1769">
    <p class='ocr_par' dir='ltr' id='par_1_98' title="bbox 1987 1703 2355 1769">
     <span class='ocr_line' id='line_1_99' title="bbox 1987 1703 2355 1769; baseline -0.003 -27"><span class='ocrx_word' id='word_1_566' title='bbox 1987 1713 2031 1769; x_wconf 69' lang='grc' dir='ltr'><strong><em>Β</em></strong></span> <span class='ocrx_word' id='word_1_567' title='bbox 2064 1703 2355 1769; x_wconf 60' lang='grc' dir='ltr'><strong>εςμριςυω.</strong></span> 
     </span>
    </p>
   </div>
   <div class='ocr_carea' id='block_1_99' title="bbox 2132 1756 3605 1829">
    <p class='ocr_par' dir='ltr' id='par_1_99' title="bbox 2132 1756 3605 1829">
     <span class='ocr_line' id='line_1_100' title="bbox 2132 1756 3605 1829; baseline 0.003 -20"><span class='ocrx_word' id='word_1_568' title='bbox 2132 1757 2235 1829; x_wconf 88' lang='lat' dir='ltr'><strong>Qui</strong></span> <span class='ocrx_word' id='word_1_569' title='bbox 2273 1756 2508 1829; x_wconf 82' lang='lat' dir='ltr'><strong>scriptus</strong></span> <span class='ocrx_word' id='word_1_570' title='bbox 2535 1772 2596 1813; x_wconf 92' lang='lat' dir='ltr'><strong>es</strong></span> <span class='ocrx_word' id='word_1_571' title='bbox 2628 1757 2683 1812; x_wconf 87' lang='lat' dir='ltr'><strong>in</strong></span> <span class='ocrx_word' id='word_1_572' title='bbox 2724 1756 2948 1826; x_wconf 83' lang='lat' dir='ltr'><strong>judiciis</strong></span> <span class='ocrx_word' id='word_1_573' title='bbox 2971 1770 3285 1829; x_wconf 85' lang='lat' dir='ltr'><strong>temporum</strong></span> <span class='ocrx_word' id='word_1_574' title='bbox 3314 1759 3483 1829; x_wconf 87' lang='lat' dir='ltr'><strong>lenire</strong></span> <span class='ocrx_word' id='word_1_575' title='bbox 3506 1758 3605 1813; x_wconf 58' lang='lat' dir='ltr'><strong>ira.</strong></span> 
     </span>
    </p>
   </div>
   <div class='ocr_carea' id='block_1_100' title="bbox 2066 1827 3605 1900">
    <p class='ocr_par' dir='ltr' id='par_1_100' title="bbox 2066 1827 3605 1900">
     <span class='ocr_line' id='line_1_101' title="bbox 2066 1827 3605 1900; baseline 0.001 -20"><span class='ocrx_word' id='word_1_576' title='bbox 2066 1828 2323 1900; x_wconf 84' lang='lat' dir='ltr'><strong>cundiam</strong></span> <span class='ocrx_word' id='word_1_577' title='bbox 2365 1827 2605 1900; x_wconf 84' lang='lat' dir='ltr'><strong>Domini,</strong></span> <span class='ocrx_word' id='word_1_578' title='bbox 2631 1829 2928 1900; x_wconf 84' lang='lat' dir='ltr'><strong>conciliare</strong></span> <span class='ocrx_word' id='word_1_579' title='bbox 2965 1847 3060 1884; x_wconf 88' lang='lat' dir='ltr'><strong>cor</strong></span> <span class='ocrx_word' id='word_1_580' title='bbox 3086 1827 3281 1900; x_wconf 52' lang='lat' dir='ltr'><strong>&#39;patris</strong></span> <span class='ocrx_word' id='word_1_581' title='bbox 3313 1828 3381 1883; x_wconf 89' lang='lat' dir='ltr'><strong>ad</strong></span> <span class='ocrx_word' id='word_1_582' title='bbox 3425 1829 3605 1895; x_wconf 87' lang='lat' dir='ltr'><strong>lilium,</strong></span> 
     </span>
    </p>
   </div>
   <div class='ocr_carea' id='block_1_101' title="bbox 2066 1895 2888 1952">
    <p class='ocr_par' dir='ltr' id='par_1_101' title="bbox 2066 1895 2888 1952">
     <span class='ocr_line' id='line_1_102' title="bbox 2066 1895 2888 1952; baseline 0.002 -2"><span class='ocrx_word' id='word_1_583' title='bbox 2066 1907 2123 1951; x_wconf 93' lang='lat' dir='ltr'><strong>et</strong></span> <span class='ocrx_word' id='word_1_584' title='bbox 2163 1897 2456 1951; x_wconf 85' lang='lat' dir='ltr'><strong>restituere</strong></span> <span class='ocrx_word' id='word_1_585' title='bbox 2491 1898 2671 1951; x_wconf 88' lang='lat' dir='ltr'><strong>tribus</strong></span> <span class='ocrx_word' id='word_1_586' title='bbox 2700 1895 2888 1952; x_wconf 79' lang='lat' dir='ltr'><strong>Jacob.</strong></span> 
     </span>
    </p>
   </div>
   <div class='ocr_carea' id='block_1_102' title="bbox 2138 1966 3609 2037">
    <p class='ocr_par' dir='ltr' id='par_1_102' title="bbox 2138 1966 3609 2037">
     <span class='ocr_line' id='line_1_103' title="bbox 2138 1966 3609 2037; baseline 0.002 -19"><span class='ocrx_word' id='word_1_587' title='bbox 2138 1966 2472 2037; x_wconf 86' lang='lat' dir='ltr'><strong>Beatisunt,</strong></span> <span class='ocrx_word' id='word_1_588' title='bbox 2500 1967 2595 2037; x_wconf 90' lang='lat' dir='ltr'><strong>qui</strong></span> <span class='ocrx_word' id='word_1_589' title='bbox 2642 1976 2694 2021; x_wconf 91' lang='lat' dir='ltr'><strong>te</strong></span> <span class='ocrx_word' id='word_1_590' title='bbox 2724 1968 3002 2035; x_wconf 91' lang='lat' dir='ltr'><strong>viderunt,</strong></span> <span class='ocrx_word' id='word_1_591' title='bbox 3046 1976 3103 2023; x_wconf 88' lang='lat' dir='ltr'><strong>et</strong></span> <span class='ocrx_word' id='word_1_592' title='bbox 3153 1968 3209 2024; x_wconf 89' lang='lat' dir='ltr'><strong>in</strong></span> <span class='ocrx_word' id='word_1_593' title='bbox 3255 1967 3495 2022; x_wconf 83' lang='lat' dir='ltr'><strong>amicitia</strong></span> <span class='ocrx_word' id='word_1_594' title='bbox 3526 1977 3609 2022; x_wconf 89' lang='lat' dir='ltr'><strong>tua</strong></span> 
     </span>
    </p>
   </div>
   <div class='ocr_carea' id='block_1_103' title="bbox 2066 2036 2493 2090">
    <p class='ocr_par' dir='ltr' id='par_1_103' title="bbox 2066 2036 2493 2090">
     <span class='ocr_line' id='line_1_104' title="bbox 2066 2036 2493 2090; baseline -0.002 0"><span class='ocrx_word' id='word_1_595' title='bbox 2066 2036 2314 2090; x_wconf 88' lang='lat' dir='ltr'><strong>decorati</strong></span> <span class='ocrx_word' id='word_1_596' title='bbox 2344 2044 2493 2089; x_wconf 88' lang='lat' dir='ltr'><strong>sunt.</strong></span> 
     </span>
    </p>
   </div>
   <div class='ocr_carea' id='block_1_104' title="bbox 2137 2105 3613 2179">
    <p class='ocr_par' dir='ltr' id='par_1_104' title="bbox 2137 2105 3613 2179">
     <span class='ocr_line' id='line_1_105' title="bbox 2137 2105 3613 2179; baseline 0.001 -20"><span class='ocrx_word' id='word_1_597' title='bbox 2137 2105 2271 2159; x_wconf 84' lang='lat' dir='ltr'><strong>Nam</strong></span> <span class='ocrx_word' id='word_1_598' title='bbox 2305 2108 2530 2179; x_wconf 90' lang='lat' dir='ltr'><strong>nos_vita</strong></span> <span class='ocrx_word' id='word_1_599' title='bbox 2566 2105 2802 2160; x_wconf 89' lang='lat' dir='ltr'><strong>vivimus</strong></span> <span class='ocrx_word' id='word_1_600' title='bbox 2831 2117 3063 2173; x_wconf 87' lang='lat' dir='ltr'><strong>tantum,</strong></span> <span class='ocrx_word' id='word_1_601' title='bbox 3095 2118 3223 2179; x_wconf 90' lang='lat' dir='ltr'><strong>post</strong></span> <span class='ocrx_word' id='word_1_602' title='bbox 3268 2114 3497 2162; x_wconf 89' lang='lat' dir='ltr'><strong>mortem</strong></span> <span class='ocrx_word' id='word_1_603' title='bbox 3522 2122 3613 2161; x_wconf 89' lang='lat' dir='ltr'><strong>au-</strong></span> 
     </span>
    </p>
   </div>
   <div class='ocr_carea' id='block_1_105' title="bbox 2066 2175 3105 2247">
    <p class='ocr_par' dir='ltr' id='par_1_105' title="bbox 2066 2175 3105 2247">
     <span class='ocr_line' id='line_1_106' title="bbox 2066 2175 3105 2247; baseline 0.005 -18"><span class='ocrx_word' id='word_1_604' title='bbox 2066 2183 2312 2247; x_wconf 72' lang='lat' dir='ltr'><strong>temnon</strong></span> <span class='ocrx_word' id='word_1_605' title='bbox 2338 2175 2449 2247; x_wconf 83' lang='lat' dir='ltr'><strong>erit</strong></span> <span class='ocrx_word' id='word_1_606' title='bbox 2472 2180 2795 2247; x_wconf 86' lang='lat' dir='ltr'><strong>talenomen</strong></span> <span class='ocrx_word' id='word_1_607' title='bbox 2830 2175 3105 2247; x_wconf 57' lang='lat' dir='ltr'><strong>nostrum;</strong></span> 
     </span>
    </p>
   </div>
   <div class='ocr_carea' id='block_1_106' title="bbox 2135 2244 3617 2312">
    <p class='ocr_par' dir='ltr' id='par_1_106' title="bbox 2135 2244 3617 2312">
     <span class='ocr_line' id='line_1_107' title="bbox 2135 2244 3617 2312; baseline 0.001 -15"><span class='ocrx_word' id='word_1_608' title='bbox 2135 2244 2283 2299; x_wconf 88' lang='lat' dir='ltr'><strong>Elias</strong></span> <span class='ocrx_word' id='word_1_609' title='bbox 2324 2245 2546 2311; x_wconf 89' lang='lat' dir='ltr'><strong>quidem</strong></span> <span class='ocrx_word' id='word_1_610' title='bbox 2587 2246 2641 2299; x_wconf 91' lang='lat' dir='ltr'><strong>in</strong></span> <span class='ocrx_word' id='word_1_611' title='bbox 2673 2247 2893 2301; x_wconf 89' lang='lat' dir='ltr'><strong>turbine</strong></span> <span class='ocrx_word' id='word_1_612' title='bbox 2938 2244 3116 2303; x_wconf 83' lang='lat' dir='ltr'><strong>tectus</strong></span> <span class='ocrx_word' id='word_1_613' title='bbox 3155 2257 3265 2312; x_wconf 82' lang='lat' dir='ltr'><strong>est,</strong></span> <span class='ocrx_word' id='word_1_614' title='bbox 3312 2256 3369 2303; x_wconf 90' lang='lat' dir='ltr'><strong>et</strong></span> <span class='ocrx_word' id='word_1_615' title='bbox 3416 2249 3469 2305; x_wconf 89' lang='lat' dir='ltr'><strong>in</strong></span> <span class='ocrx_word' id='word_1_616' title='bbox 3520 2248 3617 2302; x_wconf 83' lang='lat' dir='ltr'><strong>Eli-</strong></span> 
     </span>
    </p>
   </div>
   <div class='ocr_carea' id='block_1_107' title="bbox 2065 2316 3619 2387">
    <p class='ocr_par' dir='ltr' id='par_1_107' title="bbox 2065 2316 3619 2387">
     <span class='ocr_line' id='line_1_108' title="bbox 2065 2316 3619 2387; baseline 0 -18"><span class='ocrx_word' id='word_1_617' title='bbox 2065 2330 2173 2369; x_wconf 66' lang='lat' dir='ltr'><strong>sano</strong></span> <span class='ocrx_word' id='word_1_618' title='bbox 2189 2316 2494 2387; x_wconf 69' lang='lat' dir='ltr'><strong>completus</strong></span> <span class='ocrx_word' id='word_1_619' title='bbox 2521 2326 2606 2369; x_wconf 90' lang='lat' dir='ltr'><strong>est</strong></span> <span class='ocrx_word' id='word_1_620' title='bbox 2628 2316 2857 2383; x_wconf 88' lang='lat' dir='ltr'><strong>spiritus</strong></span> <span class='ocrx_word' id='word_1_621' title='bbox 2879 2319 2995 2387; x_wconf 88' lang='lat' dir='ltr'><strong>ejus</strong></span> <span class='ocrx_word' id='word_1_622' title='bbox 3035 2335 3049 2369; x_wconf 90' lang='lat'><strong>:</strong></span> <span class='ocrx_word' id='word_1_623' title='bbox 3089 2320 3143 2372; x_wconf 90' lang='lat' dir='ltr'><strong>in</strong></span> <span class='ocrx_word' id='word_1_624' title='bbox 3169 2319 3371 2373; x_wconf 88' lang='lat' dir='ltr'><strong>diebus</strong></span> <span class='ocrx_word' id='word_1_625' title='bbox 3385 2321 3497 2373; x_wconf 88' lang='lat' dir='ltr'><strong>suis</strong></span> <span class='ocrx_word' id='word_1_626' title='bbox 3521 2332 3619 2371; x_wconf 92' lang='lat' dir='ltr'><strong>non</strong></span> 
     </span>
    </p>
   </div>
   <div class='ocr_carea' id='block_1_108' title="bbox 2064 2384 3615 2454">
    <p class='ocr_par' dir='ltr' id='par_1_108' title="bbox 2064 2384 3615 2454">
     <span class='ocr_line' id='line_1_109' title="bbox 2064 2384 3615 2454; baseline 0.003 -17"><span class='ocrx_word' id='word_1_627' title='bbox 2064 2384 2695 2453; x_wconf 87' lang='lat' dir='ltr'><strong>pcrtimuitprincipem,</strong></span> <span class='ocrx_word' id='word_1_628' title='bbox 2736 2384 3048 2454; x_wconf 78' lang='lat' dir='ltr'><strong>etpotentia</strong></span> <span class='ocrx_word' id='word_1_629' title='bbox 3094 2402 3265 2441; x_wconf 90' lang='lat' dir='ltr'><strong>nemo</strong></span> <span class='ocrx_word' id='word_1_630' title='bbox 3291 2389 3421 2441; x_wconf 88' lang='lat' dir='ltr'><strong>vicit</strong></span> <span class='ocrx_word' id='word_1_631' title='bbox 3453 2390 3615 2449; x_wconf 85' lang='lat' dir='ltr'><strong>illum,</strong></span> 
     </span>
    </p>
   </div>
   <div class='ocr_carea' id='block_1_109' title="bbox 2136 2454 3622 2527">
    <p class='ocr_par' dir='ltr' id='par_1_109' title="bbox 2136 2454 3622 2527">
     <span class='ocr_line' id='line_1_110' title="bbox 2136 2454 3622 2527; baseline 0.002 -20"><span class='ocrx_word' id='word_1_632' title='bbox 2136 2454 2251 2527; x_wconf 83' lang='lat' dir='ltr'><strong>Nec</strong></span> <span class='ocrx_word' id='word_1_633' title='bbox 2279 2456 2557 2521; x_wconf 87' lang='lat' dir='ltr'><strong>superavit</strong></span> <span class='ocrx_word' id='word_1_634' title='bbox 2583 2456 2734 2527; x_wconf 89' lang='lat' dir='ltr'><strong>illum</strong></span> <span class='ocrx_word' id='word_1_635' title='bbox 2756 2458 2982 2511; x_wconf 87' lang='lat' dir='ltr'><strong>verbum</strong></span> <span class='ocrx_word' id='word_1_636' title='bbox 3001 2457 3254 2527; x_wconf 85' lang='lat' dir='ltr'><strong>aliquod,</strong></span> <span class='ocrx_word' id='word_1_637' title='bbox 3275 2469 3335 2513; x_wconf 88' lang='lat' dir='ltr'><strong>et</strong></span> <span class='ocrx_word' id='word_1_638' title='bbox 3361 2465 3622 2511; x_wconf 87' lang='lat' dir='ltr'><strong>mortuum</strong></span> 
     </span>
    </p>
   </div>
   <div class='ocr_carea' id='block_1_110' title="bbox 2066 2523 2825 2594">
    <p class='ocr_par' dir='ltr' id='par_1_110' title="bbox 2066 2523 2825 2594">
     <span class='ocr_line' id='line_1_111' title="bbox 2066 2523 2825 2594; baseline 0.003 -19"><span class='ocrx_word' id='word_1_639' title='bbox 2066 2523 2415 2594; x_wconf 77' lang='lat' dir='ltr'><strong>prophetarit</strong></span> <span class='ocrx_word' id='word_1_640' title='bbox 2444 2540 2646 2591; x_wconf 78' lang='lat' dir='ltr'><strong>corpus</strong></span> <span class='ocrx_word' id='word_1_641' title='bbox 2683 2526 2825 2593; x_wconf 87' lang='lat' dir='ltr'><strong>ejus.</strong></span> 
     </span>
    </p>
   </div>
   <div class='ocr_carea' id='block_1_111' title="bbox 2140 2593 3623 2660">
    <p class='ocr_par' dir='ltr' id='par_1_111' title="bbox 2140 2593 3623 2660">
     <span class='ocr_line' id='line_1_112' title="bbox 2140 2593 3623 2660; baseline 0.002 -15"><span class='ocrx_word' id='word_1_642' title='bbox 2140 2593 2197 2646; x_wconf 90' lang='lat' dir='ltr'><strong>ln</strong></span> <span class='ocrx_word' id='word_1_643' title='bbox 2232 2597 2340 2646; x_wconf 91' lang='lat' dir='ltr'><strong>vita</strong></span> <span class='ocrx_word' id='word_1_644' title='bbox 2385 2609 2484 2648; x_wconf 88' lang='lat' dir='ltr'><strong>sua</strong></span> <span class='ocrx_word' id='word_1_645' title='bbox 2520 2595 2652 2647; x_wconf 86' lang='lat' dir='ltr'><strong>fecit</strong></span> <span class='ocrx_word' id='word_1_646' title='bbox 2675 2604 2945 2660; x_wconf 87' lang='lat' dir='ltr'><strong>monstra,</strong></span> <span class='ocrx_word' id='word_1_647' title='bbox 2976 2604 3033 2651; x_wconf 91' lang='lat' dir='ltr'><strong>et</strong></span> <span class='ocrx_word' id='word_1_648' title='bbox 3068 2596 3126 2651; x_wconf 90' lang='lat' dir='ltr'><strong>in</strong></span> <span class='ocrx_word' id='word_1_649' title='bbox 3154 2606 3340 2652; x_wconf 87' lang='lat' dir='ltr'><strong>morte</strong></span> <span class='ocrx_word' id='word_1_650' title='bbox 3363 2595 3623 2653; x_wconf 74' lang='lat' dir='ltr'><strong>mirabilia</strong></span> 
     </span>
    </p>
   </div>
   <div class='ocr_carea' id='block_1_112' title="bbox 2065 2672 2453 2732">
    <p class='ocr_par' dir='ltr' id='par_1_112' title="bbox 2065 2672 2453 2732">
     <span class='ocr_line' id='line_1_113' title="bbox 2065 2672 2453 2732; baseline -0.005 -15"><span class='ocrx_word' id='word_1_651' title='bbox 2065 2675 2323 2732; x_wconf 89' lang='lat' dir='ltr'><strong>operatus</strong></span> <span class='ocrx_word' id='word_1_652' title='bbox 2349 2672 2453 2717; x_wconf 87' lang='lat' dir='ltr'><strong>est.</strong></span> 
     </span>
    </p>
   </div>
   <div class='ocr_carea' id='block_1_113' title="bbox 2132 2732 3630 2808">
    <p class='ocr_par' dir='ltr' id='par_1_113' title="bbox 2132 2732 3630 2808">
     <span class='ocr_line' id='line_1_114' title="bbox 2132 2732 3630 2808; baseline 0.002 -22"><span class='ocrx_word' id='word_1_653' title='bbox 2132 2732 2190 2787; x_wconf 93' lang='lat' dir='ltr'><strong>ln</strong></span> <span class='ocrx_word' id='word_1_654' title='bbox 2218 2734 2477 2788; x_wconf 90' lang='lat' dir='ltr'><strong>omnibus</strong></span> <span class='ocrx_word' id='word_1_655' title='bbox 2522 2734 2642 2789; x_wconf 89' lang='lat' dir='ltr'><strong>istis</strong></span> <span class='ocrx_word' id='word_1_656' title='bbox 2682 2748 2788 2808; x_wconf 84' lang='lat' dir='ltr'><strong>non</strong></span> <span class='ocrx_word' id='word_1_657' title='bbox 2832 2736 3093 2804; x_wconf 82' lang='lat' dir='ltr'><strong>paenituit</strong></span> <span class='ocrx_word' id='word_1_658' title='bbox 3141 2738 3407 2808; x_wconf 81' lang='lat' dir='ltr'><strong>populus,</strong></span> <span class='ocrx_word' id='word_1_659' title='bbox 3441 2746 3497 2791; x_wconf 80' lang='lat' dir='ltr'><strong>et</strong></span> <span class='ocrx_word' id='word_1_660' title='bbox 3527 2752 3630 2790; x_wconf 76' lang='lat' dir='ltr'><strong>non</strong></span> 
     </span>
    </p>
   </div>
   <div class='ocr_carea' id='block_1_114' title="bbox 2066 2806 3630 2878">
    <p class='ocr_par' dir='ltr' id='par_1_114' title="bbox 2066 2806 3630 2878">
     <span class='ocr_line' id='line_1_115' title="bbox 2066 2806 3630 2878; baseline 0.004 -22"><span class='ocrx_word' id='word_1_661' title='bbox 2066 2811 2419 2878; x_wconf 74' lang='lat' dir='ltr'><strong>recesserunt</strong></span> <span class='ocrx_word' id='word_1_662' title='bbox 2448 2820 2478 2857; x_wconf 92' lang='lat' dir='ltr'><strong>a</strong></span> <span class='ocrx_word' id='word_1_663' title='bbox 2509 2806 2746 2878; x_wconf 79' lang='lat' dir='ltr'><strong>peccatis</strong></span> <span class='ocrx_word' id='word_1_664' title='bbox 2774 2810 2890 2878; x_wconf 88' lang='lat' dir='ltr'><strong>suis</strong></span> <span class='ocrx_word' id='word_1_665' title='bbox 2925 2822 3099 2872; x_wconf 76' lang='lat' dir='ltr'><strong>usque</strong></span> <span class='ocrx_word' id='word_1_666' title='bbox 3130 2806 3265 2862; x_wconf 84' lang='lat' dir='ltr'><strong>dum</strong></span> <span class='ocrx_word' id='word_1_667' title='bbox 3308 2808 3469 2878; x_wconf 88' lang='lat' dir='ltr'><strong>ejecti</strong></span> <span class='ocrx_word' id='word_1_668' title='bbox 3509 2815 3630 2862; x_wconf 69' lang='lat' dir='ltr'><strong>sunt</strong></span> 
     </span>
    </p>
   </div>
   <div class='ocr_carea' id='block_1_115' title="bbox 2068 2873 3630 2942">
    <p class='ocr_par' dir='ltr' id='par_1_115' title="bbox 2068 2873 3630 2942">
     <span class='ocr_line' id='line_1_116' title="bbox 2068 2873 3630 2942; baseline 0.001 -15"><span class='ocrx_word' id='word_1_669' title='bbox 2068 2873 2137 2927; x_wconf 88' lang='lat' dir='ltr'><strong>de</strong></span> <span class='ocrx_word' id='word_1_670' title='bbox 2163 2883 2306 2927; x_wconf 88' lang='lat' dir='ltr'><strong>terra</strong></span> <span class='ocrx_word' id='word_1_671' title='bbox 2340 2888 2461 2937; x_wconf 88' lang='lat' dir='ltr'><strong>sua,</strong></span> <span class='ocrx_word' id='word_1_672' title='bbox 2489 2883 2546 2928; x_wconf 91' lang='lat' dir='ltr'><strong>et</strong></span> <span class='ocrx_word' id='word_1_673' title='bbox 2576 2874 2813 2942; x_wconf 80' lang='lat' dir='ltr'><strong>dispersi</strong></span> <span class='ocrx_word' id='word_1_674' title='bbox 2846 2885 2975 2929; x_wconf 91' lang='lat' dir='ltr'><strong>sunt</strong></span> <span class='ocrx_word' id='word_1_675' title='bbox 3011 2878 3068 2930; x_wconf 90' lang='lat' dir='ltr'><strong>in</strong></span> <span class='ocrx_word' id='word_1_676' title='bbox 3114 2873 3356 2932; x_wconf 76' lang='lat' dir='ltr'><strong>omnem</strong></span> <span class='ocrx_word' id='word_1_677' title='bbox 3396 2888 3587 2931; x_wconf 86' lang='lat' dir='ltr'><strong>terrain</strong></span> <span class='ocrx_word' id='word_1_678' title='bbox 3616 2894 3630 2929; x_wconf 87' lang='lat'><strong>:</strong></span> 
     </span>
    </p>
   </div>
   <div class='ocr_carea' id='block_1_116' title="bbox 2138 2943 3632 3016">
    <p class='ocr_par' dir='ltr' id='par_1_116' title="bbox 2138 2943 3632 3016">
     <span class='ocr_line' id='line_1_117' title="bbox 2138 2943 3632 3016; baseline 0.001 -21"><span class='ocrx_word' id='word_1_679' title='bbox 2138 2943 2206 2996; x_wconf 89' lang='lat' dir='ltr'><strong>Et</strong></span> <span class='ocrx_word' id='word_1_680' title='bbox 2241 2944 2433 3016; x_wconf 75' lang='lat' dir='ltr'><strong>relicta</strong></span> <span class='ocrx_word' id='word_1_681' title='bbox 2482 2953 2569 2999; x_wconf 89' lang='lat' dir='ltr'><strong>est</strong></span> <span class='ocrx_word' id='word_1_682' title='bbox 2612 2958 2745 3013; x_wconf 75' lang='lat' dir='ltr'><strong>gens</strong></span> <span class='ocrx_word' id='word_1_683' title='bbox 2793 2959 3095 3015; x_wconf 87' lang='lat' dir='ltr'><strong>perpauca,</strong></span> <span class='ocrx_word' id='word_1_684' title='bbox 3154 2958 3217 3002; x_wconf 89' lang='lat' dir='ltr'><strong>et</strong></span> <span class='ocrx_word' id='word_1_685' title='bbox 3272 2951 3531 3016; x_wconf 86' lang='lat' dir='ltr'><strong>princeps</strong></span> <span class='ocrx_word' id='word_1_686' title='bbox 3580 2947 3632 2999; x_wconf 88' lang='lat' dir='ltr'><strong>in</strong></span> 
     </span>
    </p>
   </div>
   <div class='ocr_carea' id='block_1_117' title="bbox 2066 3012 2443 3069">
    <p class='ocr_par' dir='ltr' id='par_1_117' title="bbox 2066 3012 2443 3069">
     <span class='ocr_line' id='line_1_118' title="bbox 2066 3012 2443 3069; baseline 0.003 -2"><span class='ocrx_word' id='word_1_687' title='bbox 2066 3013 2228 3067; x_wconf 89' lang='lat' dir='ltr'><strong>domo</strong></span> <span class='ocrx_word' id='word_1_688' title='bbox 2255 3012 2443 3069; x_wconf 88' lang='lat' dir='ltr'><strong>David.</strong></span> 
     </span>
    </p>
   </div>
   <div class='ocr_carea' id='block_1_118' title="bbox 2142 3080 3631 3155">
    <p class='ocr_par' dir='ltr' id='par_1_118' title="bbox 2142 3080 3631 3155">
     <span class='ocr_line' id='line_1_119' title="bbox 2142 3080 3631 3155; baseline 0.003 -21"><span class='ocrx_word' id='word_1_689' title='bbox 2142 3083 2374 3148; x_wconf 83' lang='lat' dir='ltr'><strong>Quidam</strong></span> <span class='ocrx_word' id='word_1_690' title='bbox 2406 3086 2649 3154; x_wconf 87' lang='lat' dir='ltr'><strong>ipsorum</strong></span> <span class='ocrx_word' id='word_1_691' title='bbox 2681 3080 2933 3139; x_wconf 86' lang='lat' dir='ltr'><strong>fecerunt</strong></span> <span class='ocrx_word' id='word_1_692' title='bbox 2979 3085 3130 3152; x_wconf 82' lang='lat' dir='ltr'><strong>quod</strong></span> <span class='ocrx_word' id='word_1_693' title='bbox 3189 3086 3445 3155; x_wconf 87' lang='lat' dir='ltr'><strong>placeret</strong></span> <span class='ocrx_word' id='word_1_694' title='bbox 3475 3086 3581 3143; x_wconf 87' lang='lat' dir='ltr'><strong>Deo</strong></span> <span class='ocrx_word' id='word_1_695' title='bbox 3618 3100 3631 3139; x_wconf 87' lang='lat'>:</span> 
     </span>
    </p>
   </div>
   <div class='ocr_carea' id='block_1_119' title="bbox 2068 3154 3310 3224">
    <p class='ocr_par' dir='ltr' id='par_1_119' title="bbox 2068 3154 3310 3224">
     <span class='ocr_line' id='line_1_120' title="bbox 2068 3154 3310 3224; baseline 0.002 -16"><span class='ocrx_word' id='word_1_696' title='bbox 2068 3154 2379 3224; x_wconf 13' lang='lat' dir='ltr'><strong>aliirautem</strong></span> <span class='ocrx_word' id='word_1_697' title='bbox 2414 3154 2581 3206; x_wconf 87' lang='lat' dir='ltr'><strong>multa</strong></span> <span class='ocrx_word' id='word_1_698' title='bbox 2613 3155 3015 3224; x_wconf 88' lang='lat' dir='ltr'><strong>commiserunt</strong></span> <span class='ocrx_word' id='word_1_699' title='bbox 3046 3154 3310 3224; x_wconf 78' lang='lat' dir='ltr'><strong>peccata.</strong></span> 
     </span>
    </p>
   </div>
   <div class='ocr_carea' id='block_1_120' title="bbox 2148 3223 3638 3291">
    <p class='ocr_par' dir='ltr' id='par_1_120' title="bbox 2148 3223 3638 3291">
     <span class='ocr_line' id='line_1_121' title="bbox 2148 3223 3638 3291; baseline 0.003 -15"><span class='ocrx_word' id='word_1_700' title='bbox 2148 3223 2408 3277; x_wconf 82' lang='lat' dir='ltr'><strong>Ezechias</strong></span> <span class='ocrx_word' id='word_1_701' title='bbox 2436 3223 2673 3277; x_wconf 83' lang='lat' dir='ltr'><strong>munivit</strong></span> <span class='ocrx_word' id='word_1_702' title='bbox 2700 3225 2979 3278; x_wconf 89' lang='lat' dir='ltr'><strong>civitatem</strong></span> <span class='ocrx_word' id='word_1_703' title='bbox 3010 3223 3199 3291; x_wconf 86' lang='lat' dir='ltr'><strong>suam,</strong></span> <span class='ocrx_word' id='word_1_704' title='bbox 3237 3236 3297 3281; x_wconf 86' lang='lat' dir='ltr'><strong>et</strong></span> <span class='ocrx_word' id='word_1_705' title='bbox 3345 3228 3559 3285; x_wconf 75' lang='lat' dir='ltr'><strong>induxit</strong></span> <span class='ocrx_word' id='word_1_706' title='bbox 3588 3227 3638 3280; x_wconf 91' lang='lat' dir='ltr'><strong>in</strong></span> 
     </span>
    </p>
   </div>
   <div class='ocr_carea' id='block_1_121' title="bbox 2069 3295 3638 3368">
    <p class='ocr_par' dir='ltr' id='par_1_121' title="bbox 2069 3295 3638 3368">
     <span class='ocr_line' id='line_1_122' title="bbox 2069 3295 3638 3368; baseline 0.003 -22"><span class='ocrx_word' id='word_1_707' title='bbox 2069 3297 2324 3368; x_wconf 81' lang='lat' dir='ltr'><strong>medium</strong></span> <span class='ocrx_word' id='word_1_708' title='bbox 2362 3295 2532 3368; x_wconf 87' lang='lat' dir='ltr'><strong>ipsius</strong></span> <span class='ocrx_word' id='word_1_709' title='bbox 2579 3308 2799 3361; x_wconf 88' lang='lat' dir='ltr'><strong>aquam,</strong></span> <span class='ocrx_word' id='word_1_710' title='bbox 2829 3304 2885 3347; x_wconf 89' lang='lat' dir='ltr'><strong>et</strong></span> <span class='ocrx_word' id='word_1_711' title='bbox 2937 3296 3077 3349; x_wconf 80' lang='lat' dir='ltr'><strong>l‘odit</strong></span> <span class='ocrx_word' id='word_1_712' title='bbox 3128 3298 3290 3353; x_wconf 79' lang='lat' dir='ltr'><strong>ferro</strong></span> <span class='ocrx_word' id='word_1_713' title='bbox 3338 3315 3556 3368; x_wconf 86' lang='lat' dir='ltr'><strong>rupem.</strong></span> <span class='ocrx_word' id='word_1_714' title='bbox 3585 3306 3638 3350; x_wconf 88' lang='lat' dir='ltr'><strong>et</strong></span> 
     </span>
    </p>
   </div>
   <div class='ocr_carea' id='block_1_122' title="bbox 2067 3365 2971 3432">
    <p class='ocr_par' dir='ltr' id='par_1_122' title="bbox 2067 3365 2971 3432">
     <span class='ocr_line' id='line_1_123' title="bbox 2067 3365 2971 3432; baseline -0.003 -14"><span class='ocrx_word' id='word_1_715' title='bbox 2067 3365 2354 3419; x_wconf 62' lang='lat' dir='ltr'><strong>mdilicavit</strong></span> <span class='ocrx_word' id='word_1_716' title='bbox 2381 3367 2447 3418; x_wconf 89' lang='lat' dir='ltr'><strong>ad</strong></span> <span class='ocrx_word' id='word_1_717' title='bbox 2481 3379 2680 3432; x_wconf 86' lang='lat' dir='ltr'><strong>aquam</strong></span> <span class='ocrx_word' id='word_1_718' title='bbox 2726 3376 2971 3431; x_wconf 89' lang='lat' dir='ltr'><strong>puteum.</strong></span> 
     </span>
    </p>
   </div>
   <div class='ocr_carea' id='block_1_123' title="bbox 2139 3434 3641 3505">
    <p class='ocr_par' dir='ltr' id='par_1_123' title="bbox 2139 3434 3641 3505">
     <span class='ocr_line' id='line_1_124' title="bbox 2139 3434 3641 3505; baseline 0.001 -16"><span class='ocrx_word' id='word_1_719' title='bbox 2139 3436 2199 3489; x_wconf 89' lang='lat' dir='ltr'><strong>In</strong></span> <span class='ocrx_word' id='word_1_720' title='bbox 2233 3434 2431 3488; x_wconf 90' lang='lat' dir='ltr'><strong>diebus</strong></span> <span class='ocrx_word' id='word_1_721' title='bbox 2472 3435 2648 3503; x_wconf 84' lang='lat' dir='ltr'><strong>ipsius</strong></span> <span class='ocrx_word' id='word_1_722' title='bbox 2677 3435 2923 3487; x_wconf 82' lang='lat' dir='ltr'><strong>ascendit</strong></span> <span class='ocrx_word' id='word_1_723' title='bbox 2952 3435 3379 3505; x_wconf 89' lang='lat' dir='ltr'><strong>Sennacberib,</strong></span> <span class='ocrx_word' id='word_1_724' title='bbox 3405 3447 3463 3493; x_wconf 89' lang='lat' dir='ltr'><strong>et</strong></span> <span class='ocrx_word' id='word_1_725' title='bbox 3499 3438 3641 3494; x_wconf 87' lang='lat' dir='ltr'><strong>misit</strong></span> 
     </span>
    </p>
   </div>
   <div class='ocr_carea' id='block_1_124' title="bbox 2070 3504 3643 3569">
    <p class='ocr_par' dir='ltr' id='par_1_124' title="bbox 2070 3504 3643 3569">
     <span class='ocr_line' id='line_1_125' title="bbox 2070 3504 3643 3569; baseline 0.001 -11"><span class='ocrx_word' id='word_1_726' title='bbox 2070 3505 2378 3568; x_wconf 78' lang='lat' dir='ltr'><strong>Rabsaeen,</strong></span> <span class='ocrx_word' id='word_1_727' title='bbox 2398 3516 2455 3558; x_wconf 90' lang='lat' dir='ltr'><strong>et</strong></span> <span class='ocrx_word' id='word_1_728' title='bbox 2487 3504 2707 3559; x_wconf 89' lang='lat' dir='ltr'><strong>sustulit</strong></span> <span class='ocrx_word' id='word_1_729' title='bbox 2737 3520 2958 3559; x_wconf 90' lang='lat' dir='ltr'><strong>manum</strong></span> <span class='ocrx_word' id='word_1_730' title='bbox 2988 3521 3156 3562; x_wconf 83' lang='lat' dir='ltr'><strong>suam</strong></span> <span class='ocrx_word' id='word_1_731' title='bbox 3186 3504 3393 3563; x_wconf 86' lang='lat' dir='ltr'><strong>contra</strong></span> <span class='ocrx_word' id='word_1_732' title='bbox 3427 3509 3567 3569; x_wconf 82' lang='lat' dir='ltr'><strong>illos,</strong></span> <span class='ocrx_word' id='word_1_733' title='bbox 3593 3518 3643 3561; x_wconf 88' lang='lat' dir='ltr'><strong>et</strong></span> 
     </span>
    </p>
   </div>
   <div class='ocr_carea' id='block_1_125' title="bbox 2070 3575 3645 3648">
    <p class='ocr_par' dir='ltr' id='par_1_125' title="bbox 2070 3575 3645 3648">
     <span class='ocr_line' id='line_1_126' title="bbox 2070 3575 3645 3648; baseline 0.001 -19"><span class='ocrx_word' id='word_1_734' title='bbox 2070 3577 2508 3629; x_wconf 75' lang='lat' dir='ltr'><strong>extulitmanunt</strong></span> <span class='ocrx_word' id='word_1_735' title='bbox 2540 3591 2694 3629; x_wconf 88' lang='lat' dir='ltr'><strong>suam</strong></span> <span class='ocrx_word' id='word_1_736' title='bbox 2739 3575 2794 3627; x_wconf 86' lang='lat' dir='ltr'><strong>in</strong></span> <span class='ocrx_word' id='word_1_737' title='bbox 2842 3577 2996 3638; x_wconf 73' lang='lat' dir='ltr'><strong>Sion,</strong></span> <span class='ocrx_word' id='word_1_738' title='bbox 3027 3586 3087 3631; x_wconf 83' lang='lat' dir='ltr'><strong>et</strong></span> <span class='ocrx_word' id='word_1_739' title='bbox 3129 3580 3426 3648; x_wconf 88' lang='lat' dir='ltr'><strong>superbus</strong></span> <span class='ocrx_word' id='word_1_740' title='bbox 3475 3585 3645 3633; x_wconf 88' lang='lat' dir='ltr'><strong>factus</strong></span> 
     </span>
    </p>
   </div>
   <div class='ocr_carea' id='block_1_126' title="bbox 2068 3654 2573 3713">
    <p class='ocr_par' dir='ltr' id='par_1_126' title="bbox 2068 3654 2573 3713">
     <span class='ocr_line' id='line_1_127' title="bbox 2068 3654 2573 3713; baseline -0.002 -14"><span class='ocrx_word' id='word_1_741' title='bbox 2068 3656 2153 3699; x_wconf 72' lang='lat' dir='ltr'><strong>CSI.</strong></span> <span class='ocrx_word' id='word_1_742' title='bbox 2178 3654 2419 3713; x_wconf 85' lang='lat' dir='ltr'><strong>potentia</strong></span> <span class='ocrx_word' id='word_1_743' title='bbox 2455 3662 2573 3700; x_wconf 89' lang='lat' dir='ltr'><strong>sua.</strong></span> 
     </span>
    </p>
   </div>
   <div class='ocr_carea' id='block_1_127' title="bbox 2143 3716 3649 3789">
    <p class='ocr_par' dir='ltr' id='par_1_127' title="bbox 2143 3716 3649 3789">
     <span class='ocr_line' id='line_1_128' title="bbox 2143 3716 3649 3789; baseline 0.005 -25"><span class='ocrx_word' id='word_1_744' title='bbox 2143 3717 2295 3789; x_wconf 55' lang='lat' dir='ltr'><strong>ft&#39;nnc</strong></span> <span class='ocrx_word' id='word_1_745' title='bbox 2343 3729 2487 3771; x_wconf 86' lang='lat' dir='ltr'><strong>mota</strong></span> <span class='ocrx_word' id='word_1_746' title='bbox 2539 3726 2666 3770; x_wconf 88' lang='lat' dir='ltr'><strong>sunt</strong></span> <span class='ocrx_word' id='word_1_747' title='bbox 2708 3716 2895 3777; x_wconf 84' lang='lat' dir='ltr'><strong>corda,</strong></span> <span class='ocrx_word' id='word_1_748' title='bbox 2924 3725 2978 3767; x_wconf 90' lang='lat' dir='ltr'><strong>et</strong></span> <span class='ocrx_word' id='word_1_749' title='bbox 3018 3731 3232 3773; x_wconf 89' lang='lat' dir='ltr'><strong>manus</strong></span> <span class='ocrx_word' id='word_1_750' title='bbox 3265 3718 3517 3789; x_wconf 88' lang='lat' dir='ltr'><strong>ipsorum</strong></span> <span class='ocrx_word' id='word_1_751' title='bbox 3550 3733 3564 3773; x_wconf 91' lang='lat'>:</span> <span class='ocrx_word' id='word_1_752' title='bbox 3596 3727 3649 3772; x_wconf 84' lang='lat' dir='ltr'><strong>et</strong></span> 
     </span>
    </p>
   </div>
   <div class='ocr_carea' id='block_1_128' title="bbox 2067 3786 3301 3854">
    <p class='ocr_par' dir='ltr' id='par_1_128' title="bbox 2067 3786 3301 3854">
     <span class='ocr_line' id='line_1_129' title="bbox 2067 3786 3301 3854; baseline 0.004 -15"><span class='ocrx_word' id='word_1_753' title='bbox 2067 3786 2362 3839; x_wconf 87' lang='lat' dir='ltr'><strong>doluerunt</strong></span> <span class='ocrx_word' id='word_1_754' title='bbox 2397 3789 2552 3854; x_wconf 87' lang='lat' dir='ltr'><strong>quasi</strong></span> <span class='ocrx_word' id='word_1_755' title='bbox 2586 3792 2961 3853; x_wconf 83' lang='lat' dir='ltr'><strong>parturientes</strong></span> <span class='ocrx_word' id='word_1_756' title='bbox 2995 3786 3301 3844; x_wconf 58' lang='lat' dir='ltr'><strong>mulieres;</strong></span> 
     </span>
    </p>
   </div>
   <div class='ocr_carea' id='block_1_129' title="bbox 2136 3857 3654 3923">
    <p class='ocr_par' dir='ltr' id='par_1_129' title="bbox 2136 3857 3654 3923">
     <span class='ocr_line' id='line_1_130' title="bbox 2136 3857 3654 3923; baseline 0.002 -14"><span class='ocrx_word' id='word_1_757' title='bbox 2136 3857 2204 3910; x_wconf 79' lang='lat' dir='ltr'><strong>Et</strong></span> <span class='ocrx_word' id='word_1_758' title='bbox 2264 3857 2663 3911; x_wconf 81' lang='lat' dir='ltr'><strong>invocaverunt</strong></span> <span class='ocrx_word' id='word_1_759' title='bbox 2731 3860 3018 3912; x_wconf 89' lang='lat' dir='ltr'><strong>Dominum</strong></span> <span class='ocrx_word' id='word_1_760' title='bbox 3081 3861 3554 3923; x_wconf 82' lang='lat' dir='ltr'><strong>misericordem,</strong></span> <span class='ocrx_word' id='word_1_761' title='bbox 3600 3869 3654 3913; x_wconf 87' lang='lat' dir='ltr'><strong>et</strong></span> 
     </span>
    </p>
   </div>
   <div class='ocr_carea' id='block_1_130' title="bbox 2066 3928 3652 3995">
    <p class='ocr_par' dir='ltr' id='par_1_130' title="bbox 2066 3928 3652 3995">
     <span class='ocr_line' id='line_1_131' title="bbox 2066 3928 3652 3995; baseline 0 -14"><span class='ocrx_word' id='word_1_762' title='bbox 2066 3928 2441 3994; x_wconf 69' lang='lat' dir='ltr'><strong>expendentes</strong></span> <span class='ocrx_word' id='word_1_763' title='bbox 2468 3944 2662 3981; x_wconf 88' lang='lat' dir='ltr'><strong>manus</strong></span> <span class='ocrx_word' id='word_1_764' title='bbox 2690 3944 2839 3995; x_wconf 88' lang='lat' dir='ltr'><strong>suas,</strong></span> <span class='ocrx_word' id='word_1_765' title='bbox 2871 3929 3205 3983; x_wconf 80' lang='lat' dir='ltr'><strong>extulerunt</strong></span> <span class='ocrx_word' id='word_1_766' title='bbox 3226 3932 3301 3984; x_wconf 89' lang='lat' dir='ltr'><strong>ad</strong></span> <span class='ocrx_word' id='word_1_767' title='bbox 3322 3935 3523 3986; x_wconf 80' lang='lat' dir='ltr'><strong>coelum</strong></span> <span class='ocrx_word' id='word_1_768' title='bbox 3551 3944 3564 3983; x_wconf 91' lang='lat'><strong>:</strong></span> <span class='ocrx_word' id='word_1_769' title='bbox 3600 3938 3652 3982; x_wconf 91' lang='lat' dir='ltr'><strong>et</strong></span> 
     </span>
    </p>
   </div>
   <div class='ocr_carea' id='block_1_131' title="bbox 2069 3997 3651 4071">
    <p class='ocr_par' dir='ltr' id='par_1_131' title="bbox 2069 3997 3651 4071">
     <span class='ocr_line' id='line_1_132' title="bbox 2069 3997 3651 4071; baseline 0.003 -20"><span class='ocrx_word' id='word_1_770' title='bbox 2069 4012 2290 4071; x_wconf 64' lang='lat' dir='ltr'><strong>sanctus</strong></span> <span class='ocrx_word' id='word_1_771' title='bbox 2308 3998 2569 4051; x_wconf 88' lang='lat' dir='ltr'><strong>Dominus</strong></span> <span class='ocrx_word' id='word_1_772' title='bbox 2606 3999 2750 4052; x_wconf 80' lang='lat' dir='ltr'><strong>Deus</strong></span> <span class='ocrx_word' id='word_1_773' title='bbox 2766 4000 2975 4053; x_wconf 86' lang='lat' dir='ltr'><strong>audivit</strong></span> <span class='ocrx_word' id='word_1_774' title='bbox 3000 3997 3120 4054; x_wconf 90' lang='lat' dir='ltr'><strong>cito</strong></span> <span class='ocrx_word' id='word_1_775' title='bbox 3162 4015 3371 4057; x_wconf 76' lang='lat' dir='ltr'><strong>vocem</strong></span> <span class='ocrx_word' id='word_1_776' title='bbox 3394 4004 3651 4071; x_wconf 83' lang='lat' dir='ltr'><strong>ipsorum.</strong></span> 
     </span>
    </p>
   </div>
   <div class='ocr_carea' id='block_1_132' title="bbox 2136 4065 3651 4140">
    <p class='ocr_par' dir='ltr' id='par_1_132' title="bbox 2136 4065 3651 4140">
     <span class='ocr_line' id='line_1_133' title="bbox 2136 4065 3651 4140; baseline 0.002 -23"><span class='ocrx_word' id='word_1_777' title='bbox 2136 4065 2257 4119; x_wconf 81' lang='lat' dir='ltr'><strong>Non</strong></span> <span class='ocrx_word' id='word_1_778' title='bbox 2317 4080 2402 4121; x_wconf 88' lang='lat' dir='ltr'><strong>est</strong></span> <span class='ocrx_word' id='word_1_779' title='bbox 2465 4082 2934 4124; x_wconf 87' lang='lat' dir='ltr'><strong>conimemoratus</strong></span> <span class='ocrx_word' id='word_1_780' title='bbox 2978 4082 3361 4140; x_wconf 79' lang='lat' dir='ltr'><strong>peccatorum</strong></span> <span class='ocrx_word' id='word_1_781' title='bbox 3418 4065 3651 4131; x_wconf 82' lang='lat' dir='ltr'><strong>illorum,</strong></span> 
     </span>
    </p>
   </div>
   <div class='ocr_carea' id='block_1_133' title="bbox 2067 4140 3654 4211">
    <p class='ocr_par' dir='ltr' id='par_1_133' title="bbox 2067 4140 3654 4211">
     <span class='ocr_line' id='line_1_134' title="bbox 2067 4140 3654 4211; baseline -0.001 -19"><span class='ocrx_word' id='word_1_782' title='bbox 2067 4153 2243 4206; x_wconf 88' lang='lat' dir='ltr'><strong>neque</strong></span> <span class='ocrx_word' id='word_1_783' title='bbox 2265 4140 2430 4211; x_wconf 75' lang='lat' dir='ltr'><strong>dedit</strong></span> <span class='ocrx_word' id='word_1_784' title='bbox 2459 4140 2581 4193; x_wconf 87' lang='lat' dir='ltr'><strong>illos</strong></span> <span class='ocrx_word' id='word_1_785' title='bbox 2612 4141 2847 4192; x_wconf 84' lang='lat' dir='ltr'><strong>inimicis</strong></span> <span class='ocrx_word' id='word_1_786' title='bbox 2870 4143 3008 4203; x_wconf 86' lang='lat' dir='ltr'><strong>suis,</strong></span> <span class='ocrx_word' id='word_1_787' title='bbox 3039 4141 3147 4194; x_wconf 86' lang='lat' dir='ltr'><strong>sed</strong></span> <span class='ocrx_word' id='word_1_788' title='bbox 3184 4144 3459 4211; x_wconf 77' lang='lat' dir='ltr'><strong>pttrgavit</strong></span> <span class='ocrx_word' id='word_1_789' title='bbox 3481 4156 3576 4195; x_wconf 88' lang='lat' dir='ltr'><strong>eos</strong></span> <span class='ocrx_word' id='word_1_790' title='bbox 3603 4142 3654 4192; x_wconf 90' lang='lat' dir='ltr'><strong>in</strong></span> 
     </span>
    </p>
   </div>
   <div class='ocr_carea' id='block_1_134' title="bbox 2065 4209 2920 4277">
    <p class='ocr_par' dir='ltr' id='par_1_134' title="bbox 2065 4209 2920 4277">
     <span class='ocr_line' id='line_1_135' title="bbox 2065 4209 2920 4277; baseline 0.004 -16"><span class='ocrx_word' id='word_1_791' title='bbox 2065 4222 2230 4261; x_wconf 86' lang='lat' dir='ltr'><strong>manu</strong></span> <span class='ocrx_word' id='word_1_792' title='bbox 2264 4209 2411 4261; x_wconf 80' lang='lat' dir='ltr'><strong>lsaia:</strong></span> <span class='ocrx_word' id='word_1_793' title='bbox 2426 4212 2597 4262; x_wconf 83' lang='lat' dir='ltr'><strong>sancti</strong></span> <span class='ocrx_word' id='word_1_794' title='bbox 2621 4211 2920 4277; x_wconf 71' lang='lat' dir='ltr'><strong>prophetae.</strong></span> 
     </span>
    </p>
   </div>
   <div class='ocr_carea' id='block_1_135' title="bbox 2137 4278 3660 4348">
    <p class='ocr_par' dir='ltr' id='par_1_135' title="bbox 2137 4278 3660 4348">
     <span class='ocr_line' id='line_1_136' title="bbox 2137 4278 3660 4348; baseline 0.003 -20"><span class='ocrx_word' id='word_1_795' title='bbox 2137 4278 2343 4347; x_wconf 88' lang='lat' dir='ltr'><strong>Dejecit</strong></span> <span class='ocrx_word' id='word_1_796' title='bbox 2371 4293 2547 4332; x_wconf 82' lang='lat' dir='ltr'><strong>castra</strong></span> <span class='ocrx_word' id='word_1_797' title='bbox 2580 4283 2952 4348; x_wconf 74' lang='lat' dir='ltr'><strong>Assyriorum,</strong></span> <span class='ocrx_word' id='word_1_798' title='bbox 2985 4288 3043 4335; x_wconf 89' lang='lat' dir='ltr'><strong>et</strong></span> <span class='ocrx_word' id='word_1_799' title='bbox 3078 4284 3381 4338; x_wconf 86' lang='lat' dir='ltr'><strong>contrivit</strong></span> <span class='ocrx_word' id='word_1_800' title='bbox 3416 4284 3543 4338; x_wconf 90' lang='lat' dir='ltr'><strong>illos</strong></span> <span class='ocrx_word' id='word_1_801' title='bbox 3568 4296 3660 4334; x_wconf 82' lang='lat' dir='ltr'><strong>an-</strong></span> 
     </span>
    </p>
   </div>
   <div class='ocr_carea' id='block_1_136' title="bbox 2066 4350 2487 4418">
    <p class='ocr_par' dir='ltr' id='par_1_136' title="bbox 2066 4350 2487 4418">
     <span class='ocr_line' id='line_1_137' title="bbox 2066 4350 2487 4418; baseline 0 -17"><span class='ocrx_word' id='word_1_802' title='bbox 2066 4352 2219 4418; x_wconf 73' lang='lat' dir='ltr'><strong>gelus</strong></span> <span class='ocrx_word' id='word_1_803' title='bbox 2251 4350 2487 4401; x_wconf 82' lang='lat' dir='ltr'><strong>Domini.</strong></span> 
     </span>
    </p>
   </div>
   <div class='ocr_carea' id='block_1_137' title="bbox 2140 4418 3665 4491">
    <p class='ocr_par' dir='ltr' id='par_1_137' title="bbox 2140 4418 3665 4491">
     <span class='ocr_line' id='line_1_138' title="bbox 2140 4418 3665 4491; baseline 0.003 -20"><span class='ocrx_word' id='word_1_804' title='bbox 2140 4419 2277 4491; x_wconf 81' lang='lat' dir='ltr'><strong>Nam</strong></span> <span class='ocrx_word' id='word_1_805' title='bbox 2299 4418 2431 4472; x_wconf 78' lang='lat' dir='ltr'><strong>fecit</strong></span> <span class='ocrx_word' id='word_1_806' title='bbox 2459 4418 2720 4474; x_wconf 76' lang='lat' dir='ltr'><strong>Ezechias</strong></span> <span class='ocrx_word' id='word_1_807' title='bbox 2753 4420 2901 4488; x_wconf 88' lang='lat' dir='ltr'><strong>quod</strong></span> <span class='ocrx_word' id='word_1_808' title='bbox 2930 4422 3151 4491; x_wconf 85' lang='lat' dir='ltr'><strong>placuit</strong></span> <span class='ocrx_word' id='word_1_809' title='bbox 3184 4424 3333 4489; x_wconf 89' lang='lat' dir='ltr'><strong>Deo,</strong></span> <span class='ocrx_word' id='word_1_810' title='bbox 3378 4437 3437 4480; x_wconf 89' lang='lat' dir='ltr'><strong>et</strong></span> <span class='ocrx_word' id='word_1_811' title='bbox 3461 4424 3665 4477; x_wconf 84' lang='lat' dir='ltr'><strong>fortiter</strong></span> 
     </span>
    </p>
   </div>
   <div class='ocr_carea' id='block_1_138' title="bbox 2076 4489 3665 4558">
    <p class='ocr_par' dir='ltr' id='par_1_138' title="bbox 2076 4489 3665 4558">
     <span class='ocr_line' id='line_1_139' title="bbox 2076 4489 3665 4558; baseline 0 -16"><span class='ocrx_word' id='word_1_812' title='bbox 2076 4489 2174 4543; x_wconf 89' lang='lat' dir='ltr'><strong>ivit</strong></span> <span class='ocrx_word' id='word_1_813' title='bbox 2220 4490 2276 4540; x_wconf 89' lang='lat' dir='ltr'><strong>in</strong></span> <span class='ocrx_word' id='word_1_814' title='bbox 2325 4491 2410 4542; x_wconf 89' lang='lat' dir='ltr'><strong>via</strong></span> <span class='ocrx_word' id='word_1_815' title='bbox 2459 4490 2625 4545; x_wconf 88' lang='lat' dir='ltr'><strong>David</strong></span> <span class='ocrx_word' id='word_1_816' title='bbox 2665 4492 2834 4558; x_wconf 87' lang='lat' dir='ltr'><strong>patris</strong></span> <span class='ocrx_word' id='word_1_817' title='bbox 2881 4489 2966 4545; x_wconf 82' lang='lat' dir='ltr'><strong>sui</strong></span> <span class='ocrx_word' id='word_1_818' title='bbox 3023 4509 3211 4558; x_wconf 84' lang='lat' dir='ltr'><strong>quem</strong></span> <span class='ocrx_word' id='word_1_819' title='bbox 3254 4498 3549 4549; x_wconf 87' lang='lat' dir='ltr'><strong>mandavit</strong></span> <span class='ocrx_word' id='word_1_820' title='bbox 3596 4493 3665 4546; x_wconf 89' lang='lat' dir='ltr'><strong>illi</strong></span> 
     </span>
    </p>
   </div>
   <div class='ocr_carea' id='block_1_139' title="bbox 2071 4560 3671 4682">
    <p class='ocr_par' dir='ltr' id='par_1_139' title="bbox 2071 4560 3671 4682">
     <span class='ocr_line' id='line_1_140' title="bbox 2071 4560 3671 4682; baseline 0.003 -71"><span class='ocrx_word' id='word_1_821' title='bbox 2071 4560 2241 4682; x_wconf 51' lang='lat' dir='ltr'><strong>gaias</strong></span> <span class='ocrx_word' id='word_1_822' title='bbox 2291 4564 2564 4628; x_wconf 87' lang='lat' dir='ltr'><strong>propheta</strong></span> <span class='ocrx_word' id='word_1_823' title='bbox 2613 4574 2866 4628; x_wconf 72' lang='lat' dir='ltr'><strong>magnus,</strong></span> <span class='ocrx_word' id='word_1_824' title='bbox 2904 4572 2962 4617; x_wconf 81' lang='lat' dir='ltr'><strong>et</strong></span> <span class='ocrx_word' id='word_1_825' title='bbox 3012 4563 3215 4620; x_wconf 83' lang='lat' dir='ltr'><strong>fidelis</strong></span> <span class='ocrx_word' id='word_1_826' title='bbox 3255 4564 3321 4618; x_wconf 85' lang='lat' dir='ltr'><strong>iu</strong></span> <span class='ocrx_word' id='word_1_827' title='bbox 3374 4573 3671 4633; x_wconf 85' lang='lat' dir='ltr'><strong>conspectu</strong></span> 
     </span>
     <span class='ocr_line' id='line_1_141' title="bbox 2118 4645 2211 4682; baseline 0 0"><span class='ocrx_word' id='word_1_828' title='bbox 2118 4646 2167 4682; x_wconf 89' lang='lat' dir='ltr'><strong>et</strong></span> <span class='ocrx_word' id='word_1_829' title='bbox 2196 4645 2211 4682; x_wconf 87' lang='lat'><strong>:</strong></span> 
     </span>
    </p>
   </div>
   <div class='ocr_carea' id='block_1_140' title="bbox 2118 4645 2211 4682">
    <p class='ocr_par' dir='ltr' id='par_1_140' title="bbox 2118 4645 2211 4682">
     <span class='ocr_line' id='line_1_142' title="bbox 2118 4645 2211 4682; baseline 0 0"><span class='ocrx_word' id='word_1_830' title='bbox 2118 4645 2211 4682; x_wconf 68' lang='lat' dir='ltr'><strong>el:</strong></span> 
     </span>
    </p>
   </div>
   <div class='ocr_carea' id='block_1_141' title="bbox 2108 4699 3673 4781">
    <p class='ocr_par' dir='ltr' id='par_1_141' title="bbox 2108 4699 3673 4781">
     <span class='ocr_line' id='line_1_143' title="bbox 2108 4699 3673 4781; baseline 0.001 -28"><span class='ocrx_word' id='word_1_831' title='bbox 2108 4699 2201 4781; x_wconf 25' lang='lat' dir='ltr'><strong>[In</strong></span> <span class='ocrx_word' id='word_1_832' title='bbox 2241 4700 2433 4755; x_wconf 76' lang='lat' dir='ltr'><strong>diebus</strong></span> <span class='ocrx_word' id='word_1_833' title='bbox 2462 4700 2635 4769; x_wconf 83' lang='lat' dir='ltr'><strong>ipsius</strong></span> <span class='ocrx_word' id='word_1_834' title='bbox 2662 4713 2809 4758; x_wconf 88' lang='lat' dir='ltr'><strong>retro</strong></span> <span class='ocrx_word' id='word_1_835' title='bbox 2839 4703 3005 4758; x_wconf 86' lang='lat' dir='ltr'><strong>rediit</strong></span> <span class='ocrx_word' id='word_1_836' title='bbox 3031 4703 3152 4771; x_wconf 90' lang='lat' dir='ltr'><strong>sol,</strong></span> <span class='ocrx_word' id='word_1_837' title='bbox 3204 4714 3270 4761; x_wconf 87' lang='lat' dir='ltr'><strong>et</strong></span> <span class='ocrx_word' id='word_1_838' title='bbox 3314 4706 3539 4761; x_wconf 87' lang='lat' dir='ltr'><strong>addidit</strong></span> <span class='ocrx_word' id='word_1_839' title='bbox 3569 4700 3673 4772; x_wconf 75' lang='lat' dir='ltr'><strong>regi</strong></span> 
     </span>
    </p>
   </div>
   <div class='ocr_carea' id='block_1_142' title="bbox 2072 4780 2263 4827">
    <p class='ocr_par' dir='ltr' id='par_1_142' title="bbox 2072 4780 2263 4827">
     <span class='ocr_line' id='line_1_144' title="bbox 2072 4780 2263 4827; baseline 0.026 -5"><span class='ocrx_word' id='word_1_840' title='bbox 2072 4780 2263 4827; x_wconf 78' lang='lat' dir='ltr'><strong>Vitam.</strong></span> 
     </span>
    </p>
   </div>
   <div class='ocr_carea' id='block_1_143' title="bbox 2143 4842 3676 4909">
    <p class='ocr_par' dir='ltr' id='par_1_143' title="bbox 2143 4842 3676 4909">
     <span class='ocr_line' id='line_1_145' title="bbox 2143 4842 3676 4909; baseline 0.003 -16"><span class='ocrx_word' id='word_1_841' title='bbox 2143 4842 2350 4908; x_wconf 81' lang='lat' dir='ltr'><strong>Spiritu</strong></span> <span class='ocrx_word' id='word_1_842' title='bbox 2390 4856 2584 4909; x_wconf 79' lang='lat' dir='ltr'><strong>magno</strong></span> <span class='ocrx_word' id='word_1_843' title='bbox 2629 4843 2767 4898; x_wconf 86' lang='lat' dir='ltr'><strong>vidit</strong></span> <span class='ocrx_word' id='word_1_844' title='bbox 2807 4843 3025 4907; x_wconf 83' lang='lat' dir='ltr'><strong>ultima,</strong></span> <span class='ocrx_word' id='word_1_845' title='bbox 3082 4856 3147 4900; x_wconf 88' lang='lat' dir='ltr'><strong>et</strong></span> <span class='ocrx_word' id='word_1_846' title='bbox 3198 4847 3544 4909; x_wconf 86' lang='lat' dir='ltr'><strong>consolatus</strong></span> <span class='ocrx_word' id='word_1_847' title='bbox 3596 4852 3676 4899; x_wconf 87' lang='lat' dir='ltr'><strong>est</strong></span> 
     </span>
    </p>
   </div>
   <div class='ocr_carea' id='block_1_144' title="bbox 2070 4909 3402 4984">
    <p class='ocr_par' dir='ltr' id='par_1_144' title="bbox 2070 4909 3402 4984">
     <span class='ocr_line' id='line_1_146' title="bbox 2070 4909 3402 4984; baseline 0.01 -22"><span class='ocrx_word' id='word_1_848' title='bbox 2070 4909 2599 4984; x_wconf 71' lang='lat' dir='ltr'><strong>lugentesinSion.</strong></span> <span class='ocrx_word' id='word_1_849' title='bbox 2628 4911 2813 4983; x_wconf 87' lang='lat' dir='ltr'><strong>Usque</strong></span> <span class='ocrx_word' id='word_1_850' title='bbox 2843 4918 2895 4968; x_wconf 91' lang='lat' dir='ltr'><strong>in</strong></span> <span class='ocrx_word' id='word_1_851' title='bbox 2930 4917 3402 4984; x_wconf 83' lang='lat' dir='ltr'><strong>sempiternum.</strong></span> 
     </span>
    </p>
   </div>
   <div class='ocr_carea' id='block_1_145' title="bbox 2141 4982 3681 5058">
    <p class='ocr_par' dir='ltr' id='par_1_145' title="bbox 2141 4982 3681 5058">
     <span class='ocr_line' id='line_1_147' title="bbox 2141 4982 3681 5058; baseline 0.002 -24"><span class='ocrx_word' id='word_1_852' title='bbox 2141 4982 2397 5035; x_wconf 78' lang='lat' dir='ltr'><strong>Ostendit</strong></span> <span class='ocrx_word' id='word_1_853' title='bbox 2411 4982 2597 5037; x_wconf 87' lang='lat' dir='ltr'><strong>futura</strong></span> <span class='ocrx_word' id='word_1_854' title='bbox 2617 4993 2673 5038; x_wconf 89' lang='lat' dir='ltr'><strong>et</strong></span> <span class='ocrx_word' id='word_1_855' title='bbox 2686 4982 3004 5040; x_wconf 87' lang='lat' dir='ltr'><strong>abscondita</strong></span> <span class='ocrx_word' id='word_1_856' title='bbox 3021 4982 3356 5058; x_wconf 67' lang='lat' dir='ltr'><strong>antequam</strong></span> <span class='ocrx_word' id='word_1_857' title='bbox 3371 4987 3681 5043; x_wconf 80' lang='lat' dir='ltr'><strong>evenirent.</strong></span> 
     </span>
    </p>
   </div>
   <div class='ocr_carea' id='block_1_146' title="bbox 2624 5075 3087 5135">
    <p class='ocr_par' dir='ltr' id='par_1_146' title="bbox 2624 5075 3087 5135">
     <span class='ocr_line' id='line_1_148' title="bbox 2624 5075 3087 5135; baseline 0.013 -6"><span class='ocrx_word' id='word_1_858' title='bbox 2624 5075 2847 5134; x_wconf 80' lang='lat' dir='ltr'><strong>CAPUT</strong></span> <span class='ocrx_word' id='word_1_859' title='bbox 2891 5075 3087 5135; x_wconf 78' lang='lat' dir='ltr'><strong>XLIX.</strong></span> 
     </span>
    </p>
   </div>
   <div class='ocr_carea' id='block_1_147' title="bbox 2140 5168 3691 5248">
    <p class='ocr_par' dir='ltr' id='par_1_147' title="bbox 2140 5168 3691 5248">
     <span class='ocr_line' id='line_1_149' title="bbox 2140 5168 3691 5248; baseline 0.001 -25"><span class='ocrx_word' id='word_1_860' title='bbox 2140 5168 2399 5248; x_wconf 73' lang='lat' dir='ltr'><strong>Memoria</strong></span> <span class='ocrx_word' id='word_1_861' title='bbox 2439 5168 2599 5248; x_wconf 72' lang='lat' dir='ltr'><strong>Joshe</strong></span> <span class='ocrx_word' id='word_1_862' title='bbox 2650 5170 2707 5222; x_wconf 90' lang='lat' dir='ltr'><strong>in</strong></span> <span class='ocrx_word' id='word_1_863' title='bbox 2761 5170 3257 5239; x_wconf 81' lang='lat' dir='ltr'><strong>compositionem</strong></span> <span class='ocrx_word' id='word_1_864' title='bbox 3310 5176 3510 5230; x_wconf 85' lang='lat' dir='ltr'><strong>odoris</strong></span> <span class='ocrx_word' id='word_1_865' title='bbox 3556 5173 3691 5229; x_wconf 83' lang='lat' dir='ltr'><strong>facta</strong></span> 
     </span>
    </p>
   </div>
   <div class='ocr_carea' id='block_1_148' title="bbox 2068 5243 2744 5307">
    <p class='ocr_par' dir='ltr' id='par_1_148' title="bbox 2068 5243 2744 5307">
     <span class='ocr_line' id='line_1_150' title="bbox 2068 5243 2744 5307; baseline 0.006 -17"><span class='ocrx_word' id='word_1_866' title='bbox 2068 5254 2207 5307; x_wconf 85' lang='lat' dir='ltr'><strong>opus</strong></span> <span class='ocrx_word' id='word_1_867' title='bbox 2239 5243 2607 5307; x_wconf 77' lang='lat' dir='ltr'><strong>pigmentarti.</strong></span> <span class='ocrx_word' id='word_1_868' title='bbox 2740 5299 2744 5305; x_wconf 47' lang='grc'><strong><em>,</em></strong></span> 
     </span>
    </p>
   </div>
   <div class='ocr_carea' id='block_1_149' title="bbox 2104 5308 3688 5390">
    <p class='ocr_par' dir='ltr' id='par_1_149' title="bbox 2104 5308 3688 5390">
     <span class='ocr_line' id='line_1_151' title="bbox 2104 5308 3688 5390; baseline 0.006 -30"><span class='ocrx_word' id='word_1_869' title='bbox 2104 5379 2113 5389; x_wconf 27' lang='grc' dir='ltr'><strong>υ</strong></span> <span class='ocrx_word' id='word_1_870' title='bbox 2140 5308 2198 5361; x_wconf 86' lang='grc' dir='ltr'><strong>ιιι</strong></span> <span class='ocrx_word' id='word_1_871' title='bbox 2228 5311 2377 5390; x_wconf 80' lang='lat' dir='ltr'><strong>omni</strong></span> <span class='ocrx_word' id='word_1_872' title='bbox 2410 5324 2516 5390; x_wconf 37' lang='lat' dir='ltr'><strong>ore.</strong></span> <span class='ocrx_word' id='word_1_873' title='bbox 2540 5310 2695 5390; x_wconf 79' lang='lat' dir='ltr'><strong>quasi</strong></span> <span class='ocrx_word' id='word_1_874' title='bbox 2734 5309 3288 5390; x_wconf 75' lang='lat' dir='ltr'><strong>melindulcabitur</strong></span> <span class='ocrx_word' id='word_1_875' title='bbox 3326 5319 3457 5390; x_wconf 86' lang='lat' dir='ltr'><strong>ejus</strong></span> <span class='ocrx_word' id='word_1_876' title='bbox 3479 5329 3688 5372; x_wconf 85' lang='lat' dir='ltr'><strong>memo-</strong></span> 
     </span>
    </p>
   </div>
   <div class='ocr_carea' id='block_1_150' title="bbox 2071 5381 3157 5442">
    <p class='ocr_par' dir='ltr' id='par_1_150' title="bbox 2071 5381 3157 5442">
     <span class='ocr_line' id='line_1_152' title="bbox 2071 5381 3157 5442; baseline 0.009 -12"><span class='ocrx_word' id='word_1_877' title='bbox 2071 5381 2174 5442; x_wconf 89' lang='lat' dir='ltr'><strong>ria,</strong></span> <span class='ocrx_word' id='word_1_878' title='bbox 2205 5388 2349 5431; x_wconf 89' lang='lat' dir='ltr'><strong>etut</strong></span> <span class='ocrx_word' id='word_1_879' title='bbox 2378 5381 2588 5432; x_wconf 83' lang='lat' dir='ltr'><strong>musica</strong></span> <span class='ocrx_word' id='word_1_880' title='bbox 2620 5382 2672 5432; x_wconf 93' lang='lat' dir='ltr'><strong>in</strong></span> <span class='ocrx_word' id='word_1_881' title='bbox 2706 5381 2961 5433; x_wconf 88' lang='lat' dir='ltr'><strong>convivio</strong></span> <span class='ocrx_word' id='word_1_882' title='bbox 2998 5384 3157 5441; x_wconf 85' lang='lat' dir='ltr'><strong>vini.</strong></span> 
     </span>
    </p>
   </div>
   <div class='ocr_carea' id='block_1_151' title="bbox 2139 5449 3695 5527">
    <p class='ocr_par' dir='ltr' id='par_1_151' title="bbox 2139 5449 3695 5527">
     <span class='ocr_line' id='line_1_153' title="bbox 2139 5449 3695 5527; baseline 0.004 -25"><span class='ocrx_word' id='word_1_883' title='bbox 2139 5449 2257 5517; x_wconf 88' lang='lat' dir='ltr'><strong>Ipse</strong></span> <span class='ocrx_word' id='word_1_884' title='bbox 2282 5460 2367 5527; x_wconf 78' lang='lat' dir='ltr'><strong>est</strong></span> <span class='ocrx_word' id='word_1_885' title='bbox 2389 5449 2634 5527; x_wconf 84' lang='lat' dir='ltr'><strong>directus</strong></span> <span class='ocrx_word' id='word_1_886' title='bbox 2664 5450 2935 5527; x_wconf 75' lang='lat' dir='ltr'><strong>divinitus</strong></span> <span class='ocrx_word' id='word_1_887' title='bbox 2980 5450 3042 5527; x_wconf 80' lang='lat' dir='ltr'><strong>in</strong></span> <span class='ocrx_word' id='word_1_888' title='bbox 3114 5459 3537 5523; x_wconf 60' lang='lat' dir='ltr'><strong>paenitentiam</strong></span> <span class='ocrx_word' id='word_1_889' title='bbox 3567 5472 3695 5527; x_wconf 74' lang='lat' dir='ltr'><strong>geu-</strong></span> 
     </span>
    </p>
   </div>
   <div class='ocr_carea' id='block_1_152' title="bbox 2070 5518 3273 5589">
    <p class='ocr_par' dir='ltr' id='par_1_152' title="bbox 2070 5518 3273 5589">
     <span class='ocr_line' id='line_1_154' title="bbox 2070 5518 3273 5589; baseline 0.01 -17"><span class='ocrx_word' id='word_1_890' title='bbox 2070 5518 2160 5580; x_wconf 91' lang='lat' dir='ltr'><strong>tis,</strong></span> <span class='ocrx_word' id='word_1_891' title='bbox 2186 5530 2241 5570; x_wconf 91' lang='lat' dir='ltr'><strong>et</strong></span> <span class='ocrx_word' id='word_1_892' title='bbox 2270 5520 2396 5573; x_wconf 86' lang='lat' dir='ltr'><strong>tulit</strong></span> <span class='ocrx_word' id='word_1_893' title='bbox 2418 5522 2866 5573; x_wconf 87' lang='lat' dir='ltr'><strong>abominationes</strong></span> <span class='ocrx_word' id='word_1_894' title='bbox 2908 5518 3273 5589; x_wconf 53' lang='lat' dir='ltr'><strong>implet—alis.</strong></span> 
     </span>
    </p>
   </div>
   <div class='ocr_carea' id='block_1_153' title="bbox 2137 5589 3697 5670">
    <p class='ocr_par' dir='ltr' id='par_1_153' title="bbox 2137 5589 3697 5670">
     <span class='ocr_line' id='line_1_155' title="bbox 2137 5589 3697 5670; baseline 0.005 -29"><span class='ocrx_word' id='word_1_895' title='bbox 2137 5589 2206 5670; x_wconf 58' lang='lat' dir='ltr'><strong>bit</strong></span> <span class='ocrx_word' id='word_1_896' title='bbox 2254 5592 2585 5658; x_wconf 81' lang='lat' dir='ltr'><strong>gubernavit</strong></span> <span class='ocrx_word' id='word_1_897' title='bbox 2631 5591 2697 5643; x_wconf 89' lang='lat' dir='ltr'><strong>ad</strong></span> <span class='ocrx_word' id='word_1_898' title='bbox 2751 5593 3063 5670; x_wconf 65' lang='lat' dir='ltr'><strong>Dominum</strong></span> <span class='ocrx_word' id='word_1_899' title='bbox 3115 5610 3227 5650; x_wconf 90' lang='lat' dir='ltr'><strong>cor</strong></span> <span class='ocrx_word' id='word_1_900' title='bbox 3285 5601 3500 5670; x_wconf 81' lang='lat' dir='ltr'><strong>ipsius,</strong></span> <span class='ocrx_word' id='word_1_901' title='bbox 3545 5608 3602 5656; x_wconf 88' lang='lat' dir='ltr'><strong>et</strong></span> <span class='ocrx_word' id='word_1_902' title='bbox 3646 5600 3697 5653; x_wconf 87' lang='lat' dir='ltr'><strong>iu</strong></span> 
     </span>
    </p>
   </div>
   <div class='ocr_carea' id='block_1_154' title="bbox 2067 5659 3489 5738">
    <p class='ocr_par' dir='ltr' id='par_1_154' title="bbox 2067 5659 3489 5738">
     <span class='ocr_line' id='line_1_156' title="bbox 2067 5659 3489 5738; baseline 0.008 -27"><span class='ocrx_word' id='word_1_903' title='bbox 2067 5659 2263 5714; x_wconf 91' lang='lat' dir='ltr'><strong>diebus</strong></span> <span class='ocrx_word' id='word_1_904' title='bbox 2294 5671 2650 5731; x_wconf 85' lang='lat' dir='ltr'><strong>peccatorum</strong></span> <span class='ocrx_word' id='word_1_905' title='bbox 2700 5662 3099 5717; x_wconf 85' lang='lat' dir='ltr'><strong>corroboravit</strong></span> <span class='ocrx_word' id='word_1_906' title='bbox 3165 5659 3489 5738; x_wconf 63' lang='lat' dir='ltr'><strong>pietatem.</strong></span> 
     </span>
    </p>
   </div>
  </div>
