3840 6176
225 232 329 295 ιςιδ

1417 221 1650 283 LIBER
1691 216 2276 280 ECCLESIAS’TICL

3357 210 3469 287 ιρι

291 348 496 398 l‘mtcr
525 341 715 402 David.
765 351 820 396 et
859 339 1177 404 Ezechiam,
1221 346 1279 394 et
1323 339 1552 404 Josiam,
1592 352 1788 392 omnes
1819 340 1859 395 Α
1963 331 2172 404 Effudit
2216 329 2676 404 in__ln_ndamento
2716 328 2907 384 altaris
2951 329 3178 384 odorem
3220 327 3466 394 divinum

220 425 500 488 peccatum
527 413 934 488 commiserunt
965 428 980 466 :

289 485 423 542 Nam
465 485 810 550 reliquerunt
835 484 1010 551 legem
1045 478 1317 534 Altissimi
1353 494 1510 546 reges
1537 477 1702 542 Juda,
1741 491 1797 534 et

221 562 670 620 contempserunt
699 553 957 604 timorem
992 551 1112 602 Dei.

292 617 573 679 Dedei-unt
602 625 748 674 enim
801 635 1030 688 regnum
1063 633 1224 673 suum
1272 617 1418 678 aliis,
1455 627 1510 672 et
1564 620 1792 687 gloriam

220 713 370 750 suam
413 694 734 760 alienigenae
758 692 927 756 genti.

300 756 668 820 incenderunt
693 763 926 813 electam
949 759 1259 814 sanctitatis
1285 756 1591 822 civitatem,
1621 764 1797 816 etde-

224 845 395 891 sertas
425 831 676 884 fecerunt
703 835 821 882 vias
855 830 1030 898 ipsius
1062 831 1115 882 in
1148 843 1312 881 manu
1352 826 1626 898 Jcremiac.

295 905 427 958 Nam
484 901 625 954 male
681 896 1061 952 tractaverunt
1120 899 1304 957 illum,
1359 896 1451 962 qui
1521 910 1551 948 a
1601 909 1797 956 ventre

227 975 415 1028 matris
470 979 828 1023 consecratus
889 979 974 1022 est
1049 969 1344 1035 propheta,
1394 979 1666 1032 evertere,
1742 983 1798 1024 et

225 1057 441 1105 eruere,
465 1050 520 1093 et
551 1039 802 1109 perdere,
829 1049 885 1093 et
931 1039 1136 1092 iterum
1177 1036 1474 1098 aediﬁcare,
1524 1045 1578 1089 et
1636 1055 1796 1093 reno-

233 1128 372 1167 vare.

304 1179 552 1236 Ezechiel
585 1177 676 1244 qui
707 1176 844 1230 vidit
865 1183 1226 1242 conspectum
1259 1173 1470 1242 gloriae,
1505 1190 1668 1242 quam
1703 1193 1796 1234 os-

235 1253 406 1305 tendit
436 1251 514 1304 illi
547 1251 601 1301 in
635 1261 802 1303 curru
840 1246 1163 1299 Cherubim.

300 1323 431 1376 Nam
461 1326 928 1372 cmnmenioratus
956 1324 1040 1370 est
1084 1315 1437 1368 inimicorum
1487 1314 1539 1368 in
1597 1317 1795 1381 imbre,

235 1391 558 1445 benefacere
585 1387 716 1444 illis,
749 1388 843 1452 qui
885 1383 1246 1436 ostenderunt
1279 1392 1459 1437 rectas
1488 1386 1624 1439 vias.

306 1462 372 1514 Et
391 1459 684 1511 duodecim
715 1455 1106 1521 prophetarum
1132 1468 1254 1506 ossa
1281 1452 1558 1521 pullulent
1579 1457 1648 1508 de
1678 1455 1798 1510 loco

234 1548 333 1588 suo
362 1547 378 1586 :
410 1545 538 1581 nam
587 1525 1085 1580 corroboraverutlt
1133 1521 1324 1586 JaCOb.
1355 1529 1414 1574 ει
1447 1522 1800 1581 τθάεωθταηι

234 1618 289 1655 se
314 1601 370 1654 in
405 1600 511 1650 lide
547 1595 789 1648 virtutis.

1900 403 2120 456 excelso
2152 401 2409 469 principi.

1973 470 2128 524 Tunc
2151 467 2595 524 exclamaverunt
2629 469 2722 523 ﬁlii
2749 471 2953 532 Aaron,
2980 469 3034 522 in
3067 467 3212 522 iubis
3240 468 3473 536 produc:

1907 539 2094 592 tilibus
2121 549 2445 602 sonuerunt,
2481 550 2535 592 et
2565 541 2806 592 auditam
2842 538 3096 594 fecerunt
3127 552 3312 598 vocem
3350 553 3470 595 nia-

1904 624 2062 678 gnain
2098 614 2147 661 in
2185 611 2503 661 memoriam
2535 624 2718 661 coram
2758 607 2888 662 Deo.

1981 678 2134 732 Tunc
2162 681 2344 730 omnis
2373 678 2607 742 populus
2631 680 2790 734 simul
2825 685 3354 746 properavcrunt,et
3386 695 3473 733 ce:

1903 749 2162 800 ciderunt
2197 749 2247 798 in
2295 746 2491 799 faciem
2539 764 2704 808 super
2746 751 2970 810 terrain,
3009 749 3238 798 adorare
3288 749 3472 802 Domi-

1905 818 2234 888 nninDcum
2265 833 2447 880 suum,
2482 826 2537 869 et
2566 824 2692 871 dare
2736 831 2930 885 preces
2968 819 3332 888 omnipotenti
3363 819 3476 882 Deo

1901 887 2138 938 excelso.
2741 890 2743 892 ’

1976 956 2045 1026 Et
2091 953 2570 1026 anipliﬁcaverunt
2610 955 2912 1023 psallentes
2958 954 3010 1007 in
3059 955 3288 1009 vocibus
3332 959 3470 1026 suis,

1901 1033 1957 1076 et
1989 1025 2043 1077 in
2077 1040 2268 1092 magna
2299 1025 2466 1077 domo
2500 1035 2699 1079 auctus
2727 1034 2810 1079 est
2842 1038 3011 1078 sonus
3041 1028 3329 1084 suavitatis
3353 1025 3474 1098 plus

1902 1108 2025 1148 nus.

1979 1162 2040 1218 Et
2065 1161 2273 1229 rogavit
2297 1164 2529 1230 populus
2557 1164 2852 1220 Dominum
2885 1164 3161 1224 excelsum
3203 1167 3255 1217 in
3286 1181 3473 1233 preco.

1905 1247 2079 1298 usque
2113 1236 2240 1284 dum
2273 1235 2550 1298 perfectus
2579 1244 2666 1288 est
2697 1235 2872 1286 honor
2900 1234 3138 1298 Domini,
3176 1248 3229 1290 et
3272 1251 3479 1301 munus

1903 1316 2058 1354 suum
2117 1306 2482 1368 perfecerunt.

1973 1370 2126 1423 'l‘unc
2155 1374 2519 1434 descendens,
2549 1387 2742 1426 manus
2777 1391 2905 1431 suas
2944 1379 3141 1432 extulit
3169 1377 3222 1430 in
3252 1391 3474 1440 onmem

1904 1441 2384 1515 congregationem
2427 1443 2666 1515 liliorum
2713 1443 2879 1499 Israel
2919 1450 3048 1501 dare
3084 1448 3311 1515 gloriam
3361 1447 3478 1506 Deo

1901 1523 1933 1560 a
1969 1509 2128 1585 labiis
2163 1510 2301 1585 suis,
2341 1520 2393 1572 et
2430 1513 2489 1585 in
2523 1513 2744 1571 nomine
2777 1515 2952 1583 ipsius
2981 1509 3226 1585 gloriari.

1978 1579 2041 1630 Et
2087 1580 2307 1650 iteravit
2353 1584 2659 1639 orationem
2708 1579 2890 1650 suam,
2939 1579 3132 1645 volens
3184 1589 3485 1646 ostendere

299 1647 592 1734 Quomodo
619 1663 1019 1732 ampliﬁcemus
1047 1658 1399 1716 Zorobabel?
1435 1675 1560 1716 nam
1597 1674 1654 1719 et
1679 1664 1797 1732 ipse
1831 1668 1873 1726 Β
1903 1647 2312 1734 νῑνέιξιςιιιρείί.

234 1742 385 1809 quasi
423 1737 644 1809 sigrium
670 1734 986 1809 inAdextera
1015 1745 1226 1809 inanun;

302 1810 392 1860 Sic
428 1800 698 1860 chesum
724 1801 892 1854 tilium
933 1801 1207 1854 Josedec?
1248 1801 1342 1868 qui
1372 1801 1427 1855 in
1461 1800 1660 1856 diebus
1690 1805 1809 1858 suis

242 1880 657 1937 auiilieavernnt
701 1873 944 1932 domum,
993 1881 1044 1925 ei
1107 1869 1486 1943 exaltaverunt
1545 1875 1809 1943 templum

232 1959 478 2002 sanctum
531 1943 784 2008 Domino,
832 1942 1083 2008 paratum
1125 1940 1180 1994 in
1235 1941 1462 2008 gloriam
1521 1940 1818 2012 sempiter-

231 2033 293 2072 tia
302 2032 373 2068 m.

300 2086 373 2160 Et
419 2081 716 2160 Nebemias
755 2081 810 2137 in
843 2079 1160 2160 memoriam
1202 2080 1360 2136 multi
1392 2081 1676 2160 temporis,
1718 2082 1812 2155 qui

233 2159 405 2210 erexit
430 2153 599 2208 nobis
629 2166 815 2204 muros
843 2165 1087 2211 eversos.
1113 2159 1168 2204 et
1213 2161 1359 2206 stare
1389 2153 1520 2206 fecit
1546 2153 1815 2221 portaset

233 2242 406 2289 seras,
443 2227 540 2292 qui
571 2224 748 2275 erexit
779 2220 976 2292 domos
1007 2228 1246 2273 nostras.

304 2289 484 2348 Nemo
533 2301 696 2345 natus
736 2299 821 2343 est
863 2290 919 2342 in
962 2298 1105 2342 terra
1145 2289 1325 2358 qualis
1368 2290 1593 2348 Henoch
1633 2303 1649 2342 :
1686 2305 1811 2346 nam

235 2376 288 2418 et
321 2365 442 2432 ipse
474 2374 730 2432 receptus
759 2369 847 2432 est
875 2375 906 2412 a
946 2369 1114 2432 terra.

303 2430 496 2502 Neque
530 2441 591 2485 ut
616 2430 842 2497 Joseph,
884 2431 978 2497 qui
1015 2439 1178 2482 natus
1212 2437 1298 2482 est
1327 2430 1516 2492 homo,
1557 2431 1815 2497 princeps

238 2501 496 2561 fratrum.
526 2503 929 2570 ﬁrmamentum
959 2503 1160 2570 gentis,
1210 2510 1391 2564 rector
1425 2503 1679 2568 fratrum,
1706 2511 1816 2563 sta-

241 2574 589 2625 bilimentum
619 2569 825 2638 populi.
967 2569 972 2570 ⁷
1021 2573 1028 2578 ³

277 2643 374 2764 ιΙΕι
400 2659 528 2696 ossa
565 2645 736 2710 ipsius
760 2638 975 2694 visitata
1003 2647 1153 2705 sunt,
1179 2650 1238 2694 et
1266 2653 1390 2711 post
1420 2649 1654 2711 mortem
1687 2654 1817 2728 pro-

317 2722 629 2764 etaverunt.

317 2722 629 2766 etaverunt.
1267 2709 1284 2711 “
1632 2709 1636 2711 Ἴ
1689 2709 1706 2711 ”
1747 2709 1760 2728 ¹

244 2727 629 2780 pnetaverunt.
1747 2727 1750 2728 ν

313 2782 443 2836 Seth
478 2783 678 2836 etSein
709 2778 850 2848 apud
881 2779 1131 2834 homines
1163 2779 1391 2850 gloriam
1415 2780 1606 2850 adepti
1631 2790 1764 2835 sunt
1796 2798 1813 2842 ;

244 2863 296 2907 et
325 2866 493 2922 super
520 2867 740 2906 omnem
769 2850 1009 2904 animam
1049 2851 1102 2903 in
1129 2849 1340 2920 origine
1365 2849 1567 2910 Adam.

857 2965 1083 3027 CAPUT
1119 2965 1184 3021 L.

314 3060 510 3114 Simon
538 3056 692 3113 Onite
720 3058 885 3120 ﬁlius,
923 3060 1184 3112 sacerdos
1215 3071 1466 3126 magnus,
1493 3056 1587 3126 qui
1612 3056 1669 3111 in
1699 3057 1813 3114 vita

245 3145 338 3186 sua
368 3127 614 3184 suﬂulsit
639 3133 889 3192 domum,
909 3129 1041 3182 etin
1063 3129 1267 3182 diebus
1281 3128 1396 3182 suis
1426 3129 1814 3182 corroboravit

245 3201 534 3256 ISIDDIIIIII.

564 3268 730 3321 etiam
764 3265 997 3320 altitudo
1030 3265 1101 3321 ab
1139 3266 1260 3335 ipso
1305 3266 1531 3321 fundata
1557 3273 1664 3330 est,
1716 3269 1816 3321 du-

249 3340 369 3410 plex
415 3338 712 3410 aediﬁcatio
744 3347 802 3390 et
823 3337 1027 3390 excelsi
1053 3339 1289 3406 parietes
1314 3337 1527 3410 templi.

314 3409 371 3464 In
406 3408 610 3461 diebus
637 3409 810 3476 ipsius
833 3417 1232 3462 emanaverunt
1260 3409 1409 3475 putei
1435 3420 1724 3476 aquarum,
1759 3417 1816 3461 et

245 3480 398 3549 quasi
436 3493 591 3534 mare
623 3477 908 3545 adnnpleti
942 3486 1072 3530 sunt
1096 3491 1264 3544 supra
1296 3476 1540 3549 modum.

309 3549 412 3613 Qui
472 3550 692 3600 curavit
730 3557 948 3618 gentem
987 3562 1164 3610 suam,
1212 3554 1272 3601 et
1326 3547 1579 3600 liberavit
1616 3561 1735 3600 eam
1785 3563 1816 3602 a

245 3618 580 3688 perditione.

315 3690 416 3751 Qui
461 3686 749 3754 prevaluit
778 3687 1114 3756 amplificare
1138 3686 1439 3751 civitatem,
1468 3685 1560 3754 qui
1586 3685 1818 3754 adeptus

251 3770 329 3811 est
358 3761 590 3823 gloriam
616 3759 670 3810 in
702 3759 1120 3810 conversatione
1151 3758 1333 3825 gentis
1363 3772 1379 3810 :
1411 3766 1469 3810 et
1504 3771 1815 3825 ingressum

249 3831 442 3882 domus
474 3837 530 3879 et
554 3829 687 3880 atrii
716 3826 1091 3894 ampliﬁcavit.

313 3898 484 3962 Quasi
521 3897 680 3956 stella
708 3899 974 3953 matutina
1008 3897 1062 3948 in
1090 3897 1270 3953 medio
1299 3897 1534 3961 nebulai,
1569 3906 1628 3951 et
1659 3895 1816 3964 quasi

249 3967 369 4020 luna
400 3973 565 4034 plena
597 3969 650 4020 in
683 3967 879 4019 diebus
912 3968 1026 4018 suis
1052 3967 1215 4022 lucet.

248 4107 290 4160 Β
316 4037 384 4116 Et
413 4039 577 4103 quasi
611 4037 694 4090 sol
728 4035 1023 4105 refulgens,
1054 4039 1136 4091 sic
1165 4039 1259 4091 ille
1283 4036 1493 4092 effulsit
1523 4035 1580 4090 in
1613 4034 1817 4102 templo

294 4123 360 4159 ei.

294 4123 360 4159 CI.

317 4174 485 4240 Quasi
515 4190 682 4229 arcus
727 4173 1007 4243 refulgens
1062 4175 1206 4230 inter
1251 4175 1485 4232 nebulas
1520 4173 1729 4244 gloriae,
1761 4185 1819 4227 et

246 4249 399 4315 quasi
435 4248 539 4299 tios
573 4260 820 4299 rosarum
854 4251 907 4298 in
951 4246 1148 4301 diebus
1185 4250 1392 4307 vernis,
1427 4255 1484 4299 et
1517 4245 1674 4313 quasi
1703 4244 1817 4296 lilia

249 4334 367 4384 qua:
391 4326 526 4369 sunt
556 4318 609 4367 in
645 4317 877 4369 transitu
906 4330 1092 4383 aquae,
1122 4319 1175 4371 ei
1201 4320 1359 4386 quasi
1401 4318 1528 4369 ilius
1558 4316 1817 4368 redoleas

246 4388 304 4442 in
331 4388 530 4440 diebus
554 4390 778 4440 aestatis.

317 4459 485 4520 Quasi
522 4457 665 4524 ignis
701 4456 966 4523 etfulgens
996 4465 1052 4511 et
1083 4456 1213 4510 tlius
1235 4457 1433 4510 ardens
1467 4455 1520 4507 in
1553 4455 1700 4522 igne.

321 4531 489 4590 Quasi
522 4541 617 4577 vas
646 4529 768 4579 auri
812 4526 1072 4592 solidum,
1108 4537 1391 4589 ornatum,
1439 4541 1590 4579 omni
1629 4524 1814 4592 lapide

290 4609 513 4650 ῐθιιοςο.

247 4612 660 4734 viiii-313mm
706 4665 1007 4734 pullulans,
1037 4674 1093 4720 et
1138 4680 1430 4736 οῐβτε⁸⁸¹¹³
1480 4665 1535 4718 in
1574 4663 1819 4736 altitudi-

250 4753 378 4791 nem
410 4755 469 4788 se
496 4739 789 4800 extollens,
822 4739 875 4790 in
905 4735 1226 4804 accipiendo
1271 4741 1451 4805 ipsum
1479 4741 1674 4789 stolam
1705 4735 1820 4802 glo-

254 4824 372 4865 ι-ιδε.
403 4817 460 4860 et
489 4810 675 4860 vestiri
703 4822 830 4859 eum
866 4809 918 4859 in
948 4819 1478 4862 consummationem
1506 4809 1744 4860 Virtutis.

325 4877 387 4932 lu
420 4892 652 4930 ascensu
683 4878 875 4937 altaris
923 4879 1117 4944 sancti,
1161 4880 1390 4946 gloriam
1429 4876 1582 4933 dedit
1620 4873 1824 4928 sancti.

256 4958 382 4999 latis
408 4958 696 5000 amictum.

324 5017 381 5072 in
415 5018 734 5085 accipiendo
755 5026 934 5070 autem
953 5027 1137 5084 partes
1166 5017 1235 5071 de
1260 5031 1422 5072 manu
1454 5013 1821 5077 sacerdotum.

251 5099 308 5140 et
335 5104 449 5153 ipse
476 5097 628 5139 stans
672 5086 827 5152 juxta
881 5101 1054 5140 aram.
1096 5088 1163 5140 Et
1213 5090 1359 5141 circa
1414 5088 1568 5139 illum
1617 5101 1823 5138 corona

251 5168 512 5218 tratrnni,
555 5159 709 5222 quasi
763 5159 1024 5224 plantatio
1073 5159 1220 5210 cedri
1261 5162 1313 5209 in
1363 5169 1546 5209 monte
1590 5157 1822 5208 Libano.

325 5230 419 5279 sic
448 5243 593 5285 circa
621 5226 779 5286 illum
818 5237 1094 5286 steterunt
1139 5232 1303 5296 quasi
1339 5243 1475 5285 rami
1526 5229 1742 5295 palmae,
1769 5232 1824 5277 ct

253 5313 449 5351 omnes
479 5298 574 5349 lilii
607 5298 789 5350 Aaron
821 5299 874 5350 in
907 5301 1078 5365 gloria
1117 5314 1236 5350 sua.

322 5369 540 5421 Oblatio
604 5379 788 5421 autem
849 5363 1064 5420 Domini
1126 5371 1178 5420 in
1237 5366 1492 5421 manibus
1552 5363 1824 5433 ipsorum,

253 5454 442 5491 coram
479 5437 626 5489 omni
671 5450 943 5507 synagoga
990 5437 1156 5490 Israel
1205 5457 1218 5491 :
1257 5447 1314 5491 et
1351 5439 1826 5490 consummatione

253 5516 489 5575 iungens
509 5510 561 5559 in
584 5523 697 5570 ara,
715 5512 1043 5576 ampliticare
1067 5509 1400 5562 oblationem
1430 5508 1628 5560 excelsi
1664 5509 1826 5572 regis.

326 5578 576 5630 Porrexit
610 5591 830 5632 manum
856 5593 1013 5634 suam
1040 5579 1096 5633 in
1127 5580 1414 5644 libatione,
1444 5587 1500 5632 et
1533 5577 1728 5631 libavit
1762 5578 1829 5628 de

256 5663 527 5720 sanguine
556 5662 694 5700 uvae.

1917 1785 1928 1798 ο
1977 1717 2044 1768 Et
2077 1731 2224 1798 nunc
2256 1726 2410 1771 orate
2441 1718 2626 1798 Deum
2656 1722 2926 1798 omnium,
2977 1725 3072 1793 qui
3109 1739 3301 1794 magna
3351 1724 3482 1789 fecit

1915 1790 1982 1864 in.
2008 1790 2158 1838 omni
2193 1796 2357 1850 terra,
2381 1791 2475 1864 qui
2503 1790 2655 1864 auxit
2683 1793 2801 1864 dies
2833 1790 3052 1848 ucstros
3073 1811 3102 1848 a
3135 1790 3323 1849 ventre
3355 1809 3474 1847 ma-

1915 1857 2017 1907 tris
2074 1865 2297 1916 nostris,
2353 1857 2564 1914 etfecit
2612 1861 2901 1921 nobiscum
2957 1866 3259 1926 secundum
3322 1878 3480 1926 suam

1915 1928 2348 1978 misericordiam
2385 1942 2398 1977 :

1917 2062 1930 2074 .
1987 1994 2285 2074 [letuiobis
2330 1996 2735 2074 jucunditatem
2783 2002 2987 2066 cordis,
3027 2012 3083 2055 et
3135 2004 3250 2058 ﬁeri
3290 2017 3480 2074 paceni

1916 2063 1970 2117 in
1989 2063 2200 2142 ldiebus
2227 2063 2431 2142 nostris
2454 2067 2520 2142 in
2543 2067 2712 2142 israel
2741 2084 2837 2136 per
2863 2063 2980 2124 dies
3009 2063 3397 2142 sempiternos.

1983 2132 2223 2215 Qredere
2247 2135 2408 2214 Israel
2434 2132 2868 2215 nob_iscuin_'esse
2895 2142 2988 2196 Dei
3017 2132 3479 2215 misericordiam,

1914 2212 1976 2255 ut
2008 2203 2206 2256 liberet
2230 2220 2328 2257 nos
2356 2205 2410 2258 in
2443 2207 2638 2260 diebus
2665 2213 2803 2260 suis.

1991 2272 2134 2343 Duas
2163 2283 2352 2339 gentes
2381 2276 2496 2350 odit
2521 2278 2703 2350 anima
2741 2292 2862 2333 mea
2894 2296 2910 2340 ;
2943 2279 3104 2334 tertia
3132 2289 3317 2339 autem
3369 2299 3481 2350 non

1915 2352 2018 2415 est»
2037 2357 2189 2415 gens,
2216 2357 2386 2415 quam,
2412 2346 2647 2400 oderim.

1986 2413 2089 2490 Qui
2133 2415 2322 2490 sedent
2376 2413 2429 2466 in
2473 2427 2668 2490 monte
2713 2415 2958 2490 Seirtct
3011 2421 3375 2490 Pliilisthiim,
3424 2435 3484 2489 et

1919 2486 2118 2559 stultus
2145 2483 2398 2559 papulas,
2424 2487 2517 2559 qui
2549 2487 2755 2559 habitat
2777 2493 2831 2549 in
2856 2489 3132 2552 Sichimis.

1989 2552 2638 2634 Doctrinam'ﬁapientiie
2681 2568 2740 2634 et
2788 2562 3091 2634 disciplina:
3156 2561 3380 2634 scripsit
3425 2564 3482 2627 in

1917 2621 2635 2710 codicenistopdesiislilius
2687 2629 2881 2710 Sirach
2930 2621 3485 2710 Jerosolymiiapqui

1918 2695 2205 2759 renovavit
2243 2695 2567 2759 sapientiam
2599 2696 2666 2749 de
2697 2699 2864 2752 corde
2891 2716 3010 2753 suo.

1921 2828 1931 2838 '
1986 2758 2202 2840 Beatus,
2229 2758 2320 2829 qui
2354 2765 2407 2815 in
2438 2766 2556 2840 istis
2586 2778 2836 2840 versatur
2861 2769 3018 2824 bonis
3045 2783 3061 2819 :
3089 2771 3181 2840 qui
3212 2771 3366 2840 ponit
3396 2771 3486 2836 illa

1919 2832 1974 2881 in
1995 2832 2167 2907 sorde
2192 2846 2316 2907 suo,
2342 2836 2564 2907 sapiens
2591 2836 2702 2907 erit
2726 2852 2966 2907 semper.

1991 2897 2050 2979 δί
2083 2900 2227 2981 enim
2251 2897 2367 2980 llaec
2397 2897 2611 2982 fecerit,
2641 2905 2710 2964 ad
2744 2897 2930 2969 omnia
2954 2908 3162 2969 valebit
3193 2913 3362 2982 :quia
3389 2911 3486 2978 in;

1923 2967 2042 3034 Dei,
2071 2971 2360 3040 vestigium
2384 2975 2507 3043 ejus
2533 2982 2640 3040 est,

2521 3085 2752 3148 CAPUT
2791 3085 2862 3145 LI

1984 3180 2175 3239 Oratio
2194 3180 2324 3236 Jesu
2352 3181 2447 3237 lilii
2482 3181 2677 3238 Sirach
2707 3201 2720 3236 :
2754 3183 3072 3241 Conﬁtebor
3104 3185 3228 3252 tibi,
3254 3187 3489 3252 Domina

1915 3264 2036 3316 rex,
2074 3253 2469 3307 ctcollaudabo
2505 3264 2557 3308 te
2590 3254 2762 3308 Deum
2795 3257 3126 3310 salvatorem
3162 3274 3364 3314 meum.

1982 3319 2298 3404 Conli'tebor
2327 3323 2544 3404 nomini
2567 3334 2660 3383 tuo
2691 3342 2706 3378 :
2735 3331 2996 3402 quoniam
3016 3329 3235 3402 adjutor
3256 3339 3312 3390 et
3341 3344 3467 3404 pro-

1916 3397 2091 3444 tector
2120 3394 2296 3445 factus
2322 3407 2382 3446 es
2415 3393 2570 3448 mihi.

1984 3459 2054 3514 Et
2081 3460 2327 3538 liberasti
2353 3478 2565 3538 corpus
2585 3480 2765 3538 meum
2792 3481 2823 3522 a
2859 3465 3192 3534 perditione,
3222 3480 3253 3521 a
3281 3466 3485 3538 laqueo

1915 3531 2116 3600 lingua:
2151 3533 2374 3601 iniquae,
2409 3545 2463 3586 et
2492 3550 2523 3588 a
2554 3537 2718 3612 labiis
2739 3531 3086 3612 operantium
3117 3531 3490 3612 mendacium,

1917 3613 2050 3678 etin
2079 3615 2377 3678 conspectu
2416 3608 2714 3660 astantinin
2745 3607 2926 3662 factus
2964 3625 3022 3660 es
3059 3609 3197 3660 mini
3242 3607 3489 3678 adiutor,

1990 3671 2057 3722 Et
2089 3671 2332 3727 liberasti
2373 3689 2459 3726 me
2485 3678 2790 3729 secundum
2831 3679 3238 3731 multitudinem
3274 3671 3494 3736 miseri-.-

1919 3742 2121 3794 cordia:
2151 3743 2391 3796 nominis
2430 3747 2507 3797 tui
2553 3761 2586 3798 a
2623 3747 2985 3820 rugientibus,
3036 3751 3362 3820 praeparatis
3417 3751 3489 3815 ad

1918 3826 2124 3876 escam,

1991 3882 2065 3932 De
2101 3882 2352 3941 inanibus
2393 3887 2756 3951 quaerentium
2793 3885 3032 3947 animam
3073 3903 3272 3951 meam,
3323 3897 3381 3942 et
3423 3889 3492 3952 de

1915 3953 2093 4020 portis
2129 3954 2544 4006 tribulationum
2578 3971 2696 4022 qua:
2722 3956 3206 4011 circumdederunt
3239 3973 3364 4013 ine:

1991 4023 2037 4096 Α
2067 4036 2324 4096 pressura
2349 4022 2602 4088 ﬂammae,
2636 4041 2758 4095 qua:
2783 4029 3152 4091 circumdedit
3179 4045 3284 4093 me,
3331 4041 3388 4092 et
3435 4031 3488 4096 in

1919 4093 2101 4152 medio
2129 4093 2268 4160 ignis
2299 4109 2406 4149 nou
2442 4109 2562 4153 sum
2589 4093 2850 4150 wstuatus
2886 4112 2901 4150 :

1992 4160 2067 4213 De
2093 4164 2391 4238 altitudine
2419 4167 2630 4216 ventris
2655 4165 2842 4238 inferi,
2873 4175 2923 4218 et
2954 4186 2982 4218 a
3021 4167 3206 4238 lingua
3237 4169 3491 4238 coinqui.

1923 4242 2070 4314 nata,
2107 4241 2156 4311 ei
2204 4248 2240 4313 .a
2282 4237 2451 4314 verbo
2506 4237 2798 4301 mendacii,
2839 4253 2869 4290 a
2922 4252 3049 4306 rege
3097 4237 3307 4314 iniquo,
3359 4237 3416 4302 et
3462 4261 3491 4302 ω

1923 4310 2108 4370 lingua
2144 4304 2372 4370 iniusta.

1849 4379 1892 4432 D
1989 4373 2257 4450 pandabit
2285 4387 2456 4441 usque
2479 4376 2544 4428 ad
2577 4385 2804 4429 mortem
2825 4378 3007 4434 anima
3034 4381 3494 4450 meaiDominum,

1989 4441 2056 4495 Et
2090 4453 2195 4494 Vita
2225 4459 2342 4495 mea
2379 4453 2828 4516 appropinquans
2856 4460 2973 4508 erat
3007 4450 3059 4500 in
3089 4449 3306 4514 inferno
3333 4441 3496 4508 deor;

1919 4527 2060 4573 sum,
2719 4551 2726 4578 ι

1989 4583 2492 4665 circumdederunt
2522 4603 2612 4642 me
2664 4587 2930 4665 nudique.
2973 4600 3027 4644 et
3077 4607 3188 4648 non
3232 4601 3353 4653 erat
3397 4595 3494 4663 qui

1921 4656 2229 4722 adiuvaret.
2268 4656 2589 4725 Respieiens
2620 4676 2769 4712 eram
2809 4656 2876 4713 ad
2929 4666 3267 4732 adiutorium
3312 4656 3499 4719 lion-nis

1920 4738 2076 4786 nunt,
2109 4735 2162 4777 et
2186 4741 2298 4779 non
2326 4741 2474 4782 erat.

1994 4793 2328 4872 hleuioratus
2360 4815 2482 4850 sum
2521 4801 2918 4857 misericordia:
2965 4813 3094 4869 tum,
3141 4804 3396 4870 Domine,
3442 4816 3502 4871 et

1925 4871 2262 4934 operationis
2295 4877 2425 4928 tum,
2450 4886 2571 4937 que
2605 4888 2635 4924 a
2668 4875 2867 4925 sacculo
2903 4888 3057 4932 sunt.

1997 4937 2268 5000 Quoniam
2302 4952 2454 4993 eruis
2478 4952 2816 5010 sustinentes
2855 4956 2924 5010 te,
2965 4945 3216 5010 Domine,
3262 4954 3319 5002 et
3353 4945 3492 5006 libe-

1927 5021 2015 5059 ras
2039 5020 2135 5080 cos
2168 5010 2235 5060 dc
2258 5015 2523 5080 manibus
2555 5013 2820 5080 gentium.

2003 5079 2268 5130 bxaltasti
2316 5096 2481 5148 super
2520 5079 2724 5135 terram
2763 5085 3158 5142 habitationem
3206 5099 3404 5148 meam,
3443 5096 3498 5148 et

1929 5163 2028 5220 pro
2062 5157 2236 5200 morte
2270 5153 2544 5207 deﬂuente
2579 5161 2908 5220 deprecatus
2937 5173 3084 5210 sum.

2002 5218 2250 5272 liiVocavi
2293 5228 2580 5285 Dominum
2611 5218 2820 5289 patrem
2855 5229 3069 5281 Domini
3112 5228 3241 5288 niei,
3287 5237 3344 5280 ut
3387 5241 3498 5287 non

1931 5292 2282 5356 derelinquat
2321 5310 2406 5346 ine
2463 5297 2522 5345 in
2557 5299 2647 5346 die
2700 5302 3078 5356 tribulationis
3132 5315 3287 5362 mem,
3335 5306 3392 5348 et
3442 5313 3501 5358 iit

1935 5365 2586 5436 temporcsupcrborum
2616 5366 2737 5420 sine
2770 5370 3068 5436 adjutorio.

2005 5430 2508 5488 Laudabo‘nomen
2557 5448 2713 5490 tuum
2769 5430 3009 5497 asSidue,
3051 5447 3106 5488 et
3167 5435 3500 5501 collaudabo

1934 5502 2068 5579 illud
2104 5503 2160 5579 tu
2194 5506 2566 5579 conl'essmne,
2603 5519 2659 5560 ct
2699 5509 2952 5561 exaudita
2998 5519 3104 5579 est_
3129 5510 3308 5573 oratio
3352 5522 3504 5576 mea,

2009 5572 2074 5624 Et
2102 5573 2352 5629 liberasti
2376 5592 2464 5630 me
2493 5579 2562 5632 de
2589 5581 2918 5647 perditione,
2946 5587 2998 5632 et
3030 5572 3284 5644 eripuisti
3321 5593 3409 5643 ius
3431 5572 3504 5644 μὲ

1937 5655 2182 5723 tempore
2210 5646 2418 5726 iniquo,
2597 5646 2602 5647 “
3115 5651 3118 5655 ’
