3840 6176
252 374 353 442 501

1401 378 1634 438 LIBER
1674 381 1701 439 Ι
1746 378 2381 443 ΜΔΕΗΔΒᾸίΟΡιΗΜ.

3395 372 3499 433 502

256 503 447 545 omnes
478 487 723 557 operarii
770 486 1078 556 iniquitatis
1110 485 1416 543 eonturbati
1462 500 1591 545 sunt
1616 508 1632 549 :
1662 501 1715 547 et
1749 491 1832 548 di-
1860 499 1905 555 Α
1937 502 1992 546 et
2014 493 2358 547 mandavitei
2386 492 2450 547 de
2471 489 2750 552 omnibus,
2774 500 2895 555 quae
2916 484 3154 549 volebat,
3183 492 3239 537 et
3259 484 3325 539 de
3350 485 3504 540 iulia-

255 567 403 615 recta
432 568 517 612 est
540 560 690 611 salus
722 560 775 610 in
818 573 977 610 manu
1010 559 1149 623 ejus.

332 627 393 680 Et
433 628 803 683 exaeerhabat
844 643 1003 696 reges
1035 629 1254 688 multos.
1306 641 1361 683 et
1395 628 1828 684 latiﬁcabatJa-

259 697 357 752 cob
389 698 441 751 in
476 697 737 769 operibus
771 698 907 763 suis,
936 706 993 750 et
1031 698 1084 749 in
1114 700 1373 754 saeculum
1408 703 1674 754 memoria
1701 702 1826 769 ejus

261 770 312 823 in
338 766 745 820 benedictione.

335 837 398 889 Et
435 834 835 907 perambulavit
877 834 1127 907 civitates
1168 839 1330 903 Juda,
1363 850 1420 894 et
1457 838 1697 907 perdidit
1728 838 1829 893 im-

262 904 377 981 pios
403 920 465 956 ex
496 903 604 981 eis,
633 916 687 957 et
718 906 915 958 avertit
941 906 1077 981 iram
1118 910 1186 981 ab
1216 910 1402 981 lsrael.

325 974 390 1026 Et
416 973 735 1051 nominatus
764 984 850 1029 est
874 973 1050 1043 usque
1074 978 1141 1031 ad
1167 980 1528 1033 novissimum
1572 988 1752 1043 terrae,
1779 986 1834 1031 et

262 1052 607 1107 congregant
661 1054 979 1111 pereuntes.

330 1112 393 1163 Et
421 1114 775 1179 congregavit
844 1114 1167 1181 Apollonius
1196 1126 1409 1183 gentes,
1441 1126 1497 1170 et
1522 1134 1549 1169 a
1587 1116 1832 1171 Samaria

266 1180 513 1303 :irtutetn
550 1185 775 1236 multam
818 1192 874 1236 et
898 1180 1162 1253 magnam
1193 1180 1261 1240 ad
1290 1187 1603 1241 bellandum
1643 1196 1833 1241 contra

290 1266 403 1302 Slae
434 1290 447 1303 ο

290 1266 447 1303 Slael.

340 1320 405 1394 Et
434 1321 929 1394 cognovit_.ludas,
963 1332 1019 1377 et
1048 1322 1188 1377 exiit
1223 1322 1438 1376 obviam
1478 1324 1591 1377 illi:
1620 1334 1676 1377 et
1710 1340 1835 1394 per-

268 1391 456 1454 cussit,
500 1400 557 1443 et
606 1392 808 1444 occidit
855 1393 1047 1446 illum:
1098 1404 1155 1447 ct
1201 1395 1520 1448 ceciderunt
1563 1391 1833 1448 vulnerati

214 1518 217 1519 ν
268 1458 438 1530 inulti,
473 1471 529 1514 et
562 1462 760 1527 reliqui
811 1462 1096 1530 fugerunt.

338 1528 399 1580 Et
422 1530 662 1601 accepit
691 1528 885 1596 Spolia'
906 1546 1096 1586 eorum
1128 1548 1142 1585 :
1174 1538 1229 1585 et
1274 1532 1513 1601 gladium
1559 1532 1832 1594 Apollonii

224 1599 232 1679 ς
264 1598 484 1719 ἶιιειιιιιι
509 1598 701 1664 .Iudas,
735 1609 787 1652 et
819 1612 938 1654 erat
970 1616 1219 1671 pugnans
1262 1598 1315 1656 iii
1342 1619 1405 1658 eo
1433 1603 1691 1657 omnibus
1719 1602 1835 1655 die-

224 1682 225 1697 i
303 1682 380 1719 iis.

220 1681 225 1697 ‘
266 1681 380 1719 DUS.

338 1737 398 1789 Et
432 1737 654 1820 audivit
674 1738 847 1820 Seron
875 1741 1127 1809 princeps
1142 1744 1433 1820 exercitus
1456 1740 1645 1820 Syria),
1688 1739 1833 1809 quod

1938 562 2243 615 bitantibus
2266 563 2509 616 Iudaeam
2553 569 2609 615 et
2633 560 2937 614 Jerusalem
2965 572 2979 609 :

2020 633 2082 685 Et
2111 642 2171 683 ut
2196 632 2436 685 mitteret
2469 631 2535 684 ad
2567 644 2661 683 eos
2686 626 2985 680 exercitum
3018 625 3083 678 ad
3116 624 3507 679 conterendam

1933 710 1989 754 et
2014 701 2421 767 exstirpandam
2449 702 2709 753 virtutem
2765 695 2926 767 Israel
2960 703 3015 746 et
3046 694 3305 767 reliquias
3336 694 3511 748 Jeru-

1951 769 2145 831 salem,
2172 763 2226 821 ἐι
2256 769 2605 821 aul‘erendam
2634 765 2949 819 memoriam
2973 778 3165 816 eorum
3196 765 3262 817 de
3294 763 3448 827 loco;

2026 839 2094 891 Et
2142 847 2201 891 ut
2230 840 2599 891 constitueret
2628 836 2961 889 habitatores
2989 832 3128 887 filios
3165 832 3508 898 alienigenas

1933 908 1988 961 in
2036 910 2293 961 omnibus
2329 909 2528 960 linibus
2574 921 2787 969 eorum,
2837 912 2894 957 et
2946 912 3095 956 sorte
3143 902 3507 957 (listribueret

1937 986 2139 1030 terram
2170 991 2383 1030 eorum.

2003 1046 2070 1099 Et
2089 1061 2179 1099 rex
2202 1046 2493 1112 assumpsit
2528 1055 2735 1113 partem
2763 1040 3035 1097 exercitus
3056 1041 3285 1103 residui,
3310 1051 3366 1095 et
3384 1042 3504 1095 exi-

1950 1116 2029 1169 vit
2057 1116 2125 1168 ab
2156 1115 2441 1169 Antiochia
2472 1116 2691 1169 civitate
2733 1113 2883 1180 regni
2918 1114 3001 1165 sui
3032 1127 3174 1164 anno
3204 1113 3505 1165 centesimo

1940 1194 1995 1239 et
2018 1184 2434 1253 quadragesimo
2462 1187 2692 1252 septimo
2718 1202 2730 1235 :
2756 1196 2815 1253 et
2851 1180 3221 1234 translretavit
3252 1182 3502 1249 Euphra-

1943 1252 2051 1309 tem
2086 1255 2310 1310 ﬂumen.
2342 1263 2398 1309 et
2431 1252 2846 1322 perambulabat
2892 1254 3203 1322 superiores
3231 1255 3498 1322 regiones.

2003 1325 2070 1378 Et
2100 1325 2260 1393 elegit
2288 1319 2474 1391 Lysias
2510 1325 2854 1377 Ptolemaeum
2897 1320 3067 1373 lilium
3121 1319 3419 1393 Dorymini,
3452 1328 3508 1371 et

1939 1390 2283 1455 Nicanorem,
2315 1390 2369 1445 et
2415 1392 2692 1462 Gorgiam,
2730 1393 2876 1445 viros
2942 1399 3192 1458 potentes
3222 1406 3289 1444 ex
3317 1390 3507 1442 amicis

1938 1480 2082 1519 [‘6ng
2114 1478 2130 1519 ζ

2039 1480 2079 1514 ι·
2114 1480 2130 1519 ;

2110 1532 2256 1585 misit
2284 1548 2406 1587 cum
2438 1533 2521 1587 eis
2565 1532 2923 1601 quadraginta
2960 1530 3127 1601 millia
3160 1527 3509 1601 virorum,_et

1937 1614 2146 1670 septem
2183 1603 2349 1655 millia
2379 1596 2645 1671 erinitum,
2678 1613 2737 1654 ut
2765 1596 3016 1654 venirent
3041 1600 3094 1651 in
3120 1608 3320 1671 terrain
3346 1596 3503 1657 Juda,
3566 1599 3573 1607 '

1935 1669 2411 1737 et’tlisperdcreut
2432 1669 2562 1724 eam
2592 1671 2896 1724 secundttm
2926 1671 3149 1724 vcrbutn
3184 1669 3347 1733 regis.

2012 1740 2080 1793 Et
2115 1751 2497 1807 processerunt
2519 1757 2640 1792 cum
2673 1741 2925 1792 universa
2960 1741 3162 1793 virtute
3192 1752 3308 1796 sua,
3338 1743 3391 1787 et
3421 1747 3510 1786 ve-

266 1807 802 1891 congregavitluilas
833 1807 1321 1880 congregationem
1365 1807 1629 1873 ﬁdelium,
1670 1807 1838 1863 ctcc-
1866 1837 1908 1891 Β
1938 1822 2161 1888 nerunt,
2215 1822 2270 1863 et
2317 1812 2700 1879 applicuerunt
2748 1810 3037 1863 Emmauin
3064 1824 3116 1860 in
3166 1816 3309 1859 terra
3357 1819 3510 1857 cam-

266 1878 479 1929 clesiatn
508 1893 719 1938 secum,

332 1946 396 1997 Et
422 1949 500 2000 ait
530 1964 545 2001 :
601 1948 821 2021 Faciam
867 1948 1020 2021 mihi
1046 1964 1269 2015 nomen,
1303 1962 1359 2004 et
1386 1949 1739 2021 gloriﬁcabor
1773 1948 1829 2001 in

265 2027 450 2082 regno,
493 2027 549 2090 et
580 2018 873 2071 debellabo
920 2018 1142 2083 Judam,
1186 2031 1242 2073 et
1275 2034 1369 2074 eos
1394 2018 1505 2090 'qui
1553 2034 1679 2072 cum
1713 2020 1832 2088 ipso

264 2094 407 2159 sunt,
443 2086 538 2153 qui
568 2093 904 2159 spernebant
936 2091 1165 2143 verbum
1201 2092 1367 2159 regis.

266 2223 276 2233 .
338 2152 402 2233 Et
434 2152 764 2233 pra-paravit
790 2172 850 2210 se
878 2176 890 2210 :
927 2168 984 2233 et
1006 2152 1378 2233 ascenderunt
1406 2174 1529 2213 cum
1559 2172 1625 2233 eo
1643 2166 1829 2233 castra

263 2227 552 2295 impiorum
608 2228 775 2279 lortes
813 2230 1110 2295 auxiliarii,
1139 2241 1199 2282 ut
1227 2228 1470 2284 facerent
1528 2228 1828 2283 vindictam

264 2294 317 2346 in
357 2295 499 2347 lilios
531 2294 720 2350 Israel.

335 2363 397 2440 Et
446 2370 1029 2440 appropinquaverunt
1078 2383 1254 2437 usque
1300 2368 1366 2422 ad
1418 2366 1698 2423 Bethoron
1728 2383 1743 2423 :
1777 2376 1834 2423 et

269 2434 429 2507 exivit
451 2432 863 2491 Judas'obviain
898 2438 974 2491 illi
1007 2454 1129 2491 cum
1161 2432 1372 2507 paucis.

301 2572 307 2577 _
336 2502 401 2557 Ut
430 2514 615 2577 autem
654 2507 907 2560 viderunt
930 2502 1230 2561 exercitum
1264 2510 1572 2562 venientem
1600 2507 1705 2561 sibi
1734 2507 1835 2560 ob-

266 2574 425 2636 viam,
468 2574 732 2630 dixerunt
763 2578 916 2631 Judie
947 2596 961 2631 :
997 2578 1285 2642 Quomodo
1341 2583 1643 2646 poterimus
1675 2577 1834 2647 pauci

267 2658 500 2708 pugnare
538 2656 735 2697 contra
763 2650 1175 2701 multitudinem
1216 2658 1441 2712 tantam,
1485 2659 1538 2701 ct
1581 2646 1688 2709 tam
1724 2646 1835 2703 lor-

269 2722 392 2789 teui,
425 2721 483 2789 et
510 2714 852 2789 n_os_fatigati
883 2734 1077 2772 smnus
1102 2717 1313 2789 jejunio
1333 2718 1507 2789 rhodie
1534 2717 1555 2769 ἲ
1603 2749 1606 2752 ~

335 2780 397 2834 Et
427 2782 503 2833 ait
531 2780 705 2835 .Iudas
731 2780 960 2840 {Facile
996 2796 1080 2839 est
1102 2780 1363 2839 'eoncludi
1404 2789 1602 2840 multos
1635 2786 1691 2840 in
1724 2801 1839 2839 ma-

268 2865 369 2929 nus
398 2866 695 2929 paucorum
724 2871 737 2906 :
770 2866 825 2908 et
846 2872 957 2929 non
983 2858 1403 2929 estdill'ereutia
1438 2858 1499 2929 in
1537 2867 1837 2927 conspectu

274 2919 519 2996 Dcicoeli
568 2922 820 2996 libirare
842 2928 898 2977 in
938 2927 1147 2989 multis,
1177 2938 1231 2979 et
1256 2928 1312 2981 in
1347 2928 1557 2996 paucis.

342 2992 612 3053 Quoniam
664 3008 776 3045 non
806 2994 862 3048 in
910 2997 1260 3051 multitudine
1301 2992 1579 3050 eiercitus
1611 2996 1834 3051 victoria

273 3058 414 3122 bciti,
446 3060 543 3114 sed
574 3063 643 3113 de
677 3062 816 3117 cwlo
842 3064 1109 3119 fortitudo
1139 3076 1246 3121 est.

339 3130 442 3199 lpsi
472 3136 705 3186 veniunt
734 3138 801 3187 ad
826 3150 926 3189 nos
958 3138 1012 3188 in
1040 3136 1391 3189 multitudine
1418 3136 1754 3201 contumaci,
1783 3146 1839 3190 et

268 3188 538 3268 sujierbia,
579 3210 639 3254 ut
669 3188 987 3271 disperdant
1020 3188 1140 3266 nos,
1179 3188 1236 3260 et
1272 3188 1485 3259 uxores
1514 3188 1754 3269 nostras,
1785 3188 1841 3261 et
1866 3188 1909 3242 C

267 3272 401 3343 tinos
429 3284 674 3335 nostros,
702 3284 757 3327 et
782 3284 839 3326 ut
862 3276 1102 3343 Spolient
1134 3291 1270 3329 nos:

339 3339 442 3413 Nos
473 3356 604 3395 vero
646 3339 1011 3411 pugnabiinus
1045 3360 1143 3413 pro
1174 3343 1464 3397 animabus
1515 3345 1739 3409 nostris,
1784 3354 1840 3399 et

268 3409 467 3476 legibus
494 3409 727 3465 nostris.

333 3480 397 3532 Et
430 3483 551 3547 ipse
600 3483 865 3535 Dominus
900 3492 1150 3537 conteret
1180 3498 1279 3536 eos
1335 3492 1465 3537 ante
1495 3482 1693 3539 faciem
1739 3501 1839 3539 no-

263 3560 425 3602 stram
457 3565 473 3601 :
510 3565 606 3604 \05
633 3564 815 3604 autem
846 3568 915 3606 ne
953 3554 1243 3606 timueritis
1274 3567 1389 3607 eos.

345 3619 409 3672 Ut
436 3623 677 3673 cessavit
706 3633 889 3675 autem
934 3624 1105 3691 loqui,
1135 3625 1346 3676 insiluit
1382 3624 1436 3677 in
1477 3638 1574 3677 cos
1608 3627 1835 3689 subito;

266 3699 319 3741 et
353 3701 624 3770 contritus
672 3703 758 3746 est
807 3698 1003 3759 ὅθι-οη,
1034 3706 1090 3745 et
1130 3696 1409 3748 exercitus
1458 3695 1578 3764 ejus
1626 3712 1680 3749 iii
1708 3714 1839 3750 cou-

272 3773 457 3827 spcctu
493 3776 695 3828 ipsms.

350 3834 408 3879 tt
440 3842 774 3896 persecutus
802 3843 886 3887 est
909 3849 1036 3887 eum
1068 3833 1120 3886 in
1142 3834 1412 3888 descensu
1439 3834 1715 3888 Bethoron
1740 3849 1835 3887 us-

266 3913 369 3973 que
390 3898 743 3973 iu_¢ampuni,
770 3914 823 3955 et
847 3914 1164 3956 cecinerunt
1182 3919 1247 3955 ex
1267 3904 1348 3973 eis
1365 3904 1663 3973 octingenti
1688 3906 1787 3957 viri
1817 3920 1831 3958 :

268 3970 457 4036 reliqui
488 3978 669 4022 autem
700 3970 956 4039 fugerunt
980 3973 1035 4025 in
1072 3983 1275 4028 terram
1309 3970 1661 4037 Philisthiim,

336 4040 399 4090 Et
428 4040 632 4091 cecidit
668 4048 833 4094 timor
878 4044 1055 4105 Judae,
1080 4058 1144 4095 ac
1178 4046 1412 4095 fratrum
1456 4050 1599 4112 ejus,
1632 4051 1688 4096 et
1718 4040 1835 4096 for-

266 4110 410 4160 mido
441 4122 608 4176 super
636 4124 827 4163 omnes
856 4125 1045 4179 gentes
1074 4114 1132 4165 iit
1171 4115 1405 4166 circuitu
1436 4110 1653 4167 eorum.

346 4180 410 4252 bl
440 4189 690 4252 pervenit
720 4181 785 4231 ad
819 4197 999 4247 regem
1031 4197 1232 4235 nomen
1262 4184 1401 4252 ejus,
1441 4191 1498 4237 et
1534 4185 1599 4237 de
1630 4180 1833 4252 praeliis

264 4248 419 4303 Judae
445 4251 746 4320 narrabant
774 4266 963 4304 omnes
987 4263 1198 4320 gentes.

353 4320 418 4373 Ut
446 4319 659 4371 audivit
691 4334 871 4373 autent
902 4319 1004 4374 rex,
1032 4322 1336 4374 Antiochus
1365 4332 1647 4375 Sermones
1676 4322 1831 4387 istos,

270 4392 442 4443 iratus
466 4399 551 4442 est
579 4403 805 4442 animo:
845 4401 900 4444 et
934 4392 1105 4456 misit,
1138 4404 1189 4443 et
1221 4394 1573 4461 congregavit
1618 4395 1832 4445 exerci-

268 4473 383 4514 tum
418 4461 652 4512 universi
686 4462 837 4526 regni
872 4464 978 4525 sui,
1028 4472 1207 4515 castra
1230 4463 1392 4514 fortia
1426 4465 1614 4517 valde:

1975 1889 2131 1933 eSll‘l.

1975 1895 2131 1933 esrri.

1936 1895 1970 1949 Ρ
2004 1948 2069 2002 Et
2116 1948 2411 2003 audierunt
2466 1960 2802 2003 mercatores
2854 1950 3135 2017 regionum
3184 1958 3380 1997 nomen
3411 1956 3509 1995 eo-

1936 2034 2055 2071 rum
2087 2034 2100 2071 :
2138 2027 2192 2071 et
2239 2028 2575 2086 acceperunt
2626 2028 2913 2087 argentum
2950 2029 3004 2071 ct
3036 2031 3230 2069 aurum
3274 2018 3503 2087 multum

1936 2088 2110 2147 valde.
2136 2098 2190 2140 ct
2212 2084 2408 2156 pueros
2445 2106 2457 2141 :
2488 2099 2542 2141 et
2573 2084 2841 2141 venerunt
2869 2088 2922 2140 in
2957 2096 3157 2147 castra,
3196 2096 3253 2136 ut
3289 2084 3505 2156 accipe-

1935 2169 2059 2210 reut
2088 2153 2225 2209 filios
2252 2158 2413 2209 Israel
2447 2158 2499 2210 in
2537 2172 2725 2211 servos
2750 2176 2765 2216 ς
2793 2168 2847 2210 et
2871 2157 3040 2210 additi
3095 2166 3223 2208 sunt
3295 2153 3359 2205 ad
3411 2166 3506 2205 eos

1936 2230 2216 2300 exercitus
2247 2228 2439 2300 Syriae,
2467 2238 2521 2280 et
2552 2239 2706 2300 terra:
2733 2228 3194 2300 alienigenarum.
3243 2294 3254 2300 _
3287 2294 3295 2300 .
3345 2291 3377 2300 η

2014 2296 2076 2349 Et
2106 2296 2241 2348 vidit
2263 2293 2452 2359 Iudas,
2476 2306 2530 2349 et
2566 2297 2760 2349 fratres
2790 2293 2935 2363 ejus,
2979 2298 3103 2364 quia
3148 2293 3505 2362 tnultiplicata

1938 2376 2068 2420 sunt
2100 2368 2262 2427 mala,
2282 2376 2335 2420 et
2362 2368 2633 2419 exercitus
2657 2367 3004 2433 applieabant
3027 2371 3090 2418 ad
3122 2366 3256 2417 lines
3273 2378 3463 2433 eorum
3486 2375 3499 2413 :

1937 2447 1993 2488 et
2023 2445 2396 2503 cegnoverunt
2431 2438 2594 2489 verba
2628 2432 2791 2505 regis,
2824 2452 2945 2502 quae
2978 2434 3255 2489 mandavit
3301 2432 3505 2504 populo

1938 2505 2122 2557 facere
2150 2505 2203 2556 in
2234 2506 2537 2567 interitum,
2565 2516 2619 2557 et
2647 2508 3174 2560 eonsummationem
3204 2522 3218 2559 :

2007 2574 2075 2627 Et
2128 2574 2387 2627 dixerunt
2439 2578 2818 2644 unusquisque
2850 2578 2915 2630 ad
2952 2578 3255 2643 proximum
3298 2587 3503 2627 suum:

1940 2642 2225 2711 Erigamns
2253 2645 2614 2712 dejectionem
2663 2642 2849 2713 populi
2886 2642 3080 2708 nostri,
3119 2654 3172 2697 et
3208 2658 3511 2713 pugnemus

1942 2729 2038 2779 pro
2074 2713 2273 2781 populo
2312 2726 2524 2774 nostro,
2559 2727 2613 2767 et
2640 2718 2842 2769 sanctis
2869 2716 3089 2767 nostris.

2019 2784 2081 2835 Et
2110 2795 2471 2851 congregatus
2500 2792 2581 2836 est
2620 2798 2926 2837 conventus
2958 2795 3013 2836 ut
3035 2792 3219 2837 essent
3248 2784 3420 2852 parati
3453 2782 3508 2835 in

1940 2855 2223 2923 praaliurn:
2261 2864 2315 2905 et
2340 2863 2397 2905 ut
2422 2863 2666 2917 orarent,
2693 2862 2749 2907 et
2771 2864 3021 2922 peterent
3050 2853 3507 2913 misericordiam,

1938 2934 1995 2977 et
2031 2923 2426 2976 miserationes.

2010 2993 2073 3044 Et
2096 2992 2395 3045 Jerusalem
2428 3007 2535 3045 non
2563 2992 2928 3055 habitabatur,
2962 2995 3056 3047 sed
3084 3002 3201 3046 erat
3233 2992 3377 3045 sicut
3408 2991 3507 3044 de-

1941 3073 2147 3117 sertum
2176 3079 2189 3115 :
2242 3077 2351 3115 non
2379 3073 2501 3116 erat
2538 3064 2628 3130 qui
2657 3066 3034 3131 ingrederetur
3074 3074 3129 3115 et
3154 3062 3509 3131 egrederetur

1942 3138 2009 3186 de
2052 3136 2195 3185 natis
2244 3133 2364 3201 ejus
2398 3146 2413 3185 :
2447 3141 2504 3186 et
2529 3143 2784 3185 Sanctum
2818 3134 3247 3187 conculcabatur
3276 3146 3293 3186 :
3324 3141 3379 3184 et
3411 3132 3509 3184 lilii

1944 3204 2377 3271 alienigenarum
2409 3205 2639 3256 erantin
2669 3219 2817 3266 arce,
2840 3204 2912 3255 ibi
2941 3212 3057 3255 erat
3089 3202 3355 3255 habitatio
3382 3217 3511 3271 gett-

1943 3274 2074 3325 tium
2107 3292 2121 3326 ς
2151 3283 2207 3326 et
2237 3272 2417 3325 ablata
2444 3282 2528 3326 est
2560 3274 2811 3341 voluptas
2839 3288 2868 3325 a
2889 3270 3075 3337 Jaeoii,
3106 3282 3160 3327 et
3203 3273 3405 3325 defecit
3433 3270 3509 3322 ibi

1942 3345 2098 3405 tibia,
2134 3351 2190 3395 et
2218 3342 2456 3395 Cithara.

2020 3415 2087 3466 Et
2120 3414 2434 3481 congregati
2464 3420 2614 3471 sunt,
2635 3420 2690 3465 et
2712 3422 2980 3466 venerunt
3008 3412 3061 3463 in
3083 3410 3299 3479 Maspha
3318 3416 3511 3464 contra

1936 3482 2415 3550 Jerusalem:un
2438 3484 2869 3536 locustirationis
2914 3484 3100 3536 eratin
3128 3481 3350 3552 hlaaplia
3383 3491 3510 3532 ante

1946 3555 2000 3605 in
2036 3554 2228 3605 Israel.

2008 3621 2597 3691 litjejunaveruntilla
2629 3620 2741 3684 die,
2781 3631 2836 3675 et
2878 3620 3265 3691 indueruntse
3290 3619 3507 3683 ciliciis,

1935 3702 1991 3746 et
2014 3695 2261 3744 cinerem
2308 3692 2690 3759 imposuerunt
2716 3694 2880 3760 capiti
2907 3703 3044 3745 suo:
3077 3702 3131 3743 et
3165 3690 3510 3744 disciderunt

1938 3771 2261 3814 vestittienta
2290 3775 2437 3823 sua,:

2022 3831 2091 3883 Et
2140 3832 2523 3898 expanderunt
2568 3830 2743 3884 libros
2775 3829 2933 3899 legis.
2964 3829 3031 3883 de
3067 3831 3267 3896 quibus
3292 3838 3511 3884 seruta-

1936 3902 2136 3955 bantur
2186 3910 2376 3969 gentes
2442 3902 2861 3955 similitudinem
2905 3901 3327 3954 simulacrorum
3374 3914 3508 3954 suo-

1936 3986 2055 4023 I'Ulll
2084 3985 2102 4024 ἶ

2012 4040 2074 4093 Et
2120 4042 2425 4096 attulerunt
2460 4048 2781 4095 ornamenta
2813 4038 3194 4109 sacerdotalia,
3244 4040 3509 4109 etprimi-

1935 4111 2060 4176 tias,
2087 4126 2141 4164 et
2167 4113 2448 4166 decimas:
2495 4120 2553 4164 et
2594 4113 3007 4166 suseitaverunt
3049 4108 3358 4175 Nazarzeos,
3410 4112 3507 4180 qui

1937 4184 2302 4249 impleverant
2326 4185 2445 4237 dies
2474 4197 2489 4234 ε

2004 4253 2070 4306 Et
2101 4254 2479 4307 clamaverunt
2506 4268 2637 4306 voce
2668 4267 2861 4321 magna
2888 4251 2940 4304 in
2971 4254 3193 4315 omium,
3221 4251 3501 4307 dicentes:
3556 4258 3557 4263 “

1935 4321 2075 4387 Quid
2111 4324 2371 4377 faciemus
2393 4324 2532 4385 istis,
2573 4333 2627 4375 ct
2654 4338 2763 4391 quo
2790 4338 2885 4375 eos
2911 4323 3174 4375 ducemus
3200 4322 3221 4374 ?

2013 4393 2077 4445 Et
2108 4406 2297 4447 sancta
2346 4405 2433 4445 tua
2468 4394 2784 4446 conculcata
2840 4405 2987 4457 sunt,
3024 4404 3078 4445 et
3134 4392 3506 4446 contaminata

1937 4475 2087 4527 sunt,
2138 4474 2193 4516 et
2233 4464 2545 4518 sacerdotes
2579 4464 2655 4516 tui
2684 4460 2814 4516 laeti
2841 4472 2972 4516 sunt
3005 4466 3061 4516 in
3084 4462 3318 4527 luctum,
3355 4476 3410 4516 et
3448 4467 3504 4516 in

348 4530 644 4595 Etaperuit
664 4548 917 4584 aerarium
941 4548 1122 4594 suum,
1148 4540 1202 4584 et
1222 4533 1655 4602 deditstipendla
1678 4547 1834 4585 exer-
1866 4530 1910 4586 D
1942 4534 2325 4586 humilitatem.

190 4652 203 4669 δ
265 4604 405 4653 citui
435 4614 489 4649 iu
528 4617 733 4652 annum
762 4617 776 4653 :
808 4612 863 4655 et
886 4608 1161 4655 iiiandaVit
1200 4604 1331 4667 illis,
1362 4613 1419 4655 ut
1452 4615 1635 4656 essent
1658 4604 1832 4670 parati

192 4676 199 4681 ’
262 4675 332 4723 ad
368 4670 566 4722 omnia.

350 4742 420 4793 Et
456 4742 586 4793 vidit
624 4742 773 4808 quod
809 4742 1008 4796 defecit
1037 4742 1266 4810 pecunia
1297 4741 1365 4796 de
1396 4742 1671 4796 thesauris
1694 4744 1832 4806 suis,

260 4826 317 4865 et
374 4811 573 4863 tributa
616 4814 860 4880 regionis
892 4818 1105 4865 modica
1137 4823 1363 4881 preptcr
1405 4820 1831 4879 dissensionem,

260 4895 319 4935 et
379 4882 609 4948 plagam,
648 4899 812 4947 quani
847 4883 977 4935 fecit
1010 4886 1064 4936 in
1099 4896 1264 4946 tetra,
1299 4898 1357 4936 ut
1392 4888 1609 4937 tolleret
1656 4886 1836 4953 legiti-

262 4971 380 5013 tua,
406 4969 524 5018 qua:
550 4964 711 5003 erant
741 4967 770 5003 a
797 4970 984 5019 primis
1014 4956 1210 5007 diebus
1238 4971 1251 5005 :

349 5030 421 5074 ιιι
466 5034 668 5082 timuit,
711 5040 777 5077 ne
813 5038 920 5075 non
973 5027 1202 5077 haberet
1234 5032 1290 5076 ut
1328 5023 1496 5077 semel
1542 5034 1597 5076 et
1638 5023 1746 5085 bis,
1778 5026 1831 5077 iu

263 5103 626 5158 sumptuwct
650 5105 896 5155 donaria,
925 5111 1046 5161 qua:
1076 5100 1297 5146 dederat
1322 5108 1447 5146 ante
1472 5095 1617 5162 larga
1646 5111 1830 5156 manu,

263 5182 320 5217 et
356 5170 734 5215 abundaVciat
778 5180 941 5232 super
978 5180 1243 5231 rigesqut
1269 5176 1394 5217 aiite
1434 5182 1557 5216 cuni
1592 5170 1829 5217 lucrant.

331 5235 404 5286 Et
444 5241 828 5286 consternatus
870 5246 987 5286 erat
1030 5252 1215 5285 animo
1267 5239 1441 5298 ναιαις,
1476 5245 1531 5284 et
1575 5244 1834 5301 cogitavit

266 5312 346 5361 ire
379 5320 435 5355 in
473 5302 779 5366 Persrdeiii,
813 5315 869 5357 et
908 5320 1161 5371 accrpere
1195 5306 1392 5357 tributa
1440 5320 1745 5371 regionum,
1778 5316 1834 5358 et

264 5388 601 5440 congregare
632 5390 915 5441 argentum
945 5379 1197 5427 multum.

347 5452 416 5496 bl
451 5448 666 5511 reliquit
696 5453 914 5511 Lysiam
949 5451 1222 5498 hominem
1256 5444 1495 5496 nobilem
1540 5442 1608 5495 de
1634 5458 1833 5511 genere

265 5516 463 5585 regali,
498 5531 661 5585 ξυνω-
684 5527 897 5581 negotia
933 5519 1103 5584 regia,
1130 5536 1157 5567 a
1191 5516 1413 5567 llumiiie
1438 5512 1718 5582 Euphrate
1748 5532 1836 5569 us-

258 5584 372 5657 que
404 5584 470 5636 ad
495 5584 695 5637 lluineu
722 5585 975 5653 A'ngpti:

334 5659 406 5710 Et
440 5665 494 5705 ut
524 5656 755 5708 nutriret
783 5662 1112 5709 Antiochum
1144 5656 1315 5709 lilium
1350 5670 1511 5710 suum
1545 5657 1721 5710 donec
1750 5671 1835 5710 re-

257 5731 437 5785 αιτει.

343 5802 418 5855 l:.'t
447 5796 666 5854 tradidit
694 5801 745 5858 ci
782 5803 1022 5859 medium
1052 5800 1381 5865 exercitum,
1406 5811 1459 5858 et
1478 5799 1832 5865 elephantos:

2006 4604 2069 4657 Et
2110 4620 2235 4657 ecce
2272 4607 2519 4659 nationes
2568 4614 2946 4660 convenerunt
2969 4604 3259 4659 adversum
3291 4619 3412 4670 nos,
3446 4613 3505 4657 ut

1939 4688 2037 4726 nos
2064 4674 2412 4742 disperdant:
2443 4688 2499 4727 tu
2527 4682 2636 4729 scis
2670 4690 2792 4744 quae
2817 4684 3057 4740 cogitant
3089 4677 3143 4729 in
3176 4690 3296 4728 nos.

2016 4744 2302 4808 Quomodo
2359 4751 2656 4812 poterimus
2693 4746 2995 4799 subsistere
3026 4756 3152 4801 ante
3184 4747 3379 4800 faciem
3407 4764 3499 4799 eo-

1938 4828 2081 4874 rum,
2111 4815 2215 4869 nisi
2247 4824 2324 4877 ιιι,
2359 4817 2522 4877 Dens,
2559 4816 2783 4883 adjuves
2812 4817 2949 4868 nos?

2008 4886 2073 4937 lit
2108 4886 2253 4937 tubis
2278 4887 2723 4953 exclamaverunt
2754 4901 2886 4939 voce
2933 4898 3148 4953 magna.

2014 4955 2080 5007 Et
2107 4966 2228 5022 post
2254 4959 2366 5007 lnec
2390 4952 2865 5007 constituttJudas
2894 4952 3065 5008 duces
3090 4955 3297 5026 populi,
3327 4956 3501 5010 tribu-

1937 5040 2055 5087 nos,
2078 5034 2134 5076 et
2177 5038 2551 5089 centuriones,
2598 5034 2655 5079 et
2688 5031 3217 5094 pentacontarchos,
3254 5036 3309 5078 et
3338 5028 3505 5081 decu-

1937 5109 2141 5147 1⁵101165.

2018 5168 2082 5218 ιιι
2112 5165 2248 5220 dixit
2292 5163 2376 5216 his
2426 5164 2518 5231 qui
2552 5163 2898 5220 :edilleabant
2946 5168 3162 5236 domos,
3188 5174 3241 5221 et
3268 5181 3499 5234 Sponsa-

1938 5236 2071 5289 bant
2105 5251 2323 5294 uxores,
2356 5247 2411 5287 et
2435 5242 2755 5303 plantabant
2781 5238 2992 5302 vineas,
3018 5247 3071 5289 et
3100 5236 3493 5295 lorinidolosis,

1938 5308 2260 5359 utri-.dirent
2304 5308 2678 5374 unusjuisque
2726 5312 2781 5361 in
2848 5312 3069 5361 domum
3118 5322 3271 5359 suam
3301 5319 3501 5361 secun-

1935 5386 2063 5430 dum
2093 5382 2286 5443 legem.

2010 5448 2075 5500 Et
2117 5454 2621 5513 moveruntcastra,
2642 5456 2695 5501 et
2717 5448 3121 5502 collocaverunt
3150 5445 3214 5499 ad
3250 5452 3500 5502 austrum

1937 5515 2244 5570 Ειιιιιιιιιιιιι.

2000 5590 2066 5642 lit
2098 5591 2171 5641 ait
2198 5587 2404 5641 Judas:
2439 5587 2822 5655 Acciiigimini,
2862 5595 2912 5638 et
2950 5594 3123 5638 estote
3172 5586 3264 5639 lilii
3303 5596 3499 5655 poten~

1939 5670 2039 5723 tes,
2072 5672 2125 5712 et
2152 5669 2329 5712 estote
2362 5662 2531 5727 parati
2562 5657 2616 5708 in
2647 5672 2825 5719 inane,
2865 5668 2921 5707 ut
2952 5658 3205 5723 pugnetis
3234 5659 3498 5711 adversus

1940 5733 2187 5783 nationes
2221 5730 2339 5791 has,
2372 5744 2490 5795 quat:
2519 5737 2915 5790 convenerunt,
2958 5729 3223 5783 adversus
3254 5744 3354 5784 nos
3383 5729 3496 5784 dis-

1942 5803 2167 5855 ocrdcre
2196 5815 2315 5858 nos,
2348 5810 2401 5851 ct
2432 5808 2620 5850 sancta
2644 5805 2827 5849 nostra
2853 5812 2870 5850 :
