3840 6176
357 283 461 346 503

1259 291 1319 352 S.
1361 290 1804 351 HIERONYMI
1846 287 2118 350 DIVINA
2157 290 2711 358 ΒΙῙΠᾸΟΤΠΕΟᾹ.Δ

3491 289 3597 350 5M

439 393 707 468 Quoniam
743 398 940 452 melius
970 408 1057 452 est
1091 414 1188 450 nos
1218 401 1354 452 mori
1389 402 1442 455 in
1468 400 1630 465 bello,
1659 414 1823 468 quam
1850 398 1926 452 vi-
1955 403 1998 456 Λ
2102 401 2168 454 Ει
2217 411 2488 457 venerunt
2522 404 2576 456 in
2607 402 2869 456 Judaeam.
2903 409 2957 455 et
2989 411 3164 455 castra
3205 413 3500 468 posuerunt
3542 404 3598 451 iu

359 465 491 516 dere
534 467 672 519 mala
716 469 893 532 geniis
933 479 1150 526 nostrae.
1188 480 1236 521 et
1272 481 1611 524 sanctarum.

435 534 589 589 Sicut
621 549 799 590 autem
821 538 984 590 fuerit
1008 539 1258 591 voluntas
1291 539 1344 592 in
1367 541 1528 603 cutio,
1557 539 1637 593 sic
1662 536 1774 595 fiat.

952 650 1178 706 CAPUT
1222 653 1310 705 IV.

451 739 516 793 Et
572 743 865 804 assumpsit
898 740 1129 808 Gorgias
1155 744 1400 810 quinque
1442 741 1609 795 millia
1653 743 1920 803 virorum,

357 819 408 862 et
445 811 590 861 mille
624 811 839 875 equites
867 813 1111 864 electus:
1143 823 1197 864 et
1222 821 1506 864 moverunt
1535 823 1710 864 castra
1739 821 1917 864 nacte.

447 878 514 932 Ut
545 883 883 947 applicarent
927 883 990 932 ad
1025 893 1204 935 castra
1233 883 1569 941 intimorum,
1596 892 1648 932 et
1675 893 1926 947 percute-

361 959 482 1021 "ffm
510 968 610 1021 ,ους
665 952 850 1002 Nihilo
881 969 895 1007 :
929 961 985 1004 et
1021 953 1136 1016 ﬁlii,
1183 954 1276 1021 qui
1309 963 1467 1005 erant
1501 967 1566 1004 ex
1594 966 1743 1014 arce,
1766 960 1922 1004 erant
1997 981 2002 986 ι

357 1018 462 1068 illis
489 1019 679 1072 duces.

319 1087 322 1092 ’
423 1088 490 1139 Et
537 1089 749 1141 audivit
800 1089 991 1150 Judas.
1037 1101 1088 1142 et
1119 1090 1353 1142 surrexit
1387 1091 1523 1160 ipse,
1567 1101 1622 1143 et
1675 1099 1922 1155 potentes

354 1169 641 1230 percutere
674 1161 931 1214 virtutem
969 1162 1305 1214 exercituum
1349 1166 1514 1230 regis,
1560 1161 1653 1229 qui
1679 1172 1838 1214 erant
1867 1161 1922 1215 in

354 1227 658 1281 Einu'aum.

422 1301 463 1350 Α
509 1298 609 1350 huc
662 1303 806 1354 enim
840 1300 1120 1368 dispersus
1174 1311 1291 1353 erat
1320 1301 1596 1354 exercitus
1629 1317 1658 1354 a
1703 1305 1918 1357 castris.

433 1368 496 1420 Et
535 1371 679 1422 venit
713 1371 939 1440 Gorgias
969 1372 1018 1424 in
1051 1380 1227 1423 castra
1250 1372 1403 1426 Judze
1426 1381 1609 1429 noctu.
1653 1381 1710 1424 et
1743 1374 1921 1426 nerui-

355 1453 478 1514 nem
517 1440 773 1514 ii’_i_ve_nit,_
793 1441 1155 1514 etquae-rebar
1195 1459 1288 1514 eos
1331 1443 1384 1496 in
1432 1442 1755 1498 montibus:
1787 1458 1924 1514 quo-

358 1510 502 1579 niani
532 1510 667 1560 dixit
695 1526 710 1564 :
737 1510 972 1579 Fugiunt
1002 1511 1052 1562 hi
1085 1525 1113 1562 a
1150 1513 1331 1568 nobis.
1366 1571 1378 1577 _

438 1578 499 1630 Ει
557 1594 679 1630 eum
727 1578 844 1631 dies
899 1579 1076 1632 fartus
1128 1592 1296 1644 esset,
1355 1582 1607 1650 apparuit
1641 1583 1811 1638 Judas
1865 1585 1919 1638 in

356 1663 552 1715 t‘z‘tttpo
587 1664 708 1700 eum
746 1650 922 1724 tribus
971 1651 1211 1724 millibus
1243 1656 1483 1724 virorum
1528 1664 1734 1706 tantum
1770 1673 1783 1707 :
1824 1656 1919 1724 qui

361 1729 672 1786 tegumenta
703 1732 751 1772 et
788 1721 997 1786 gladios
1035 1734 1144 1772 non
1181 1722 1476 1775 habebant.

440 1787 501 1839 Et
532 1792 785 1841 riderunt
817 1799 993 1842 castra
1021 1791 1262 1855 gentium
1289 1793 1485 1848 valida.
1525 1801 1580 1846 et
1639 1793 1918 1856 loricatos,

355 1869 407 1911 et
448 1862 722 1926 equitatus
745 1863 796 1912 in
837 1861 1068 1913 circuitu
1100 1875 1313 1924 eorum,
1343 1873 1400 1916 ct
1429 1863 1481 1915 hi
1515 1863 1660 1917 docti
1690 1865 1754 1917 ad
1783 1881 1920 1929 prte-

357 1929 512 1980 lium.

439 2001 501 2052 lat
533 1999 606 2052 ait
662 1997 831 2053 Judas
867 2001 1000 2056 viris
1027 1999 1120 2068 qui
1160 2019 1342 2058 secum
1374 2013 1532 2058 erant
1566 2019 1583 2058 :
1621 2019 1688 2057 ne
1727 2005 1925 2058 timue-

357 2070 475 2144 riiis
502 2071 943 2144 _i_uuliitudinem
995 2086 1212 2140 eorum,
1245 2085 1296 2128 et
1330 2076 1595 2144 impetum
1632 2089 1822 2128 eorum
1853 2087 1922 2128 ne

357 2138 684 2194 lorinidetis.

442 2210 771 2286 Mementote
797 2211 1032 2280 qualiter
1064 2215 1197 2270 salvi
1220 2214 1346 2269 farti
1377 2226 1501 2274 sunt
1526 2226 1709 2286 patres
1744 2214 1917 2267 nosrri

355 2282 410 2333 in
446 2281 578 2334 mari
631 2280 838 2354 Rubro,
881 2297 1004 2336 cum
1041 2295 1367 2354 sequeretur
1415 2280 1765 2343 eos'Pliarao
1794 2301 1917 2338 cum

357 2356 597 2406 extarcitu
640 2351 833 2404 multo.

431 2423 491 2474 Et
524 2440 665 2476 nunc
687 2423 983 2479 clamemus
1007 2425 1062 2479 iii
1091 2427 1309 2490 cmlum,
1365 2436 1419 2480 et
1440 2427 1789 2483 miserebitur
1821 2445 1918 2482 no-

355 2493 452 2552 stri
513 2495 794 2556 Dominus,
836 2505 891 2547 ct
941 2511 1151 2550 memor
1179 2501 1284 2550 erit
1343 2503 1648 2552 testamenti
1701 2510 1913 2566 patrum

357 2577 690 2629 nostrorum,
717 2575 770 2616 et
794 2569 1355 2622 conterctexercrtum
1381 2570 1544 2623 istum
1567 2579 1692 2625 ante
1722 2570 1916 2624 faciem

358 2652 594 2691 nosrram
633 2635 792 2687 hodie
833 2652 848 2689 :

435 2707 495 2759 Et
518 2706 693 2780 scient
724 2721 915 2780 omnes
954 2719 1163 2780 gentes,
1197 2711 1321 2780 quia
1359 2719 1441 2764 cst
1467 2709 1561 2780 qui
1599 2710 1832 2765 redimat
1860 2721 1917 2765 et

354 2777 549 2832 liberet
589 2776 773 2834 Israel,

422 2847 488 2901 Et
523 2849 878 2905 elevaverunt
901 2852 1220 2918 alienigenre
1263 2851 1454 2907 oculos
1480 2865 1631 2915 suos,
1674 2859 1728 2906 et
1763 2851 1916 2907 vidc-

356 2926 484 2970 runt
513 2934 608 2972 eos
657 2924 935 2976 venientes
965 2936 1032 2973 ex
1060 2923 1316 2973 adverso.

436 2987 504 3040 Et
533 2989 788 3045 exierunt
824 2993 889 3044 de
922 2992 1118 3047 castris
1147 2992 1198 3043 in
1233 2991 1499 3055 pra-lium.
1535 2997 1588 3045 et
1609 2991 1735 3045 tuba
1767 2993 1911 3046 ceci-

355 3069 556 3128 nerunt
595 3059 670 3119 hi.
708 3063 798 3128 qui
834 3072 991 3116 erant
1025 3076 1146 3114 cum
1185 3060 1366 3116 Juda:

418 3127 486 3182 Et
506 3127 784 3196 congreSSi
817 3143 979 3186 sunt:
1037 3141 1092 3184 et
1147 3136 1397 3184 contrita:
1435 3139 1565 3183 sunt
1612 3140 1824 3199 gentes,
1863 3141 1919 3186 et

357 3201 612 3264 fugerunt
644 3203 695 3253 in
729 3216 1002 3268 Cztttipllm.

429 3268 718 3321 Novissimi
750 3281 929 3323 autem
979 3287 1170 3323 omnes
1203 3268 1520 3322 ceciderunt
1548 3270 1598 3321 in
1635 3269 1833 3337 gladio,
1867 3281 1920 3324 et

359 3340 628 3408 persecuti
659 3348 785 3391 sunt
805 3355 899 3392 eos
929 3356 1098 3404 usque
1127 3339 1393 3398 Gezeron,
1423 3349 1476 3392 et
1499 3353 1668 3407 usque
1690 3340 1740 3390 in
1775 3357 1921 3393 eain-

359 3425 456 3477 pos
509 3410 774 3472 lilunizete,
824 3421 878 3462 et
926 3411 1100 3470 Azoti,
1134 3419 1188 3462 et
1217 3408 1442 3461 Jamniae
1472 3424 1486 3462 :
1521 3418 1573 3460 et
1604 3409 1924 3463 ceciderunt

355 3495 421 3535 ex
451 3478 557 3529 illis
591 3493 760 3544 usque
795 3479 860 3531 ad
892 3483 992 3532 tria
1031 3481 1196 3532 millia
1229 3480 1489 3530 virorum.

444 3548 509 3601 Et
546 3564 800 3602 reversus
848 3550 1152 3612 cstludas,
1201 3557 1256 3600 ct
1312 3547 1592 3602 exercitus
1652 3547 1789 3616 ejus.
1839 3563 1923 3602 sc-

357 3634 531 3690 quens
550 3632 697 3671 eum.

443 3689 694 3756 Dixitque
733 3690 798 3743 ad
854 3689 1111 3758 populum
1148 3709 1164 3747 ε
1197 3685 1316 3741 Νυη
1359 3686 1760 3757 concupiscatis
1792 3702 1923 3757 spo-

356 3761 427 3818 lia
455 3778 471 3816 z
498 3762 626 3826 quia
666 3760 863 3813 lii-llum
898 3769 1087 3814 contra
1123 3775 1223 3814 nos
1249 3767 1352 3810 est.

435 3831 498 3884 Et
524 3829 752 3898 Gorgias
773 3841 826 3884 et
847 3830 1120 3884 exucitus
1151 3832 1268 3900 ejus
1291 3841 1457 3896 prope
1491 3843 1589 3884 nos
1612 3832 1665 3885 iu
1696 3839 1922 3890 monte:

356 3904 450 3954 sed
495 3910 635 3952 state
675 3917 820 3954 nunc
874 3912 1065 3971 contra
1097 3900 1624 3971 iniinicosnuslros,
1667 3911 1723 3955 et
1752 3917 1926 3971 expu-
1971 3907 1974 3910 '

357 3982 518 4040 gnate
550 3983 664 4028 eos.
687 3979 744 4024 et
777 3970 1009 4024 sumetis
1041 3982 1226 4037 postea
1261 3967 1432 4034 spolia
1471 3972 1674 4026 securi.

436 4039 709 4112 Etadhnc
750 4043 1006 4112 loquente
1029 4041 1166 4094 Juda
1197 4041 1334 4103 haac,
1365 4049 1497 4090 ecce
1526 4041 1777 4112 apparuit
1803 4055 1928 4110 pars

358 4110 606 4179 quaedam
638 4110 977 4177 prospiciens
1006 4113 1072 4163 de
1099 4119 1304 4162 monte.

427 4179 491 4232 l'lt
511 4181 644 4231 vidit
668 4179 896 4247 Gorgias
919 4181 1064 4248 quod
1099 4181 1149 4233 in
1180 4180 1360 4248 fugam
1383 4181 1632 4235 conversi
1665 4190 1789 4233 sunt
1818 4180 1926 4246 sui,

357 4261 412 4300 et
442 4249 845 4321 suci-enderunt
877 4259 1054 4321 castra
1082 4266 1098 4303 :
1148 4249 1330 4304 fumus
1361 4251 1531 4316 enim,
1581 4251 1678 4321 qui
1709 4250 1930 4304 videba—

363 4331 472 4377 tur.
507 4318 823 4371 declarabat
848 4319 991 4386 quod
1027 4319 1228 4372 factum
1270 4329 1376 4373 est.

440 4387 649 4452 Quibus
672 4388 1100 4458 illiconspeCtis,
1129 4398 1429 4445 timuerunt
1453 4389 1632 4453 valde,
1655 4389 1926 4458 aspicien-

1992 1953 1994 1955 ·
2033 1946 2160 1986 sunt
2207 1937 2412 1990 inimici
2454 1941 2624 1992 nostri
2662 1957 2676 1994 :

2028 469 2330 534 Betlioron.
2363 482 2417 525 et
2435 473 2680 527 occurrit
2711 472 2818 526 illis
2847 471 3015 526 Judas
3047 486 3172 525 cum
3211 472 3399 524 decem
3429 470 3599 524 milli-

2026 541 2128 594 bus
2161 541 2318 597 viris.

2102 609 2165 662 Et
2188 613 2445 666 viderunt
2468 612 2767 666 exercitum
2786 611 3006 668 fortem.
3028 619 3082 666 et
3111 609 3306 669 oravit.
3335 619 3392 663 et
3413 611 3547 664 dixit
3579 631 3596 667 :

2027 678 2357 736 Benedictus
2406 697 2484 740 es.
2513 681 2762 735 Salvator
2791 681 2977 742 lsrael,
3014 682 3105 749 qui
3149 679 3450 734 contrivisti
3489 683 3600 733 ini-

2025 758 2209 820 petum
2242 751 2482 820 potentis
2511 753 2564 806 in
2608 768 2767 805 manu
2797 751 2936 810 servi
2988 753 3064 805 tui
3102 751 3287 810 David,
3325 759 3389 820 et
3420 752 3599 804 tradi-

2027 818 2154 890 disti
2197 818 2377 873 castra
2427 821 2860 890 alienigenarum
2914 822 2967 875 in
3010 837 3171 874 manu
3217 819 3463 874 Ionatha:
3496 821 3598 874 lilii

2029 886 2180 962 Saul.
2213 902 2268 962 et
2293 893 2546 962 armigeri
2573 886 2710 962 ejus.

2097 956 2376 1014 Couclude
2418 956 2719 1015 exercitum
2778 960 2940 1015 istum
2990 962 3042 1013 in
3091 976 3252 1013 manu
3291 959 3475 1027 pepuli
3514 959 3596 1012 tui

2025 1027 2215 1149 Lsrael.
2248 1039 2299 1082 et
2343 1030 2750 1087 confundantur
2781 1033 2834 1086 in
2879 1032 3123 1086 exercitu
3157 1044 3280 1092 suo,
3310 1041 3363 1082 et
3394 1029 3610 1098 equiti-

2069 1111 2152 1149 us.

2069 1111 2152 1150 US.

2099 1168 2175 1221 Da
2215 1169 2322 1222 illis
2357 1169 2728 1234 formidinem.
2769 1182 2825 1226 et
2853 1171 3066 1226 ‘taliel'ac
3100 1170 3383 1222 audaciam
3417 1170 3602 1222 virtu.

2027 1237 2097 1290 tis
2119 1255 2334 1297 eorum.
2367 1251 2422 1292 et
2463 1252 2914 1296 commoveantur
2943 1241 3275 1295 contritione
3310 1255 3428 1292 sua.

2097 1308 2281 1375 Dejice
2324 1310 2445 1363 illos
2487 1312 2666 1377 gladio
2697 1312 3039 1380 diligentiam
3070 1322 3156 1364 te:
3191 1319 3248 1380 et
3281 1308 3604 1380 collaudent

2027 1386 2081 1431 te
2107 1393 2322 1440 omnes,
2348 1380 2436 1446 qui
2475 1392 2744 1435 noverunt
2776 1378 2972 1435 nomen
3005 1389 3155 1432 tuum
3197 1379 3251 1431 iii
3284 1378 3525 1437 hvmnis.

2097 1448 2586 1520 Et_cominiserunt
2608 1452 2852 1520 praelium
2885 1470 2897 1505 :
2925 1461 2977 1504 et
2999 1451 3315 1504 ceciderunt
3345 1447 3412 1502 de
3440 1463 3602 1502 εχει-ο

2026 1517 2140 1588 Citii
2176 1517 2349 1588 Lysia:
2373 1517 2624 1588 quinque
2649 1522 2814 1575 millia
2846 1523 3114 1574 virorum.

2097 1586 2300 1660 Videns
2343 1586 2538 1642 autem
2562 1590 2764 1660 Lysias
2796 1593 2975 1656 fugam
3007 1605 3254 1654 suorum,
3291 1599 3345 1642 et
3384 1588 3604 1644 Juda'o~

2029 1670 2148 1707 rum
2181 1659 2486 1728 audaciam,
2516 1670 2571 1714 et
2596 1659 2740 1728 quod
2769 1661 2936 1728 parati
2980 1673 3111 1713 sunt
3137 1669 3230 1710 aut
3267 1661 3471 1728 vivere.
3504 1668 3602 1711 aut

1959 1753 1998 1807 Β
2029 1728 2165 1807 mori
2197 1726 3013 1807 fortiter.abiit—Antiochiam,
3043 1739 3107 1807 et_
3155 1729 3321 1807 elegit
3365 1727 3600 1788 milites,

2033 1805 2088 1847 ut
2118 1797 2458 1862 multiplicati
2493 1815 2684 1854 rursus
2724 1803 2970 1853 venirent
3002 1801 3054 1851 in
3081 1797 3342 1853 Iudaeam.

2108 1866 2249 1918 Dixit
2284 1879 2464 1922 autem
2495 1869 2684 1930 Judas.
2717 1880 2771 1923 et
2793 1870 2988 1923 fratres
3015 1871 3132 1937 ejus
3158 1885 3172 1921 :
3203 1869 3342 1921 Ecce
3371 1867 3601 1921 contriti

2725 1941 3085 1993 ascendainus
3139 1952 3285 1992 nunc
3330 1938 3606 1992 mundare

2031 2014 2242 2060 sancta.
2279 2017 2334 2059 ει
2366 2022 2648 2062 renovare.

2115 2076 2181 2128 Et
2215 2089 2576 2145 congregatus
2598 2090 2682 2134 est
2711 2079 2890 2133 omnis
2918 2077 3214 2143 exercitus,
3242 2086 3298 2131 et
3327 2077 3606 2133 ascende-

2033 2157 2164 2200 runt
2195 2149 2248 2200 iii
2289 2161 2526 2199 montem
2559 2148 2713 2203 Sion.

2107 2217 2170 2269 Et
2196 2215 2960 2273 videruntsanctiﬁcatiouem
3011 2217 3302 2276 desertam.
3330 2229 3386 2272 et
3424 2217 3602 2272 altare

2035 2288 2406 2352 profanatum,
2440 2299 2708 2356 et-portas
2731 2298 2972 2348 exustas,
3003 2298 3058 2342 et
3084 2290 3135 2340 in
3164 2287 3318 2340 atriis
3353 2288 3601 2355 virgulta

2029 2368 2154 2409 nata
2175 2357 2316 2410 sicut
2347 2358 2398 2408 in
2435 2359 2599 2423 saltu,
2639 2359 2720 2412 vel
2753 2361 2806 2412 in
2845 2358 3147 2420 montibus,
3181 2367 3237 2410 et
3298 2358 3604 2427 pastopho-

2026 2428 2101 2478 ria
2136 2427 2334 2480 diruta.

2109 2497 2173 2550 Et
2227 2495 2507 2550 sciderunt
2562 2500 2886 2554 vestimenta
2969 2513 3090 2559 sua.
3157 2506 3213 2551 et
3273 2497 3608 2564 planxerunt

2027 2566 2244 2635 planctu
2286 2582 2479 2634 magno
2504 2577 2559 2622 et
2583 2567 2955 2640 iinposueruui
2981 2564 3600 2638 cincrem[At.cineres|

2023 2650 2187 2699 Super
2214 2651 2577 2702 caputsuum.
3027 2677 3029 2680 -

2096 2707 2161 2760 Et
2193 2710 2513 2778 ceciderunt
2530 2710 2581 2762 in
2605 2708 2794 2778 faciem
2815 2723 2980 2778 super
3004 2716 3226 2773 terram,
3250 2717 3303 2760 et
3325 2706 3609 2778 exclama-

2026 2787 2226 2829 verunt
2251 2777 2396 2830 tubis
2429 2776 2730 2845 signorum,
2761 2776 3206 2832 etclamaverunt
3255 2778 3308 2830 ili
3368 2776 3601 2829 cadum.

2083 2845 2238 2898 Tunc
2259 2847 2532 2900 ordinavit
2554 2847 2721 2902 Judas
2742 2850 2886 2901 viros
2912 2858 2969 2900 ut
2997 2857 3297 2918 pugnarent
3329 2846 3608 2901 adversus

2030 2930 2125 2968 eos
2159 2918 2248 2985 qui
2313 2926 2468 2968 erant
2504 2919 2561 2970 in
2601 2933 2744 2981 arce,
2780 2918 2954 2971 donec
2985 2920 3349 2972 emundarent
3381 2925 3601 2969 sancta.

2094 2984 2185 3039 Et
2219 2987 2379 3053 elegit
2437 2990 2754 3043 sacerdotes
2802 2991 2921 3042 sine
2987 2988 3200 3042 macula
3252 2984 3600 3039 voluntatem

2029 3053 2291 3108 habentes
2324 3059 2374 3108 iii
2403 3057 2518 3121 iege
2546 3058 2674 3112 Dei:

2096 3123 2160 3176 Et
2218 3128 2620 3178 inundaverant
2678 3137 2885 3186 sancta.
2954 3136 3008 3180 et
3081 3125 3327 3180 tulerunt
3378 3123 3600 3193 lapides

2023 3196 2503 3248 containiuationis
2526 3198 2577 3248 in
2609 3197 2785 3251 locum
2823 3195 3187 3250 humandum.

2097 3265 2159 3316 Et
2191 3265 2447 3334 cogitavit
2476 3265 2542 3318 de
2574 3268 2726 3318 altari
2768 3266 3234 3332 holocaustoruin,
3268 3263 3414 3334 quod
3467 3279 3603 3333 pro-

2024 3335 2266 3387 fanatum
2302 3345 2447 3398 crat,
2476 3337 2602 3401 quid
2635 3337 2700 3388 de
2727 3351 2794 3387 eo
2823 3336 3046 3390 faceret.

2117 3404 2183 3456 Et
2215 3404 2407 3456 incidit
2439 3405 2544 3458 illis
2574 3405 2861 3458 consilium
2891 3407 3120 3468 bonum,
3154 3413 3214 3458 ut
3234 3403 3599 3458 destruereut

2025 3474 2156 3527 illud
2210 3487 2224 3524 :
2287 3487 2352 3526 ne
2413 3473 2548 3528 forte
2599 3475 2908 3544 illisesset
2941 3475 2994 3528 in
3033 3475 3411 3544 Opprobrium,
3466 3475 3602 3542 quia

2026 3545 2539 3596 contaminaverunt
2611 3542 2745 3596 illud
2796 3553 3007 3612 gentes,
3064 3542 3121 3599 et
3162 3543 3409 3598 demoliti
3463 3551 3603 3597 sunt

2026 3613 2181 3666 illud.

2099 3683 2166 3734 Et
2186 3690 2547 3750 reposuerunt
2563 3680 2835 3751 lapidesin
2854 3692 3035 3737 monte
3047 3684 3304 3737 domusin
3329 3683 3450 3736 loco
3469 3692 3607 3750 apto

2027 3753 2383 3822 quoadusque
2435 3755 2642 3806 veniret
2688 3753 2976 3823 propheta,
3008 3765 3064 3808 et
3113 3753 3474 3823 responderet
3530 3754 3607 3807 de

2027 3837 2126 3874 (HS.

2094 3891 2159 3942 Et
2182 3902 2513 3959 acceperunt
2548 3892 2758 3962 lapides
2787 3893 3033 3963 integros
3061 3893 3360 3947 secundum
3392 3891 3604 3959 legem,

2027 3964 2517 4016 etaediticaverunt
2566 3968 2736 4019 altare
2800 3980 3001 4018 novum
3063 3963 3370 4018 secundum
3433 3963 3608 4028 illud,

2029 4031 2172 4099 quod
2215 4033 2317 4082 luit
2351 4031 2543 4098 prius:

2099 4100 2159 4152 Et
2190 4100 2596 4172 mdilicaverunt
2648 4113 2856 4170 sancta,
2891 4113 2948 4158 et
3002 4117 3124 4172 qua:
3174 4102 3319 4156 intra
3371 4101 3611 4155 domum

2028 4182 2186 4223 erant
2215 4170 2549 4226 intrinsecus
2580 4190 2593 4226 :
2626 4187 2680 4226 ct
2721 4177 2892 4227 a'deui
2945 4183 3000 4227 et
3024 4170 3168 4227 atria
3219 4174 3615 4225 sanctitieave-

2034 4249 2182 4292 runt.

2103 4309 2169 4363 Et
2205 4307 2455 4364 fecerunt
2485 4325 2608 4365 vasa
2637 4320 2821 4365 sancta
2848 4327 3010 4372 nova,
3041 4320 3098 4364 et
3129 4311 3434 4378 intulerunt
3467 4325 3614 4363 can-

2033 4378 2317 4432 delabrum
2352 4393 2408 4435 et
2434 4381 2606 4434 altare
2637 4384 3079 4448 incensorum,et
3107 4395 3352 4434 mensam
3378 4381 3432 4432 iu
3465 4391 3586 4432 tem
3611 4410 3623 4420 -

363 4440 640 4512 tcswsimut
658 4440 1742 4530 et;_Judaiii,retiexerciiuni'iii—campo
1959 4440 2003 4496 ί)
2031 4451 2206 4530 Ρίιξξητ

363 4538 474 4578 tum
501 4531 566 4578 ad
597 4527 868 4594 praelium.

434 4597 496 4671 hit
529 4601 785 4671 fugerunt
837 4610 1029 4649 omnes
1072 4595 1124 4649 in
1149 4611 1422 4671 campum
1448 4601 1924 4671 alienigenarum:

436 4666 500 4718 Et
543 4665 710 4718 .Iudas
749 4678 1001 4720 reversus
1052 4674 1137 4718 est
1181 4667 1246 4718 ad
1289 4670 1462 4735 spolia
1508 4665 1838 4730 castrorum,
1874 4677 1928 4722 et

360 4746 698 4799 nteeperunt
747 4749 942 4786 aurum
978 4735 1232 4795 multum,
1273 4748 1326 4789 et
1365 4749 1674 4806 argentum,
1711 4749 1764 4789 et
1800 4738 1929 4801 hya-

361 4806 632 4878 ciiuhum.
663 4815 718 4859 et
761 4819 1057 4878 purpuram
1111 4820 1403 4878 marinam,
1439 4821 1493 4862 et
1522 4825 1650 4877 opes
1684 4823 1925 4878 magnas.

438 4873 504 4926 Et
534 4889 811 4936 converSI,
844 4875 1101 4944 hymnum
1129 4876 1418 4940 canebant,
1452 4887 1505 4932 et
1531 4873 1929 4932 benedieéhant

363 4941 529 5018 Deum
575 4947 625 4996 in
659 4941 897 5018 uelum;
935 4946 1195 5018 quoniam
1243 4949 1420 5002 bonus
1454 4959 1557 5013 εει,
1585 4949 1842 5018 quoniam
1871 4946 1926 5000 iu

359 5016 618 5084 bil'AQtllllm
659 5014 1034 5066 iniSerieoi-dia
1065 5020 1202 5084 ejus.

423 5081 486 5156 Ιςξι
519 5086 659 5136 laeta
688 5094 771 5136 est
802 5087 950 5138 salus
980 5081 1183 5156 mag—ua
1215 5085 1267 5137 in
1310 5086 1472 5154 Israel
1505 5089 1558 5141 in
1588 5089 1674 5141 die
1705 5088 1818 5142 illa.

427 5154 753 5220 Quicunque
811 5166 990 5208 autem
1025 5154 1454 5223 alienigenarum
1488 5167 1803 5218 evasemnt,
1839 5171 1926 5209 ve-

299 5231 302 5234 '
361 5235 582 5288 tteiuttt,
621 5234 676 5276 et
712 5227 1108 5277 nuntiaverunt
1136 5223 1308 5296 Lysiae
1348 5230 1600 5284 universa
1629 5244 1750 5296 quae
1780 5231 1926 5280 acci-

356 5299 572 5347 derant.

429 5364 638 5425 Quibus
670 5363 760 5416 ille
801 5363 1027 5424 auditis,
1062 5375 1448 5418 consternatus
1493 5368 1676 5418 animo
1704 5366 1928 5418 delicio-

360 5428 487 5484 bat:
542 5436 684 5500 quod
734 5450 846 5486 non
871 5435 1052 5501 qualia
1092 5438 1281 5495 voluit,
1327 5437 1448 5487 talia
1493 5439 1842 5500 contigerunt
1870 5437 1925 5490 in

359 5501 470 5576 Litt:
507 5511 611 5554 tur.
647 5503 725 5576 in]
763 5505 947 5576 Israel,
985 5517 1037 5556 et
1074 5507 1256 5571 qualia
1285 5507 1562 5576 mandarit
1599 5521 1712 5558 rex.

430 5571 495 5622 Et
542 5571 790 5640 sequenti
841 5589 986 5625 anno
1039 5575 1390 5644 congregavit
1437 5573 1625 5641 Lysias
1685 5576 1923 5628 virorum

357 5638 653 5715 electorum
698 5646 998 5715 sexaginta
1051 5638 1266 5711 “illita;
1297 5653 1353 5697 et
1387 5638 1630 5712 equitum
1681 5649 1926 5715 quinque

359 5709 548 5779 millia,
591 5721 648 5764 ut
677 5713 976 5769 debellaret
1007 5730 1120 5768 eos.

2103 4517 2169 4570 Et
2197 4519 2481 4573 incensum
2513 4528 2814 4589 posuerunt
2847 4535 3010 4588 super
3043 4521 3232 4583 altare,
3252 4528 3309 4572 et
3336 4519 3622 4573 accende-

2030 4587 2236 4642 derunt
2264 4587 2544 4653 lucernas,
2581 4605 2702 4658 quae
2723 4605 2891 4660 super
2919 4587 3306 4644 candelabrum
3337 4600 3529 4654 erant,
3561 4603 3624 4647 et

2025 4660 2286 4712 laeenant
2315 4660 2616 4726 inteiuplu.

2107 4729 2168 4780 Et
2202 4741 2497 4798 posuerunt
2514 4744 2681 4798 super
2696 4744 2940 4786 mensam
2961 4745 3126 4800 panes
3148 4740 3200 4783 et
3222 4727 3626 4798 appenderunt

2031 4801 2171 4862 vela,
2192 4814 2245 4853 et
2264 4810 2780 4853 consummaverunt
2803 4801 2982 4853 omnia
3009 4815 3170 4869 Opera
3192 4815 3311 4866 qna:
3337 4801 3624 4853 iecerant.

2101 4869 2164 4921 Et
2243 4882 2368 4922 ante
2435 4872 2769 4924 matutinum
2839 4880 3200 4924 surrexerunt
3287 4883 3481 4935 quinta
3563 4879 3620 4922 et

2030 4938 2290 5006 vigesima
2323 4941 2407 4992 die
2445 4939 2647 4992 mensis
2672 4941 2801 4994 noni
2834 4942 2942 5006 (hic
2993 4952 3077 4995 est
3132 4953 3336 4992 mensis
3380 4937 3624 5010 Casleu)

2030 5011 2315 5061 centesimi
2346 5010 2747 5078 quadragesimi
2771 5012 2946 5063 Octavi
2977 5012 3133 5064 anni.

2095 5081 2158 5129 [LL
2192 5082 2507 5132 obtulerunt
2533 5080 2859 5132 sacrificium
2894 5082 3200 5136 secundum
3235 5079 3404 5146 legem
3435 5091 3624 5145 super

2027 5151 2196 5202 altare
2224 5151 2664 5204 holocamtorunt
2717 5165 2939 5214 novum,
3006 5153 3152 5219 quod
3215 5149 3507 5201 fecerunt.

2102 5289 2415 5346 Secundum
2451 5299 2661 5356 tempus
2719 5300 2774 5345 ct
2825 5293 3125 5345 secundum
3161 5289 3328 5354 diem,
3372 5290 3424 5342 in
3505 5309 3622 5360 qua

2030 5361 2547 5414 ciintatninaveruut
2593 5362 2729 5412 illud
2764 5374 2970 5428 gentes,
3032 5363 3084 5414 in
3111 5362 3223 5428 ipsa
3281 5373 3624 5416 renovatum

2027 5447 2110 5487 est
2141 5436 2189 5482 in
2211 5431 2460 5493 canticis,
2485 5439 2540 5481 et
2560 5435 2811 5491 citharis,
2833 5441 2888 5483 et
2908 5447 3130 5500 ciiivris,
3157 5440 3213 5481 et
3240 5430 3294 5478 in
3313 5436 3621 5496 cymbalis.

2091 5503 2158 5555 Et
2184 5502 2386 5551 iecidit
2415 5503 2594 5550 omnis
2631 5504 2938 5567 populusiu
2976 5507 3188 5560 lacrem,
3225 5512 3281 5549 et
3334 5504 3624 5557 adurave-

2033 5585 2178 5636 runt,
2213 5586 2265 5622 et
2303 5570 2703 5622 benedtxerunt
2734 5585 2784 5620 ttt
2819 5575 3016 5624 emtum
3050 5585 3172 5622 curn
3197 5573 3286 5637 qui
3321 5586 3607 5640 prospera

2031 5657 2105 5697 th
2134 5660 2238 5697 eis.

2093 5717 2155 5767 lit
2190 5721 2432 5769 teeciunt
2466 5713 2864 5768 dedicationem
2895 5711 3082 5764 altaris
3117 5710 3311 5764 diebus
3369 5719 3510 5767 octo
3569 5728 3604 5769 ς
