3840 6176
489 405 573 470 507

471 592 654 644 fanum
709 587 850 657 (μιοά
880 587 992 642 erat
1027 589 1079 641 in
1133 587 1436 642 Caruaim-

559 662 626 714 Et
655 656 938 727 acettpavit
969 657 1138 720 ipsam
1173 657 1472 717 civitatem.
1506 667 1560 710 et
1601 656 1784 710 fanum
1809 670 2039 708 succen-

471 731 553 782 dit
583 730 690 795 igni
720 743 842 782 cum
882 728 1138 781 omnibus
1182 727 1273 793 qui
1327 736 1483 780 erant
1541 728 1592 778 iu
1632 727 1794 791 ipso:
1835 734 1890 778 et
1943 741 2040 791 ορ-

472 813 656 864 pressa
679 808 758 848 est
791 796 1067 860 Carnnim,
1097 807 1152 850 et
1184 813 1290 848 non
1339 797 1509 864 potuit
1541 797 1811 848 sustinere
1851 805 2036 847 contra

473 868 666 920 faciem
700 865 868 917 Jutlze.

556 936 623 988 Et
650 935 1001 1001 congregavit
1037 933 1204 988 ludas
1261 935 1545 986 universos
1597 934 1886 993 Israelitas.
1941 933 2039 1000 qui

474 1015 626 1058 erant
670 1006 720 1055 in
754 1003 1114 1067 Galaadititle,
1139 1021 1165 1055 a
1189 1005 1413 1057 minimo
1447 1019 1615 1069 usque
1640 1004 1706 1054 ad
1727 1005 2042 1064 niaximum,

472 1091 523 1125 ei
562 1089 776 1126 uxores.
812 1091 1024 1134 ent-nni.
1049 1085 1103 1126 et
1128 1085 1302 1132 natos.
1336 1083 1390 1124 et
1441 1073 1747 1125 exercitum
1787 1085 2044 1140 magnum

477 1145 652 1198 valde.
692 1160 744 1194 ut
777 1144 1024 1194 venirent
1055 1146 1107 1194 in
1142 1155 1340 1194 terram
1376 1143 1535 1196 Juda.

554 1213 615 1264 Et
639 1227 902 1264 venerunt
937 1230 1104 1280 usque
1133 1211 1352 1278 Ephron
1387 1229 1402 1268 :
1431 1223 1486 1264 et
1511 1212 1622 1264 hate
1641 1211 1832 1264 civitas
1854 1224 2045 1276 magna

479 1283 534 1336 in
569 1283 816 1347 ingressu
847 1285 1014 1348 posita
1043 1291 1096 1336 et
1133 1283 1337 1334 munita
1375 1282 1548 1339 valde.
1583 1290 1638 1332 et
1686 1296 1789 1332 non
1809 1288 1926 1333 erat
1955 1280 2049 1331 de-

478 1349 691 1405 elinare
717 1353 783 1404 ab
804 1347 866 1402 ea
889 1355 1123 1406 dextera
1157 1352 1238 1403 vel
1271 1351 1510 1415 sinistra,
1539 1349 1633 1404 sed
1670 1366 1763 1418 per
1813 1347 2046 1401 inediam

482 1425 584 1475 iter
609 1431 742 1474 erat.

570 1491 634 1542 Et
661 1492 1003 1543 incluserunt
1033 1506 1110 1552 se.
1144 1491 1236 1556 qui
1279 1500 1435 1543 erant
1469 1491 1522 1541 in
1566 1489 1810 1544 civitate.
1842 1499 1897 1540 et
1947 1486 2050 1539 ob-

483 1571 801 1614 struxerunt
826 1573 1008 1628 portas
1047 1561 1355 1626 lapidibus:
1392 1573 1448 1614 et
1500 1559 1731 1612 misilad
1760 1573 1855 1611 eos
1887 1556 2054 1611 Jttdas

487 1629 672 1683 verbis
696 1631 958 1694 pacificis.

565 1699 758 1750 Direns
801 1718 816 1756 :
845 1698 1210 1752 Transeamus
1234 1714 1329 1765 per
1359 1709 1556 1751 terram
1582 1705 1838 1755 vestram.
1869 1705 1928 1749 nt
1960 1710 2055 1747 ea-

491 1783 610 1820 mus
641 1768 695 1821 in
734 1779 934 1822 terram
972 1780 1233 1834 nostrain,
1291 1779 1346 1822 et
1373 1782 1533 1819 nemo
1575 1767 1730 1818 vobis
1788 1766 2004 1818 nocebit
2037 1783 2051 1818 :

491 1849 701 1918 tantum
737 1839 970 1907 pedibus
990 1838 1364 1893 transibimus.
1429 1839 1492 1890 Et
1523 1838 1779 1889 nolebant
1807 1836 1888 1889 eis
1928 1850 2057 1902 ape-

491 1923 623 1961 I'II'C.

551 2009 617 2061 Et
647 2006 904 2075 prmcepi'.
939 2003 1111 2057 Judas
1161 2002 1460 2075 praedicare
1507 2000 1568 2075 in
1594 1998 1808 2058 castris,
1848 2003 1909 2050 nt
1961 2011 2059 2066 ap-

479 2071 766 2143 plicarent
789 2071 1170 2142 unusquisque
1200 2073 1252 2126 in
1276 2089 1386 2141 quo
1419 2080 1536 2143 erat
1558 2071 1698 2124 loco.

560 2148 628 2201 Et
671 2139 1059 2215 applicuerunt
1083 2139 1163 2196 ’se
1187 2139 1305 2196 viri
1349 2142 1587 2192 virtutis
1620 2146 1676 2190 et
1728 2139 2065 2215 oppugnavit

491 2208 773 2271 civitatein
800 2216 942 2267 illam
976 2223 1084 2266 tota
1118 2215 1227 2272 die.
1259 2222 1317 2267 et
1341 2223 1450 2265 tota
1488 2222 1646 2265 nocte
1675 2219 1731 2261 et
1761 2208 1960 2261 tradita
1981 2217 2066 2261 est

494 2289 691 2340 Civitas
723 2287 776 2341 in
838 2300 1004 2337 manu
1049 2283 1171 2350 ejus
1207 2298 1222 2337 :

571 2359 635 2411 Et
665 2346 1256 2422 peremeruntoinnem
1314 2351 1615 2422 masculum
1652 2350 1717 2422 in'
1743 2363 1837 2401 ore
1872 2346 2066 2416 gladii.

499 2441 556 2478 et
584 2419 882 2481 eradicavit
938 2440 1056 2476 eam
1100 2433 1156 2475 et
1189 2422 1397 2489 accepit
1423 2419 1593 2488 spolia
1625 2421 1767 2484 ejus,
1799 2429 1854 2470 et
1891 2427 2070 2470 trans-

505 2497 607 2550 ivit
633 2513 730 2565 per
765 2506 931 2549 totatn
963 2493 1237 2565 civitatem
1265 2563 1272 2565 >
1296 2507 1493 2565 super_
1520 2490 1859 2542 interfectos.

559 2561 1440 2635 Et'transgressisuntJordanem
1483 2561 1536 2612 in
1593 2574 1789 2626 campo
1853 2571 2069 2626 magno,

500 2649 694 2691 contra
725 2634 916 2688 faciem
948 2634 1206 2686 Bethsan.

561 2732 626 2785 Et
649 2728 942 2784 eratJndas
958 2739 1290 2795 congregans
1303 2732 1599 2784 extremos,
1618 2729 1672 2795 et
1688 2720 2080 2795 exhortabatur

507 2802 767 2872 populum
796 2813 891 2865 per
922 2792 1089 2850 totam
1127 2799 1292 2857 viain,
1322 2797 1498 2846 donec
1528 2792 1849 2844 Venirentin
1876 2801 2076 2843 terrain

505 2873 648 2928 Julia
678 2887 693 2922 :

581 2940 644 2994 Et
671 2940 1038 2995 ascenderunt
1070 2937 1124 2990 in
1151 2944 1392 2988 montem
1449 2934 1578 2985 Sion
1632 2946 1755 2985 cum
1789 2930 1978 2982 laetitia
2026 2938 2081 2981 et

511 3014 735 3077 gaudio.
765 3020 820 3063 et
877 3009 1205 3063 obtulerunt
1249 3005 1584 3065 holocausta,
1625 3001 1785 3077 quod
1825 3015 1985 3052 nemo
2016 3013 2083 3051 ex

508 3073 594 3136 eis
626 3080 947 3139 cecidisset.
973 3078 1147 3131 donec
1183 3084 1588 3128 reverterentur
1625 3073 1678 3122 in
1716 3085 1871 3139 paco.

588 3153 652 3204 Et
684 3151 736 3203 in
774 3138 968 3202 diebus
996 3149 1195 3216 quibus
1241 3153 1361 3216 erat
1417 3143 1596 3216 ludas
1632 3150 1704 3216 et
1740 3138 2001 3216 {omittas
2032 3138 2086 3190 in

1363 404 1424 467 S.
1470 403 1917 466 IIIEBONYMI
1969 404 2238 466 DIVINA
2280 405 2809 470 BiBLiO’I‘HECA.

469 535 664 574 eorum
720 527 776 574 et
805 518 1161 588 proiecerunt,
1205 531 1352 570 arma
1404 533 1522 582 sna,
1559 528 1614 571 et
1672 517 1932 587 fugerunt
1964 514 2028 570 ad
2057 514 2112 576 Α

3602 422 3693 485 508

2737 520 2963 580 CAPUT
3002 519 3090 579 VI.

2237 620 2301 672 Et
2328 633 2418 670 rex
2453 618 2760 672 Antiochus
2818 618 3236 687 perambulabat
3278 621 3584 688 superiores
3620 639 3699 676 re.

2146 690 2359 760 giones.
2399 697 2454 739 et
2478 688 2691 760 audivit
2742 705 2864 742 esse
2929 691 3206 742 civitatem
3261 689 3591 760 Elymaidem
3650 695 3700 748 in

2152 758 2373 812 Perside
2402 757 2820 818 nobilissimam.
2868 768 2924 813 et
2981 761 3260 828 copiosam
3296 757 3351 813 in
3383 757 3625 832 argento
3654 773 3702 818 et

2150 845 2307 884 alll'O.

2219 896 2625 968 Templumque
2646 896 2698 949 in
2730 912 2792 950 ea
2817 897 3058 964 loruples
3088 899 3242 952 valde
3274 904 3368 952 :et
3399 900 3510 955 illic
3565 907 3701 957 vela-

2152 970 2296 1021 mina
2327 981 2512 1038 a_u_rea.
2533 967 2584 1038 et
2616 967 2816 1038 lorica}.
2855 976 2909 1019 et
2937 981 3087 1021 scuta
3134 985 3254 1035 quae
3284 971 3502 1038 reliquit
3559 973 3705 1026 Alex-

2152 1038 2323 1161 ander
2348 1035 2588 1104 Philippi
2625 1051 2718 1090 rex
2743 1035 2986 1102 Macedo,
3011 1039 3102 1105 qui
3129 1039 3376 1108 regnavit
3403 1035 3629 1108 ’primus
3658 1046 3704 1096 iti

2204 1122 2380 1160 κροκι.

2204 1122 2380 1160 τιθοιθ.

2223 1177 2284 1248 Et
2313 1177 2485 1234 venit.
2512 1187 2566 1231 ct
2589 1178 2867 1244 quaerebat
2897 1193 3091 1244 capere
3114 1177 3390 1232 civitatem
3425 1192 3479 1230 et
3508 1180 3704 1248 deprze-

2155 1247 2270 1299 dari
2302 1261 2419 1298 eam
2451 1263 2465 1302 :
2497 1257 2546 1300 et
2574 1263 2682 1317 non
2725 1249 2920 1314 potuit.
2950 1249 3202 1317 quoniam
3259 1251 3494 1304 inualuit
3546 1247 3711 1306 sermo

2158 1317 2242 1368 his
2266 1317 2354 1382 qui
2383 1325 2540 1370 erant
2573 1316 2626 1368 in
2657 1317 2921 1372 civitate:

2219 1385 2283 1438 Et
2311 1386 2795 1456 insurrexeruntin
2815 1387 3081 1456 praelium.
3107 1394 3161 1440 et
3179 1387 3313 1453 fugit
3346 1389 3490 1452 inde.
3510 1397 3564 1442 et
3591 1389 3712 1443 abiit

2159 1472 2281 1526 cum
2312 1455 2530 1508 tristitia
2564 1473 2774 1524 magna.
2797 1471 2852 1511 et
2885 1472 3130 1510 reversus
3154 1467 3236 1510 est
3273 1459 3324 1510 in
3361 1459 3712 1526 Babyloniam.

2225 1525 2291 1578 Et
2322 1526 2472 1577 venit
2503 1526 2596 1592 qui
2626 1528 2902 1581 nuntiaret
2935 1527 2985 1578 ei
3015 1525 3066 1577 in
3095 1528 3312 1597 Perside
3363 1525 3488 1597 quia
3544 1528 3715 1596 fugata

2161 1608 2290 1648 Sllltt
2314 1607 2490 1646 castra
2516 1611 2638 1661 quae
2672 1609 2831 1650 erant
2857 1598 2908 1650 in
2939 1607 3083 1649 terra
3120 1595 3256 1648 Juda
3295 1614 3310 1652 :

2253 1665 2316 1736 Et
2339 1664 2464 1728 quia
2493 1665 2623 1717 abiit
2650 1665 2838 1736 Lysias
2869 1681 2993 1736 cum
3029 1666 3232 1720 virtute
3264 1667 3391 1721 forti
3425 1667 3479 1721 in
3505 1669 3708 1731 primis.

2162 1743 2216 1786 et
2251 1734 2466 1801 fugatus
2495 1744 2582 1788 est
2629 1752 2658 1788 a
2698 1734 2858 1790 ’farie
2887 1735 3219 1796 ludatorum.
3270 1747 3327 1792 et
3382 1738 3716 1792 invalnerunt

2164 1803 2357 1877 armis.
2383 1815 2435 1877 et
2474 1804 2702 1864 viribus.
2741 1815 2790 1877 et
2821 1805 3028 1874 'spoliis
3067 1807 3270 1872 multis,
3295 1823 3416 1876 qua:
3471 1816 3720 1877 ceperunt

2089 1866 2132 1924 Β
2164 1873 2230 1926 de
2257 1874 2469 1931 castris.
2507 1890 2627 1940 quae
2650 1866 2992 1929 exciderunt.

2259 1943 2323 1993 Et
2350 1943 2475 2006 quia
2513 1945 2806 2015 diruerunt
2837 1945 3322 2011 ahominationem,
3361 1963 3522 2015 quam
3554 1947 3717 2000 mdifi-

2165 2023 2382 2082 caverat
2410 2027 2574 2080 super
2607 2014 2773 2067 altare
2791 2017 2932 2082 quod
2955 2028 3072 2069 erat
3093 2018 3146 2070 in
3172 2014 3472 2072 Jerusalem
3493 2034 3508 2070 :
3530 2027 3582 2070 et
3601 2033 3719 2070 sau-

2165 2081 2575 2155 ctilieationein,
2625 2084 2768 2155 sicut
2812 2081 2983 2150 prius,
3023 2088 3510 2155 circumdederunt
3565 2088 3723 2141 inuris

2167 2152 2400 2204 excelsis
2434 2166 2449 2205 ;
2483 2156 2576 2204 sed
2609 2163 2664 2205 et
2696 2152 3322 2211 Bethsuram‘civitatem
3348 2172 3528 2212 suam.
3763 2198 3772 2208 .

2254 2220 2317 2272 Et
2353 2221 2554 2274 factum
2585 2233 2690 2280 est.
2724 2237 2779 2274 ut
2811 2225 3020 2277 audivit
3087 2241 3181 2280 rex
3251 2242 3533 2280 sermones
3582 2229 3720 2290 istos,

2170 2292 2408 2359 expavit,
2437 2301 2491 2343 et
2519 2303 2823 2345 commotus
2855 2305 2939 2346 est
2967 2297 3122 2349 valde
3157 2313 3171 2348 :
3199 2308 3251 2350 et
3305 2298 3508 2350 decidit
3539 2296 3590 2350 in
3631 2300 3724 2351 lec-

2174 2370 2310 2436 tum,
2336 2371 2392 2413 et
2426 2361 2687 2436 inciditin
2717 2361 3030 2428 languorem
3055 2380 3163 2434 pr!!!
3189 2368 3436 2431 tristitia,
3470 2370 3598 2436 quia
3628 2384 3722 2421 non

2175 2432 2374 2483 factum
2409 2443 2491 2484 est
2519 2432 2568 2485 ei
2600 2432 2740 2485 sicut
2768 2432 3059 2501 cogitabat.

2240 2501 2303 2552 Et
2328 2514 2444 2576 erat
2475 2501 2581 2576 illic
2605 2517 2700 2569 per
2731 2503 2848 2555 dies
2881 2506 3076 2558 multos
3107 2522 3120 2561 :
3176 2507 3302 2576 quia
3342 2517 3605 2562 renovata
3653 2515 3728 2561 est

2179 2572 2231 2624 in
2268 2570 2575 2623 eotristitia
2615 2587 2828 2640 magna,
2858 2583 2911 2624 et
2947 2570 3248 2630 arbitratus
3281 2588 3365 2630 est
3391 2593 3449 2630 se
3479 2579 3635 2631 mori.

2250 2640 2312 2691 Et
2351 2641 2565 2692 vocavit
2598 2655 2789 2694 omnes
2836 2645 3038 2698 amicos
3088 2663 3239 2708 suos.
3262 2657 3317 2700 et
3368 2648 3509 2700 dixit
3562 2649 3719 2702 illis:

2181 2709 2973 2782 Recessitsomnusaboeuhs
3005 2719 3162 2782 meis,
3183 2727 3240 2769 et
3267 2719 3486 2772 concidi
3518 2729 3574 2773 et
3610 2733 3723 2772 cor-

2185 2784 2266 2834 rui
2297 2780 2459 2830 corde
2480 2795 2590 2846 pra:
2613 2779 2982 2835 sollicitudine
3007 2803 3020 2840 ;

2254 2851 2318 2902 Et
2339 2849 2448 2924 dixi
2473 2851 2526 2901 in
2561 2851 2724 2902 eorde
2762 2867 2883 2924 ineo
2911 2868 2927 2907 :
2957 2853 3007 2905 lit
3033 2869 3296 2924 quautam
3326 2857 3726 2912 tribulationem

2186 2921 2400 2981 ύονιιιιὶ,
2433 2928 2488 2998 et
2518 2924 2739 2998 iuqnos
2793 2919 2990 2974 ﬂuctus
3043 2919 3300 2998 tristitiae,
3333 2929 3388 2980 iu
3451 2944 3555 2996 qua
3606 2942 3736 2980 nunc

2188 3005 2306 3042 sum
2391 2991 2480 3057 qui
2511 2991 2788 3060 jurundus
2817 3007 2986 3056 eram,
3024 3006 3080 3049 et
3113 2997 3349 3050 dilectus
3379 2999 3433 3050 in
3467 2991 3734 3066 'potestate

2193 3075 2310 3100 Ιιινςδ

2193 3075 2310 3112 ιιιιοε
2343 3075 2354 3113 l

2260 3128 2413 3206 Nunc
2435 3145 2564 3183 vero
2590 3131 3234 3206 reminiscorhmalornm
3292 3153 3413 3206 quae
3435 3137 3536 3192 feci
3589 3138 3642 3191 in
3663 3135 3741 3189 Je-

514 3202 663 3274 teris
687 3202 897 3272 Caiaad
917 3257 932 3281 ,
965 3202 1027 3269 ρι’
1046 3217 1232 3269 Simon
1261 3215 1426 3266 frater
1446 3214 1564 3280 ejus
1592 3211 1642 3261 in
1665 3207 1880 3264 Galilzea
1905 3218 2090 3261 contra
2121 3203 2162 3257 C
2198 3202 2455 3258 rusulcm.
2494 3202 2636 3254 unde
2667 3213 2722 3255 et
2751 3204 2950 3281 abstuli
2975 3208 3156 3281 omnia
3193 3202 3361 3274 spolia
3389 3222 3556 3281 aurea
3585 3218 3638 3261 et
3663 3222 3742 3258 ar-

518 3293 708 3347 faciem
785 3286 1150 3340 Ptolemaidis.
1237 3353 1246 3356 _
1341 3354 1349 3356 _
1433 3352 1492 3356 λη
1702 3351 1712 3356 ,
1833 3351 1844 3356 _
2007 3345 2017 3356 ,

583 3360 804 3414 Andivit
826 3357 1097 3423 .losephus
1125 3353 1402 3408 Zachariae
1424 3352 1662 3423 filius,e_t
1691 3351 1907 3402 Azarias
1939 3351 2093 3412 priu-

519 3429 670 3494 eipvs
706 3429 806 3501 [αι.
835 3421 1116 3501 princeps]
1176 3425 1418 3486 virtutis,
1488 3438 1579 3477 res
1637 3421 1774 3473 bene
1809 3429 2008 3488 gestas,
2040 3423 2096 3468 et

525 3495 852 3571 praelia—qtae
884 3495 1208 3571 faﬂctasunt,

597 3573 661 3623 Et
698 3561 831 3622 dixit
867 3583 881 3619 :
922 3565 1208 3618 Faciamus
1237 3573 1292 3616 et
1323 3561 1428 3630 ipsi
1455 3561 1613 3616 nobis
1650 3574 1870 3636 nomen.
1893 3565 1970 3636 _et
2004 3569 2096 3636 ea-

526 3657 646 3695 111118
696 3651 936 3709 pugnare
993 3636 1260 3688 adversus
1313 3629 1505 3702 gentes
1571 3646 1692 3699 qua:
1753 3631 1804 3680 iii
1857 3629 2093 3681 circuitu

525 3722 714 3766 nostro
745 3717 896 3761 sunt.

588 3805 656 3859 Et
687 3803 942 3872 prtecepit
966 3796 1155 3867 bisqui
1182 3795 1412 3850 erantin
1441 3794 1683 3848 exercitu
1715 3806 1836 3854 suo,
1863 3798 1919 3845 et
1945 3791 2095 3845 abie-

528 3873 968 3931 rnntJannuann

596 3945 658 3996 Et
689 3944 859 3996 exivit
882 3940 1108 4007 Gorgias
1137 3937 1205 3992 de
1221 3936 1464 4000 civitate,
1489 3942 1547 3988 et
1583 3933 1682 3986 viri
1709 3931 1829 3999 ejus
1876 3933 2095 3986 obviam

531 4017 641 4071 illis
674 4015 727 4067 in
763 4026 1023 4080 pugnant.

598 4085 664 4138 Et
696 4072 866 4150 fugati
895 4091 1022 4134 sunt
1049 4149 1066 4150 γ
1097 4078 1372 4147 Josephns
1431 4084 1486 4129 et
1511 4073 1756 4150 _:‘_\zarias
1785 4087 1995 4150 “usque
2046 4072 2100 4150 iu

532 4163 548 4228 ι
579 4157 648 4209 il.
686 4143 808 4228 ad]
878 4143 1370 4228 ﬁiIeS_Jtld$EB-H:H(:l
1409 4143 1753 4228 ceciderunt
1785 4143 1878 4196 illo
2033 4143 2100 4196 de

537 4212 736 4292 populo
762 4212 928 4292 Vlsl'ael
963 4220 1028 4273 ad
1061 4221 1168 4272 duo
1194 4219 1360 4272 millia
1389 4216 1512 4278 viri,
1554 4223 1610 4268 et
1657 4215 1794 4265 facta
1848 4223 1931 4264 est
1976 4212 2100 4282 fuga

536 4291 728 4364 inagna
759 4291 810 4344 in
846 4291 1088 4364 populo:
1253 4357 1268 4364 Δ
1336 4355 1350 4364 _
1546 4362 1553 4364 Α
1593 4353 1614 4364 ⁸
1681 4363 1686 4364 7
1845 4352 1855 4364 _
2028 4353 2036 4361 O

624 4353 759 4430 Quia
793 4353 1470 4420 nonaudieruntludam,
1506 4362 1562 4408 et
1590 4353 1786 4407 fratres
1810 4353 1926 4422 ejus
1955 4353 2100 4404 exis-

539 4438 794 4492 timantes
817 4431 1032 4483 fortiter
1065 4447 1122 4484 se
1152 4434 1408 4483 facturos.

631 4505 732 4572 Ipsi
769 4514 951 4553 autem
979 4511 1274 4572 nouerant
1304 4499 1371 4549 tle
1425 4495 1634 4572 semine
1690 4494 1932 4572 virorum
1981 4491 2103 4545 illo-

540 4563 687 4636 rnni,
731 4586 827 4640 per
856 4585 992 4637 quos
1019 4571 1165 4625 salus
1193 4574 1348 4640 facta
1367 4575 1446 4618 est
1475 4565 1526 4618 in
1560 4563 1745 4640 Israel.

617 4635 683 4696 Et
728 4635 826 4692 viri
849 4635 988 4692 Iuda
1023 4638 1352 4708 tuagniticati
1388 4648 1515 4708 sunt
1539 4635 1691 4708 valde
1715 4636 1780 4708 in
1809 4641 2107 4708 conspectu

547 4716 728 4767 omnis
753 4709 920 4762 Israel
943 4720 996 4760 et
1024 4702 1265 4778 genitum
1313 4706 1582 4763 omnium.
1638 4705 1729 4757 ubi
1785 4702 2112 4756 audiebatur

545 4799 745 4836 UOIIICII
777 4795 988 4832 CUI'UIU.

612 4876 673 4929 Et
705 4884 1084 4929 convenerunt
1111 4874 1176 4926 ad
1199 4887 1298 4924 eos
1329 4870 1502 4922 fausta
1536 4866 1924 4920 aet-laniantes.

621 4946 872 5000 Etexivit
901 4944 1094 5008 Judas,
1148 4953 1202 4996 et
1252 4942 1447 4995 fratres
1481 4939 1621 5007 ejus,
1655 4947 1711 4990 et
1733 4936 2119 5004 cxpuguabant

551 5018 696 5070 filios
720 5016 863 5068 Esau
900 5017 952 5066 in
987 5026 1128 5067 terra
1153 5013 1359 5079 quaead
1389 5012 1646 5062 AuStrntn
1673 5015 1778 5069 est,
1805 5016 1859 5058 et
1895 5022 2118 5072 percus-

471 5129 474 5132 .
555 5089 625 5140 sit
649 5086 903 5140 Chebron
933 5096 986 5138 et
1019 5084 1156 5138 filias
1183 5087 1302 5151 ejus
1331 5098 1345 5134 :
1376 5091 1431 5134 et
1460 5094 1648 5132 muros
1678 5080 1818 5145 ejus.
1851 5087 1909 5130 et
1937 5085 2121 5128 turres

552 5158 836 5211 succendit
875 5159 982 5222 igni
1017 5159 1069 5208 in
1103 5156 1357 5208 circuitu.

644 5227 712 5280 Et
737 5216 1125 5282 ιιιυνιῖειιδιι-ιι.
1161 5241 1212 5275 ut
1240 5225 1341 5275 iret
1372 5221 1423 5274 in
1445 5229 1640 5274 terram
1663 5216 2120 5287 alienigenarum,

551 5308 611 5353 et
639 5297 1052 5366 perambulabat
1083 5294 1408 5366 Samariam.

627 5359 688 5424 in
717 5368 805 5422 die
864 5370 951 5419 illa
985 5364 1300 5420 ceciderunt
1321 5361 1636 5416 sacerdotes
1687 5363 1740 5414 in
1795 5359 1959 5419 bello,
1994 5359 2123 5410 dum

2227 3282 2384 3326 eatea
2415 3286 2536 3337 qua:
2575 3282 2732 3324 erant
2759 3276 2810 3325 in
2839 3287 2923 3336 ea,
2947 3283 3002 3328 et
3032 3277 3155 3329 misi
3199 3280 3413 3330 auferre
3453 3280 3746 3331 habitantes

2229 3345 2431 3395 udzeam
2458 3343 2574 3394 sine
2603 3357 2812 3411 causan

2281 3413 2520 3481 Cognovi
2575 3427 2726 3479 ergo,
2779 3411 2908 3482 quia
2968 3426 3260 3484 propterea
3298 3419 3631 3471 invenerunt
3673 3427 3747 3466 me

2197 3484 2334 3606 niala
2365 3488 2464 3535 ista
2503 3491 2597 3535 :et
2624 3495 2751 3536 ecce
2783 3499 2943 3551 pereo
2996 3487 3213 3540 tristitia
3265 3504 3456 3557 magna
3509 3489 3563 3540 in
3620 3496 3748 3537 terra

2197 3570 2223 3606 a
2254 3568 2392 3606 tena.

2196 3568 2392 3606 aliena.

2270 3623 2331 3674 Et
2362 3622 2575 3676 vocavit
2610 3623 2942 3691 Philippum.
2977 3639 3142 3677 unum
3175 3627 3240 3680 de
3289 3629 3477 3683 amicis
3528 3627 3663 3689 suis,
3704 3632 3755 3677 et

2199 3694 2496 3767 prgposuit
2520 3709 2644 3767 eum
2674 3709 2838 3761 super
2865 3696 3181 3749 universum
3219 3715 3447 3767 regnum
3480 3711 3641 3751 suum
3679 3713 3693 3746 :

2270 3763 2335 3816 Et
2355 3764 2502 3817 dedit
2521 3767 2576 3818 ei
2610 3766 2877 3826 diadema.
2898 3773 2953 3816 el
2979 3767 3172 3820 Stolam
3207 3763 3381 3830 suam.
3405 3778 3461 3822 et
3483 3769 3756 3824 annulum,

2201 3845 2259 3887 ut
2295 3835 2596 3887 adduceret
2637 3838 2965 3890 Antiochum
3003 3839 3170 3890 filium
3203 3855 3386 3902 suum,
3430 3850 3488 3892 et
3525 3843 3756 3890 numret

2197 3920 2348 3965 eum.
2386 3915 2442 3956 et
2475 3918 2751 3972 regnaret.

2272 3977 2336 4027 Et
2375 3986 2623 4027 mortuus
2657 3989 2742 4031 est
2783 3979 2893 4033 illic
2917 3979 3219 4032 Antiochus
3249 3993 3368 4041 rex,
3410 3991 3558 4031 anno
3590 3984 3760 4029 cente-

2200 4044 2340 4097 simo
2373 4045 2790 4112 quadragesimo
2831 4065 2997 4102 nouo.

2270 4115 2336 4167 Et
2365 4116 2617 4182 cognovit
2645 4117 2858 4188 Lysias.
2888 4118 3145 4186 quoniam
3180 4127 3429 4172 mortuus
3456 4125 3542 4169 est
3569 4129 3683 4176 rex,
3715 4121 3767 4166 et

2202 4188 2491 4256 Constituit
2538 4200 2763 4252 regnare
2821 4190 3154 4243 Antiochum
3208 4191 3374 4241 filium
3433 4189 3576 4256 ejus.
3614 4197 3763 4256 quem

2204 4255 2432 4306 nutrivit
2457 4257 2854 4328 adolescentem
2889 4275 2905 4316 ;
2944 4271 2998 4312 et
3031 4261 3244 4312 vocavit
3275 4254 3478 4311 nomen
3513 4260 3632 4328 ejus
3662 4254 3765 4305 liu-

2205 4337 2450 4399 patoretn
2489 4327 2585 4399 lat.
2617 4327 2906 4399 Eupatorl.

2276 4395 2342 4447 Et
2373 4396 2450 4455 hi,
2497 4398 2588 4464 qui
2619 4395 2775 4451 erant
2808 4395 3038 4459 in'arce.
3073 4398 3464 4452 concluserant
3518 4397 3685 4452 lsrael
3720 4395 3769 4447 in

2206 4467 2440 4518 circuitu
2459 4479 2809 4520 sanctorum:
2835 4483 2891 4524 et
2921 4469 3240 4539 quaerebant
3265 4470 3348 4523 eis
3375 4470 3514 4522 mala
3542 4481 3774 4535 semper.

2137 4536 2182 4589 Β
2212 4547 2265 4588 et
2293 4539 2692 4591 ﬁrmamentum
2719 4536 2985 4606 gentium.

2294 4608 2352 4658 Et
2386 4609 2641 4676 cogitavit
2667 4605 2833 4662 Judas
2859 4607 3178 4678 disperdere
3203 4624 3298 4662 eos
3329 4627 3342 4663 :
3377 4619 3434 4665 et
3461 4605 3776 4663 convocavit

2222 4681 2535 4731 universqu
2571 4681 2855 4748 populum.
2883 4696 2942 4734 ut
2973 4677 3291 4732 obsiderent
3317 4696 3434 4733 eos.

2293 4749 2357 4800 Et
2395 4759 2774 4802 convenerunt
2821 4750 3007 4813 simul,
3048 4755 3104 4802 ct
3139 4750 3479 4803 obsederunt
3514 4765 3611 4804 eos
3650 4759 3780 4799 anno

2222 4821 2523 4873 centesimo
2572 4822 3046 4889 quinquagesimo,
3084 4830 3138 4873 et
3187 4819 3442 4873 ΐιςοιτυηι
3486 4822 3707 4877 baiislas
3735 4821 3786 4868 et

2225 4900 2522 4944 inuetituas.

2293 4964 2358 5014 Et
2403 4967 2652 5017 exierunt
2681 4963 2902 5032 quidam
2949 4981 3015 5017 ex
3063 4963 3166 5022 eis.
3213 4962 3306 5030 qui
3345 4962 3783 5017 obsidebantur:

2225 5045 2279 5088 ct
2310 5038 2677 5106 adjunserunt
2711 5051 2766 5087 se
2797 5036 2898 5086 illis
2934 5035 3099 5102 aliqui
3132 5033 3282 5106 impii
3324 5049 3390 5085 ex
3425 5036 3614 5097 Israel,

2300 5103 2668 5160 Et'abierunt
2717 5106 2782 5156 ad
2835 5118 3040 5171 regem,
3067 5115 3121 5156 et
3150 5103 3411 5156 dixerunt
3444 5121 3457 5156 :
3497 5109 3786 5170 Quousque

2232 5192 2336 5230 non
2363 5180 2494 5230 facis
2528 5175 2819 5244 judicium,
2851 5185 2906 5225 et
2939 5174 3184 5227 vindicas
3210 5175 3408 5226 fratres
3438 5176 3695 5229 nostros?

2302 5250 2410 5301 Nos
2437 5249 2777 5301 decrevimus
2804 5246 3009 5298 servire
3041 5244 3177 5313 patri
3213 5253 3326 5304 tuo.
3353 5255 3408 5295 et
3439 5247 3717 5300 ambulare
3743 5246 3789 5295 in

2231 5320 2517 5393 praeceptis
2553 5317 2780 5393 ejus,_et
2811 5315 3036 5393 obsequi
3075 5315 3270 5393 edictis
3297 5318 3451 5393 ejus:

2312 5391 2376 5442 Et
2404 5390 2500 5442 lilii
2531 5386 2712 5456 populi
2746 5387 2917 5437 nostri
2951 5396 3175 5455 propter
3212 5386 3313 5436 hoc
3344 5387 3664 5441 alienabaut
3692 5400 3746 5439 se
3767 5403 3792 5436 ai

556 5442 754 5493 volunt
783 5437 995 5491 fortiter
1015 5437 1218 5498 facere,
1243 5434 1373 5486 dum
1400 5435 1519 5485 sine
1575 5433 1807 5487 consilio
1836 5437 2038 5484 exeunt
2073 5428 2126 5480 iit

557 5511 829 5579 pradtnm.

655 5604 719 5654 Et
746 5603 1044 5654 declinavit
1074 5596 1242 5650 ludas
1275 5597 1328 5650 in
1360 5596 1592 5650 Azotuui
1631 5593 1684 5647 in
1753 5603 1952 5647 terram
1998 5589 2133 5643 aiie-

561 5673 908 5736 ltigeliul'tltn,
975 5680 1032 5722 et
1091 5669 1260 5721 diruit
1299 5683 1423 5720 aras
1471 5677 1683 5726 eorum,
1744 5674 1801 5717 ct
1857 5663 2128 5736 srttlptilia

557 5730 793 5791 deorum
825 5730 1067 5808 ipsorum
1098 5740 1382 5792 succendit
1415 5735 1520 5802 igni
1558 5751 1571 5786 :
1632 5745 1687 5788 et
1734 5734 1896 5808 _Ct‘_|iit
1959 5730 2133 5800 srolia

561 5805 877 5875 mutatum}
905 5821 958 5864 et
1005 5825 1259 5863 reversus
1306 5819 1388 5865 est
1418 5815 1470 5864 in
1496 5816 1699 5862 terram
1725 5805 1886 5859 Juda.

2233 5464 2434 5516 nobis:
2493 5455 2546 5514 et
2616 5459 2930 5526 quicunque
2996 5455 3418 5509 inveniebantur
3484 5476 3554 5512 ex
3634 5457 3796 5515 nobis.

2237 5532 2728 5590 interficiebantur,
2761 5537 2817 5580 et
2851 5527 3200 5580 tiwredttates
3228 5539 3426 5582 nostra:
3463 5529 3799 5599 diripieban-

2238 5614 2345 5657 tur.

2314 5672 2378 5724 Et
2407 5687 2514 5726 non
2548 5672 2615 5725 ad
2656 5686 2755 5724 nos
2795 5681 3002 5723 tantum
3033 5669 3401 5725 extenderunt
3439 5685 3694 5732 manum,
3718 5668 3800 5722 sed

2240 5758 2295 5798 et
2325 5745 2378 5796 in
2415 5759 2604 5797 omnes
2632 5745 2764 5794 lines
2795 5752 3032 5793 nostros.

2318 5819 2380 5867 Li.
2416 5832 2546 5868 t'ccc
2572 5811 2955 5882 applicuerunt
3003 5812 3164 5867 hodie
3200 5813 3266 5868 ad
3297 5828 3475 5870 arcem
3507 5813 3803 5869 Jerusalem
