3840 6176
156 415 251 485 δεῖμα

155 547 415 601 occupare
463 545 608 597 eam,
642 542 697 588 et
722 530 1087 586 munitionem
1139 530 1467 589 Bethsuram
1505 531 1722 586 munie-
1754 538 1804 594 Α

157 612 317 656 runt:

215 672 277 726 Et
322 671 428 743 nisi
467 673 800 739 praeveneris
844 689 941 728 cos
986 671 1251 735 velocius,
1290 673 1526 743 majora,
1560 686 1723 742 quam

158 742 283 803 haec,
320 741 550 800 facient.
582 753 769 796 etnon
806 744 1010 809 poteris
1044 743 1295 795 obtinere
1323 741 1439 795 eos.

224 811 283 862 Et
311 812 489 864 iratus
516 821 599 864 est
635 829 751 875 rex,
786 823 843 865 ut
874 818 986 866 haec
1026 812 1278 866 audivit:
1320 820 1374 864 et
1400 812 1727 864 convocavit

159 896 338 935 omnes
368 883 577 934 amicos
607 897 759 947 suos,
794 893 848 935 et
902 884 1178 949 principes
1222 882 1499 935 exercitus
1526 882 1635 944 sui,
1669 892 1726 935 et

160 967 243 1006 eos
268 952 364 1018 qui
388 966 557 1015 Super
586 953 803 1018 equites
834 965 1018 1005 erant.

224 1020 325 1073 Sed
361 1030 418 1071 ct
453 1018 520 1072 de
564 1023 745 1088 regnis
776 1022 922 1081 aliis,
971 1031 1025 1072 et
1067 1019 1135 1072 de
1184 1018 1379 1072 insulis
1426 1018 1727 1075 maritimis

160 1099 421 1143 venerunt
454 1090 520 1142 ad
546 1105 669 1142 enni
702 1095 984 1145 exercitus
1025 1090 1372 1143 coiiductitii.

226 1160 284 1210 Et
317 1168 441 1210 erat
496 1176 758 1211 numerus
798 1163 1075 1214 exercitus
1118 1160 1259 1229 ejus,
1311 1170 1530 1212 centum
1560 1161 1727 1213 millia

164 1231 432 1299 peditum,
457 1239 512 1279 et
560 1230 745 1295 vignti
781 1230 946 1282 millia
1005 1231 1275 1298 equitum,
1339 1242 1395 1281 et
1446 1232 1729 1299 elephanti

165 1299 371 1363 triginta
404 1297 535 1360 duo,
570 1299 717 1350 docti
758 1299 822 1351 ad
860 1297 1129 1366 praelium.

225 1369 281 1418 Et
319 1378 587 1419 venerunt
644 1384 738 1434 per
771 1365 1084 1425 Limnaeum.
1144 1378 1198 1421 ct
1244 1368 1625 1435 applicuerunt
1660 1370 1728 1421 ad

162 1434 496 1495 Bcihsurani,
559 1448 611 1489 et
651 1452 1035 1504 pugnaverunt
1066 1442 1182 1491 dies
1222 1434 1445 1501 inultos,
1480 1450 1533 1491 et
1587 1440 1732 1492 fece-

163 1517 275 1558 runt
300 1550 303 1553 ,
331 1508 639 1568 machinas,
694 1518 749 1559 et
785 1523 1059 1568 emerunt,
1092 1519 1149 1563 ct
1186 1510 1595 1563 succenderunt
1636 1525 1731 1562 eas

168 1576 289 1645 igni,
314 1582 369 1627 ct
406 1589 789 1643 pugnaverunt
827 1580 1077 1632 \iriliier.

224 1646 286 1697 Et
317 1648 547 1699 recessit
575 1647 745 1699 Judas
781 1648 847 1699 ah
882 1664 1029 1712 arce,
1091 1655 1147 1699 et
1203 1648 1371 1700 movit
1423 1656 1605 1701 castra
1662 1647 1730 1700 ad

166 1716 583 1769 Bethzacharani
621 1727 812 1768 contra
853 1731 1031 1771 castra
1077 1733 1242 1784 regis.

220 1785 283 1838 Et
308 1790 553 1837 surrexit
586 1802 678 1837 rex
712 1800 836 1840 ante
864 1790 1066 1851 lucem,
1107 1798 1159 1839 et
1190 1786 1482 1840 concitavit
1511 1788 1727 1841 exerci-

163 1867 237 1910 tus
285 1857 337 1905 in
382 1855 650 1921 impetum
704 1871 894 1910 contra
950 1860 1091 1910 viam
1144 1858 1573 1911 Bcthzacuarain
1614 1874 1629 1910 ;
1673 1868 1728 1911 et

163 1938 609 1991 comparaverunt
666 1942 725 1977 se
777 1939 1056 1981 exercitus
1100 1932 1151 1979 iii
1185 1926 1456 1994 pra-lium,
1498 1939 1553 1981 et
1586 1928 1731 1982 tum

164 2006 467 2047 ικιτιιιιιτιιιιι
505 2011 521 2046 ι

226 2066 285 2115 ιιι
334 2065 653 2131 elephantis
689 2064 1055 2120 ostenderunt
1111 2068 1436 2138 sanguinem
1493 2084 1612 2123 uva:
1673 2077 1730 2122 et

163 2138 307 2205 mori,
348 2140 416 2184 ad
446 2140 728 2188 acuendos
760 2152 856 2190 eos
884 2140 936 2189 iii
973 2138 1218 2205 praelium
1257 2155 1273 2196 ;

218 2203 278 2255 Et
307 2204 621 2256 diviSeroiit
653 2205 857 2260 bestias
892 2203 986 2271 per
1013 2208 1255 2274 legiones
1287 2228 1299 2262 :
1337 2217 1393 2262 et
1425 2207 1723 2261 astiterunt

165 2275 379 2341 singulis
409 2277 724 2342 elephantis
754 2277 902 2330 mille
938 2277 1043 2330 viri
1078 2284 1133 2330 iu
1168 2280 1355 2332 loricis
1388 2288 1730 2331 concatena-

166 2344 243 2404 tis,
269 2353 325 2395 et
352 2343 521 2416 galea:
542 2360 698 2416 terea:
718 2347 768 2397 in
794 2347 1069 2414 capitibus
1099 2363 1291 2401 eorum
1317 2367 1329 2402 :
1364 2360 1420 2403 et
1440 2347 1728 2416 quingenti

163 2424 361 2480 equites
387 2415 634 2467 ordinati
661 2416 955 2484 unicuique
990 2418 1174 2471 bestia:
1200 2420 1360 2473 electi
1397 2415 1579 2473 erant.

229 2484 281 2534 ili
311 2491 438 2534 ante
462 2496 680 2554 tempus
704 2487 1016 2552 ubicunque
1057 2501 1176 2541 erat
1202 2494 1401 2552 bestia,
1426 2489 1501 2542 ibi
1526 2497 1726 2544 erant:

163 2564 209 2606 et
243 2568 597 2622 quocumque
645 2557 782 2623 ibat,
835 2559 1012 2622 ibant,
1044 2566 1101 2612 et
1134 2576 1245 2613 non
1274 2559 1635 2614 discedebant
1658 2559 1729 2613 ab

162 2642 234 2676 Cll.

222 2695 322 2748 Sed
357 2704 411 2749 et
447 2705 629 2750 turres
659 2696 851 2762 lignea
884 2712 1052 2765 super
1078 2713 1172 2753 eos
1201 2700 1395 2761 liniue,
1429 2708 1727 2768 protegat-

162 2775 232 2816 tes
260 2782 428 2833 super
460 2768 706 2835 Singulas
734 2769 937 2820 bestias
969 2786 983 2821 :
1025 2780 1079 2822 et
1106 2787 1270 2838 super
1294 2786 1388 2822 eas
1425 2770 1725 2824 machinae:

159 2845 204 2883 et
236 2849 401 2903 super
429 2837 677 2903 singulas
709 2839 1055 2907 viriwrtutis
1092 2837 1311 2907 triginta
1341 2843 1472 2902 duo,
1503 2841 1596 2907 qui
1627 2854 1731 2903 pu-

161 2916 387 2971 gnabant
422 2916 683 2973 desuper,
719 2916 771 2958 et
803 2906 970 2961 ludus
1008 2906 1269 2976 magister
1301 2911 1510 2962 bestiae.

224 2979 287 3027 tt
317 2976 602 3028 residuum
634 2980 938 3044 equitatum
980 2980 1110 3033 hinc
1156 2994 1213 3032 et
1244 2982 1371 3031 inde
1424 2978 1618 3033 statuit
1670 2978 1726 3031 iit

159 3044 284 3097 duas
312 3057 523 3111 partes,
561 3048 708 3098 tubis
771 3049 1077 3101 exercitum
1113 3046 1487 3114 coiiii'novere,
1514 3059 1568 3101 et
1599 3063 1726 3115 per-

162 3129 346 3181 urgeie
376 3129 720 3183 rotistipatos
749 3115 800 3168 in
831 3118 1141 3185 legionibus
1174 3121 1311 3187 ejus.

222 3194 283 3235 et
309 3195 371 3236 ut
398 3188 615 3239 rel’ulsit
648 3188 729 3239 sol
762 3186 815 3238 in
854 3199 1075 3256 eiypeos
1102 3186 1302 3242 aureos
1329 3197 1387 3241 et
1416 3201 1610 3250 aereos,
1642 3201 1729 3239 re-

1300 416 1535 481 LIBER
1583 424 1607 481 l
1658 416 1912 480 MACHA
1926 414 2195 481 BrEOIiU
2208 415 2283 481 M.

3312 413 3420 483 510

1904 531 2177 585 Fecerunt
2213 539 2395 584 autem
2446 539 2501 582 et
2534 526 2636 595 ipsi
2674 526 2961 580 machinas
2996 522 3259 581 adversus
3306 543 3421 583 ma-

1834 602 2026 656 chinas
2067 618 2282 664 eorum,
2314 614 2367 654 et
2400 606 2778 666 pugnaverunt
2810 597 2930 649 dies
2984 596 3204 649 multos.

1912 671 2060 724 Escae
2089 680 2273 724 autem
2305 685 2412 724 non
2437 678 2595 720 erant
2627 669 2680 719 in
2714 667 2963 725 civitate,
2994 671 3227 736 ecquod
3255 672 3421 736 septi-

1836 757 1957 794 mus
1989 756 2166 793 annus
2189 748 2335 793 esset
2369 758 2383 793 :
2430 749 2482 791 et
2520 739 2610 804 qui
2647 744 3023 790 remanserant
3060 735 3113 786 in
3137 733 3328 790 Judaea
3350 740 3421 794 de

1835 810 2119 879 gentibus,
2163 815 2624 879 consumpserant
2658 806 2917 875 reliquias
2940 820 3154 871 eorum,
3182 822 3303 873 qua:
3335 825 3418 862 re-

1835 883 2025 949 positae
2056 882 2296 933 fuerant.

1907 950 1971 1001 Et
2005 959 2391 1001 remanserunt
2435 948 2487 1001 iii
2539 946 2745 999 sanctis
2776 945 2879 998 viri
2930 945 3112 1013 pauci,
3158 947 3417 1011 quoniam

1833 1020 2153 1073 obtinuerat
2175 1034 2271 1071 eos
2301 1018 2472 1072 fames
2500 1036 2513 1071 :
2542 1024 2595 1071 ei
2623 1016 2854 1085 diSpersi
2891 1023 3018 1068 sunt
3044 1017 3420 1084 unusquisque

1835 1093 1887 1143 iii
1925 1092 2102 1142 locum
2139 1105 2323 1141 suum.

1912 1159 1978 1211 Et
2010 1159 2220 1211 audivit
2257 1157 2446 1228 Lysias
2482 1156 2630 1225 quod
2668 1155 2980 1228 Philippus,
3020 1168 3181 1221 quem
3215 1155 3419 1228 consti-

1837 1236 2021 1282 luerat
2046 1245 2136 1281 rex
2172 1226 2500 1289 Antiochus,
2528 1243 2650 1281 cum
2684 1226 2863 1279 adhuc
2890 1227 3117 1290 viveret,
3153 1234 3210 1275 ut
3242 1227 3419 1278 nutri-

1838 1309 1920 1352 ret
1962 1299 2289 1352 Antiochum
2326 1299 2495 1351 liliiim
2531 1304 2793 1360 soniii,ct
2831 1305 3104 1363 regnaret,

1912 1369 2188 1421 llcversus
2215 1380 2361 1421 esset
2390 1384 2417 1421 a
2452 1368 2698 1427 Perside,
2726 1377 2778 1420 et
2808 1363 3001 1424 Media,
3031 1377 3085 1418 et
3114 1363 3414 1425 exercitus.

1833 1440 1924 1505 qui
1962 1439 2173 1491 abierat
2204 1455 2327 1491 cum
2381 1439 2519 1507 ipso,
2556 1448 2609 1491 et
2652 1436 2779 1505 quia
2814 1435 3101 1504 quaerebat
3134 1437 3415 1504 suscipere

1838 1525 1988 1575 regni
2031 1520 2245 1576 negotia
2284 1528 2295 1563 :

1920 1574 2218 1631 Festinavit
2252 1578 2351 1640 ire,
2392 1588 2447 1629 et
2497 1578 2683 1631 dicere
2736 1575 2801 1629 ad
2862 1589 3069 1639 regem,
3133 1583 3187 1627 et
3242 1574 3416 1627 duces

1832 1649 2107 1702 exercitus
2132 1664 2145 1699 :
2172 1647 2465 1700 Delicinius
2487 1648 2750 1714 quotidie.
2778 1655 2833 1697 et
2862 1661 2987 1698 esca
3019 1644 3176 1697 nobis
3201 1644 3415 1696 modica

1831 1734 1933 1783 est,
1970 1729 2025 1770 et
2051 1716 2225 1779 locus,
2260 1734 2419 1784 quem
2449 1718 2786 1779 obsidemus,
2820 1724 2907 1768 est
2950 1716 3216 1779 munitus,
3248 1723 3304 1766 et
3335 1715 3418 1766 iii-

1836 1788 2048 1841 cumbit
2078 1787 2234 1839 nobis
2269 1789 2527 1839 ordinare
2560 1788 2627 1839 de
2661 1802 2847 1853 regno.

1908 1860 2065 1911 Nunc
2102 1858 2286 1924 itaque
2324 1858 2519 1909 demus
2567 1857 2789 1909 dextras
2837 1854 3152 1907 hominibus
3183 1854 3325 1915 istis,
3359 1863 3416 1907 et

1835 1930 2103 1982 faciamus
2135 1941 2258 1978 cuin
2292 1928 2401 1979 illis
2434 1941 2645 1995 paceni,
2675 1935 2730 1978 et
2770 1940 2895 1977 cum
2941 1925 3087 1976 omni
3125 1933 3287 1991 gente
3317 1939 3415 1977 eo-

1835 2015 1989 2053 l‘UlllZ

1906 2071 1973 2122 Et
2017 2068 2419 2122 constituamus
2452 2065 2582 2127 illis,
2631 2073 2691 2117 ut
2738 2064 3018 2118 ambulent
3067 2063 3120 2115 in
3156 2063 3414 2131 legitimis

1830 2140 1949 2194 suis
1974 2139 2119 2191 sicut
2152 2139 2306 2206 prius
2334 2154 2350 2193 :
2410 2148 2633 2205 pr0pter
2666 2134 2910 2202 legitima
2930 2133 3092 2206 enim
3144 2135 3412 2200 ipsorum,

1830 2226 1952 2278 qua:
1997 2204 2374 2278 despeximus,
2427 2205 2553 2260 irati
2594 2215 2744 2269 sunt,
2799 2213 2855 2257 et
2918 2204 3173 2258 fecerunt
3230 2205 3417 2257 omnia

1831 2281 1968 2333 haec.

1901 2351 1970 2405 Et
1998 2348 2202 2417 placuit
2245 2362 2431 2404 sermo
2464 2348 2517 2402 iu
2571 2354 2871 2414 conspectu
2912 2345 3059 2414 regis
3104 2352 3162 2397 et
3208 2345 3418 2413 princi-

1831 2437 1959 2501 pum
1993 2436 2008 2474 :
2043 2432 2096 2475 et
2127 2422 2276 2475 misit
2308 2421 2376 2473 ad
2404 2432 2501 2473 eos
2528 2433 2717 2488 pacem
2749 2417 2969 2470 facere;
3004 2426 3060 2471 et
3083 2427 3417 2484 receperunt

1830 2495 2025 2547 illailia

1900 2560 1967 2612 Et
1992 2559 2197 2631 juravit
2235 2560 2344 2615 illis
2376 2573 2494 2624 rex,
2529 2570 2582 2613 et
2607 2558 2885 2631 principes
2917 2578 2933 2618 ς
2981 2566 3038 2612 et
3063 2557 3318 2612 exierunt
3346 2555 3416 2610 de

1832 2634 2159 2684 munitione.

1902 2702 1968 2754 Et
1990 2702 2215 2754 intravit
2245 2714 2337 2753 rex
2370 2709 2609 2752 montem
2628 2699 2786 2764 Sion,
2814 2713 2869 2756 et
2890 2702 3025 2754 vidit
3047 2698 3413 2752 munitionem

1829 2770 1937 2825 loci
1971 2791 1985 2825 :
2026 2784 2079 2823 et
2110 2774 2258 2839 rupit
2291 2771 2451 2823 citius
2489 2773 2865 2835 juratiientnin
2898 2771 3045 2840 quod
3070 2770 3313 2837 juravit:
3356 2779 3411 2821 et

1832 2843 2111 2895 mandavit
2133 2844 2670 2911 destruereniuruin
2696 2841 2750 2892 in
2776 2858 2923 2911 gyro.

1908 2916 1971 2964 lit
2019 2911 2275 2965 discessit
2324 2909 2674 2972 festinanter,
2719 2908 3071 2964 et'reversus
3100 2919 3188 2965 est
3219 2908 3415 2964 Antio—

1829 2982 2032 3044 cliiaui,
2069 2992 2125 3035 et
2163 2980 2369 3033 Invenit
2408 2980 2718 3045 Philippum
2742 2982 3117 3033 dominantem
3149 2981 3357 3032 civnaii
3397 2995 3412 3033 :

1829 3063 1885 3105 et
1915 3059 2182 3120 pugnavit
2215 3050 2482 3103 adversus
2508 3065 2657 3111 eum,
2705 3060 2760 3103 et
2787 3054 3079 3119 occupavit
3104 3052 3410 3104 civitatem.

2428 3162 2659 3218 CAPUT
2693 3163 2809 3218 V'll.

160 3256 551 3320 splenduerunt
578 3268 790 3310 montes
813 3260 882 3309 ab
904 3235 1008 3323 eis,
1026 3269 1081 3312 et
1105 3235 1730 3327 respleiidueruiitsicut
1757 3235 1803 3295 ο
1903 3256 2063 3311 Anno
2090 3257 2391 3310 centesimo
2422 3259 2880 3324 quinquagesimo
2918 3255 3095 3323 primo
3127 3256 3262 3309 exiit
3314 3254 3417 3308 De-

162 3333 425 3390 lampades
463 3328 628 3393 ignis.

224 3394 286 3444 tt
314 3395 697 3469 distillcuresl
746 3411 871 3466 pars
912 3401 1193 3454 exercitus
1218 3401 1362 3469 regis
1391 3414 1484 3469 per
1511 3408 1727 3452 montes

159 3469 416 3528 excelsos,
453 3476 512 3520 et
537 3468 645 3519 alia
677 3484 773 3536 per
805 3474 922 3522 loca
946 3471 1199 3536 humilia,
1222 3468 1453 3525 etibaiit
1481 3481 1642 3523 caute
1672 3479 1731 3522 et

160 3540 424 3589 ordinate.

222 3604 286 3657 ιλ
341 3607 844 3662 commovebantur
892 3624 1085 3663 omnes
1124 3609 1496 3664 inhabitantes
1524 3619 1731 3663 terram

160 3687 183 3722 a
218 3690 345 3728 voce
373 3680 770 3743 multitudinis,
800 3688 855 3732 et
887 3682 1101 3732 incessu
1143 3683 1338 3743 turbae,
1367 3692 1422 3733 et
1446 3682 1730 3733 collisione

162 3759 435 3821 armorum
468 3765 481 3801 ἶ
538 3760 661 3803 erat
707 3765 857 3803 ειιιιιι
888 3763 1168 3804 εκειιιιιιιδ
1202 3766 1432 3820 magnus
1464 3756 1641 3815 valde,
1677 3760 1733 3802 Ci.

158 3821 223 3864 lOi
240 3828 325 3869 uti.

180 3953 188 3959 .
224 3888 288 3939 int
342 3888 691 3957 appropiavit
739 3890 925 3954 Judas,
960 3898 1016 3941 et
1057 3890 1331 3944 exercitus
1358 3891 1477 3959 eius
1513 3891 1567 3942 in
1593 3906 1731 3959 pra:-

158 3951 327 4011 liuni;
370 3951 432 4011 ἐι
480 3951 808 4014 ceciderunt
853 3951 921 4015 de
975 3974 1225 4015 exercitu
1284 3951 1430 4029 regis
1484 3951 1729 4015 sexcenti

159 4037 270 4077 Vl“.

188 4104 283 4172 ,ιιι
316 4100 461 4155 vidit
492 4100 719 4154 Eleazar
752 4102 896 4155 lilius
925 4100 1093 4156 Satira
1130 4117 1291 4156 unain
1327 4101 1395 4155 de
1423 4101 1615 4154 bestiis
1653 4099 1733 4153 lo-

160 4179 375 4221 ricatam
418 4176 604 4223 loricis
637 4189 778 4240 regis
811 4188 825 4225 :
864 4184 917 4225 et
946 4187 1065 4225 erat.
1094 4176 1347 4227 eminens
1375 4187 1544 4242 soper
1572 4181 1733 4223 ciete-

158 4251 237 4289 ras
276 4243 509 4303 bestias,
539 4251 597 4294 ct
626 4257 799 4294 risum
837 4255 921 4296 est
956 4246 1007 4296 ei
1042 4244 1186 4310 quod
1219 4246 1275 4296 in
1301 4260 1362 4295 ea
1390 4253 1535 4295 esset
1563 4257 1677 4294 res.

225 4310 291 4361 Et
326 4312 484 4364 dedit
528 4326 605 4375 se,
645 4322 703 4364 ut
736 4314 1000 4367 liberaret
1030 4321 1295 4381 populum
1324 4329 1511 4374 suum,
1550 4322 1607 4363 et
1638 4327 1731 4364 uc-

157 4391 395 4443 quireret
414 4382 521 4436 sibi
551 4398 751 4435 nomen
781 4394 1072 4437 aeternum.

159 4518 165 4523 _
220 4451 282 4500 lat
331 4454 607 4523 cucurrit
636 4454 702 4505 ad
734 4469 856 4505 eain
890 4459 1154 4506 audacter
1190 4453 1244 4505 in
1279 4453 1463 4507 medio
1494 4451 1732 4520 legionis

159 4522 495 4574 interﬁcietis
523 4537 555 4574 a
582 4522 811 4587 dextris,
833 4534 889 4578 et
918 4539 951 4578 a
979 4526 1244 4588 sinistris,
1282 4536 1336 4578 et
1361 4530 1630 4578 cadebant
1658 4524 1728 4577 ab

156 4609 217 4640 eo
250 4602 358 4643 nuc
389 4602 557 4659 atque
577 4594 731 4645 illuc.

222 4661 287 4713 bi
332 4664 436 4713 ivit
461 4663 565 4714 sub
600 4665 771 4730 pedes
797 4664 1131 4735 elephantis,
1166 4674 1221 4719 et
1250 4666 1542 4734 supposuit
1571 4678 1629 4718 se
1655 4663 1731 4729 ei,

157 4743 206 4783 et
255 4735 463 4785 occidit
503 4749 652 4797 eum,
695 4744 752 4786 et
785 4746 986 4790 cecidit
1019 4752 1072 4787 ιιι
1102 4750 1305 4789 terram
1339 4752 1506 4805 super
1529 4751 1729 4804 ipsum,

152 4814 204 4853 ιι
241 4815 498 4855 mortuus
528 4818 611 4856 est
639 4806 770 4859 ill.c.

186 4942 196 4951 .
222 4878 283 4923 [ιι
322 4876 572 4951 videntes
601 4886 856 4930 virtutem
884 4883 1048 4951 regis,
1084 4892 1141 4935 et
1166 4882 1430 4950 impetum
1456 4880 1734 4931 eXercitus

154 4950 286 5011 ejus,
330 4950 680 4997 divertei‘unt
710 4961 768 5001 se
802 4957 869 5002 ab
903 4965 1005 5003 eis.

220 5016 418 5066 Castra
465 5026 649 5066 autem
703 5024 843 5086 regis
891 5023 1263 5075 ascenderunt
1309 5028 1501 5074 contra
1549 5032 1644 5070 eos
1676 5016 1729 5069 in

150 5085 475 5148 Jerusalem,
495 5085 969 5162 etapplicueruut
997 5105 1175 5147 castra
1206 5108 1350 5162 regis
1379 5095 1446 5144 ad
1480 5088 1727 5141 Διιιιιιταιιι

151 5177 203 5212 ο.
231 5170 472 5209 montem
515 5158 672 5209 Sion.

222 5232 286 5278 bi
332 5229 465 5278 t‘ecit
504 5243 693 5301 pacem
730 5244 852 5283 cum
882 5232 969 5286 his
999 5235 1092 5301 qui
1135 5245 1290 5287 erant
1324 5235 1377 5286 in
1410 5234 1671 5286 Bethsura
1710 5241 1725 5282 :

150 5311 200 5350 et
239 5307 499 5350 exierunt
526 5297 592 5348 de
626 5302 867 5364 Civitate,
912 5297 1039 5371 quia
1069 5320 1177 5356 non
1208 5318 1367 5357 erant
1406 5322 1486 5357 eis
1519 5308 1592 5356 ibi
1624 5307 1727 5354 ali-

151 5379 333 5421 menta
366 5370 662 5431 conclusis,
698 5372 825 5438 quia
860 5370 1084 5427 sabbata
1113 5384 1271 5427 erant
1305 5389 1484 5427 terrai.

153 5508 162 5517 θ
216 5439 284 5491 Et
340 5442 759 5505 comprehendit
808 5459 902 5496 rex
930 5444 1298 5499 Bethsuram:
1342 5457 1398 5499 et
1441 5442 1728 5498 constituit

148 5516 253 5562 illic
287 5518 598 5562 Custodiam
630 5526 851 5567 servare
881 5533 1020 5568 eam.

219 5582 284 5631 ιι
318 5589 593 5632 convertit
622 5591 800 5636 castra
829 5592 896 5636 ad
926 5588 1108 5640 locum
1134 5587 1585 5640 sanctiﬁcationis
1606 5585 1725 5638 dies

151 5654 395 5704 inultos:
446 5660 502 5701 et
551 5657 742 5704 statuit
786 5655 899 5708 iiiic
928 5659 1175 5720 balistas,
1211 5667 1266 5711 et
1313 5661 1614 5721 machinas,
1669 5667 1726 5710 et

147 5724 285 5789 ignis
328 5722 539 5789 jacuia,
573 5733 627 5773 et
660 5734 929 5778 tormenta
978 5730 1045 5781 ad
1090 5732 1298 5796 lapides
1328 5738 1639 5796 iactandos,
1669 5738 1725 5781 et

152 5804 387 5859 spicula,
429 5801 481 5843 ιι
515 5808 763 5862 sumptus
798 5800 864 5849 ad
898 5800 1197 5853 mittendus
1223 5812 1473 5868 sagittas,
1515 5812 1570 5855 ct
1600 5811 1724 5851 ltiti-

152 5876 354 5920 ιιι,ιιιιι.

1832 3329 2067 3381 nietrius
2100 3328 2319 3381 Seleuci
2357 3328 2501 3379 lilius
2540 3329 2607 3378 ah
2644 3330 2781 3379 urbe
2834 3328 3024 3386 ltoiiia.
3058 3336 3113 3379 et
3168 3332 3417 3379 ascendit

1832 3414 1955 3450 cum
1977 3402 2163 3467 paucis
2195 3401 2324 3452 viris
2354 3399 2409 3449 in
2442 3398 2719 3451 civitatein
2753 3408 3106 3460 maritimam,
3130 3407 3183 3449 et
3214 3413 3411 3464 regna-

1831 3478 1910 3520 Vit
1936 3470 2064 3521 illic.

1908 3539 1973 3591 Et
1999 3541 2200 3591 factum
2230 3546 2334 3601 est,
2373 3549 2429 3591 ut
2459 3538 2744 3605 ingressus
2771 3548 2856 3592 est
2883 3539 3104 3591 iluinuin
3142 3538 3291 3604 regni
3319 3553 3412 3604 pa-

1837 3619 1980 3661 trum
2006 3624 2255 3671 suoruni,
2289 3611 2709 3677 comprehendit
2733 3610 3019 3661 exercitus
3050 3608 3410 3669 Antiochum,

1833 3691 1888 3732 et
1917 3678 2157 3746 Lysmm,
2192 3689 2251 3731 ut
2276 3680 2619 3731 adducerent
2647 3692 2743 3730 eos
2768 3685 2838 3730 ad
2867 3694 3017 3732 eum.

1907 3748 1976 3802 Et
2014 3765 2099 3801 res
2131 3750 2177 3800 ei
2212 3750 2470 3811 innotuit,
2496 3758 2552 3800 et
2585 3760 2663 3799 ait
2687 3762 2704 3797 :
2734 3749 2916 3801 nolite
2955 3749 3089 3800 mihi
3117 3746 3411 3801 ostendere

1835 3818 2026 3871 faciem
2058 3834 2271 3870 eorum.

1904 3889 1974 3941 Et
1994 3892 2198 3940 occidit
2219 3904 2317 3940 eos
2339 3890 2636 3942 exercitus.
2663 3887 2727 3940 Et
2748 3887 2892 3941 sedit
2912 3886 3222 3941 Demetrius
3244 3902 3412 3955 super

1835 3963 2021 4011 sedem
2052 3960 2200 4025 regni
2232 3959 2316 4010 sui
2344 3976 2359 4011 :

1909 4029 1969 4079 lat
1994 4038 2259 4079 venerunt
2284 4030 2350 4081 ad
2381 4046 2507 4084 eum
2536 4033 2636 4085 viri
2671 4028 2839 4097 iniqui
2865 4040 2920 4083 et
2946 4030 3178 4091 iinpiiex
3206 4026 3366 4079 Israel
3394 4043 3411 4080 :

1836 4112 1891 4153 ct
1913 4103 2169 4171 AAltllllllls
2201 4104 2309 4149 dux
2340 4118 2556 4162 eorum.
2600 4104 2693 4171 qui
2734 4104 2946 4153 volebat
2978 4103 3092 4153 iidl'l
3124 4106 3405 4150 sacerdos.

1909 4169 1971 4220 Et
1996 4186 2391 4240 accusaverunt
2414 4169 2675 4240 μιιμιιιιιίιι
2708 4174 2852 4238 apud
2879 4186 3082 4239 regem,
3117 4171 3406 4221 dicentes:
3456 4208 3462 4225 τ

1836 4240 2084 4291 Pctdtdit
2114 4238 2305 4300 Jiidas,
2342 4253 2395 4293 et
2415 4238 2624 4296 virutres
2649 4243 2767 4310 ejus
2800 4238 2989 4293 otiiiies
3020 4241 3224 4292 amicos
3260 4248 3403 4303 tuos,

1834 4317 1891 4361 et
1920 4326 2019 4361 nos
2052 4312 2315 4376 dispcisit
2346 4314 2413 4366 de
2448 4325 2589 4366 terra
2623 4322 2829 4365 nostra.

1913 4380 2066 4433 t‘iunc
2095 4395 2226 4447 ergo
2256 4381 2412 4435 mitte
2460 4386 2660 4446 virum,
2696 4397 2783 4436 cm
2836 4379 3038 4443 credis,
3093 4390 3150 4431 ιιι
3197 4387 3307 4439 eat,
3355 4386 3413 4431 et

1838 4450 2016 4503 videat
2048 4451 2434 4504 exterminium
2476 4468 2664 4517 cuine,
2692 4453 2837 4520 quod
2871 4450 3000 4502 fecit
3030 4453 3212 4511 nobis,
3240 4460 3297 4500 et
3329 4465 3413 4501 re-

1836 4522 2090 4589 gionibus
2138 4534 2280 4587 regis
2313 4538 2328 4573 :
2368 4534 2424 4575 et
2478 4537 2667 4591 puniat
2706 4538 2901 4575 omnes
2934 4536 3142 4573 amicos
3178 4522 3319 4589 ejus,
3355 4530 3412 4572 et

1754 4580 1808 4639 Ι)
1836 4580 2114 4660 adjutores
2143 4580 2358 4643 eo'rum.

1912 4664 1976 4713 ιςι
2010 4662 2173 4729 elegit
2206 4676 2302 4714 rex
2331 4678 2397 4716 ex
2419 4664 2614 4718 amicis
2640 4664 2757 4717 suis
2787 4660 3135 4725 Bacchidem,
3172 4659 3265 4729 qui
3312 4662 3411 4713 do-

1838 4732 2147 4803 minabatur
2174 4745 2321 4784 ti'ans
2348 4735 2555 4787 lluincii
2584 4749 2843 4803 magnum
2878 4735 2932 4785 in
2963 4749 3151 4803 regno,
3188 4742 3241 4784 et
3276 4734 3412 4785 lide-

1835 4802 1937 4853 lcui
1969 4804 2079 4869 regi
2108 4820 2122 4855 :
2159 4811 2213 4854 et
2239 4806 2385 4856 misit
2411 4822 2559 4863 eum.

1908 4876 1975 4925 lit
2010 4881 2660 4945 rideretexterminium,
2706 4875 2854 4942 quod
2885 4874 3013 4928 fecit
3059 4873 3266 4945 Judas;
3313 4874 3410 4928 sed

1832 4955 1884 4993 ct
1920 4946 2189 4995 Alcimum
2233 4943 2461 5011 impium
2509 4949 2797 4998 constituit
2848 4947 2899 4997 in
2929 4943 3323 5009 saccrdottuiii,
3355 4955 3413 4998 et

1834 5018 2112 5065 mandarit
2135 5016 2185 5066 ei
2220 5014 2401 5068 facere
2431 5016 2694 5068 ultionem
2726 5017 2781 5068 iii
2822 5017 2967 5069 lilios
3003 5018 3191 5069 lsrael.

1902 5087 2375 5148 insurrexerunt,
2406 5100 2459 5137 et
2492 5097 2762 5139 venerunt
2789 5102 2913 5139 cum
2944 5090 3187 5138 exercitu
3212 5099 3409 5153 magno

1831 5156 1882 5207 iii
1937 5168 2134 5205 terram
2166 5155 2346 5207 Juda:
2382 5165 2436 5207 et
2494 5167 2765 5208 miserunt
2817 5169 3067 5220 nuntios,
3117 5165 3172 5209 el.
3236 5156 3405 5208 locuti

1831 5239 1957 5277 sunt
1983 5229 2050 5276 ad
2080 5224 2275 5278 ludam
2310 5236 2364 5279 et
2393 5226 2459 5277 ad
2484 5229 2682 5280 li'atres
2711 5242 2830 5295 eius
2868 5229 3051 5282 verbis
3079 5228 3320 5295 pacilicis
3348 5227 3403 5279 in

1830 5314 1974 5348 υυιυ.

1897 5368 1965 5419 Et
1997 5384 2102 5419 non
2129 5366 2479 5420 intenderunt
2512 5369 2861 5423 sermonibus
2880 5384 3112 5424 eorum;
3148 5364 3402 5418 viderunt

1829 5440 1976 5493 enim
2010 5442 2139 5506 quia
2176 5452 2441 5491 veneiuiit
2468 5454 2592 5491 coni
2621 5451 2872 5494 exercitii
2899 5456 3139 5507 magno.»

1901 5513 1968 5561 lat
1994 5523 2375 5562 convenerunt
2412 5513 2477 5561 .iil
2512 5512 2782 5563 Alcimum
2829 5520 2885 5563 et
2916 5510 3239 5562 Bacchidem
3269 5522 3402 5561 con-

1827 5581 2071 5650 gregatio
2105 5586 2415 5633 scribarum
2443 5595 2722 5648 requirere
2749 5597 2870 5650 qua:
2890 5582 3034 5650 jiisia
3066 5591 3218 5634 sunt.

1899 5652 1966 5703 Et
2001 5652 2161 5719 primi
2185 5652 2435 5712 Assid.ri,
2465 5666 2560 5719 qui
2591 5662 2747 5705 erant
2768 5648 2835 5706 in
2856 5651 2980 5703 lini.
3011 5648 3199 5716 Israel,
3224 5660 3281 5706 et
3306 5665 3401 5704 ex-

1826 5731 2118 5791 quu'cbaiit
2148 5730 2214 5773 ab
2252 5739 2330 5773 eis
2365 5737 2550 5789 pacein
2582 5738 2597 5777 :

1901 5795 2165 5844 Dixerunt
2194 5794 2340 5841 enim
2372 5809 2383 5841 :
2412 5796 2587 5843 lloiiin
2614 5794 2872 5850 sacerdos
2895 5813 2959 5849 uc
2984 5794 3191 5849 semine
3218 5795 3401 5850 Aaron

1831 5877 1997 5927 \CIt.t,
2037 5880 2139 5914 itoii
2170 5874 2395 5929 cccllilt'l
2436 5878 2532 5911 tios
