3840 6176
456 397 559 461 5H

1354 395 1415 454 S-
1458 393 1903 456 HIERONYMI
1948 394 2218 456 DIVINA
2258 395 2800 457 BIBLIOTHECA.

3608 390 3704 456 512

528 511 597 565 Et
626 511 846 568 locutus
879 518 964 567 est
991 523 1115 565 cum
1141 508 1223 563 eis
1247 509 1415 563 verba
1452 508 1677 579 paciﬁca
1702 525 1714 559 :
1750 518 1807 562 et
1830 508 2037 577 juravit
2073 514 2112 571 Α
2145 511 2271 576 quia
2297 508 2826 577 blasphemavcrunt
2852 516 2925 572 te,
2954 505 3093 579 exiit
3112 506 3359 579 angelus.
3382 510 3435 558 et
3457 502 3711 571 percussit

458 583 589 645 illis,
630 585 857 638 dicens:
908 582 1026 635 Non
1061 579 1363 633 infercmus
1401 580 1554 631 vobis
1604 579 1829 643 malum,
1866 594 2040 646 neque

460 653 657 709 amicis
692 654 909 706 vestris.

532 721 594 773 Et
632 723 986 777 crediderunt
1022 719 1094 772 ci.
1132 718 1199 772 Et
1229 716 1653 785 comprehendit
1681 732 1747 771 ex
1769 716 1849 769 eis
1881 732 2041 769 sexa-

457 790 603 857 ginta
661 794 828 849 viros.
880 800 933 842 et
973 790 1174 843 occidit
1208 803 1303 840 eos
1357 790 1411 840 in
1448 804 1556 841 una
1599 787 1707 851 die,
1742 788 2041 841 secundum

457 862 688 912 verbum
721 862 864 928 quod
900 862 1164 925 scriptum
1188 866 1272 909 est
1303 876 1315 909 :

530 926 750 984 Carnes
789 942 1103 983 sanctorum
1150 938 1391 995 tuorum.
1431 936 1485 978 ct
1533 927 1855 995 sanguinem
1894 926 2042 993 ipso-

462 1017 581 1054 rum
621 1001 938 1053 ellndernnt
969 1001 1022 1053 in
1057 999 1290 1052 circuitu
1328 994 1657 1059 Jerusalem,
1690 1007 1745 1049 et
1779 1010 1890 1048 non
1922 1005 2041 1048 erat

461 1071 553 1139 qui
592 1071 875 1136 sepeliret.
1428 1136 1437 1139 _
1905 1134 1917 1139 _
1974 1082 1977 1085 '

535 1140 597 1191 Et
630 1134 879 1192 incubuit
903 1139 1083 1191 timor.
1108 1146 1165 1189 et
1194 1144 1399 1189 tremor
1427 1136 1478 1186 in
1512 1149 1729 1187 omnem
1755 1134 2041 1202 populum,

458 1211 585 1277 quia
624 1210 880 1261 dixerunt
910 1224 923 1263 :
964 1208 1079 1260 Non
1117 1216 1203 1258 est
1239 1207 1441 1277 veritas
1470 1216 1518 1256 cl
1548 1204 1816 1277 judicium
1842 1204 2041 1277 in_eis:

462 1274 789 1346 transgressi
818 1290 945 1331 sntit
968 1279 1115 1330 enim
1146 1276 1529 1337 constitutum,
1554 1284 1608 1325 et
1628 1274 2042 1343 jusjurandum,

458 1352 605 1419 quod
636 1352 979 1417 juraverunt.

536 1422 598 1470 Et
636 1410 803 1469 inovit
841 1415 1139 1470 Bacchides
1167 1422 1344 1468 castra
1378 1411 1447 1487 ab
1473 1410 1802 1473 Jerusalem,
1847 1421 1903 1487 et
1950 1425 2045 1487 ap-

462 1490 655 1559 plicuit
708 1490 761 1539 in
819 1487 1165 1539 Betlizeclia:
1226 1494 1299 1559 et_
1331 1484 1501 1543 misit,
1547 1491 1601 1533 et
1631 1482 2046 1559 comprehendit

465 1552 667 1613 inultos
694 1574 758 1609 ex
796 1573 877 1610 eis
923 1561 1010 1623 qui
1049 1572 1078 1608 a
1131 1570 1187 1606 se
1224 1553 1550 1619 cﬂ'tigerant,
1601 1562 1655 1605 et
1684 1555 1948 1623 quosdam
1978 1552 2044 1604 de

461 1628 666 1697 populo
693 1622 971 1697 mactavit,
1003 1626 1129 1678 etin
1152 1633 1376 1697 puteum
1398 1622 1936 1697 magnoinprojecit.

535 1690 598 1749 Et
628 1695 901 1749 commisit
932 1690 1474 1764 regionemAlcinlo,
1507 1690 1804 1764 el_rel_lt|ttit_
1826 1704 1949 1764 cum
1980 1706 2045 1764 eo

463 1768 730 1821 auxilium
765 1767 817 1818 in
852 1757 1189 1834 adjuforium
1225 1761 1353 1830 ipsi.
1387 1759 1455 1811 Et
1482 1759 1616 1812 abiit
1648 1757 1953 1812 Bacchides
1979 1760 2044 1812 ad

465 1854 698 1904 τυεευις

530 1924 594 1979 Et
621 1925 755 1978 satis
779 1923 977 1992 agebat
1007 1922 1251 1977 Alcimus
1278 1934 1381 1991 pro
1408 1918 1718 1988 principatu
1751 1917 2047 1974 sacerdotii

466 2011 577 2048 θυι.
1754 2044 1765 2055 ,

533 2085 598 2139 Et
630 2094 1008 2137 convenerunt
1043 2083 1109 2137 ad
1138 2098 1270 2137 eum
1299 2096 1492 2137 omnes
1518 2082 1613 2151 qui
1646 2080 2048 2150 perturbabant

466 2156 725 2224 pupulum
769 2169 949 2212 suum.
1008 2164 1063 2207 et
1094 2155 1453 2224 obtinuerunt
1498 2163 1698 2206 terram
1741 2152 1958 2215 ludam,
1992 2160 2048 2204 et

467 2223 720 2277 iecerunt
748 2225 957 2291 plagam
990 2239 1243 2292 magnam
1274 2224 1327 2275 in
1358 2223 1546 2276 Israel.

537 2297 601 2347 Et
628 2295 767 2346 vidit
798 2293 964 2345 .lodas
990 2291 1171 2345 omnia
1210 2294 1347 2345 mala
1377 2308 1498 2361 qua:
1523 2291 1649 2346 fecit
1683 2291 1950 2354 Alcimus.
1993 2304 2049 2349 et

469 2380 563 2432 qni
606 2378 729 2414 cuni
781 2378 847 2415 eo
898 2373 1074 2429 erant,
1132 2364 1258 2417 [illis
1295 2366 1392 2432 ιαι.
1434 2361 1556 2432 [illi]
1612 2362 1813 2428 Israel,
1874 2367 2049 2419 multo

468 2437 591 2503 plus
614 2449 778 2500 qnam
804 2444 1020 2500 gentes.

542 2504 608 2556 Et
633 2499 770 2553 exiit
803 2499 856 2554 in
887 2516 1077 2556 omnes
1105 2502 1241 2557 lines
1274 2499 1477 2555 ludam
1508 2501 1563 2554 in
1594 2500 1854 2564 circuitu.
1887 2514 1943 2557 et
1969 2507 2046 2558 l'e-

469 2574 547 2625 cit
595 2573 897 2624 vindictam
932 2576 984 2625 in
1020 2573 1172 2625 viros
1222 2576 1555 2635 desertores,
1591 2580 1646 2625 ct
1682 2585 2049 2630 cessaverunt

470 2652 613 2696 ultra
653 2645 805 2695 exire
842 2646 897 2694 in
927 2646 1229 2711 regionem.

539 2712 684 2765 Vidit
735 2722 920 2764 autem
953 2714 1196 2766 Alcimus
1223 2714 1370 2781 quod
1428 2716 1713 2781 praevaluit
1766 2713 1956 2777 Judas,
1993 2722 2050 2768 et

467 2785 559 2851 qui
593 2797 716 2834 cum
750 2800 817 2834 eo
850 2794 1006 2834 erant
1037 2802 1050 2835 :
1085 2793 1142 2835 et
1166 2784 1427 2850 COgIIOVll
1450 2786 1581 2853 quia
1613 2802 1719 2839 non
1754 2794 1932 2853 potest
1959 2800 2051 2838 su-

470 2858 672 2905 stinere
695 2867 811 2913 eos,
836 2860 891 2925 et
924 2868 1205 2925 regressus
1238 2866 1321 2908 est
1350 2857 1417 2907 ad
1446 2870 1653 2925 regem,
1687 2864 1745 2910 et
1767 2855 2050 2909 accusavit

472 2942 565 2976 eos
599 2934 785 2975 IllUlllS
816 2922 1165 2976 criminibus.

540 2994 776 3044 Etinisit
810 2991 1301 3063 ι’θινΝιυειιιυιὉιη,
1357 3010 1526 3047 unum
1582 3010 1647 3047 ex
1704 2992 2050 3063 principibus

474 3066 590 3115 suis
646 3062 1032 3121 nobilioribus.
1097 3064 1193 3131 qui
1253 3075 1371 3117 erat
1432 3062 1754 3118 inimicitias
1786 3080 2049 3118 exercens

470 3143 662 3203 contra
697 3133 897 3203 Israel:
932 3142 987 3184 et
1014 3133 1294 3203 mandavit
1327 3136 1373 3186 ei
1415 3144 1660 3187 evertere
1692 3135 1976 3203 populum.

2145 595 2207 631 cii
2246 578 2326 632 eis
2357 576 2571 630 centum
2604 579 2882 646 octoginta
2910 578 3151 647 quinque
3185 576 3349 628 millia
3387 589 3404 624 ε

2217 648 2305 701 Sic
2341 658 2565 701 contere
2598 649 2903 702 exercitum
2945 649 3109 701 istum
3167 647 3221 698 in
3283 656 3578 711 conspectu
3621 662 3713 698 no-

2146 728 2262 770 stro
2302 717 2507 770 hodie:
2537 728 2593 771 et
2629 718 2811 771 sciant
2840 718 3021 771 cancri
3058 716 3184 782 quia
3222 714 3359 768 male
3395 713 3610 767 locutus
3637 726 3713 768 est

2147 802 2316 854 super
2350 796 2535 841 sancta
2568 798 2656 840 tua
2690 803 2703 841 :
2744 795 2798 841 et
2828 787 3007 856 judica
3043 785 3194 839 illum
3232 783 3534 839 secundum
3577 786 3716 837 inali-

2146 858 2278 908 tiam
2318 856 2486 909 illius.

2221 924 2286 977 Et
2316 926 2714 979 commiserunt
2742 926 3019 979 exercitus
3048 923 3297 992 praelium
3326 922 3485 976 tertia
3516 922 3714 977 decima

2147 993 2237 1046 die
2268 996 2473 1047 mensis
2496 997 2642 1049 Adar
2672 1012 2684 1048 :
2722 1005 2775 1048 et
2813 998 3046 1047 contrita
3075 1001 3201 1047 sunt
3222 1002 3399 1047 castra
3420 992 3713 1056 Nicanoris,

2149 1073 2203 1116 et
2224 1064 2425 1115 cecidit
2450 1065 2563 1132 ipse
2589 1066 2799 1132 primus
2828 1064 2879 1115 in
2911 1064 3120 1133 prmlio.

2219 1133 2285 1188 Ut
2320 1130 2502 1185 autem
2542 1130 2677 1187 vidit
2710 1130 2987 1187 exercitus
3011 1136 3130 1199 ejus
3157 1134 3283 1197 quia
3319 1130 3714 1185 cecidissetNi-

2147 1218 2336 1272 canor,
2378 1204 2725 1272 projeccrnnt
2754 1218 2903 1254 arma
2933 1219 3028 1255 sua
3063 1212 3117 1254 et
3142 1202 3403 1272 fugerunt
3428 1217 3441 1250 :

2226 1271 2286 1322 Et
2326 1268 2599 1341 persecuti
2628 1283 2756 1326 sunt
2784 1274 3047 1341 eoshviain
3086 1272 3247 1323 unius
3278 1270 3388 1341 diei
3419 1268 3491 1321 ab
3514 1269 3714 1341 AAdazcr

2147 1339 2433 1409 usquequo
2473 1342 2724 1394 veniatur
2771 1343 2823 1394 in
2863 1339 3093 1404 Gazara,
3130 1350 3186 1393 et
3230 1340 3376 1394 tubis
3407 1339 3716 1393 cecinerunt

2147 1423 2267 1479 post
2295 1425 2388 1463 eos
2418 1426 2541 1463 cum
2572 1410 3067 1476 significationibus
3102 1425 3116 1467 :

2211 1480 2280 1533 Et
2319 1481 2571 1532 exierunt
2605 1482 2671 1533 de
2710 1481 2965 1534 omnibus
2997 1479 3237 1534 castellis
3282 1478 3487 1534 Indica
3537 1478 3588 1531 in
3623 1477 3719 1530 cir-

2150 1552 2325 1610 cuitu.
2356 1559 2411 1600 et
2458 1550 2797 1602 ventilabam
2823 1564 2919 1602 eos
2952 1551 3216 1603 cornibus
3240 1559 3296 1599 et
3324 1548 3717 1601 converteban-

2153 1629 2239 1670 tur
2270 1620 2468 1671 iterum
2514 1622 2579 1670 ad
2613 1635 2726 1682 eos,
2757 1628 2813 1671 et
2850 1621 3169 1673 ceciderunt
3210 1632 3400 1673 omnes
3447 1618 3647 1688 gladio,
3670 1629 3718 1671 et

2150 1703 2257 1740 non
2286 1697 2369 1740 est
2396 1690 2618 1742 relictus
2649 1704 2715 1741 ex
2755 1688 2835 1739 eis
2873 1703 2974 1740 nec
3014 1704 3177 1742 unus.

2226 1756 2293 1809 Et
2322 1769 2655 1823 acceperunt
2686 1758 2856 1824 spolia
2881 1772 3073 1811 eorum
3106 1761 3159 1811 in
3192 1757 3447 1826 praedam,
3484 1766 3544 1811 et
3569 1766 3720 1825 caput

2086 1859 2125 1913 Β
2157 1826 2444 1913 Nicanoris
2473 1837 2914 1913 amputaverunt,
2949 1828 3327 1913 et‘dexteram
3368 1828 3517 1897 ejus,
3554 1841 3719 1913 Iquain

2156 1899 2474 1966 extenderat
2510 1899 2766 1964 superbe,
2810 1906 2865 1950 et
2901 1898 3209 1952 attulerunt
3234 1907 3290 1950 et
3317 1897 3721 1966 suspenderunt

2154 1976 2342 2018 contra
2368 1965 2698 2019 Jerusalem.

2226 2033 2291 2086 Et
2325 2037 2537 2088 laetatus
2584 2048 2666 2089 est
2718 2039 2954 2106 populiis
2990 2035 3166 2099 valde,
3207 2044 3263 2090 et
3296 2045 3541 2104 egerunt
3588 2034 3719 2089 diem

2154 2102 2302 2178 illa_m
2341 2106 2395 2157 in
2425 2106 2609 2178 l'etitia
2651 2102 2863 2178 magna.

2226 2173 2290 2245 Et
2319 2176 2607 2245 constituit
2646 2173 3012 2241 agibiiiiiibus
3043 2175 3203 2229 annis
3231 2174 3378 2228 diem
3420 2174 3586 2228 istam
3623 2185 3724 2227 ter-

2155 2242 2226 2296 tia
2258 2242 2469 2298 decima
2507 2246 2595 2299 die
2621 2251 2821 2301 mensis
2852 2248 3016 2301 Allar.

2222 2310 2289 2367 Et
2316 2314 2465 2367 siluit
2499 2324 2643 2369 terra
2669 2318 2807 2370 Juda
2842 2319 2960 2371 dies
2983 2329 3208 2385 paucos.

2746 2429 2974 2485 CAPUT
3007 2428 3143 2485 VIII.

2223 2517 2523 2573 Etaudivit
2551 2520 2720 2575 Jtidas
2756 2536 2956 2575 nomen
2985 2521 3381 2584 Romanorum,
3435 2521 3571 2589 quia
3607 2531 3727 2577 sunt

2154 2600 2403 2656 potentes
2469 2592 2703 2653 viribus,
2756 2602 2811 2644 et
2860 2593 3221 2659 acquiescunt
3253 2591 3319 2642 ad
3374 2592 3567 2644 omnia
3616 2608 3727 2660 quae

2154 2660 2501 2726 postulantur
2531 2664 2597 2713 ab
2623 2663 2701 2715 eis
2728 2677 2742 2714 :
2775 2669 2830 2714 et
2886 2662 3204 2729 quicunque
3254 2671 3616 2714 accesserunt
3666 2665 3726 2713 ad

2150 2743 2266 2789 eos,
2325 2740 2638 2783 statuerunt
2691 2745 2815 2784 cum
2851 2735 2932 2785 eis
2981 2731 3273 2793 amicitias,
3332 2740 3390 2783 et
3439 2733 3577 2799 quia
3608 2740 3731 2785 sunt

2153 2808 2403 2865 potentes
2445 2802 2672 2853 viribus.

2222 2867 2285 2920 Et
2342 2870 2639 2921 audierunt
2695 2870 2874 2938 przelia
2929 2884 3146 2931 eorum,
3189 2877 3245 2923 et
3294 2868 3538 2925 virtutes
3569 2870 3731 2924 bonas

2153 2951 2290 3004 quas
2323 2938 2576 2991 fecerunt
2612 2942 2662 2991 in
2694 2942 2922 3002 Galatia,
2976 2940 3102 3008 quia
3148 2941 3535 3008 obtinuerunt.
3561 2956 3659 2994 eos
3683 2950 3734 2993 et

2150 3008 2429 3060 duxerunt
2462 3010 2563 3062 sub
2608 3010 2869 3063 tributum
2902 3024 2917 3064 :

2218 3079 2283 3127 Et
2314 3092 2517 3144 quanta
2553 3082 2802 3132 fecerunt
2836 3083 2888 3132 in
2915 3081 3139 3148 regione
3174 3078 3472 3146 Hispaniae,
3514 3086 3572 3132 et
3594 3078 3732 3147 quod

2158 3145 2212 3199 in
2275 3158 2599 3212 potestatein
2649 3145 3003 3215 redegerunt—
3028 3151 3246 3202 metalla
3279 3145 3500 3217 argenti
3536 3157 3593 3203 et
3615 3145 3734 3201 tauri

550 3202 614 3254 Et
644 3211 789 3254 venit
818 3201 1632 3288 Nicanor'inllerusalein“cum
1659 3201 1905 3281 exercitu
1938 3217 2051 3255 ma-

2197 3201 2288 3268 ιιίιιξ⁸
2319 3218 2429 3269 Illic
2459 3229 2611 3280 sunt,
2642 3229 2696 3271 et
2720 3201 3107 3288 possederunt
3128 3201 3370 3272 oninenf
3386 3201 3580 3273 locum
3607 3234 3733 3272 cou-

470 3288 606 3340 gito,
648 3283 702 3324 et
739 3272 889 3323 misit
933 3276 999 3323 ad
1050 3271 1271 3337 Judam,
1305 3287 1361 3327 et
1390 3275 1457 3326 ad
1486 3274 1685 3327 fratres
1713 3274 1832 3341 ejus
1864 3276 2045 3326 verbis

472 3344 716 3413 pacilicis
745 3355 869 3392 cuin
901 3342 1051 3403 dolo,
1074 3343 1277 3413 dicens
1300 3359 1316 3398 :

550 3413 666 3462 i\on
716 3414 787 3463 sit
837 3426 1015 3480 pugna
1070 3411 1217 3465 inter
1252 3427 1340 3464 me
1377 3420 1432 3465 et
1491 3427 1589 3466 vos
1622 3430 1636 3465 :
1674 3411 1889 3466 veniam
1922 3426 2047 3466 cum

477 3481 611 3534 viris
650 3482 859 3548 paucis,
895 3492 953 3533 ut
981 3483 1193 3535 videam
1228 3481 1397 3535 facies
1422 3492 1638 3535 vestras
1666 3498 1790 3537 cuin
1826 3497 1981 3550 pace.

547 3552 611 3602 Et
650 3553 800 3603 venit
843 3555 909 3603 ad
944 3551 1161 3612 Judam,
1203 3561 1260 3605 et
1306 3555 1679 3605 salutaverunt
1723 3569 1783 3605 se
1815 3567 2051 3606 inVicein

476 3623 705 3690 pacilice
735 3635 750 3673 ;
780 3632 835 3673 et
868 3625 1050 3674 hostes
1079 3624 1251 3688 parati
1281 3633 1440 3675 erant
1469 3637 1661 3690 rapere
1684 3622 1907 3676 ludam.

548 3691 612 3742 Et
642 3694 870 3744 innotuit
894 3691 1265 3756 serinoJudae,
1293 3694 1551 3760 quoniam
1576 3708 1699 3745 cum
1732 3693 1859 3745 dolo
1892 3706 2055 3744 vene-

478 3771 607 3817 rant
629 3766 696 3813 ad
733 3778 858 3813 enm
893 3778 907 3814 :
941 3773 995 3813 et
1037 3766 1373 3816 conterritus
1403 3771 1488 3816 est
1518 3764 1586 3815 ab
1617 3777 1707 3827 eo,
1732 3774 1788 3815 et
1820 3762 2055 3830 amplius

482 3835 659 3904 nolint
689 3834 871 3885 videre
900 3834 1093 3904 faciem
1117 3834 1255 3904 ejus.

551 3901 616 3953 Et
639 3904 890 3970 cognovit
909 3900 1429 3971 Nicanor'qooniam
1455 3900 1791 3954 denudatum
1818 3907 1903 3953 est
1924 3914 2057 3953 con-

480 3972 664 4027 blllum
700 3974 861 4037 ejus:
922 3984 978 4025 et
1028 3976 1198 4026 eiiivit
1241 3974 1456 4025 obviam
1504 3972 1658 4025 Judae
1703 3974 1761 4024 in
1816 3986 2055 4039 pugnaui

475 4054 633 4112 juxta
669 4041 1116 4112 Gapbarsalaaia.

557 4112 626 4163 Et
651 4115 1051 4166 cecideruntde
1076 4111 1361 4165 Nicanoris
1389 4110 1633 4164 exercitu
1670 4111 1786 4164 fere
1809 4111 2061 4179 quinque

485 4184 656 4235 millia
691 4184 815 4246 viri,
847 4194 901 4236 et
933 4185 1187 4248 fugerunt
1217 4198 1271 4234 in
1303 4185 1583 4234 Civitatem
1619 4181 1810 4233 David.

561 4254 623 4305 lit
653 4266 770 4321 post
808 4255 922 4305 inec
971 4254 1133 4305 verba
1164 4254 1413 4305 ascendit
1442 4252 1679 4304 Nicanor
1728 4252 1781 4303 in
1818 4258 2059 4303 montem

487 4327 642 4382 ἑὸωιι,
678 4335 730 4377 et
779 4333 1030 4376 CXICI'UIII.
1063 4326 1131 4375 de
1164 4324 1541 4375 sacerdotibus
1581 4322 1767 4388 pepuli
1819 4326 2062 4374 salutare

483 4409 611 4449 eum
645 4410 697 4444 in
732 4410 884 4461 pace,
917 4405 973 4446 et
994 4398 1370 4446 demonstrare
1398 4392 1450 4445 ei
1470 4392 1909 4444 liolocautoinata
1939 4407 2061 4459 qua:

485 4467 858 4518 otlerebantur
894 4480 991 4532 pro
1026 4480 1173 4530 rege.

2154 3290 2278 3338 sitio
2300 3302 2419 3349 suo,
2446 3299 2499 3340 et
2531 3290 2817 3355 patientia.

2220 3356 2474 3425 Locaque
2506 3374 2627 3424 qua:
2658 3359 2815 3427 longe
2847 3366 3004 3411 erant
3037 3358 3196 3411 valde
3219 3359 3287 3412 ab
3312 3359 3412 3423 eis,
3479 3369 3538 3412 et
3588 3374 3735 3428 reges

2153 3428 2246 3493 qui
2288 3435 2723 3493 supervenerant
2755 3429 2838 3481 eis
2870 3432 2937 3480 ab
2964 3430 3229 3482 extremis
3266 3440 3423 3482 terra:
3457 3441 3737 3483 contrive-

2157 3505 2306 3555 runt,
2339 3511 2393 3550 et
2424 3507 2817 3565 pereus‘Serunt
2838 3514 2933 3552 eos
2966 3500 3116 3566 plaga
3147 3514 3339 3566 magna
3373 3515 3386 3551 :
3420 3503 3618 3553 czeteri
3650 3516 3739 3551 au-

2157 3575 2264 3618 tem
2297 3566 2431 3617 dant
2460 3570 2541 3621 eis
2574 3569 2836 3621 tributum
2875 3572 3133 3620 omnibus
3156 3570 3340 3623 annis.

2233 3635 2297 3687 Et
2326 3635 2636 3705 Philippum
2690 3647 2746 3690 et
2794 3640 2991 3691 Persen
3043 3638 3394 3690 Celliieoruni
3451 3651 3738 3709 regeni,et

2156 3718 2386 3759 CathCI‘OS
2418 3722 2507 3774 qui
2559 3713 2851 3761 adversum
2890 3723 2990 3760 eos
3022 3722 3172 3759 arma
3206 3711 3471 3771 tulerant,
3539 3723 3740 3764 cantri-

2163 3786 2359 3828 verunt
2388 3782 2438 3827 in
2474 3778 2637 3841 bello,
2674 3789 2730 3829 et
2765 3782 3125 3830 obtinuerunt
3151 3792 3270 3830 eos.

2238 3847 2300 3897 Et
2324 3847 2656 3919 Antiochum
2690 3847 2941 3916 Magnum
2978 3862 3159 3915 regem
3187 3848 3351 3919 Asius,
3378 3849 3479 3914 qui
3517 3856 3603 3903 eis
3644 3867 3740 3919 pii-

2161 3928 2320 3980 gnain
2356 3917 2639 3981 intulerat,
2674 3918 2885 3969 habens
2906 3928 3126 3970 centum
3159 3917 3346 3984 viginti
3378 3917 3735 3987 elephantos,

2160 3997 2215 4037 et
2266 3997 2595 4053 eqoitatuin,
2635 3997 2689 4038 et
2749 4003 2969 4053 currus,
3029 3996 3086 4040 et
3136 3987 3444 4040 exercitum
3485 4006 3741 4058 magnum

2161 4058 2342 4119 valde,
2378 4057 2673 4108 contritum
2700 4058 2768 4108 ab
2793 4059 2893 4109 eis.

2237 4125 2300 4178 Et
2331 4126 2457 4193 quia
2488 4136 2755 4193 ceperunt
2780 4141 2907 4178 enni
2933 4126 3139 4189 vivum,
3171 4135 3228 4179 et
3257 4134 3583 4180 statuerunt
3612 4130 3661 4181 ei
3689 4138 3744 4181 ut

2162 4193 2321 4248 daret
2355 4196 2492 4263 ipse,
2528 4210 2584 4248 et
2617 4196 2711 4264 qui
2746 4206 3039 4263 regnarent
3090 4206 3212 4263 post
3242 4199 3445 4265 ipsum,
3480 4201 3741 4252 tributum

2165 4280 2441 4331 maguum,
2474 4275 2531 4318 et
2560 4268 2717 4319 daret
2740 4269 2987 4331 obsides,
3023 4276 3077 4319 et
3108 4277 3502 4329 constitutum,

2236 4337 2303 4387 lat
2335 4350 2612 4403 regionem
2645 4338 2926 4401 ludorum,
2958 4346 3014 4389 et
3044 4336 3251 4399 Medos,
3307 4346 3362 4389 et
3412 4335 3626 4402 Lydos,
3681 4341 3743 4393 dc

2165 4406 2390 4472 optimis
2425 4408 2741 4473 regionibus
2784 4422 3000 4472 eorum,
3050 4418 3105 4460 et
3138 4417 3391 4475 acceptas
3420 4420 3520 4459 eas
3545 4420 3616 4463 ab
3646 4426 3743 4475 eis,

2167 4482 2441 4546 dederunt
2479 4476 2711 4530 Eumeni
2741 4478 2853 4546 regi
2888 4500 2900 4532 ε

559 4536 626 4587 Et
651 4530 1121 4603 ii-riuens’sprevit
1149 4548 1267 4598 eos,
1299 4542 1355 4585 et
1391 4530 1583 4599 polluit
1611 4546 1626 4587 ;
1650 4540 1706 4586 et
1728 4531 1950 4586 locutus
1977 4541 2060 4586 cst

2234 4544 2299 4597 Et
2326 4548 2450 4613 quia
2476 4548 2566 4614 qui
2596 4557 2758 4600 erant
2795 4530 2941 4614 apud
2975 4547 3277 4609 llelladam,
3311 4549 3616 4604 voluerunt
3648 4552 3742 4613 ire,

484 4610 747 4672 superbe.

558 4699 625 4749 Et
674 4697 879 4765 juravit
913 4710 1037 4747 cum
1082 4696 1183 4760 ira,
1219 4695 1448 4755 dicens:
1480 4696 1596 4751 Nisi
1631 4695 1865 4749 traditus
1896 4695 2064 4748 fuerit

482 4769 654 4825 Jmlas
693 4780 746 4819 et
790 4766 1062 4818 exercitus
1092 4780 1211 4834 ejus
1260 4768 1316 4817 in
1350 4783 1546 4821 manus
1596 4782 1768 4829 ineas,
1798 4769 2064 4818 continuo

488 4852 613 4888 cu.n
651 4852 929 4905 regressus
961 4835 1116 4887 luero
1167 4852 1220 4888 ιιι
1255 4853 1405 4905 pace,
1454 4839 1785 4891 succendain
1838 4838 2063 4888 domum

488 4910 671 4961 istam.
707 4910 769 4957 Li
799 4917 932 4957 exnt
960 4921 1084 4958 cum
1120 4909 1195 4957 ira
1235 4923 1446 4975 magna.

563 4981 625 5027 lat
660 4982 1005 5029 intraverunt
1041 4979 1381 5039 saCerdotes,
1431 4987 1486 5030 et
1520 4985 1795 5030 steterunt
1826 4988 1954 5029 ante
1986 4978 2063 5029 la-

490 5062 629 5101 eteni
666 5049 856 5099 altaris
889 5061 944 5099 et
974 5048 1157 5113 templi
1190 5065 1202 5099 ;
1233 5058 1287 5099 et
1314 5048 1509 5101 llentes
1540 5049 1801 5101 dixerunt
1834 5061 1848 5101 :

561 5118 662 5180 'l‘n,
706 5119 952 5181 Domine,
1006 5117 1216 5184 elegisti
1250 5120 1471 5170 domum
1500 5121 1659 5171 istam
1689 5120 1755 5170 ad
1806 5119 2067 5170 invocan-

487 5188 619 5243 diini
659 5204 857 5240 nomen
891 5198 1042 5240 tuoin
1092 5204 1147 5239 in
1178 5204 1262 5249 ca,
1299 5205 1353 5240 ut
1388 5199 1537 5242 esset
1566 5199 1763 5241 donius
1791 5200 2063 5241 orationis

492 5273 546 5314 ct
574 5270 974 5311 obsecrationis
1010 5264 1212 5326 populo
1243 5271 1355 5311 tuo.

559 5329 664 5383 Fac
699 5330 1001 5382 vindictam
1055 5331 1108 5380 in
1155 5340 1377 5383 nomine
1414 5329 1537 5395 isto,
1567 5338 1621 5382 et
1649 5329 1894 5381 exercitu
1924 5328 2063 5398 ejus,

489 5409 545 5454 et
574 5400 773 5453 eadunt
810 5415 862 5452 ιιι
895 5400 1074 5469 gladio
1104 5416 1115 5450 :
1145 5415 1419 5452 memento
1453 5403 1824 5468 blasphemias
1851 5416 2065 5462 eorum,

487 5485 636 5525 etne
667 5473 887 5524 dederis
916 5486 995 5522 eis
1028 5479 1085 5520 ut
1120 5482 1494 5537 permaneant.

564 5543 627 5594 Et
658 5544 790 5595 exiit
818 5540 1054 5594 Nicanor
1083 5553 1151 5592 ao
1167 5541 1492 5604 JCI'Usa.t:ltl,
1517 5548 1571 5592 et
1601 5548 1778 5592 castra
1806 5538 2069 5605 applicuit

491 5612 559 5664 ad
593 5613 871 5665 Betlioroii
905 5631 919 5665 :
956 5621 1011 5662 et
1040 5619 1289 5661 occurrit
1322 5613 1395 5661 illi
1424 5620 1704 5662 exercitus
1735 5610 1923 5676 Syri-te.

566 5686 630 5733 lat
653 5685 821 5735 ludas
855 5682 1117 5750 applicuit
1146 5684 1196 5732 in
1236 5681 1440 5733 Adarsa
1468 5697 1592 5733 cum
1630 5682 1805 5733 tribus
1832 5680 2070 5733 millibus

492 5751 662 5805 viris:
695 5762 749 5805 et
776 5763 952 5804 Ul'aHl
979 5752 1169 5812 ludas,
1202 5763 1257 5801 et
1287 5754 1420 5805 dixit
1456 5768 1469 5803 :

566 5822 668 5880 lini
723 5820 874 5877 missi
919 5831 1075 5875 erant
1125 5839 1152 5874 a
1188 5838 1313 5888 rete
1363 5822 1757 5885 δυιινιιςιιιξτίι),
1818 5821 2064 5881 Domine,

2166 4626 2223 4670 et
2256 4617 2444 4669 tollere
2472 4633 2564 4668 eos
2588 4636 2604 4673 ς
2631 4627 2685 4670 et
2713 4621 2953 4669 innotuit
2980 4634 3160 4671 sermo
3190 4617 3298 4680 bis,

2241 4689 2309 4740 lat
2345 4688 2612 4739 miserunt
2645 4690 2711 4739 ad
2745 4703 2841 4740 eos
2870 4692 3065 4742 duceni
3108 4702 3274 4738 unua:
3308 4706 3320 4739 :
3375 4700 3428 4741 et
3463 4707 3747 4760 pugnave-

2170 4768 2299 4811 runt
2350 4768 2542 4810 contra
2596 4760 2741 4821 illos,
2792 4767 2848 4810 et
2882 4764 3203 4815 ceciderunt
3235 4771 3300 4809 ex
3338 4773 3422 4810 eis
3476 4772 3662 4821 inulti,
3695 4773 3747 4813 ct

2167 4830 2411 4895 Captivas
2445 4829 2723 4880 duxerunt
2772 4843 2974 4882 uxores
3016 4842 3206 4881 eorum
3237 4839 3292 4878 et
3326 4828 3494 4892 lilios,
3531 4842 3591 4884 et
3625 4836 3752 4883 diri-

2170 4908 2409 4966 puerunt
2444 4913 2562 4958 eos,
2592 4910 2648 4951 et
2682 4910 2883 4950 terrain
2915 4914 3105 4951 eorum
3151 4903 3557 4964 possederunt,
3586 4916 3641 4954 et
3664 4908 3751 4952 lle-

2168 4982 2495 5021 struxerunt
2556 4984 2743 5020 muros
2783 4984 2999 5033 eorum,
3061 4980 3116 5022 et
3168 4983 3222 5017 ιιι
3267 4981 3602 5023 servuutein
3637 4974 3751 5023 illos

2169 5041 2497 5107 redegerunt
2526 5055 2699 5106 usque
2729 5038 2785 5089 in
2822 5040 2967 5092 hunc
2998 5039 3142 5091 diem
3179 5052 3194 5091 ;

2231 5110 2298 5161 Et
2334 5110 2549 5161 reSIdua
2583 5125 2766 5176 regna.
2804 5121 2859 5160 et
2890 5114 3121 5171 insulas,
3145 5122 3267 5174 quae
3296 5108 3609 5176 aliquando
3674 5126 3753 5162 rc-

2170 5190 2428 5232 Stiterant
2480 5187 2605 5243 illis,
2634 5181 3162 5241 exterininavernnt,
3218 5194 3276 5230 et
3315 5193 3369 5229 ιιι
3402 5191 3745 5247 potestatem

2173 5259 2522 5316 redegerunt.

2235 5326 2372 5372 tum
2403 5335 2594 5372 amicis
2632 5330 2812 5371 autem
2848 5319 2986 5380 suis,
3020 5327 3075 5371 et
3132 5324 3220 5383 qui
3251 5319 3304 5370 in
3338 5318 3476 5388 ipsis
3503 5324 3755 5390 requiem

2172 5390 2468 5451 habebant,
2531 5400 3001 5463 conservaverunt
3061 5389 3160 5460 [αι.
3210 5400 3267 5442 et
3320 5389 3755 5463 conservatum]

2171 5476 2487 5524 amicitiam,
2525 5474 2578 5511 et
2608 5460 2965 5512 obtinuerunt
2998 5476 3181 5529 regna.
3216 5475 3335 5527 qua:
3361 5472 3527 5512 erant
3568 5460 3759 5530 prosi;

2175 5547 2260 5581 ina
2300 5541 2356 5581 et
2385 5545 2507 5597 quae
2546 5541 2704 5583 erant
2762 5535 2922 5599 longe
2968 5548 2981 5586 ;
3020 5535 3146 5597 quia
3187 5544 3509 5599 quicunque
3570 5535 3760 5586 auaie-

2174 5610 2302 5653 bant
2333 5618 2534 5654 nomen
2568 5615 2784 5664 eorum,
2821 5604 3087 5654 timebant
3113 5619 3204 5653 eos
3234 5615 3249 5654 :

2248 5673 2459 5735 Quibus
2488 5686 2614 5722 vero
2639 5676 2842 5722 vellent
2862 5676 3068 5724 auxilio
3086 5688 3205 5724 esse
3231 5679 3294 5722 ut
3321 5680 3653 5737 regnarent,
3682 5683 3761 5719 re-

2176 5752 2416 5811 gnabant
2445 5751 2457 5787 :
2493 5756 2630 5808 quos
2665 5750 2845 5795 autem
2880 5745 3101 5808 vellent,
3138 5759 3305 5811 regno
3336 5743 3757 5794 deturbabant:

2177 5832 2228 5867 ιι
2253 5811 2471 5865 cxaltati
2508 5820 2655 5864 sunt.
