  <div class='ocr_page' id='page_1' title='image "/cluster/home/n/w/nwhite01/storage/ocr_20150623/29/hvd.32044096580519/272.png"; bbox 0 0 3840 6176; ppageno 0'>
   <div class='ocr_carea' id='block_1_1' title="bbox 126 174 2222 245">
    <p class='ocr_par' dir='ltr' id='par_1_1' title="bbox 126 174 2222 245">
     <span class='ocr_line' id='line_1_1' title="bbox 126 174 2222 245; baseline -0.002 -1"><span class='ocrx_word' id='word_1_1' title='bbox 126 179 212 245; x_wconf 74' lang='lat'><strong>513</strong></span> <span class='ocrx_word' id='word_1_2' title='bbox 1253 176 1490 237; x_wconf 79' lang='lat' dir='ltr'><strong>LIBER</strong></span> <span class='ocrx_word' id='word_1_3' title='bbox 1529 178 1551 235; x_wconf 91' lang='grc' dir='ltr'>Ι</span> <span class='ocrx_word' id='word_1_4' title='bbox 1597 174 2222 239; x_wconf 72' lang='lat' dir='ltr'><strong>MACHAB/EURUM.</strong></span> 
     </span>
    </p>
   </div>
   <div class='ocr_carea' id='block_1_2' title="bbox 3240 176 3341 231">
    <p class='ocr_par' dir='ltr' id='par_1_2' title="bbox 3240 176 3341 231">
     <span class='ocr_line' id='line_1_2' title="bbox 3240 176 3341 231; baseline -0.02 0"><span class='ocrx_word' id='word_1_5' title='bbox 3240 176 3341 231; x_wconf 70' lang='grc' dir='ltr'><strong>ξιί</strong></span> 
     </span>
    </p>
   </div>
   <div class='ocr_carea' id='block_1_3' title="bbox 172 279 3345 354">
    <p class='ocr_par' dir='ltr' id='par_1_3' title="bbox 172 279 3345 354">
     <span class='ocr_line' id='line_1_3' title="bbox 172 279 3345 354; baseline -0.003 -10"><span class='ocrx_word' id='word_1_6' title='bbox 172 291 233 344; x_wconf 81' lang='lat' dir='ltr'><strong>Et</strong></span> <span class='ocrx_word' id='word_1_7' title='bbox 258 290 312 343; x_wconf 91' lang='lat' dir='ltr'><strong>in</strong></span> <span class='ocrx_word' id='word_1_8' title='bbox 351 288 611 344; x_wconf 86' lang='lat' dir='ltr'><strong>omnibus</strong></span> <span class='ocrx_word' id='word_1_9' title='bbox 647 287 764 341; x_wconf 71' lang='lat' dir='ltr'><strong>istis</strong></span> <span class='ocrx_word' id='word_1_10' title='bbox 800 300 958 340; x_wconf 89' lang='lat' dir='ltr'><strong>nemo</strong></span> <span class='ocrx_word' id='word_1_11' title='bbox 985 283 1234 354; x_wconf 72' lang='lat' dir='ltr'><strong>portabat</strong></span> <span class='ocrx_word' id='word_1_12' title='bbox 1266 284 1538 347; x_wconf 86' lang='lat' dir='ltr'><strong>diadema,</strong></span> <span class='ocrx_word' id='word_1_13' title='bbox 1576 302 1672 339; x_wconf 84' lang='lat' dir='ltr'><strong>nee</strong></span> <span class='ocrx_word' id='word_1_14' title='bbox 1709 294 1745 344; x_wconf 72' lang='grc' dir='ltr'><strong>Α</strong></span> <span class='ocrx_word' id='word_1_15' title='bbox 1776 285 1899 348; x_wconf 75' lang='lat' dir='ltr'><strong>quia</strong></span> <span class='ocrx_word' id='word_1_16' title='bbox 1936 300 2040 336; x_wconf 90' lang='lat' dir='ltr'><strong>non</strong></span> <span class='ocrx_word' id='word_1_17' title='bbox 2081 284 2315 335; x_wconf 76' lang='lat' dir='ltr'><strong>habebat</strong></span> <span class='ocrx_word' id='word_1_18' title='bbox 2341 294 2552 350; x_wconf 80' lang='lat' dir='ltr'><strong>tempus</strong></span> <span class='ocrx_word' id='word_1_19' title='bbox 2588 279 2954 350; x_wconf 80' lang='lat' dir='ltr'><strong>rongregandi</strong></span> <span class='ocrx_word' id='word_1_20' title='bbox 2985 294 3100 343; x_wconf 89' lang='lat' dir='ltr'><strong>eos,</strong></span> <span class='ocrx_word' id='word_1_21' title='bbox 3144 290 3197 334; x_wconf 80' lang='lat' dir='ltr'><strong>et</strong></span> <span class='ocrx_word' id='word_1_22' title='bbox 3231 284 3345 335; x_wconf 72' lang='lat' dir='ltr'><strong>dis—</strong></span> 
     </span>
    </p>
   </div>
   <div class='ocr_carea' id='block_1_4' title="bbox 116 356 1422 427">
    <p class='ocr_par' dir='ltr' id='par_1_4' title="bbox 116 356 1422 427">
     <span class='ocr_line' id='line_1_4' title="bbox 116 356 1422 427; baseline -0.005 -15"><span class='ocrx_word' id='word_1_23' title='bbox 116 361 426 412; x_wconf 80' lang='lat' dir='ltr'><strong>indueliatur</strong></span> <span class='ocrx_word' id='word_1_24' title='bbox 449 374 686 427; x_wconf 76' lang='lat' dir='ltr'><strong>purpura</strong></span> <span class='ocrx_word' id='word_1_25' title='bbox 713 369 769 409; x_wconf 91' lang='lat' dir='ltr'><strong>ut</strong></span> <span class='ocrx_word' id='word_1_26' title='bbox 793 356 1233 423; x_wconf 85' lang='lat' dir='ltr'><strong>inagiiilicaretur</strong></span> <span class='ocrx_word' id='word_1_27' title='bbox 1262 356 1422 427; x_wconf 75' lang='lat' dir='ltr'><strong>inea.</strong></span> 
     </span>
    </p>
   </div>
   <div class='ocr_carea' id='block_1_5' title="bbox 177 417 1676 496">
    <p class='ocr_par' dir='ltr' id='par_1_5' title="bbox 177 417 1676 496">
     <span class='ocr_line' id='line_1_5' title="bbox 177 417 1676 496; baseline -0.011 -13"><span class='ocrx_word' id='word_1_28' title='bbox 177 430 237 483; x_wconf 82' lang='lat' dir='ltr'><strong>Et</strong></span> <span class='ocrx_word' id='word_1_29' title='bbox 256 429 382 496; x_wconf 88' lang='lat' dir='ltr'><strong>quia</strong></span> <span class='ocrx_word' id='word_1_30' title='bbox 407 417 617 480; x_wconf 72' lang='lat' dir='ltr'><strong>curiam</strong></span> <span class='ocrx_word' id='word_1_31' title='bbox 643 417 1041 496; x_wconf 50' lang='lat' dir='ltr'><strong>fecerunt&#39;sibi.</strong></span> <span class='ocrx_word' id='word_1_32' title='bbox 1071 424 1390 491; x_wconf 87' lang='lat' dir='ltr'><strong>etquotidie</strong></span> <span class='ocrx_word' id='word_1_33' title='bbox 1424 417 1676 496; x_wconf 82' lang='lat' dir='ltr'><strong>consule-</strong></span> 
     </span>
    </p>
   </div>
   <div class='ocr_carea' id='block_1_6' title="bbox 114 490 1675 564">
    <p class='ocr_par' dir='ltr' id='par_1_6' title="bbox 114 490 1675 564">
     <span class='ocr_line' id='line_1_6' title="bbox 114 490 1675 564; baseline -0.008 -13"><span class='ocrx_word' id='word_1_34' title='bbox 114 500 226 551; x_wconf 86' lang='lat' dir='ltr'><strong>bant</strong></span> <span class='ocrx_word' id='word_1_35' title='bbox 248 490 530 550; x_wconf 78' lang='lat' dir='ltr'><strong>trecentos</strong></span> <span class='ocrx_word' id='word_1_36' title='bbox 558 497 768 564; x_wconf 80' lang='lat' dir='ltr'><strong>viginti,</strong></span> <span class='ocrx_word' id='word_1_37' title='bbox 799 495 1092 548; x_wconf 85' lang='lat' dir='ltr'><strong>consilium</strong></span> <span class='ocrx_word' id='word_1_38' title='bbox 1120 490 1343 561; x_wconf 79' lang='lat' dir='ltr'><strong>agentes</strong></span> <span class='ocrx_word' id='word_1_39' title='bbox 1376 503 1589 556; x_wconf 95' lang='lat' dir='ltr'><strong>semper</strong></span> <span class='ocrx_word' id='word_1_40' title='bbox 1609 490 1675 539; x_wconf 88' lang='lat' dir='ltr'><strong>de</strong></span> 
     </span>
    </p>
   </div>
   <div class='ocr_carea' id='block_1_7' title="bbox 114 566 1320 634">
    <p class='ocr_par' dir='ltr' id='par_1_7' title="bbox 114 566 1320 634">
     <span class='ocr_line' id='line_1_7' title="bbox 114 566 1320 634; baseline -0.004 -12"><span class='ocrx_word' id='word_1_41' title='bbox 114 568 477 625; x_wconf 86' lang='lat' dir='ltr'><strong>multitudine.</strong></span> <span class='ocrx_word' id='word_1_42' title='bbox 517 578 577 618; x_wconf 93' lang='lat' dir='ltr'><strong>ut</strong></span> <span class='ocrx_word' id='word_1_43' title='bbox 610 582 730 634; x_wconf 61' lang='lat' dir='ltr'><strong>quae</strong></span> <span class='ocrx_word' id='word_1_44' title='bbox 752 566 916 633; x_wconf 86' lang='lat' dir='ltr'><strong>digna</strong></span> <span class='ocrx_word' id='word_1_45' title='bbox 948 575 1076 634; x_wconf 88' lang='lat' dir='ltr'><strong>sunt</strong></span> <span class='ocrx_word' id='word_1_46' title='bbox 1106 573 1320 631; x_wconf 82' lang='lat' dir='ltr'><strong>gerant.</strong></span> 
     </span>
    </p>
   </div>
   <div class='ocr_carea' id='block_1_8' title="bbox 170 633 1674 699">
    <p class='ocr_par' dir='ltr' id='par_1_8' title="bbox 170 633 1674 699">
     <span class='ocr_line' id='line_1_8' title="bbox 170 633 1674 699; baseline -0.009 -8"><span class='ocrx_word' id='word_1_47' title='bbox 170 638 231 691; x_wconf 84' lang='lat' dir='ltr'><strong>Et</strong></span> <span class='ocrx_word' id='word_1_48' title='bbox 298 633 659 690; x_wconf 90' lang='lat' dir='ltr'><strong>committunt</strong></span> <span class='ocrx_word' id='word_1_49' title='bbox 694 637 783 688; x_wconf 93' lang='lat' dir='ltr'><strong>uni</strong></span> <span class='ocrx_word' id='word_1_50' title='bbox 846 633 1057 687; x_wconf 82' lang='lat' dir='ltr'><strong>homini</strong></span> <span class='ocrx_word' id='word_1_51' title='bbox 1097 634 1474 699; x_wconf 74' lang='lat' dir='ltr'><strong>magistratum</strong></span> <span class='ocrx_word' id='word_1_52' title='bbox 1518 642 1674 681; x_wconf 86' lang='lat' dir='ltr'><strong>suum</strong></span> 
     </span>
    </p>
   </div>
   <div class='ocr_carea' id='block_1_9' title="bbox 116 703 1671 775">
    <p class='ocr_par' dir='ltr' id='par_1_9' title="bbox 116 703 1671 775">
     <span class='ocr_line' id='line_1_9' title="bbox 116 703 1671 775; baseline -0.008 -16"><span class='ocrx_word' id='word_1_53' title='bbox 116 724 195 775; x_wconf 83' lang='lat' dir='ltr'><strong>per</strong></span> <span class='ocrx_word' id='word_1_54' title='bbox 219 707 473 773; x_wconf 81' lang='lat' dir='ltr'><strong>singulos</strong></span> <span class='ocrx_word' id='word_1_55' title='bbox 510 721 704 775; x_wconf 86' lang='lat' dir='ltr'><strong>annos,</strong></span> <span class='ocrx_word' id='word_1_56' title='bbox 737 704 1011 775; x_wconf 79' lang='lat' dir='ltr'><strong>dominari</strong></span> <span class='ocrx_word' id='word_1_57' title='bbox 1049 703 1511 775; x_wconf 73' lang='lat' dir='ltr'><strong>liniversa:_t_errie</strong></span> <span class='ocrx_word' id='word_1_58' title='bbox 1536 712 1671 757; x_wconf 71' lang='lat' dir='ltr'><strong>sine,</strong></span> 
     </span>
    </p>
   </div>
   <div class='ocr_carea' id='block_1_10' title="bbox 117 769 1678 836">
    <p class='ocr_par' dir='ltr' id='par_1_10' title="bbox 117 769 1678 836">
     <span class='ocr_line' id='line_1_10' title="bbox 117 769 1678 836; baseline -0.007 -7"><span class='ocrx_word' id='word_1_59' title='bbox 117 769 160 829; x_wconf 69' lang='lat' dir='ltr'><strong>ct</strong></span> <span class='ocrx_word' id='word_1_60' title='bbox 187 769 373 829; x_wconf 78' lang='lat' dir='ltr'><strong>omnes</strong></span> <span class='ocrx_word' id='word_1_61' title='bbox 428 769 697 829; x_wconf 87' lang='lat' dir='ltr'><strong>obediunt</strong></span> <span class='ocrx_word' id='word_1_62' title='bbox 750 774 866 836; x_wconf 89' lang='lat' dir='ltr'><strong>uni,</strong></span> <span class='ocrx_word' id='word_1_63' title='bbox 898 784 955 827; x_wconf 92' lang='lat' dir='ltr'><strong>et</strong></span> <span class='ocrx_word' id='word_1_64' title='bbox 979 787 1085 825; x_wconf 92' lang='lat' dir='ltr'><strong>non</strong></span> <span class='ocrx_word' id='word_1_65' title='bbox 1116 781 1201 824; x_wconf 89' lang='lat' dir='ltr'><strong>est</strong></span> <span class='ocrx_word' id='word_1_66' title='bbox 1228 769 1457 831; x_wconf 82' lang='lat' dir='ltr'><strong>invidia,</strong></span> <span class='ocrx_word' id='word_1_67' title='bbox 1500 780 1678 834; x_wconf 89' lang='lat' dir='ltr'><strong>neque</strong></span> 
     </span>
    </p>
   </div>
   <div class='ocr_carea' id='block_1_11' title="bbox 119 846 1673 916">
    <p class='ocr_par' dir='ltr' id='par_1_11' title="bbox 119 846 1673 916">
     <span class='ocr_line' id='line_1_11' title="bbox 119 846 1673 916; baseline 0.012 -18"><span class='ocrx_word' id='word_1_68' title='bbox 119 847 244 916; x_wconf 79' lang='lat' dir='ltr'><strong>telus</strong></span> <span class='ocrx_word' id='word_1_69' title='bbox 273 846 425 897; x_wconf 87' lang='lat' dir='ltr'><strong>inter</strong></span> <span class='ocrx_word' id='word_1_70' title='bbox 460 859 578 916; x_wconf 66' lang='lat' dir='ltr'><strong>eos.</strong></span> <span class='ocrx_word' id='word_1_71' title='bbox 682 910 720 916; x_wconf 35' lang='grc' dir='ltr'><strong><em>Δ</em></strong></span> <span class='ocrx_word' id='word_1_72' title='bbox 837 911 852 916; x_wconf 88' lang='lat'>_</span> <span class='ocrx_word' id='word_1_73' title='bbox 1112 911 1176 916; x_wconf 82' lang='lat'><strong>___</strong></span> <span class='ocrx_word' id='word_1_74' title='bbox 1313 910 1325 916; x_wconf 88' lang='lat'>_</span> <span class='ocrx_word' id='word_1_75' title='bbox 1483 908 1493 916; x_wconf 85' lang='lat'><em>.</em></span> <span class='ocrx_word' id='word_1_76' title='bbox 1582 905 1673 916; x_wconf 86' lang='lat'><strong>.....</strong></span> 
     </span>
    </p>
   </div>
   <div class='ocr_carea' id='block_1_12' title="bbox 173 906 1673 987">
    <p class='ocr_par' dir='ltr' id='par_1_12' title="bbox 173 906 1673 987">
     <span class='ocr_line' id='line_1_12' title="bbox 173 906 1673 987; baseline -0.008 -20"><span class='ocrx_word' id='word_1_77' title='bbox 173 915 236 987; x_wconf 83' lang='lat' dir='ltr'><strong>Et</strong></span> <span class='ocrx_word' id='word_1_78' title='bbox 260 912 631 987; x_wconf 74' lang='lat' dir='ltr'><strong>elegét_.ludas</strong></span> <span class='ocrx_word' id='word_1_79' title='bbox 682 910 1067 987; x_wconf 67' lang='lat' dir='ltr'><strong>Eupolemum,</strong></span> <span class='ocrx_word' id='word_1_80' title='bbox 1106 911 1277 987; x_wconf 82' lang='lat' dir='ltr'><strong>filium</strong></span> <span class='ocrx_word' id='word_1_81' title='bbox 1303 908 1550 987; x_wconf 69' lang='lat' dir='ltr'><strong>Joannis,</strong></span> <span class='ocrx_word' id='word_1_82' title='bbox 1579 906 1673 957; x_wconf 83' lang='lat' dir='ltr'><strong>filii</strong></span> 
     </span>
    </p>
   </div>
   <div class='ocr_carea' id='block_1_13' title="bbox 118 979 1677 1056">
    <p class='ocr_par' dir='ltr' id='par_1_13' title="bbox 118 979 1677 1056">
     <span class='ocr_line' id='line_1_13' title="bbox 118 979 1677 1056; baseline -0.005 -21"><span class='ocrx_word' id='word_1_83' title='bbox 118 984 280 1056; x_wconf 72' lang='lat' dir='ltr'><strong>lacob.</strong></span> <span class='ocrx_word' id='word_1_84' title='bbox 320 979 377 1037; x_wconf 80' lang='lat' dir='ltr'><strong>et</strong></span> <span class='ocrx_word' id='word_1_85' title='bbox 438 982 720 1056; x_wconf 68' lang='lat' dir='ltr'><strong>lasonem,</strong></span> <span class='ocrx_word' id='word_1_86' title='bbox 769 979 1265 1056; x_wconf 19' lang='lat' dir='ltr'><strong>liliumll‘lleazari.</strong></span> <span class='ocrx_word' id='word_1_87' title='bbox 1318 992 1371 1034; x_wconf 87' lang='lat' dir='ltr'><strong>et</strong></span> <span class='ocrx_word' id='word_1_88' title='bbox 1411 979 1555 1056; x_wconf 77' lang='lat' dir='ltr'><strong>misit</strong></span> <span class='ocrx_word' id='word_1_89' title='bbox 1582 992 1677 1056; x_wconf 83' lang='lat' dir='ltr'><strong>eos</strong></span> 
     </span>
    </p>
   </div>
   <div class='ocr_carea' id='block_1_14' title="bbox 122 1050 1674 1107">
    <p class='ocr_par' dir='ltr' id='par_1_14' title="bbox 122 1050 1674 1107">
     <span class='ocr_line' id='line_1_14' title="bbox 122 1050 1674 1107; baseline -0.006 -1"><span class='ocrx_word' id='word_1_90' title='bbox 122 1054 321 1107; x_wconf 82' lang='lat' dir='ltr'><strong>Romam</strong></span> <span class='ocrx_word' id='word_1_91' title='bbox 366 1052 710 1106; x_wconf 72' lang='lat' dir='ltr'><strong>constituere</strong></span> <span class='ocrx_word' id='word_1_92' title='bbox 740 1067 864 1106; x_wconf 90' lang='lat' dir='ltr'><strong>cuin</strong></span> <span class='ocrx_word' id='word_1_93' title='bbox 898 1050 1009 1104; x_wconf 86' lang='lat' dir='ltr'><strong>illis</strong></span> <span class='ocrx_word' id='word_1_94' title='bbox 1039 1054 1335 1104; x_wconf 79' lang='lat' dir='ltr'><strong>amicitiam</strong></span> <span class='ocrx_word' id='word_1_95' title='bbox 1363 1057 1418 1104; x_wconf 91' lang='lat' dir='ltr'><strong>et</strong></span> <span class='ocrx_word' id='word_1_96' title='bbox 1444 1050 1674 1100; x_wconf 85' lang='lat' dir='ltr'><strong>societa-</strong></span> 
     </span>
    </p>
   </div>
   <div class='ocr_carea' id='block_1_15' title="bbox 123 1134 203 1177">
    <p class='ocr_par' dir='ltr' id='par_1_15' title="bbox 123 1134 203 1177">
     <span class='ocr_line' id='line_1_15' title="bbox 123 1134 203 1177; baseline -0.025 -3"><span class='ocrx_word' id='word_1_97' title='bbox 123 1134 203 1177; x_wconf 88' lang='lat' dir='ltr'><strong>lem</strong></span> 
     </span>
    </p>
   </div>
   <div class='ocr_carea' id='block_1_16' title="bbox 169 1162 1674 1259">
    <p class='ocr_par' dir='ltr' id='par_1_16' title="bbox 169 1162 1674 1259">
     <span class='ocr_line' id='line_1_16' title="bbox 169 1162 1674 1259; baseline -0.002 -15"><span class='ocrx_word' id='word_1_98' title='bbox 256 1202 318 1245; x_wconf 90' lang='lat' dir='ltr'><strong>ut</strong></span> <span class='ocrx_word' id='word_1_99' title='bbox 362 1189 647 1259; x_wconf 80' lang='lat' dir='ltr'><strong>auferrent</strong></span> <span class='ocrx_word' id='word_1_100' title='bbox 676 1190 743 1243; x_wconf 88' lang='lat' dir='ltr'><strong>ab</strong></span> <span class='ocrx_word' id='word_1_101' title='bbox 774 1189 854 1244; x_wconf 90' lang='lat' dir='ltr'><strong>eis</strong></span> <span class='ocrx_word' id='word_1_102' title='bbox 906 1190 1097 1259; x_wconf 85' lang='lat' dir='ltr'><strong>jiigum</strong></span> <span class='ocrx_word' id='word_1_103' title='bbox 1152 1188 1492 1250; x_wconf 64' lang='lat' dir='ltr'><strong>Grmcorum,</strong></span> <span class='ocrx_word' id='word_1_104' title='bbox 1548 1188 1674 1256; x_wconf 85' lang='lat' dir='ltr'><strong>quia</strong></span> 
     </span>
    </p>
   </div>
   <div class='ocr_carea' id='block_1_17' title="bbox 121 1258 1671 1329">
    <p class='ocr_par' dir='ltr' id='par_1_17' title="bbox 121 1258 1671 1329">
     <span class='ocr_line' id='line_1_17' title="bbox 121 1258 1671 1329; baseline 0 -18"><span class='ocrx_word' id='word_1_105' title='bbox 121 1262 355 1315; x_wconf 81' lang='lat' dir='ltr'><strong>viderunt</strong></span> <span class='ocrx_word' id='word_1_106' title='bbox 404 1258 553 1329; x_wconf 90' lang='lat' dir='ltr'><strong>quod</strong></span> <span class='ocrx_word' id='word_1_107' title='bbox 588 1261 644 1313; x_wconf 90' lang='lat' dir='ltr'><strong>in</strong></span> <span class='ocrx_word' id='word_1_108' title='bbox 690 1258 1014 1314; x_wconf 86' lang='lat' dir='ltr'><strong>servitutem</strong></span> <span class='ocrx_word' id='word_1_109' title='bbox 1074 1269 1387 1328; x_wconf 75' lang='lat' dir='ltr'><strong>premerent</strong></span> <span class='ocrx_word' id='word_1_110' title='bbox 1444 1274 1671 1327; x_wconf 87' lang='lat' dir='ltr'><strong>regnum</strong></span> 
     </span>
    </p>
   </div>
   <div class='ocr_carea' id='block_1_18' title="bbox 121 1331 279 1385">
    <p class='ocr_par' dir='ltr' id='par_1_18' title="bbox 121 1331 279 1385">
     <span class='ocr_line' id='line_1_18' title="bbox 121 1331 279 1385; baseline -0.006 0"><span class='ocrx_word' id='word_1_111' title='bbox 121 1331 279 1385; x_wconf 77' lang='lat' dir='ltr'><strong>Israel.</strong></span> 
     </span>
    </p>
   </div>
   <div class='ocr_carea' id='block_1_19' title="bbox 174 1396 1676 1463">
    <p class='ocr_par' dir='ltr' id='par_1_19' title="bbox 174 1396 1676 1463">
     <span class='ocr_line' id='line_1_19' title="bbox 174 1396 1676 1463; baseline -0.001 -10"><span class='ocrx_word' id='word_1_112' title='bbox 174 1402 233 1454; x_wconf 85' lang='lat' dir='ltr'><strong>Et</strong></span> <span class='ocrx_word' id='word_1_113' title='bbox 254 1401 518 1456; x_wconf 85' lang='lat' dir='ltr'><strong>abierunt</strong></span> <span class='ocrx_word' id='word_1_114' title='bbox 578 1397 803 1453; x_wconf 77' lang='lat' dir='ltr'><strong>Romam</strong></span> <span class='ocrx_word' id='word_1_115' title='bbox 832 1398 976 1451; x_wconf 87' lang='lat' dir='ltr'><strong>viam</strong></span> <span class='ocrx_word' id='word_1_116' title='bbox 1025 1397 1255 1451; x_wconf 89' lang='lat' dir='ltr'><strong>multam</strong></span> <span class='ocrx_word' id='word_1_117' title='bbox 1290 1396 1469 1463; x_wconf 85' lang='lat' dir='ltr'><strong>valde,</strong></span> <span class='ocrx_word' id='word_1_118' title='bbox 1497 1407 1552 1452; x_wconf 90' lang='lat' dir='ltr'><strong>et</strong></span> <span class='ocrx_word' id='word_1_119' title='bbox 1592 1399 1676 1451; x_wconf 79' lang='lat' dir='ltr'><strong>in-</strong></span> 
     </span>
    </p>
   </div>
   <div class='ocr_carea' id='block_1_20' title="bbox 124 1469 1062 1533">
    <p class='ocr_par' dir='ltr' id='par_1_20' title="bbox 124 1469 1062 1533">
     <span class='ocr_line' id='line_1_20' title="bbox 124 1469 1062 1533; baseline -0.004 -10"><span class='ocrx_word' id='word_1_120' title='bbox 124 1471 366 1523; x_wconf 89' lang='lat' dir='ltr'><strong>iroierunt</strong></span> <span class='ocrx_word' id='word_1_121' title='bbox 404 1469 637 1533; x_wconf 89' lang='lat' dir='ltr'><strong>curiam,</strong></span> <span class='ocrx_word' id='word_1_122' title='bbox 665 1477 719 1522; x_wconf 91' lang='lat' dir='ltr'><strong>et</strong></span> <span class='ocrx_word' id='word_1_123' title='bbox 753 1470 1013 1521; x_wconf 78' lang='lat' dir='ltr'><strong>dixerunt</strong></span> <span class='ocrx_word' id='word_1_124' title='bbox 1046 1483 1062 1520; x_wconf 90' lang='lat'><strong>:</strong></span> 
     </span>
    </p>
   </div>
   <div class='ocr_carea' id='block_1_21' title="bbox 163 1537 1675 1607">
    <p class='ocr_par' dir='ltr' id='par_1_21' title="bbox 163 1537 1675 1607">
     <span class='ocr_line' id='line_1_21' title="bbox 163 1537 1675 1607; baseline 0 -16"><span class='ocrx_word' id='word_1_125' title='bbox 163 1540 315 1592; x_wconf 87' lang='lat' dir='ltr'><strong>ludas</strong></span> <span class='ocrx_word' id='word_1_126' title='bbox 344 1539 714 1603; x_wconf 69' lang='lat' dir='ltr'><strong>Machabieus,</strong></span> <span class='ocrx_word' id='word_1_127' title='bbox 768 1552 822 1589; x_wconf 91' lang='lat' dir='ltr'><strong>ei</strong></span> <span class='ocrx_word' id='word_1_128' title='bbox 846 1539 1043 1590; x_wconf 87' lang='lat' dir='ltr'><strong>fratres</strong></span> <span class='ocrx_word' id='word_1_129' title='bbox 1074 1538 1216 1607; x_wconf 81' lang='lat' dir='ltr'><strong>ejus,</strong></span> <span class='ocrx_word' id='word_1_130' title='bbox 1245 1544 1300 1589; x_wconf 90' lang='lat' dir='ltr'><strong>et</strong></span> <span class='ocrx_word' id='word_1_131' title='bbox 1323 1538 1558 1605; x_wconf 86' lang='lat' dir='ltr'><strong>populiis</strong></span> <span class='ocrx_word' id='word_1_132' title='bbox 1581 1537 1675 1591; x_wconf 82' lang='lat' dir='ltr'><strong>Ju-</strong></span> 
     </span>
    </p>
   </div>
   <div class='ocr_carea' id='block_1_22' title="bbox 1778 354 2125 406">
    <p class='ocr_par' dir='ltr' id='par_1_22' title="bbox 1778 354 2125 406">
     <span class='ocr_line' id='line_1_22' title="bbox 1778 354 2125 406; baseline 0.003 -2"><span class='ocrx_word' id='word_1_133' title='bbox 1778 354 1993 405; x_wconf 87' lang='lat' dir='ltr'><strong>solutus</strong></span> <span class='ocrx_word' id='word_1_134' title='bbox 2021 363 2125 406; x_wconf 88' lang='lat' dir='ltr'><strong>est.</strong></span> 
     </span>
    </p>
   </div>
   <div class='ocr_carea' id='block_1_23' title="bbox 1853 420 3355 490">
    <p class='ocr_par' dir='ltr' id='par_1_23' title="bbox 1853 420 3355 490">
     <span class='ocr_line' id='line_1_23' title="bbox 1853 420 3355 490; baseline -0.001 -17"><span class='ocrx_word' id='word_1_135' title='bbox 1853 424 1917 474; x_wconf 78' lang='lat' dir='ltr'><strong>Et</strong></span> <span class='ocrx_word' id='word_1_136' title='bbox 1944 424 2080 475; x_wconf 73' lang='lat' dir='ltr'><strong>dixit</strong></span> <span class='ocrx_word' id='word_1_137' title='bbox 2103 425 2185 475; x_wconf 83' lang='lat' dir='ltr'><strong>liis</strong></span> <span class='ocrx_word' id='word_1_138' title='bbox 2210 424 2303 490; x_wconf 89' lang='lat' dir='ltr'><strong>qui</strong></span> <span class='ocrx_word' id='word_1_139' title='bbox 2336 421 2538 474; x_wconf 85' lang='lat' dir='ltr'><strong>residui</strong></span> <span class='ocrx_word' id='word_1_140' title='bbox 2573 430 2772 473; x_wconf 81' lang='lat' dir='ltr'><strong>erant:</strong></span> <span class='ocrx_word' id='word_1_141' title='bbox 2804 420 3127 483; x_wconf 78' lang='lat' dir='ltr'><strong>Surgamus,</strong></span> <span class='ocrx_word' id='word_1_142' title='bbox 3170 430 3225 472; x_wconf 85' lang='lat' dir='ltr'><strong>et</strong></span> <span class='ocrx_word' id='word_1_143' title='bbox 3254 436 3355 473; x_wconf 68' lang='lat' dir='ltr'><strong>ea-</strong></span> 
     </span>
    </p>
   </div>
   <div class='ocr_carea' id='block_1_24' title="bbox 1781 490 3357 558">
    <p class='ocr_par' dir='ltr' id='par_1_24' title="bbox 1781 490 3357 558">
     <span class='ocr_line' id='line_1_24' title="bbox 1781 490 3357 558; baseline 0 -15"><span class='ocrx_word' id='word_1_144' title='bbox 1781 505 1902 544; x_wconf 85' lang='lat' dir='ltr'><strong>mus</strong></span> <span class='ocrx_word' id='word_1_145' title='bbox 1929 494 1992 544; x_wconf 90' lang='lat' dir='ltr'><strong>ad</strong></span> <span class='ocrx_word' id='word_1_146' title='bbox 2025 493 2367 544; x_wconf 86' lang='lat' dir='ltr'><strong>adversarios</strong></span> <span class='ocrx_word' id='word_1_147' title='bbox 2404 504 2640 552; x_wconf 79' lang='lat' dir='ltr'><strong>nostros,</strong></span> <span class='ocrx_word' id='word_1_148' title='bbox 2676 490 2720 543; x_wconf 85' lang='lat' dir='ltr'><strong>si</strong></span> <span class='ocrx_word' id='word_1_149' title='bbox 2749 490 3053 558; x_wconf 76' lang='lat' dir='ltr'><strong>poterimus</strong></span> <span class='ocrx_word' id='word_1_150' title='bbox 3106 505 3357 557; x_wconf 76' lang='lat' dir='ltr'><strong>pugnate</strong></span> 
     </span>
    </p>
   </div>
   <div class='ocr_carea' id='block_1_25' title="bbox 1778 562 2180 615">
    <p class='ocr_par' dir='ltr' id='par_1_25' title="bbox 1778 562 2180 615">
     <span class='ocr_line' id='line_1_25' title="bbox 1778 562 2180 615; baseline 0 -2"><span class='ocrx_word' id='word_1_151' title='bbox 1778 562 2043 615; x_wconf 85' lang='lat' dir='ltr'><strong>adversus</strong></span> <span class='ocrx_word' id='word_1_152' title='bbox 2066 576 2180 613; x_wconf 86' lang='lat' dir='ltr'><strong>eos.</strong></span> 
     </span>
    </p>
   </div>
   <div class='ocr_carea' id='block_1_26' title="bbox 1848 628 3355 696">
    <p class='ocr_par' dir='ltr' id='par_1_26' title="bbox 1848 628 3355 696">
     <span class='ocr_line' id='line_1_26' title="bbox 1848 628 3355 696; baseline -0.001 -13"><span class='ocrx_word' id='word_1_153' title='bbox 1848 631 1916 683; x_wconf 89' lang='lat' dir='ltr'><strong>Et</strong></span> <span class='ocrx_word' id='word_1_154' title='bbox 1954 634 2269 682; x_wconf 71' lang='lat' dir='ltr'><strong>avertebant</strong></span> <span class='ocrx_word' id='word_1_155' title='bbox 2325 644 2475 687; x_wconf 90' lang='lat' dir='ltr'><strong>eum.</strong></span> <span class='ocrx_word' id='word_1_156' title='bbox 2516 630 2805 683; x_wconf 68' lang='lat' dir='ltr'><strong>dicentes:</strong></span> <span class='ocrx_word' id='word_1_157' title='bbox 2845 628 2965 681; x_wconf 86' lang='lat' dir='ltr'><strong>Non</strong></span> <span class='ocrx_word' id='word_1_158' title='bbox 3023 630 3355 696; x_wconf 84' lang='lat' dir='ltr'><strong>poterimus,</strong></span> 
     </span>
    </p>
   </div>
   <div class='ocr_carea' id='block_1_27' title="bbox 1779 701 3359 761">
    <p class='ocr_par' dir='ltr' id='par_1_27' title="bbox 1779 701 3359 761">
     <span class='ocr_line' id='line_1_27' title="bbox 1779 701 3359 761; baseline -0.001 -8"><span class='ocrx_word' id='word_1_159' title='bbox 1779 702 1871 753; x_wconf 81' lang='lat' dir='ltr'><strong>sed</strong></span> <span class='ocrx_word' id='word_1_160' title='bbox 1904 701 2199 753; x_wconf 79' lang='lat' dir='ltr'><strong>liberemus</strong></span> <span class='ocrx_word' id='word_1_161' title='bbox 2234 701 2446 753; x_wconf 89' lang='lat' dir='ltr'><strong>animas</strong></span> <span class='ocrx_word' id='word_1_162' title='bbox 2474 714 2687 753; x_wconf 84' lang='lat' dir='ltr'><strong>nostras</strong></span> <span class='ocrx_word' id='word_1_163' title='bbox 2718 701 2900 761; x_wconf 84' lang='lat' dir='ltr'><strong>modo,</strong></span> <span class='ocrx_word' id='word_1_164' title='bbox 2935 708 2987 751; x_wconf 82' lang='lat' dir='ltr'><strong>et</strong></span> <span class='ocrx_word' id='word_1_165' title='bbox 3015 712 3359 753; x_wconf 74' lang='lat' dir='ltr'><strong>revertamur</strong></span> 
     </span>
    </p>
   </div>
   <div class='ocr_carea' id='block_1_28' title="bbox 1779 768 3354 847">
    <p class='ocr_par' dir='ltr' id='par_1_28' title="bbox 1779 768 3354 847">
     <span class='ocr_line' id='line_1_28' title="bbox 1779 768 3354 847; baseline 0.001 -25"><span class='ocrx_word' id='word_1_166' title='bbox 1779 771 1845 823; x_wconf 87' lang='lat' dir='ltr'><strong>ad</strong></span> <span class='ocrx_word' id='word_1_167' title='bbox 1881 780 2063 838; x_wconf 88' lang='lat' dir='ltr'><strong>patres</strong></span> <span class='ocrx_word' id='word_1_168' title='bbox 2099 783 2339 833; x_wconf 85' lang='lat' dir='ltr'><strong>nostros,</strong></span> <span class='ocrx_word' id='word_1_169' title='bbox 2372 782 2425 821; x_wconf 89' lang='lat' dir='ltr'><strong>ei</strong></span> <span class='ocrx_word' id='word_1_170' title='bbox 2453 780 2607 847; x_wconf 37' lang='lat' dir='ltr'><strong>.tunc</strong></span> <span class='ocrx_word' id='word_1_171' title='bbox 2668 770 3032 835; x_wconf 76' lang='lat' dir='ltr'><strong>pugnauimus</strong></span> <span class='ocrx_word' id='word_1_172' title='bbox 3086 768 3354 823; x_wconf 79' lang='lat' dir='ltr'><strong>adversus</strong></span> 
     </span>
    </p>
   </div>
   <div class='ocr_carea' id='block_1_29' title="bbox 1778 850 2710 906">
    <p class='ocr_par' dir='ltr' id='par_1_29' title="bbox 1778 850 2710 906">
     <span class='ocr_line' id='line_1_29' title="bbox 1778 850 2710 906; baseline 0 -14"><span class='ocrx_word' id='word_1_173' title='bbox 1778 854 1873 892; x_wconf 77' lang='lat' dir='ltr'><strong>COS</strong></span> <span class='ocrx_word' id='word_1_174' title='bbox 1908 856 1921 890; x_wconf 72' lang='grc' dir='ltr'>ἒ</span> <span class='ocrx_word' id='word_1_175' title='bbox 1952 855 2052 892; x_wconf 77' lang='lat'><strong>[10$</strong></span> <span class='ocrx_word' id='word_1_176' title='bbox 2079 850 2262 892; x_wconf 89' lang='lat' dir='ltr'><strong>autem</strong></span> <span class='ocrx_word' id='word_1_177' title='bbox 2305 853 2464 906; x_wconf 73' lang='lat' dir='ltr'><strong>anCI</strong></span> <span class='ocrx_word' id='word_1_178' title='bbox 2499 854 2710 892; x_wconf 76' lang='lat' dir='ltr'><strong>SUIIIUS.</strong></span> 
     </span>
    </p>
   </div>
   <div class='ocr_carea' id='block_1_30' title="bbox 1846 908 3353 976">
    <p class='ocr_par' dir='ltr' id='par_1_30' title="bbox 1846 908 3353 976">
     <span class='ocr_line' id='line_1_30' title="bbox 1846 908 3353 976; baseline 0.002 -17"><span class='ocrx_word' id='word_1_179' title='bbox 1846 910 1905 960; x_wconf 79' lang='lat' dir='ltr'><strong>Et</strong></span> <span class='ocrx_word' id='word_1_180' title='bbox 1932 912 2007 962; x_wconf 85' lang='lat' dir='ltr'><strong>ait</strong></span> <span class='ocrx_word' id='word_1_181' title='bbox 2027 909 2195 962; x_wconf 84' lang='lat' dir='ltr'><strong>Judas</strong></span> <span class='ocrx_word' id='word_1_182' title='bbox 2224 923 2238 962; x_wconf 87' lang='lat'><strong>:</strong></span> <span class='ocrx_word' id='word_1_183' title='bbox 2267 910 2423 962; x_wconf 81' lang='lat' dir='ltr'><strong>Absit</strong></span> <span class='ocrx_word' id='word_1_184' title='bbox 2449 910 2609 961; x_wconf 89' lang='lat' dir='ltr'><strong>istam</strong></span> <span class='ocrx_word' id='word_1_185' title='bbox 2648 923 2764 961; x_wconf 85' lang='lat' dir='ltr'><strong>rem</strong></span> <span class='ocrx_word' id='word_1_186' title='bbox 2789 908 2971 962; x_wconf 85' lang='lat' dir='ltr'><strong>facere</strong></span> <span class='ocrx_word' id='word_1_187' title='bbox 2996 917 3055 961; x_wconf 91' lang='lat' dir='ltr'><strong>ut</strong></span> <span class='ocrx_word' id='word_1_188' title='bbox 3078 908 3353 976; x_wconf 75' lang='lat' dir='ltr'><strong>fugiamus</strong></span> 
     </span>
    </p>
   </div>
   <div class='ocr_carea' id='block_1_31' title="bbox 1779 979 3354 1047">
    <p class='ocr_par' dir='ltr' id='par_1_31' title="bbox 1779 979 3354 1047">
     <span class='ocr_line' id='line_1_31' title="bbox 1779 979 3354 1047; baseline 0 -17"><span class='ocrx_word' id='word_1_189' title='bbox 1779 979 1847 1030; x_wconf 89' lang='lat' dir='ltr'><strong>ab</strong></span> <span class='ocrx_word' id='word_1_190' title='bbox 1872 982 1949 1031; x_wconf 90' lang='lat' dir='ltr'><strong>eis</strong></span> <span class='ocrx_word' id='word_1_191' title='bbox 1976 996 1988 1030; x_wconf 90' lang='lat'>:</span> <span class='ocrx_word' id='word_1_192' title='bbox 2016 988 2071 1031; x_wconf 86' lang='lat' dir='ltr'><strong>et</strong></span> <span class='ocrx_word' id='word_1_193' title='bbox 2099 980 2512 1047; x_wconf 85' lang='lat' dir='ltr'><strong>siappropiavit</strong></span> <span class='ocrx_word' id='word_1_194' title='bbox 2572 989 2783 1044; x_wconf 86' lang='lat' dir='ltr'><strong>tempus</strong></span> <span class='ocrx_word' id='word_1_195' title='bbox 2829 987 3098 1040; x_wconf 90' lang='lat' dir='ltr'><strong>nostrum,</strong></span> <span class='ocrx_word' id='word_1_196' title='bbox 3154 982 3354 1031; x_wconf 84' lang='lat' dir='ltr'><strong>inuria-</strong></span> 
     </span>
    </p>
   </div>
   <div class='ocr_carea' id='block_1_32' title="bbox 1783 1047 3356 1116">
    <p class='ocr_par' dir='ltr' id='par_1_32' title="bbox 1783 1047 3356 1116">
     <span class='ocr_line' id='line_1_32' title="bbox 1783 1047 3356 1116; baseline 0.002 -17"><span class='ocrx_word' id='word_1_197' title='bbox 1783 1064 1906 1100; x_wconf 89' lang='lat' dir='ltr'><strong>mur</strong></span> <span class='ocrx_word' id='word_1_198' title='bbox 1955 1052 2007 1099; x_wconf 92' lang='lat' dir='ltr'><strong>in</strong></span> <span class='ocrx_word' id='word_1_199' title='bbox 2042 1052 2243 1100; x_wconf 83' lang='lat' dir='ltr'><strong>virtute</strong></span> <span class='ocrx_word' id='word_1_200' title='bbox 2284 1059 2504 1116; x_wconf 74' lang='lat' dir='ltr'><strong>prepter</strong></span> <span class='ocrx_word' id='word_1_201' title='bbox 2528 1047 2719 1099; x_wconf 79' lang='lat' dir='ltr'><strong>fratres</strong></span> <span class='ocrx_word' id='word_1_202' title='bbox 2746 1059 2983 1111; x_wconf 85' lang='lat' dir='ltr'><strong>nostios,</strong></span> <span class='ocrx_word' id='word_1_203' title='bbox 3014 1059 3067 1101; x_wconf 89' lang='lat' dir='ltr'><strong>ct</strong></span> <span class='ocrx_word' id='word_1_204' title='bbox 3089 1065 3194 1103; x_wconf 91' lang='lat' dir='ltr'><strong>non</strong></span> <span class='ocrx_word' id='word_1_205' title='bbox 3219 1048 3356 1102; x_wconf 88' lang='lat' dir='ltr'><strong>infe-</strong></span> 
     </span>
    </p>
   </div>
   <div class='ocr_carea' id='block_1_33' title="bbox 1781 1118 2668 1179">
    <p class='ocr_par' dir='ltr' id='par_1_33' title="bbox 1781 1118 2668 1179">
     <span class='ocr_line' id='line_1_33' title="bbox 1781 1118 2668 1179; baseline 0.003 -12"><span class='ocrx_word' id='word_1_206' title='bbox 1781 1132 1965 1169; x_wconf 84' lang='lat' dir='ltr'><strong>ramus</strong></span> <span class='ocrx_word' id='word_1_207' title='bbox 1994 1120 2201 1169; x_wconf 82' lang='lat' dir='ltr'><strong>crimen</strong></span> <span class='ocrx_word' id='word_1_208' title='bbox 2233 1118 2415 1179; x_wconf 67' lang='lat' dir='ltr'><strong>glnrize</strong></span> <span class='ocrx_word' id='word_1_209' title='bbox 2442 1128 2668 1170; x_wconf 67' lang='lat' dir='ltr'><strong>nostrae.</strong></span> 
     </span>
    </p>
   </div>
   <div class='ocr_carea' id='block_1_34' title="bbox 1834 1187 3354 1247">
    <p class='ocr_par' dir='ltr' id='par_1_34' title="bbox 1834 1187 3354 1247">
     <span class='ocr_line' id='line_1_34' title="bbox 1834 1187 3354 1247; baseline 0.002 -8"><span class='ocrx_word' id='word_1_210' title='bbox 1834 1187 1901 1239; x_wconf 87' lang='lat' dir='ltr'><strong>Et</strong></span> <span class='ocrx_word' id='word_1_211' title='bbox 1930 1192 2091 1240; x_wconf 84' lang='lat' dir='ltr'><strong>movit</strong></span> <span class='ocrx_word' id='word_1_212' title='bbox 2125 1191 2397 1240; x_wconf 55' lang='lat' dir='ltr'><strong>exercitus</strong></span> <span class='ocrx_word' id='word_1_213' title='bbox 2433 1190 2500 1240; x_wconf 91' lang='lat' dir='ltr'><strong>de</strong></span> <span class='ocrx_word' id='word_1_214' title='bbox 2526 1189 2739 1247; x_wconf 82' lang='lat' dir='ltr'><strong>castris,</strong></span> <span class='ocrx_word' id='word_1_215' title='bbox 2804 1197 2858 1241; x_wconf 88' lang='lat' dir='ltr'><strong>et</strong></span> <span class='ocrx_word' id='word_1_216' title='bbox 2914 1197 3186 1240; x_wconf 78' lang='lat' dir='ltr'><strong>Stelernnt</strong></span> <span class='ocrx_word' id='word_1_217' title='bbox 3245 1187 3354 1242; x_wconf 85' lang='lat' dir='ltr'><strong>illis</strong></span> 
     </span>
    </p>
   </div>
   <div class='ocr_carea' id='block_1_35' title="bbox 1778 1259 3353 1325">
    <p class='ocr_par' dir='ltr' id='par_1_35' title="bbox 1778 1259 3353 1325">
     <span class='ocr_line' id='line_1_35' title="bbox 1778 1259 3353 1325; baseline 0.003 -17"><span class='ocrx_word' id='word_1_218' title='bbox 1778 1261 1993 1309; x_wconf 80' lang='lat' dir='ltr'><strong>oiiviatn</strong></span> <span class='ocrx_word' id='word_1_219' title='bbox 2025 1273 2038 1307; x_wconf 88' lang='lat'>:</span> <span class='ocrx_word' id='word_1_220' title='bbox 2065 1267 2120 1309; x_wconf 89' lang='lat' dir='ltr'><strong>et</strong></span> <span class='ocrx_word' id='word_1_221' title='bbox 2161 1259 2317 1309; x_wconf 83' lang='lat' dir='ltr'><strong>divisi</strong></span> <span class='ocrx_word' id='word_1_222' title='bbox 2354 1269 2483 1310; x_wconf 86' lang='lat' dir='ltr'><strong>sunt</strong></span> <span class='ocrx_word' id='word_1_223' title='bbox 2514 1269 2725 1325; x_wconf 75' lang='lat' dir='ltr'><strong>equues</strong></span> <span class='ocrx_word' id='word_1_224' title='bbox 2754 1259 2805 1310; x_wconf 91' lang='lat' dir='ltr'><strong>in</strong></span> <span class='ocrx_word' id='word_1_225' title='bbox 2863 1260 2997 1310; x_wconf 89' lang='lat' dir='ltr'><strong>duas</strong></span> <span class='ocrx_word' id='word_1_226' title='bbox 3052 1269 3249 1323; x_wconf 87' lang='lat' dir='ltr'><strong>partes,</strong></span> <span class='ocrx_word' id='word_1_227' title='bbox 3295 1269 3353 1312; x_wconf 83' lang='lat' dir='ltr'><strong>et</strong></span> 
     </span>
    </p>
   </div>
   <div class='ocr_carea' id='block_1_36' title="bbox 1782 1327 3352 1394">
    <p class='ocr_par' dir='ltr' id='par_1_36' title="bbox 1782 1327 3352 1394">
     <span class='ocr_line' id='line_1_36' title="bbox 1782 1327 3352 1394; baseline 0.004 -17"><span class='ocrx_word' id='word_1_228' title='bbox 1782 1327 2161 1386; x_wconf 86' lang='lat' dir='ltr'><strong>luiidiliularii,</strong></span> <span class='ocrx_word' id='word_1_229' title='bbox 2195 1338 2249 1379; x_wconf 92' lang='lat' dir='ltr'><strong>et</strong></span> <span class='ocrx_word' id='word_1_230' title='bbox 2279 1327 2540 1394; x_wconf 76' lang='lat' dir='ltr'><strong>sagittarii</strong></span> <span class='ocrx_word' id='word_1_231' title='bbox 2600 1330 2863 1393; x_wconf 71' lang='lat' dir='ltr'><strong>pra-ibant</strong></span> <span class='ocrx_word' id='word_1_232' title='bbox 2904 1337 3230 1391; x_wconf 66' lang='lat' dir='ltr'><strong>escrcituin,</strong></span> <span class='ocrx_word' id='word_1_233' title='bbox 3294 1338 3352 1382; x_wconf 86' lang='lat' dir='ltr'><strong>ct</strong></span> 
     </span>
    </p>
   </div>
   <div class='ocr_carea' id='block_1_37' title="bbox 1782 1398 2817 1463">
    <p class='ocr_par' dir='ltr' id='par_1_37' title="bbox 1782 1398 2817 1463">
     <span class='ocr_line' id='line_1_37' title="bbox 1782 1398 2817 1463; baseline 0.004 -17"><span class='ocrx_word' id='word_1_234' title='bbox 1782 1398 1940 1463; x_wconf 86' lang='lat' dir='ltr'><strong>primi</strong></span> <span class='ocrx_word' id='word_1_235' title='bbox 1971 1398 2289 1448; x_wconf 79' lang='lat' dir='ltr'><strong>certaminis</strong></span> <span class='ocrx_word' id='word_1_236' title='bbox 2331 1412 2519 1450; x_wconf 87' lang='lat' dir='ltr'><strong>omnes</strong></span> <span class='ocrx_word' id='word_1_237' title='bbox 2543 1406 2817 1463; x_wconf 78' lang='lat' dir='ltr'><strong>potentes.</strong></span> 
     </span>
    </p>
   </div>
   <div class='ocr_carea' id='block_1_38' title="bbox 1851 1465 3354 1534">
    <p class='ocr_par' dir='ltr' id='par_1_38' title="bbox 1851 1465 3354 1534">
     <span class='ocr_line' id='line_1_38' title="bbox 1851 1465 3354 1534; baseline 0.002 -18"><span class='ocrx_word' id='word_1_238' title='bbox 1851 1465 2148 1518; x_wconf 80' lang='lat' dir='ltr'><strong>Bacchides</strong></span> <span class='ocrx_word' id='word_1_239' title='bbox 2183 1479 2365 1517; x_wconf 88' lang='lat' dir='ltr'><strong>autem</strong></span> <span class='ocrx_word' id='word_1_240' title='bbox 2396 1478 2514 1519; x_wconf 83' lang='lat' dir='ltr'><strong>erat</strong></span> <span class='ocrx_word' id='word_1_241' title='bbox 2549 1482 2601 1517; x_wconf 91' lang='lat' dir='ltr'><strong>in</strong></span> <span class='ocrx_word' id='word_1_242' title='bbox 2636 1470 2826 1520; x_wconf 79' lang='lat' dir='ltr'><strong>dextro</strong></span> <span class='ocrx_word' id='word_1_243' title='bbox 2853 1482 3050 1527; x_wconf 88' lang='lat' dir='ltr'><strong>cornu,</strong></span> <span class='ocrx_word' id='word_1_244' title='bbox 3081 1476 3136 1518; x_wconf 92' lang='lat' dir='ltr'><strong>et</strong></span> <span class='ocrx_word' id='word_1_245' title='bbox 3171 1467 3354 1534; x_wconf 80' lang='lat' dir='ltr'><strong>proxi-</strong></span> 
     </span>
    </p>
   </div>
   <div class='ocr_carea' id='block_1_39' title="bbox 1781 1535 3354 1604">
    <p class='ocr_par' dir='ltr' id='par_1_39' title="bbox 1781 1535 3354 1604">
     <span class='ocr_line' id='line_1_39' title="bbox 1781 1535 3354 1604; baseline 0.001 -17"><span class='ocrx_word' id='word_1_246' title='bbox 1781 1540 1951 1587; x_wconf 86' lang='lat' dir='ltr'><strong>inavit</strong></span> <span class='ocrx_word' id='word_1_247' title='bbox 2017 1535 2159 1603; x_wconf 81' lang='lat' dir='ltr'><strong>legio</strong></span> <span class='ocrx_word' id='word_1_248' title='bbox 2213 1550 2278 1588; x_wconf 74' lang='lat' dir='ltr'><strong>ex</strong></span> <span class='ocrx_word' id='word_1_249' title='bbox 2342 1538 2553 1589; x_wconf 84' lang='lat' dir='ltr'><strong>duabus</strong></span> <span class='ocrx_word' id='word_1_250' title='bbox 2606 1538 2873 1604; x_wconf 86' lang='lat' dir='ltr'><strong>partibus,</strong></span> <span class='ocrx_word' id='word_1_251' title='bbox 2935 1547 2993 1590; x_wconf 89' lang='lat' dir='ltr'><strong>et</strong></span> <span class='ocrx_word' id='word_1_252' title='bbox 3046 1537 3354 1589; x_wconf 79' lang='lat' dir='ltr'><strong>clamabant</strong></span> 
     </span>
    </p>
   </div>
   <div class='ocr_carea' id='block_1_40' title="bbox 124 1607 1972 1685">
    <p class='ocr_par' dir='ltr' id='par_1_40' title="bbox 124 1607 1972 1685">
     <span class='ocr_line' id='line_1_40' title="bbox 124 1607 1972 1685; baseline -0.002 -25"><span class='ocrx_word' id='word_1_253' title='bbox 124 1609 334 1685; x_wconf 63' lang='lat' dir='ltr'><strong>deorum</strong></span> <span class='ocrx_word' id='word_1_254' title='bbox 393 1610 664 1661; x_wconf 88' lang='lat' dir='ltr'><strong>miserunt</strong></span> <span class='ocrx_word' id='word_1_255' title='bbox 719 1623 820 1661; x_wconf 91' lang='lat' dir='ltr'><strong>nos</strong></span> <span class='ocrx_word' id='word_1_256' title='bbox 852 1607 918 1660; x_wconf 89' lang='lat' dir='ltr'><strong>ad</strong></span> <span class='ocrx_word' id='word_1_257' title='bbox 969 1617 1353 1685; x_wconf 17' lang='lat' dir='ltr'><strong>vos-ﬁstatucre</strong></span> <span class='ocrx_word' id='word_1_258' title='bbox 1388 1610 1670 1685; x_wconf 71' lang='lat' dir='ltr'><strong>vobiscum</strong></span> <span class='ocrx_word' id='word_1_259' title='bbox 1707 1632 1746 1685; x_wconf 73' lang='grc' dir='ltr'><strong><em>Β</em></strong></span> <span class='ocrx_word' id='word_1_260' title='bbox 1783 1607 1972 1685; x_wconf 45' lang='lat' dir='ltr'><strong>iubis;</strong></span> 
     </span>
    </p>
   </div>
   <div class='ocr_carea' id='block_1_41' title="bbox 125 1676 1674 1746">
    <p class='ocr_par' dir='ltr' id='par_1_41' title="bbox 125 1676 1674 1746">
     <span class='ocr_line' id='line_1_41' title="bbox 125 1676 1674 1746; baseline 0.003 -17"><span class='ocrx_word' id='word_1_261' title='bbox 125 1679 414 1731; x_wconf 85' lang='lat' dir='ltr'><strong>societatem</strong></span> <span class='ocrx_word' id='word_1_262' title='bbox 466 1687 521 1730; x_wconf 79' lang='lat' dir='ltr'><strong>et</strong></span> <span class='ocrx_word' id='word_1_263' title='bbox 554 1692 763 1746; x_wconf 88' lang='lat' dir='ltr'><strong>paceni,</strong></span> <span class='ocrx_word' id='word_1_264' title='bbox 800 1687 855 1730; x_wconf 87' lang='lat' dir='ltr'><strong>et</strong></span> <span class='ocrx_word' id='word_1_265' title='bbox 883 1676 1233 1731; x_wconf 86' lang='lat' dir='ltr'><strong>conscribere</strong></span> <span class='ocrx_word' id='word_1_266' title='bbox 1282 1690 1383 1730; x_wconf 92' lang='lat' dir='ltr'><strong>nos</strong></span> <span class='ocrx_word' id='word_1_267' title='bbox 1413 1678 1592 1732; x_wconf 85' lang='lat' dir='ltr'><strong>socios</strong></span> <span class='ocrx_word' id='word_1_268' title='bbox 1620 1688 1674 1733; x_wconf 91' lang='lat' dir='ltr'><strong>et</strong></span> 
     </span>
    </p>
   </div>
   <div class='ocr_carea' id='block_1_42' title="bbox 126 1750 567 1801">
    <p class='ocr_par' dir='ltr' id='par_1_42' title="bbox 126 1750 567 1801">
     <span class='ocr_line' id='line_1_42' title="bbox 126 1750 567 1801; baseline 0.005 -3"><span class='ocrx_word' id='word_1_269' title='bbox 126 1750 301 1801; x_wconf 83' lang='lat' dir='ltr'><strong>amicos</strong></span> <span class='ocrx_word' id='word_1_270' title='bbox 330 1757 567 1801; x_wconf 82' lang='lat' dir='ltr'><strong>vestros.</strong></span> 
     </span>
    </p>
   </div>
   <div class='ocr_carea' id='block_1_43' title="bbox 176 1815 1351 1884">
    <p class='ocr_par' dir='ltr' id='par_1_43' title="bbox 176 1815 1351 1884">
     <span class='ocr_line' id='line_1_43' title="bbox 176 1815 1351 1884; baseline 0.002 -15"><span class='ocrx_word' id='word_1_271' title='bbox 176 1818 232 1869; x_wconf 76' lang='lat' dir='ltr'><strong>Et</strong></span> <span class='ocrx_word' id='word_1_272' title='bbox 266 1821 474 1884; x_wconf 83' lang='lat' dir='ltr'><strong>placuit</strong></span> <span class='ocrx_word' id='word_1_273' title='bbox 506 1830 687 1870; x_wconf 87' lang='lat' dir='ltr'><strong>sermo</strong></span> <span class='ocrx_word' id='word_1_274' title='bbox 725 1815 776 1868; x_wconf 91' lang='lat' dir='ltr'><strong>in</strong></span> <span class='ocrx_word' id='word_1_275' title='bbox 811 1824 1105 1884; x_wconf 82' lang='lat' dir='ltr'><strong>conspectu</strong></span> <span class='ocrx_word' id='word_1_276' title='bbox 1137 1832 1351 1871; x_wconf 88' lang='lat' dir='ltr'><strong>eorum.</strong></span> 
     </span>
    </p>
   </div>
   <div class='ocr_carea' id='block_1_44' title="bbox 175 1886 1674 1955">
    <p class='ocr_par' dir='ltr' id='par_1_44' title="bbox 175 1886 1674 1955">
     <span class='ocr_line' id='line_1_44' title="bbox 175 1886 1674 1955; baseline 0.001 -16"><span class='ocrx_word' id='word_1_277' title='bbox 175 1886 364 1940; x_wconf 80' lang='lat' dir='ltr'><strong>Etlioc</strong></span> <span class='ocrx_word' id='word_1_278' title='bbox 420 1886 746 1953; x_wconf 85' lang='lat' dir='ltr'><strong>rescriptum</strong></span> <span class='ocrx_word' id='word_1_279' title='bbox 782 1897 885 1946; x_wconf 82' lang='lat' dir='ltr'><strong>est.</strong></span> <span class='ocrx_word' id='word_1_280' title='bbox 954 1887 1100 1953; x_wconf 90' lang='lat' dir='ltr'><strong>quod</strong></span> <span class='ocrx_word' id='word_1_281' title='bbox 1155 1889 1558 1955; x_wconf 76' lang='lat' dir='ltr'><strong>rescripserunt</strong></span> <span class='ocrx_word' id='word_1_282' title='bbox 1619 1889 1674 1941; x_wconf 89' lang='lat' dir='ltr'><strong>in</strong></span> 
     </span>
    </p>
   </div>
   <div class='ocr_carea' id='block_1_45' title="bbox 126 1956 1676 2022">
    <p class='ocr_par' dir='ltr' id='par_1_45' title="bbox 126 1956 1676 2022">
     <span class='ocr_line' id='line_1_45' title="bbox 126 1956 1676 2022; baseline 0.003 -15"><span class='ocrx_word' id='word_1_283' title='bbox 126 1956 300 2009; x_wconf 71' lang='lat' dir='ltr'><strong>tibulis</strong></span> <span class='ocrx_word' id='word_1_284' title='bbox 351 1958 536 2019; x_wconf 63' lang='lat' dir='ltr'><strong>aereis,</strong></span> <span class='ocrx_word' id='word_1_285' title='bbox 567 1964 622 2009; x_wconf 87' lang='lat' dir='ltr'><strong>et</strong></span> <span class='ocrx_word' id='word_1_286' title='bbox 652 1956 915 2008; x_wconf 84' lang='lat' dir='ltr'><strong>miserunt</strong></span> <span class='ocrx_word' id='word_1_287' title='bbox 963 1958 1020 2009; x_wconf 88' lang='lat' dir='ltr'><strong>iii</strong></span> <span class='ocrx_word' id='word_1_288' title='bbox 1069 1956 1393 2022; x_wconf 85' lang='lat' dir='ltr'><strong>Jerusalem,</strong></span> <span class='ocrx_word' id='word_1_289' title='bbox 1442 1968 1501 2012; x_wconf 89' lang='lat' dir='ltr'><strong>ut</strong></span> <span class='ocrx_word' id='word_1_290' title='bbox 1529 1969 1676 2012; x_wconf 86' lang='lat' dir='ltr'><strong>esset</strong></span> 
     </span>
    </p>
   </div>
   <div class='ocr_carea' id='block_1_46' title="bbox 129 2027 1407 2092">
    <p class='ocr_par' dir='ltr' id='par_1_46' title="bbox 129 2027 1407 2092">
     <span class='ocr_line' id='line_1_46' title="bbox 129 2027 1407 2092; baseline 0.003 -17"><span class='ocrx_word' id='word_1_291' title='bbox 129 2028 245 2092; x_wconf 83' lang='lat' dir='ltr'><strong>apud</strong></span> <span class='ocrx_word' id='word_1_292' title='bbox 274 2040 371 2078; x_wconf 83' lang='lat' dir='ltr'><strong>eos</strong></span> <span class='ocrx_word' id='word_1_293' title='bbox 395 2027 468 2079; x_wconf 89' lang='lat' dir='ltr'><strong>ibi</strong></span> <span class='ocrx_word' id='word_1_294' title='bbox 508 2027 828 2077; x_wconf 85' lang='lat' dir='ltr'><strong>memoriale</strong></span> <span class='ocrx_word' id='word_1_295' title='bbox 854 2027 1005 2092; x_wconf 85' lang='lat' dir='ltr'><strong>pacis</strong></span> <span class='ocrx_word' id='word_1_296' title='bbox 1032 2036 1087 2079; x_wconf 90' lang='lat' dir='ltr'><strong>et</strong></span> <span class='ocrx_word' id='word_1_297' title='bbox 1107 2028 1407 2079; x_wconf 88' lang='lat' dir='ltr'><strong>societatis.</strong></span> 
     </span>
    </p>
   </div>
   <div class='ocr_carea' id='block_1_47' title="bbox 178 2094 1676 2162">
    <p class='ocr_par' dir='ltr' id='par_1_47' title="bbox 178 2094 1676 2162">
     <span class='ocr_line' id='line_1_47' title="bbox 178 2094 1676 2162; baseline 0.002 -16"><span class='ocrx_word' id='word_1_298' title='bbox 178 2094 310 2148; x_wconf 66' lang='lat' dir='ltr'><strong>Beas</strong></span> <span class='ocrx_word' id='word_1_299' title='bbox 341 2110 432 2147; x_wconf 75' lang='lat' dir='ltr'><strong>srr</strong></span> <span class='ocrx_word' id='word_1_300' title='bbox 464 2094 729 2159; x_wconf 68' lang='lat' dir='ltr'><strong>Horruits,</strong></span> <span class='ocrx_word' id='word_1_301' title='bbox 766 2103 821 2146; x_wconf 92' lang='lat' dir='ltr'><strong>et</strong></span> <span class='ocrx_word' id='word_1_302' title='bbox 847 2097 995 2162; x_wconf 82' lang='lat' dir='ltr'><strong>genti</strong></span> <span class='ocrx_word' id='word_1_303' title='bbox 1020 2095 1333 2148; x_wconf 81' lang='lat' dir='ltr'><strong>Juda:orum</strong></span> <span class='ocrx_word' id='word_1_304' title='bbox 1360 2096 1414 2148; x_wconf 92' lang='lat' dir='ltr'><strong>in</strong></span> <span class='ocrx_word' id='word_1_305' title='bbox 1449 2097 1584 2149; x_wconf 91' lang='lat' dir='ltr'><strong>mari</strong></span> <span class='ocrx_word' id='word_1_306' title='bbox 1619 2106 1676 2149; x_wconf 91' lang='lat' dir='ltr'><strong>et</strong></span> 
     </span>
    </p>
   </div>
   <div class='ocr_carea' id='block_1_48' title="bbox 132 2163 1677 2235">
    <p class='ocr_par' dir='ltr' id='par_1_48' title="bbox 132 2163 1677 2235">
     <span class='ocr_line' id='line_1_48' title="bbox 132 2163 1677 2235; baseline 0.004 -21"><span class='ocrx_word' id='word_1_307' title='bbox 132 2163 171 2235; x_wconf 86' lang='lat' dir='ltr'><strong>iii</strong></span> <span class='ocrx_word' id='word_1_308' title='bbox 202 2179 336 2217; x_wconf 87' lang='lat' dir='ltr'><strong>terra</strong></span> <span class='ocrx_word' id='word_1_309' title='bbox 390 2166 448 2217; x_wconf 90' lang='lat' dir='ltr'><strong>in</strong></span> <span class='ocrx_word' id='word_1_310' title='bbox 479 2174 746 2218; x_wconf 59' lang='lat' dir='ltr'><strong>aeternum</strong></span> <span class='ocrx_word' id='word_1_311' title='bbox 782 2165 1147 2233; x_wconf 87' lang='lat' dir='ltr'><strong>;gladiusque</strong></span> <span class='ocrx_word' id='word_1_312' title='bbox 1180 2175 1235 2217; x_wconf 88' lang='lat' dir='ltr'><strong>et</strong></span> <span class='ocrx_word' id='word_1_313' title='bbox 1272 2166 1443 2219; x_wconf 85' lang='lat' dir='ltr'><strong>hostis</strong></span> <span class='ocrx_word' id='word_1_314' title='bbox 1483 2167 1677 2235; x_wconf 86' lang='lat' dir='ltr'><strong>procul</strong></span> 
     </span>
    </p>
   </div>
   <div class='ocr_carea' id='block_1_49' title="bbox 129 2234 390 2290">
    <p class='ocr_par' dir='ltr' id='par_1_49' title="bbox 129 2234 390 2290">
     <span class='ocr_line' id='line_1_49' title="bbox 129 2234 390 2290; baseline 0.015 -5"><span class='ocrx_word' id='word_1_315' title='bbox 129 2234 185 2285; x_wconf 90' lang='lat' dir='ltr'><strong>sit</strong></span> <span class='ocrx_word' id='word_1_316' title='bbox 206 2236 268 2285; x_wconf 85' lang='lat' dir='ltr'><strong>ab</strong></span> <span class='ocrx_word' id='word_1_317' title='bbox 287 2235 390 2290; x_wconf 85' lang='lat' dir='ltr'><strong>eis.</strong></span> 
     </span>
    </p>
   </div>
   <div class='ocr_carea' id='block_1_50' title="bbox 179 2301 1676 2371">
    <p class='ocr_par' dir='ltr' id='par_1_50' title="bbox 179 2301 1676 2371">
     <span class='ocr_line' id='line_1_50' title="bbox 179 2301 1676 2371; baseline 0.003 -17"><span class='ocrx_word' id='word_1_318' title='bbox 179 2304 320 2368; x_wconf 74' lang='lat' dir='ltr'><strong>Quod</strong></span> <span class='ocrx_word' id='word_1_319' title='bbox 358 2304 405 2356; x_wconf 89' lang='lat' dir='ltr'><strong>si</strong></span> <span class='ocrx_word' id='word_1_320' title='bbox 430 2301 693 2355; x_wconf 81' lang='lat' dir='ltr'><strong>institerit</strong></span> <span class='ocrx_word' id='word_1_321' title='bbox 722 2301 925 2355; x_wconf 87' lang='lat' dir='ltr'><strong>bellum</strong></span> <span class='ocrx_word' id='word_1_322' title='bbox 956 2302 1221 2357; x_wconf 79' lang='lat' dir='ltr'><strong>Romanis</strong></span> <span class='ocrx_word' id='word_1_323' title='bbox 1244 2304 1417 2371; x_wconf 90' lang='lat' dir='ltr'><strong>prius,</strong></span> <span class='ocrx_word' id='word_1_324' title='bbox 1436 2313 1533 2357; x_wconf 90' lang='lat' dir='ltr'><strong>aut</strong></span> <span class='ocrx_word' id='word_1_325' title='bbox 1558 2319 1676 2358; x_wconf 87' lang='lat' dir='ltr'><strong>oni-</strong></span> 
     </span>
    </p>
   </div>
   <div class='ocr_carea' id='block_1_51' title="bbox 129 2372 1565 2427">
    <p class='ocr_par' dir='ltr' id='par_1_51' title="bbox 129 2372 1565 2427">
     <span class='ocr_line' id='line_1_51' title="bbox 129 2372 1565 2427; baseline 0.003 -5"><span class='ocrx_word' id='word_1_326' title='bbox 129 2374 263 2425; x_wconf 86' lang='lat' dir='ltr'><strong>nibus</strong></span> <span class='ocrx_word' id='word_1_327' title='bbox 279 2373 445 2425; x_wconf 68' lang='lat' dir='ltr'><strong>soeiis</strong></span> <span class='ocrx_word' id='word_1_328' title='bbox 468 2386 658 2424; x_wconf 90' lang='lat' dir='ltr'><strong>eorum</strong></span> <span class='ocrx_word' id='word_1_329' title='bbox 690 2372 744 2424; x_wconf 92' lang='lat' dir='ltr'><strong>in</strong></span> <span class='ocrx_word' id='word_1_330' title='bbox 772 2372 919 2424; x_wconf 91' lang='lat' dir='ltr'><strong>omni</strong></span> <span class='ocrx_word' id='word_1_331' title='bbox 947 2373 1317 2427; x_wconf 86' lang='lat' dir='ltr'><strong>dominatione</strong></span> <span class='ocrx_word' id='word_1_332' title='bbox 1337 2389 1524 2426; x_wconf 89' lang='lat' dir='ltr'><strong>eorum</strong></span> <span class='ocrx_word' id='word_1_333' title='bbox 1550 2387 1565 2427; x_wconf 89' lang='lat'>:</span> 
     </span>
    </p>
   </div>
   <div class='ocr_carea' id='block_1_52' title="bbox 183 2440 1676 2513">
    <p class='ocr_par' dir='ltr' id='par_1_52' title="bbox 183 2440 1676 2513">
     <span class='ocr_line' id='line_1_52' title="bbox 183 2440 1676 2513; baseline 0.003 -20"><span class='ocrx_word' id='word_1_334' title='bbox 183 2442 454 2496; x_wconf 80' lang='lat' dir='ltr'><strong>Auxilium</strong></span> <span class='ocrx_word' id='word_1_335' title='bbox 502 2440 647 2513; x_wconf 81' lang='lat' dir='ltr'><strong>feret</strong></span> <span class='ocrx_word' id='word_1_336' title='bbox 699 2456 831 2508; x_wconf 80' lang='lat' dir='ltr'><strong>gens</strong></span> <span class='ocrx_word' id='word_1_337' title='bbox 856 2441 1196 2506; x_wconf 68' lang='lat' dir='ltr'><strong>Judaeoruni,</strong></span> <span class='ocrx_word' id='word_1_338' title='bbox 1256 2454 1420 2511; x_wconf 89' lang='lat' dir='ltr'><strong>prout</strong></span> <span class='ocrx_word' id='word_1_339' title='bbox 1458 2455 1676 2513; x_wconf 84' lang='lat' dir='ltr'><strong>tempus</strong></span> 
     </span>
    </p>
   </div>
   <div class='ocr_carea' id='block_1_53' title="bbox 128 2511 1035 2578">
    <p class='ocr_par' dir='ltr' id='par_1_53' title="bbox 128 2511 1035 2578">
     <span class='ocr_line' id='line_1_53' title="bbox 128 2511 1035 2578; baseline 0.001 -17"><span class='ocrx_word' id='word_1_340' title='bbox 128 2511 417 2575; x_wconf 80' lang='lat' dir='ltr'><strong>dictaverit,</strong></span> <span class='ocrx_word' id='word_1_341' title='bbox 449 2511 618 2565; x_wconf 89' lang='lat' dir='ltr'><strong>corde</strong></span> <span class='ocrx_word' id='word_1_342' title='bbox 664 2513 821 2578; x_wconf 86' lang='lat' dir='ltr'><strong>pleno</strong></span> <span class='ocrx_word' id='word_1_343' title='bbox 855 2527 869 2562; x_wconf 89' lang='lat'>:</span> <span class='ocrx_word' id='word_1_344' title='bbox 1034 2572 1035 2575; x_wconf 22' lang='grc' dir='ltr'><strong>η</strong></span> 
     </span>
    </p>
   </div>
   <div class='ocr_carea' id='block_1_54' title="bbox 173 2579 1674 2649">
    <p class='ocr_par' dir='ltr' id='par_1_54' title="bbox 173 2579 1674 2649">
     <span class='ocr_line' id='line_1_54' title="bbox 173 2579 1674 2649; baseline 0.001 -16"><span class='ocrx_word' id='word_1_345' title='bbox 173 2580 229 2633; x_wconf 82' lang='grc' dir='ltr'>Ει</span> <span class='ocrx_word' id='word_1_346' title='bbox 253 2581 634 2649; x_wconf 69' lang='lat' dir='ltr'><strong>praeliantibus</strong></span> <span class='ocrx_word' id='word_1_347' title='bbox 669 2594 776 2631; x_wconf 92' lang='lat' dir='ltr'><strong>non</strong></span> <span class='ocrx_word' id='word_1_348' title='bbox 811 2580 1047 2644; x_wconf 87' lang='lat' dir='ltr'><strong>dabunt,</strong></span> <span class='ocrx_word' id='word_1_349' title='bbox 1086 2595 1263 2649; x_wconf 82' lang='lat' dir='ltr'><strong>neque</strong></span> <span class='ocrx_word' id='word_1_350' title='bbox 1289 2579 1674 2635; x_wconf 89' lang='lat' dir='ltr'><strong>subministra-</strong></span> 
     </span>
    </p>
   </div>
   <div class='ocr_carea' id='block_1_55' title="bbox 126 2648 1678 2720">
    <p class='ocr_par' dir='ltr' id='par_1_55' title="bbox 126 2648 1678 2720">
     <span class='ocr_line' id='line_1_55' title="bbox 126 2648 1678 2720; baseline 0.001 -19"><span class='ocrx_word' id='word_1_351' title='bbox 126 2648 265 2702; x_wconf 32' lang='lat' dir='ltr'><strong>bunt’</strong></span> <span class='ocrx_word' id='word_1_352' title='bbox 309 2653 584 2711; x_wconf 87' lang='lat' dir='ltr'><strong>triticum,</strong></span> <span class='ocrx_word' id='word_1_353' title='bbox 616 2655 1123 2717; x_wconf 84' lang='lat' dir='ltr'><strong>arma,pecuniain,</strong></span> <span class='ocrx_word' id='word_1_354' title='bbox 1168 2665 1357 2714; x_wconf 88' lang='lat' dir='ltr'><strong>naves,</strong></span> <span class='ocrx_word' id='word_1_355' title='bbox 1385 2653 1531 2704; x_wconf 89' lang='lat' dir='ltr'><strong>sicut</strong></span> <span class='ocrx_word' id='word_1_356' title='bbox 1562 2652 1678 2720; x_wconf 54' lang='lat' dir='ltr'><strong>pias</strong></span> 
     </span>
    </p>
   </div>
   <div class='ocr_carea' id='block_1_56' title="bbox 127 2720 1675 2787">
    <p class='ocr_par' dir='ltr' id='par_1_56' title="bbox 127 2720 1675 2787">
     <span class='ocr_line' id='line_1_56' title="bbox 127 2720 1675 2787; baseline 0.002 -15"><span class='ocrx_word' id='word_1_357' title='bbox 127 2722 220 2772; x_wconf 81' lang='lat' dir='ltr'><strong>cuit</strong></span> <span class='ocrx_word' id='word_1_358' title='bbox 243 2720 506 2774; x_wconf 78' lang='lat' dir='ltr'><strong>Romanis</strong></span> <span class='ocrx_word' id='word_1_359' title='bbox 534 2735 551 2775; x_wconf 85' lang='lat'><strong>;</strong></span> <span class='ocrx_word' id='word_1_360' title='bbox 586 2728 640 2774; x_wconf 89' lang='lat' dir='ltr'><strong>et</strong></span> <span class='ocrx_word' id='word_1_361' title='bbox 671 2721 984 2774; x_wconf 72' lang='lat' dir='ltr'><strong>cuStodient</strong></span> <span class='ocrx_word' id='word_1_362' title='bbox 1008 2720 1265 2774; x_wconf 78' lang='lat' dir='ltr'><strong>mandata</strong></span> <span class='ocrx_word' id='word_1_363' title='bbox 1288 2735 1509 2787; x_wconf 88' lang='lat' dir='ltr'><strong>eorum,</strong></span> <span class='ocrx_word' id='word_1_364' title='bbox 1536 2722 1675 2775; x_wconf 86' lang='lat' dir='ltr'><strong>nihil</strong></span> 
     </span>
    </p>
   </div>
   <div class='ocr_carea' id='block_1_57' title="bbox 125 2790 662 2857">
    <p class='ocr_par' dir='ltr' id='par_1_57' title="bbox 125 2790 662 2857">
     <span class='ocr_line' id='line_1_57' title="bbox 125 2790 662 2857; baseline 0.004 -16"><span class='ocrx_word' id='word_1_365' title='bbox 125 2791 183 2841; x_wconf 82' lang='lat' dir='ltr'><strong>ab</strong></span> <span class='ocrx_word' id='word_1_366' title='bbox 209 2793 285 2843; x_wconf 83' lang='lat' dir='ltr'><strong>eis</strong></span> <span class='ocrx_word' id='word_1_367' title='bbox 308 2790 662 2857; x_wconf 80' lang='lat' dir='ltr'><strong>accipientes.</strong></span> 
     </span>
    </p>
   </div>
   <div class='ocr_carea' id='block_1_58' title="bbox 177 2857 1675 2927">
    <p class='ocr_par' dir='ltr' id='par_1_58' title="bbox 177 2857 1675 2927">
     <span class='ocr_line' id='line_1_58' title="bbox 177 2857 1675 2927; baseline 0.003 -18"><span class='ocrx_word' id='word_1_368' title='bbox 177 2858 438 2912; x_wconf 79' lang='lat' dir='ltr'><strong>Similiter</strong></span> <span class='ocrx_word' id='word_1_369' title='bbox 461 2872 647 2912; x_wconf 90' lang='lat' dir='ltr'><strong>autem</strong></span> <span class='ocrx_word' id='word_1_370' title='bbox 680 2868 737 2913; x_wconf 91' lang='lat' dir='ltr'><strong>et</strong></span> <span class='ocrx_word' id='word_1_371' title='bbox 764 2859 810 2913; x_wconf 80' lang='lat' dir='ltr'><strong>si</strong></span> <span class='ocrx_word' id='word_1_372' title='bbox 838 2858 984 2927; x_wconf 88' lang='lat' dir='ltr'><strong>genti</strong></span> <span class='ocrx_word' id='word_1_373' title='bbox 1006 2857 1318 2913; x_wconf 68' lang='lat' dir='ltr'><strong>Judazorum</strong></span> <span class='ocrx_word' id='word_1_374' title='bbox 1350 2859 1501 2927; x_wconf 89' lang='lat' dir='ltr'><strong>prius</strong></span> <span class='ocrx_word' id='word_1_375' title='bbox 1533 2861 1675 2914; x_wconf 85' lang='lat' dir='ltr'><strong>acci-</strong></span> 
     </span>
    </p>
   </div>
   <div class='ocr_carea' id='block_1_59' title="bbox 125 2927 1746 2999">
    <p class='ocr_par' dir='ltr' id='par_1_59' title="bbox 125 2927 1746 2999">
     <span class='ocr_line' id='line_1_59' title="bbox 125 2927 1746 2999; baseline 0.002 -21"><span class='ocrx_word' id='word_1_376' title='bbox 125 2927 249 2982; x_wconf 82' lang='lat' dir='ltr'><strong>derit</strong></span> <span class='ocrx_word' id='word_1_377' title='bbox 279 2930 505 2993; x_wconf 82' lang='lat' dir='ltr'><strong>bellum,</strong></span> <span class='ocrx_word' id='word_1_378' title='bbox 564 2930 903 2998; x_wconf 85' lang='lat' dir='ltr'><strong>adjuvabunt</strong></span> <span class='ocrx_word' id='word_1_379' title='bbox 935 2928 1164 2983; x_wconf 73' lang='lat' dir='ltr'><strong>Romani</strong></span> <span class='ocrx_word' id='word_1_380' title='bbox 1191 2944 1256 2983; x_wconf 81' lang='lat' dir='ltr'><strong>ex</strong></span> <span class='ocrx_word' id='word_1_381' title='bbox 1282 2944 1487 2993; x_wconf 85' lang='lat' dir='ltr'><strong>animo,</strong></span> <span class='ocrx_word' id='word_1_382' title='bbox 1511 2939 1676 2999; x_wconf 84' lang='lat' dir='ltr'><strong>prout</strong></span> <span class='ocrx_word' id='word_1_383' title='bbox 1702 2963 1746 2999; x_wconf 58' lang='grc' dir='ltr'><strong><em>,τ</em></strong></span> 
     </span>
    </p>
   </div>
   <div class='ocr_carea' id='block_1_60' title="bbox 122 3006 820 3066">
    <p class='ocr_par' dir='ltr' id='par_1_60' title="bbox 122 3006 820 3066">
     <span class='ocr_line' id='line_1_60' title="bbox 122 3006 820 3066; baseline -0.001 -14"><span class='ocrx_word' id='word_1_384' title='bbox 122 3012 192 3052; x_wconf 79' lang='lat' dir='ltr'><strong>eis</strong></span> <span class='ocrx_word' id='word_1_385' title='bbox 222 3011 438 3066; x_wconf 76' lang='lat' dir='ltr'><strong>tempus</strong></span> <span class='ocrx_word' id='word_1_386' title='bbox 462 3006 775 3065; x_wconf 80' lang='lat' dir='ltr'><strong>permiserit</strong></span> <span class='ocrx_word' id='word_1_387' title='bbox 805 3011 820 3051; x_wconf 86' lang='lat'>:</span> 
     </span>
    </p>
   </div>
   <div class='ocr_carea' id='block_1_61' title="bbox 178 3068 1677 3138">
    <p class='ocr_par' dir='ltr' id='par_1_61' title="bbox 178 3068 1677 3138">
     <span class='ocr_line' id='line_1_61' title="bbox 178 3068 1677 3138; baseline 0.001 -18"><span class='ocrx_word' id='word_1_388' title='bbox 178 3069 239 3120; x_wconf 72' lang='lat' dir='ltr'><strong>Et</strong></span> <span class='ocrx_word' id='word_1_389' title='bbox 265 3070 659 3136; x_wconf 64' lang='lat' dir='ltr'><strong>adiuvantibus</strong></span> <span class='ocrx_word' id='word_1_390' title='bbox 686 3085 795 3121; x_wconf 90' lang='lat' dir='ltr'><strong>non</strong></span> <span class='ocrx_word' id='word_1_391' title='bbox 823 3068 1043 3123; x_wconf 81' lang='lat' dir='ltr'><strong>dabitur</strong></span> <span class='ocrx_word' id='word_1_392' title='bbox 1073 3068 1337 3133; x_wconf 84' lang='lat' dir='ltr'><strong>triticum,</strong></span> <span class='ocrx_word' id='word_1_393' title='bbox 1372 3084 1545 3132; x_wconf 79' lang='lat' dir='ltr'><strong>arma,</strong></span> <span class='ocrx_word' id='word_1_394' title='bbox 1577 3084 1677 3138; x_wconf 82' lang='lat' dir='ltr'><strong>pe-</strong></span> 
     </span>
    </p>
   </div>
   <div class='ocr_carea' id='block_1_62' title="bbox 124 3139 1679 3206">
    <p class='ocr_par' dir='ltr' id='par_1_62' title="bbox 124 3139 1679 3206">
     <span class='ocr_line' id='line_1_62' title="bbox 124 3139 1679 3206; baseline 0.003 -19"><span class='ocrx_word' id='word_1_395' title='bbox 124 3141 288 3202; x_wconf 84' lang='lat' dir='ltr'><strong>cunia,</strong></span> <span class='ocrx_word' id='word_1_396' title='bbox 319 3153 510 3199; x_wconf 80' lang='lat' dir='ltr'><strong>naves,</strong></span> <span class='ocrx_word' id='word_1_397' title='bbox 536 3140 899 3206; x_wconf 81' lang='lat' dir='ltr'><strong>sicutplacuit</strong></span> <span class='ocrx_word' id='word_1_398' title='bbox 924 3139 1186 3192; x_wconf 75' lang='lat' dir='ltr'><strong>Romanis</strong></span> <span class='ocrx_word' id='word_1_399' title='bbox 1216 3154 1231 3191; x_wconf 85' lang='lat'><strong>:</strong></span> <span class='ocrx_word' id='word_1_400' title='bbox 1272 3148 1328 3192; x_wconf 91' lang='lat' dir='ltr'><strong>et</strong></span> <span class='ocrx_word' id='word_1_401' title='bbox 1361 3141 1679 3193; x_wconf 86' lang='lat' dir='ltr'><strong>custodiciit</strong></span> 
     </span>
    </p>
   </div>
   <div class='ocr_carea' id='block_1_63' title="bbox 122 3210 990 3276">
    <p class='ocr_par' dir='ltr' id='par_1_63' title="bbox 122 3210 990 3276">
     <span class='ocr_line' id='line_1_63' title="bbox 122 3210 990 3276; baseline 0.006 -18"><span class='ocrx_word' id='word_1_402' title='bbox 122 3218 360 3261; x_wconf 74' lang='lat' dir='ltr'><strong>miniata</strong></span> <span class='ocrx_word' id='word_1_403' title='bbox 393 3222 585 3262; x_wconf 88' lang='lat' dir='ltr'><strong>eorum</strong></span> <span class='ocrx_word' id='word_1_404' title='bbox 610 3210 813 3276; x_wconf 78' lang='lat' dir='ltr'><strong>absque</strong></span> <span class='ocrx_word' id='word_1_405' title='bbox 845 3210 990 3263; x_wconf 84' lang='lat' dir='ltr'><strong>dolo.</strong></span> 
     </span>
    </p>
   </div>
   <div class='ocr_carea' id='block_1_64' title="bbox 177 3276 1677 3345">
    <p class='ocr_par' dir='ltr' id='par_1_64' title="bbox 177 3276 1677 3345">
     <span class='ocr_line' id='line_1_64' title="bbox 177 3276 1677 3345; baseline 0.001 -14"><span class='ocrx_word' id='word_1_406' title='bbox 177 3280 485 3331; x_wconf 74' lang='lat' dir='ltr'><strong>Secundum</strong></span> <span class='ocrx_word' id='word_1_407' title='bbox 521 3282 639 3330; x_wconf 71' lang='lat' dir='ltr'><strong>liaze</strong></span> <span class='ocrx_word' id='word_1_408' title='bbox 677 3282 840 3331; x_wconf 75' lang='lat' dir='ltr'><strong>verba</strong></span> <span class='ocrx_word' id='word_1_409' title='bbox 873 3277 1289 3333; x_wconf 85' lang='lat' dir='ltr'><strong>constituerunt</strong></span> <span class='ocrx_word' id='word_1_410' title='bbox 1312 3276 1545 3331; x_wconf 82' lang='lat' dir='ltr'><strong>Romani</strong></span> <span class='ocrx_word' id='word_1_411' title='bbox 1576 3293 1677 3345; x_wconf 88' lang='lat' dir='ltr'><strong>po-</strong></span> 
     </span>
    </p>
   </div>
   <div class='ocr_carea' id='block_1_65' title="bbox 120 3350 624 3411">
    <p class='ocr_par' dir='ltr' id='par_1_65' title="bbox 120 3350 624 3411">
     <span class='ocr_line' id='line_1_65' title="bbox 120 3350 624 3411; baseline -0.004 -12"><span class='ocrx_word' id='word_1_412' title='bbox 120 3350 229 3411; x_wconf 73' lang='lat' dir='ltr'><strong>pulo</strong></span> <span class='ocrx_word' id='word_1_413' title='bbox 280 3352 624 3411; x_wconf 72' lang='lat' dir='ltr'><strong>Judazoruni,</strong></span> 
     </span>
    </p>
   </div>
   <div class='ocr_carea' id='block_1_66' title="bbox 174 3416 1679 3486">
    <p class='ocr_par' dir='ltr' id='par_1_66' title="bbox 174 3416 1679 3486">
     <span class='ocr_line' id='line_1_66' title="bbox 174 3416 1679 3486; baseline 0.001 -17"><span class='ocrx_word' id='word_1_414' title='bbox 174 3420 325 3480; x_wconf 76' lang='lat' dir='ltr'><strong>Quod</strong></span> <span class='ocrx_word' id='word_1_415' title='bbox 351 3422 394 3473; x_wconf 78' lang='lat' dir='ltr'><strong>si</strong></span> <span class='ocrx_word' id='word_1_416' title='bbox 416 3428 543 3486; x_wconf 83' lang='lat' dir='ltr'><strong>post</strong></span> <span class='ocrx_word' id='word_1_417' title='bbox 566 3421 683 3472; x_wconf 78' lang='lat' dir='ltr'><strong>inec</strong></span> <span class='ocrx_word' id='word_1_418' title='bbox 707 3417 873 3470; x_wconf 86' lang='lat' dir='ltr'><strong>verba</strong></span> <span class='ocrx_word' id='word_1_419' title='bbox 900 3417 953 3471; x_wconf 87' lang='lat' dir='ltr'><strong>hi</strong></span> <span class='ocrx_word' id='word_1_420' title='bbox 984 3427 1081 3471; x_wconf 90' lang='lat' dir='ltr'><strong>aut</strong></span> <span class='ocrx_word' id='word_1_421' title='bbox 1109 3418 1187 3471; x_wconf 91' lang='lat' dir='ltr'><strong>illi</strong></span> <span class='ocrx_word' id='word_1_422' title='bbox 1208 3416 1431 3482; x_wconf 79' lang='lat' dir='ltr'><strong>addere,</strong></span> <span class='ocrx_word' id='word_1_423' title='bbox 1454 3426 1550 3470; x_wconf 88' lang='lat' dir='ltr'><strong>aut</strong></span> <span class='ocrx_word' id='word_1_424' title='bbox 1583 3416 1679 3471; x_wconf 87' lang='lat' dir='ltr'><strong>de-</strong></span> 
     </span>
    </p>
   </div>
   <div class='ocr_carea' id='block_1_67' title="bbox 121 3488 1676 3556">
    <p class='ocr_par' dir='ltr' id='par_1_67' title="bbox 121 3488 1676 3556">
     <span class='ocr_line' id='line_1_67' title="bbox 121 3488 1676 3556; baseline 0.001 -19"><span class='ocrx_word' id='word_1_425' title='bbox 121 3502 255 3540; x_wconf 82' lang='lat' dir='ltr'><strong>mere</strong></span> <span class='ocrx_word' id='word_1_426' title='bbox 287 3494 361 3542; x_wconf 71' lang='lat' dir='ltr'><strong>ad</strong></span> <span class='ocrx_word' id='word_1_427' title='bbox 383 3494 501 3543; x_wconf 72' lang='lat' dir='ltr'><strong>haec</strong></span> <span class='ocrx_word' id='word_1_428' title='bbox 527 3488 735 3556; x_wconf 79' lang='lat' dir='ltr'><strong>ahquid</strong></span> <span class='ocrx_word' id='word_1_429' title='bbox 766 3488 1062 3551; x_wconf 76' lang='lat' dir='ltr'><strong>voluerint,</strong></span> <span class='ocrx_word' id='word_1_430' title='bbox 1103 3488 1391 3541; x_wconf 66' lang='lat' dir='ltr'><strong>faciente:</strong></span> <span class='ocrx_word' id='word_1_431' title='bbox 1421 3489 1676 3555; x_wconf 89' lang='lat' dir='ltr'><strong>proposi-</strong></span> 
     </span>
    </p>
   </div>
   <div class='ocr_carea' id='block_1_68' title="bbox 122 3559 1676 3626">
    <p class='ocr_par' dir='ltr' id='par_1_68' title="bbox 122 3559 1676 3626">
     <span class='ocr_line' id='line_1_68' title="bbox 122 3559 1676 3626; baseline 0.001 -19"><span class='ocrx_word' id='word_1_432' title='bbox 122 3565 280 3611; x_wconf 76' lang='lat' dir='ltr'><strong>tosuu</strong></span> <span class='ocrx_word' id='word_1_433' title='bbox 311 3576 327 3611; x_wconf 89' lang='lat'>:</span> <span class='ocrx_word' id='word_1_434' title='bbox 359 3567 415 3611; x_wconf 88' lang='lat' dir='ltr'><strong>et</strong></span> <span class='ocrx_word' id='word_1_435' title='bbox 477 3572 818 3626; x_wconf 72' lang='lat' dir='ltr'><strong>quaecunque</strong></span> <span class='ocrx_word' id='word_1_436' title='bbox 851 3559 1164 3611; x_wconf 85' lang='lat' dir='ltr'><strong>addiderint</strong></span> <span class='ocrx_word' id='word_1_437' title='bbox 1209 3560 1291 3611; x_wconf 86' lang='lat' dir='ltr'><strong>vel</strong></span> <span class='ocrx_word' id='word_1_438' title='bbox 1316 3564 1676 3625; x_wconf 83' lang='lat' dir='ltr'><strong>deinpscriut,</strong></span> 
     </span>
    </p>
   </div>
   <div class='ocr_carea' id='block_1_69' title="bbox 121 3637 429 3681">
    <p class='ocr_par' dir='ltr' id='par_1_69' title="bbox 121 3637 429 3681">
     <span class='ocr_line' id='line_1_69' title="bbox 121 3637 429 3681; baseline 0.01 -5"><span class='ocrx_word' id='word_1_439' title='bbox 121 3639 219 3678; x_wconf 83' lang='lat' dir='ltr'><strong>rata</strong></span> <span class='ocrx_word' id='word_1_440' title='bbox 243 3637 429 3681; x_wconf 88' lang='lat' dir='ltr'><strong>erunt.</strong></span> 
     </span>
    </p>
   </div>
   <div class='ocr_carea' id='block_1_70' title="bbox 177 3696 1675 3760">
    <p class='ocr_par' dir='ltr' id='par_1_70' title="bbox 177 3696 1675 3760">
     <span class='ocr_line' id='line_1_70' title="bbox 177 3696 1675 3760; baseline -0.001 -11"><span class='ocrx_word' id='word_1_441' title='bbox 177 3698 275 3750; x_wconf 84' lang='lat' dir='ltr'><strong>Sed</strong></span> <span class='ocrx_word' id='word_1_442' title='bbox 306 3707 368 3752; x_wconf 86' lang='lat' dir='ltr'><strong>et</strong></span> <span class='ocrx_word' id='word_1_443' title='bbox 410 3697 479 3751; x_wconf 89' lang='lat' dir='ltr'><strong>de</strong></span> <span class='ocrx_word' id='word_1_444' title='bbox 514 3696 673 3750; x_wconf 89' lang='lat' dir='ltr'><strong>malis</strong></span> <span class='ocrx_word' id='word_1_445' title='bbox 699 3712 820 3760; x_wconf 73' lang='lat' dir='ltr'><strong>qua:</strong></span> <span class='ocrx_word' id='word_1_446' title='bbox 847 3696 1152 3750; x_wconf 87' lang='lat' dir='ltr'><strong>Demetrius</strong></span> <span class='ocrx_word' id='word_1_447' title='bbox 1178 3712 1270 3750; x_wconf 76' lang='lat' dir='ltr'><strong>rex</strong></span> <span class='ocrx_word' id='word_1_448' title='bbox 1301 3696 1432 3751; x_wconf 84' lang='lat' dir='ltr'><strong>fecit</strong></span> <span class='ocrx_word' id='word_1_449' title='bbox 1459 3696 1511 3749; x_wconf 90' lang='lat' dir='ltr'><strong>iii</strong></span> <span class='ocrx_word' id='word_1_450' title='bbox 1558 3710 1675 3756; x_wconf 88' lang='lat' dir='ltr'><strong>cos,</strong></span> 
     </span>
    </p>
   </div>
   <div class='ocr_carea' id='block_1_71' title="bbox 121 3767 1677 3888">
    <p class='ocr_par' dir='ltr' id='par_1_71' title="bbox 121 3767 1677 3888">
     <span class='ocr_line' id='line_1_71' title="bbox 121 3767 1677 3888; baseline 0.002 -74"><span class='ocrx_word' id='word_1_451' title='bbox 121 3769 431 3835; x_wconf 76' lang='lat' dir='ltr'><strong>scripsimus</strong></span> <span class='ocrx_word' id='word_1_452' title='bbox 486 3770 561 3829; x_wconf 84' lang='lat' dir='ltr'><strong>ei,</strong></span> <span class='ocrx_word' id='word_1_453' title='bbox 619 3767 860 3820; x_wconf 80' lang='lat' dir='ltr'><strong>dicentes</strong></span> <span class='ocrx_word' id='word_1_454' title='bbox 894 3780 909 3819; x_wconf 90' lang='lat'><strong>:</strong></span> <span class='ocrx_word' id='word_1_455' title='bbox 966 3767 1148 3829; x_wconf 79' lang='lat' dir='ltr'><strong>Quare</strong></span> <span class='ocrx_word' id='word_1_456' title='bbox 1200 3773 1438 3835; x_wconf 87' lang='lat' dir='ltr'><strong>gravasti</strong></span> <span class='ocrx_word' id='word_1_457' title='bbox 1477 3770 1677 3888; x_wconf 50' lang='lat' dir='ltr'><strong>gugum</strong></span> 
     </span>
     <span class='ocr_line' id='line_1_72' title="bbox 121 3838 1458 3888; baseline 0.003 -4"><span class='ocrx_word' id='word_1_458' title='bbox 121 3846 256 3888; x_wconf 82' lang='lat' dir='ltr'><strong>tuum</strong></span> <span class='ocrx_word' id='word_1_459' title='bbox 280 3854 453 3888; x_wconf 74' lang='lat' dir='ltr'><strong>suoer</strong></span> <span class='ocrx_word' id='word_1_460' title='bbox 470 3852 680 3888; x_wconf 85' lang='lat' dir='ltr'><strong>amicos</strong></span> <span class='ocrx_word' id='word_1_461' title='bbox 706 3848 925 3888; x_wconf 86' lang='lat' dir='ltr'><strong>nostros</strong></span> <span class='ocrx_word' id='word_1_462' title='bbox 956 3850 1011 3888; x_wconf 90' lang='lat' dir='ltr'><strong>et</strong></span> <span class='ocrx_word' id='word_1_463' title='bbox 1043 3838 1458 3888; x_wconf 68' lang='lat' dir='ltr'><strong>soeiosJudaaos</strong></span> 
     </span>
    </p>
   </div>
   <div class='ocr_carea' id='block_1_72' title="bbox 120 3838 1458 3903">
    <p class='ocr_par' dir='ltr' id='par_1_72' title="bbox 120 3838 1458 3903">
     <span class='ocr_line' id='line_1_73' title="bbox 120 3838 1458 3903; baseline 0.004 -19"><span class='ocrx_word' id='word_1_464' title='bbox 120 3846 256 3888; x_wconf 82' lang='lat' dir='ltr'><strong>tuum</strong></span> <span class='ocrx_word' id='word_1_465' title='bbox 280 3854 453 3903; x_wconf 78' lang='lat' dir='ltr'><strong>super</strong></span> <span class='ocrx_word' id='word_1_466' title='bbox 470 3852 680 3889; x_wconf 85' lang='lat' dir='ltr'><strong>amicos</strong></span> <span class='ocrx_word' id='word_1_467' title='bbox 706 3848 925 3889; x_wconf 86' lang='lat' dir='ltr'><strong>nostros</strong></span> <span class='ocrx_word' id='word_1_468' title='bbox 956 3850 1011 3888; x_wconf 90' lang='lat' dir='ltr'><strong>et</strong></span> <span class='ocrx_word' id='word_1_469' title='bbox 1043 3851 1222 3888; x_wconf 83' lang='lat' dir='ltr'><strong>suetos</strong></span> <span class='ocrx_word' id='word_1_470' title='bbox 1241 3838 1458 3890; x_wconf 77' lang='lat' dir='ltr'><strong>Judaeos</strong></span> 
     </span>
    </p>
   </div>
   <div class='ocr_carea' id='block_1_73' title="bbox 176 3907 1676 3975">
    <p class='ocr_par' dir='ltr' id='par_1_73' title="bbox 176 3907 1676 3975">
     <span class='ocr_line' id='line_1_74' title="bbox 176 3907 1676 3975; baseline 0.004 -20"><span class='ocrx_word' id='word_1_471' title='bbox 176 3917 227 3956; x_wconf 67' lang='grc' dir='ltr'><strong>δι</strong></span> <span class='ocrx_word' id='word_1_472' title='bbox 261 3924 392 3975; x_wconf 78' lang='lat' dir='ltr'><strong>ergo</strong></span> <span class='ocrx_word' id='word_1_473' title='bbox 427 3911 629 3959; x_wconf 87' lang='lat' dir='ltr'><strong>iterum</strong></span> <span class='ocrx_word' id='word_1_474' title='bbox 675 3907 908 3958; x_wconf 88' lang='lat' dir='ltr'><strong>adierint</strong></span> <span class='ocrx_word' id='word_1_475' title='bbox 942 3919 1043 3957; x_wconf 86' lang='lat' dir='ltr'><strong>nos</strong></span> <span class='ocrx_word' id='word_1_476' title='bbox 1072 3910 1364 3960; x_wconf 81' lang='lat' dir='ltr'><strong>adversum</strong></span> <span class='ocrx_word' id='word_1_477' title='bbox 1398 3918 1473 3969; x_wconf 85' lang='lat' dir='ltr'><strong>te,</strong></span> <span class='ocrx_word' id='word_1_478' title='bbox 1507 3908 1676 3961; x_wconf 81' lang='lat' dir='ltr'><strong>facie—</strong></span> 
     </span>
    </p>
   </div>
   <div class='ocr_carea' id='block_1_74' title="bbox 115 3974 1677 4047">
    <p class='ocr_par' dir='ltr' id='par_1_74' title="bbox 115 3974 1677 4047">
     <span class='ocr_line' id='line_1_75' title="bbox 115 3974 1677 4047; baseline 0.002 -21"><span class='ocrx_word' id='word_1_479' title='bbox 115 3990 221 4028; x_wconf 78' lang='lat' dir='ltr'><strong>iiius</strong></span> <span class='ocrx_word' id='word_1_480' title='bbox 252 3974 361 4031; x_wconf 83' lang='lat' dir='ltr'><strong>illis</strong></span> <span class='ocrx_word' id='word_1_481' title='bbox 382 3979 681 4047; x_wconf 87' lang='lat' dir='ltr'><strong>judicium,</strong></span> <span class='ocrx_word' id='word_1_482' title='bbox 707 3985 762 4028; x_wconf 91' lang='lat' dir='ltr'><strong>et</strong></span> <span class='ocrx_word' id='word_1_483' title='bbox 793 3974 1161 4044; x_wconf 84' lang='lat' dir='ltr'><strong>pugnabiinus</strong></span> <span class='ocrx_word' id='word_1_484' title='bbox 1192 3988 1373 4029; x_wconf 88' lang='lat' dir='ltr'><strong>tecum</strong></span> <span class='ocrx_word' id='word_1_485' title='bbox 1408 3982 1543 4031; x_wconf 85' lang='lat' dir='ltr'><strong>mari</strong></span> <span class='ocrx_word' id='word_1_486' title='bbox 1570 3988 1677 4031; x_wconf 84' lang='lat' dir='ltr'><strong>ter-</strong></span> 
     </span>
    </p>
   </div>
   <div class='ocr_carea' id='block_1_75' title="bbox 114 4060 288 4113">
    <p class='ocr_par' dir='ltr' id='par_1_75' title="bbox 114 4060 288 4113">
     <span class='ocr_line' id='line_1_76' title="bbox 114 4060 288 4113; baseline 0.029 -19"><span class='ocrx_word' id='word_1_487' title='bbox 114 4060 288 4113; x_wconf 41' lang='lat' dir='ltr'><strong>raque.</strong></span> 
     </span>
    </p>
   </div>
   <div class='ocr_carea' id='block_1_76' title="bbox 719 4134 1059 4190">
    <p class='ocr_par' dir='ltr' id='par_1_76' title="bbox 719 4134 1059 4190">
     <span class='ocr_line' id='line_1_77' title="bbox 719 4134 1059 4190; baseline -0.003 -1"><span class='ocrx_word' id='word_1_488' title='bbox 719 4134 943 4190; x_wconf 86' lang='lat' dir='ltr'><strong>CAPUT</strong></span> <span class='ocrx_word' id='word_1_489' title='bbox 967 4134 1059 4189; x_wconf 81' lang='lat' dir='ltr'><strong>lX.</strong></span> 
     </span>
    </p>
   </div>
   <div class='ocr_carea' id='block_1_77' title="bbox 168 4249 1672 4318">
    <p class='ocr_par' dir='ltr' id='par_1_77' title="bbox 168 4249 1672 4318">
     <span class='ocr_line' id='line_1_78' title="bbox 168 4249 1672 4318; baseline 0.001 -13"><span class='ocrx_word' id='word_1_490' title='bbox 168 4252 381 4307; x_wconf 82' lang='lat' dir='ltr'><strong>Interea</strong></span> <span class='ocrx_word' id='word_1_491' title='bbox 400 4263 459 4307; x_wconf 90' lang='lat' dir='ltr'><strong>ut</strong></span> <span class='ocrx_word' id='word_1_492' title='bbox 483 4251 696 4305; x_wconf 81' lang='lat' dir='ltr'><strong>audivit</strong></span> <span class='ocrx_word' id='word_1_493' title='bbox 722 4250 1034 4303; x_wconf 86' lang='lat' dir='ltr'><strong>Demetrius</strong></span> <span class='ocrx_word' id='word_1_494' title='bbox 1055 4251 1185 4318; x_wconf 84' lang='lat' dir='ltr'><strong>quia</strong></span> <span class='ocrx_word' id='word_1_495' title='bbox 1210 4250 1407 4305; x_wconf 86' lang='lat' dir='ltr'><strong>cecidit</strong></span> <span class='ocrx_word' id='word_1_496' title='bbox 1433 4249 1672 4306; x_wconf 78' lang='lat' dir='ltr'><strong>Nicanor</strong></span> 
     </span>
    </p>
   </div>
   <div class='ocr_carea' id='block_1_78' title="bbox 110 4322 1670 4390">
    <p class='ocr_par' dir='ltr' id='par_1_78' title="bbox 110 4322 1670 4390">
     <span class='ocr_line' id='line_1_79' title="bbox 110 4322 1670 4390; baseline 0.003 -17"><span class='ocrx_word' id='word_1_497' title='bbox 110 4334 156 4373; x_wconf 81' lang='lat' dir='ltr'><strong>et</strong></span> <span class='ocrx_word' id='word_1_498' title='bbox 182 4338 465 4376; x_wconf 74' lang='lat' dir='ltr'><strong>exercitus</strong></span> <span class='ocrx_word' id='word_1_499' title='bbox 491 4326 611 4390; x_wconf 75' lang='lat' dir='ltr'><strong>ejus</strong></span> <span class='ocrx_word' id='word_1_500' title='bbox 635 4325 691 4374; x_wconf 89' lang='lat' dir='ltr'><strong>iii</strong></span> <span class='ocrx_word' id='word_1_501' title='bbox 749 4322 959 4388; x_wconf 69' lang='lat' dir='ltr'><strong>pradio,</strong></span> <span class='ocrx_word' id='word_1_502' title='bbox 984 4324 1235 4387; x_wconf 80' lang='lat' dir='ltr'><strong>apposuit</strong></span> <span class='ocrx_word' id='word_1_503' title='bbox 1268 4322 1590 4375; x_wconf 77' lang='lat' dir='ltr'><strong>Bacchidem</strong></span> <span class='ocrx_word' id='word_1_504' title='bbox 1616 4336 1670 4377; x_wconf 91' lang='lat' dir='ltr'><strong>et</strong></span> 
     </span>
    </p>
   </div>
   <div class='ocr_carea' id='block_1_79' title="bbox 104 4392 1668 4455">
    <p class='ocr_par' dir='ltr' id='par_1_79' title="bbox 104 4392 1668 4455">
     <span class='ocr_line' id='line_1_80' title="bbox 104 4392 1668 4455; baseline 0.002 -12"><span class='ocrx_word' id='word_1_505' title='bbox 104 4397 368 4447; x_wconf 75' lang='lat' dir='ltr'><strong>Alcimum</strong></span> <span class='ocrx_word' id='word_1_506' title='bbox 399 4407 618 4445; x_wconf 85' lang='lat' dir='ltr'><strong>rursum</strong></span> <span class='ocrx_word' id='word_1_507' title='bbox 643 4394 859 4444; x_wconf 85' lang='lat' dir='ltr'><strong>mittere</strong></span> <span class='ocrx_word' id='word_1_508' title='bbox 908 4392 960 4442; x_wconf 90' lang='lat' dir='ltr'><strong>in</strong></span> <span class='ocrx_word' id='word_1_509' title='bbox 987 4392 1256 4455; x_wconf 66' lang='lat' dir='ltr'><strong>Judaeum,</strong></span> <span class='ocrx_word' id='word_1_510' title='bbox 1310 4402 1366 4444; x_wconf 84' lang='lat' dir='ltr'><strong>et</strong></span> <span class='ocrx_word' id='word_1_511' title='bbox 1410 4396 1668 4446; x_wconf 82' lang='lat' dir='ltr'><strong>dextrum</strong></span> 
     </span>
    </p>
   </div>
   <div class='ocr_carea' id='block_1_80' title="bbox 106 4464 587 4516">
    <p class='ocr_par' dir='ltr' id='par_1_80' title="bbox 106 4464 587 4516">
     <span class='ocr_line' id='line_1_81' title="bbox 106 4464 587 4516; baseline 0.002 -4"><span class='ocrx_word' id='word_1_512' title='bbox 106 4478 263 4514; x_wconf 77' lang='lat' dir='ltr'><strong>Cornu</strong></span> <span class='ocrx_word' id='word_1_513' title='bbox 289 4480 420 4516; x_wconf 84' lang='lat' dir='ltr'><strong>cuni</strong></span> <span class='ocrx_word' id='word_1_514' title='bbox 456 4464 587 4514; x_wconf 79' lang='lat' dir='ltr'><strong>illis.</strong></span> 
     </span>
    </p>
   </div>
   <div class='ocr_carea' id='block_1_81' title="bbox 159 4529 1669 4599">
    <p class='ocr_par' dir='ltr' id='par_1_81' title="bbox 159 4529 1669 4599">
     <span class='ocr_line' id='line_1_82' title="bbox 159 4529 1669 4599; baseline 0.004 -16"><span class='ocrx_word' id='word_1_515' title='bbox 159 4533 224 4584; x_wconf 70' lang='lat' dir='ltr'><strong>Et</strong></span> <span class='ocrx_word' id='word_1_516' title='bbox 252 4539 525 4585; x_wconf 84' lang='lat' dir='ltr'><strong>abierunt</strong></span> <span class='ocrx_word' id='word_1_517' title='bbox 548 4533 691 4583; x_wconf 84' lang='lat' dir='ltr'><strong>viam</strong></span> <span class='ocrx_word' id='word_1_518' title='bbox 724 4544 846 4598; x_wconf 68' lang='lat' dir='ltr'><strong>quae</strong></span> <span class='ocrx_word' id='word_1_519' title='bbox 870 4529 1024 4583; x_wconf 90' lang='lat' dir='ltr'><strong>ducit</strong></span> <span class='ocrx_word' id='word_1_520' title='bbox 1052 4531 1103 4583; x_wconf 93' lang='lat' dir='ltr'><strong>iii</strong></span> <span class='ocrx_word' id='word_1_521' title='bbox 1134 4530 1372 4599; x_wconf 84' lang='lat' dir='ltr'><strong>Galgala,</strong></span> <span class='ocrx_word' id='word_1_522' title='bbox 1403 4542 1459 4587; x_wconf 90' lang='lat' dir='ltr'><strong>et</strong></span> <span class='ocrx_word' id='word_1_523' title='bbox 1491 4544 1669 4590; x_wconf 84' lang='lat' dir='ltr'><strong>castra</strong></span> 
     </span>
    </p>
   </div>
   <div class='ocr_carea' id='block_1_82' title="bbox 104 4601 1670 4668">
    <p class='ocr_par' dir='ltr' id='par_1_82' title="bbox 104 4601 1670 4668">
     <span class='ocr_line' id='line_1_83' title="bbox 104 4601 1670 4668; baseline 0.001 -12"><span class='ocrx_word' id='word_1_524' title='bbox 104 4613 403 4667; x_wconf 79' lang='lat' dir='ltr'><strong>posuerunt</strong></span> <span class='ocrx_word' id='word_1_525' title='bbox 453 4608 506 4655; x_wconf 89' lang='lat' dir='ltr'><strong>in</strong></span> <span class='ocrx_word' id='word_1_526' title='bbox 540 4601 826 4663; x_wconf 74' lang='lat' dir='ltr'><strong>Masaloui,</strong></span> <span class='ocrx_word' id='word_1_527' title='bbox 872 4615 995 4668; x_wconf 76' lang='lat' dir='ltr'><strong>qua:</strong></span> <span class='ocrx_word' id='word_1_528' title='bbox 1024 4610 1108 4654; x_wconf 87' lang='lat' dir='ltr'><strong>est</strong></span> <span class='ocrx_word' id='word_1_529' title='bbox 1160 4604 1213 4654; x_wconf 95' lang='lat' dir='ltr'><strong>in</strong></span> <span class='ocrx_word' id='word_1_530' title='bbox 1276 4604 1513 4657; x_wconf 81' lang='lat' dir='ltr'><strong>Arbeliis</strong></span> <span class='ocrx_word' id='word_1_531' title='bbox 1576 4616 1670 4660; x_wconf 86' lang='lat' dir='ltr'><strong>:et</strong></span> 
     </span>
    </p>
   </div>
   <div class='ocr_carea' id='block_1_83' title="bbox 106 4674 1670 4739">
    <p class='ocr_par' dir='ltr' id='par_1_83' title="bbox 106 4674 1670 4739">
     <span class='ocr_line' id='line_1_84' title="bbox 106 4674 1670 4739; baseline 0.003 -16"><span class='ocrx_word' id='word_1_532' title='bbox 106 4683 677 4739; x_wconf 76' lang='lat' dir='ltr'><strong>occupaverunteuui,</strong></span> <span class='ocrx_word' id='word_1_533' title='bbox 704 4680 761 4724; x_wconf 86' lang='lat' dir='ltr'><strong>et</strong></span> <span class='ocrx_word' id='word_1_534' title='bbox 782 4682 1135 4738; x_wconf 84' lang='lat' dir='ltr'><strong>peremerunt</strong></span> <span class='ocrx_word' id='word_1_535' title='bbox 1153 4674 1366 4726; x_wconf 85' lang='lat' dir='ltr'><strong>animas</strong></span> <span class='ocrx_word' id='word_1_536' title='bbox 1382 4676 1670 4728; x_wconf 89' lang='lat' dir='ltr'><strong>hominum</strong></span> 
     </span>
    </p>
   </div>
   <div class='ocr_carea' id='block_1_84' title="bbox 103 4746 316 4794">
    <p class='ocr_par' dir='ltr' id='par_1_84' title="bbox 103 4746 316 4794">
     <span class='ocr_line' id='line_1_85' title="bbox 103 4746 316 4794; baseline 0.014 -2"><span class='ocrx_word' id='word_1_537' title='bbox 103 4746 316 4794; x_wconf 72' lang='lat' dir='ltr'><strong>titulus.</strong></span> 
     </span>
    </p>
   </div>
   <div class='ocr_carea' id='block_1_85' title="bbox 160 4810 1671 4884">
    <p class='ocr_par' dir='ltr' id='par_1_85' title="bbox 160 4810 1671 4884">
     <span class='ocr_line' id='line_1_86' title="bbox 160 4810 1671 4884; baseline 0.005 -21"><span class='ocrx_word' id='word_1_538' title='bbox 160 4818 213 4864; x_wconf 79' lang='lat' dir='ltr'><strong>lii</strong></span> <span class='ocrx_word' id='word_1_539' title='bbox 240 4825 443 4864; x_wconf 83' lang='lat' dir='ltr'><strong>mense</strong></span> <span class='ocrx_word' id='word_1_540' title='bbox 470 4810 651 4879; x_wconf 87' lang='lat' dir='ltr'><strong>primo</strong></span> <span class='ocrx_word' id='word_1_541' title='bbox 676 4812 805 4863; x_wconf 90' lang='lat' dir='ltr'><strong>anni</strong></span> <span class='ocrx_word' id='word_1_542' title='bbox 839 4814 1127 4867; x_wconf 87' lang='lat' dir='ltr'><strong>centesimi</strong></span> <span class='ocrx_word' id='word_1_543' title='bbox 1148 4823 1204 4865; x_wconf 92' lang='lat' dir='ltr'><strong>et</strong></span> <span class='ocrx_word' id='word_1_544' title='bbox 1230 4813 1671 4884; x_wconf 88' lang='lat' dir='ltr'><strong>quinquagesimi</strong></span> 
     </span>
    </p>
   </div>
   <div class='ocr_carea' id='block_1_86' title="bbox 100 4884 1561 4949">
    <p class='ocr_par' dir='ltr' id='par_1_86' title="bbox 100 4884 1561 4949">
     <span class='ocr_line' id='line_1_87' title="bbox 100 4884 1561 4949; baseline 0.004 -17"><span class='ocrx_word' id='word_1_545' title='bbox 100 4886 348 4945; x_wconf 76' lang='lat' dir='ltr'><strong>secundi,</strong></span> <span class='ocrx_word' id='word_1_546' title='bbox 377 4889 768 4949; x_wconf 87' lang='lat' dir='ltr'><strong>applicuerunt</strong></span> <span class='ocrx_word' id='word_1_547' title='bbox 793 4886 1089 4935; x_wconf 75' lang='lat' dir='ltr'><strong>exercitum</strong></span> <span class='ocrx_word' id='word_1_548' title='bbox 1128 4886 1193 4936; x_wconf 84' lang='lat' dir='ltr'><strong>ad</strong></span> <span class='ocrx_word' id='word_1_549' title='bbox 1214 4884 1514 4938; x_wconf 85' lang='lat' dir='ltr'><strong>Jerusalem</strong></span> <span class='ocrx_word' id='word_1_550' title='bbox 1547 4903 1561 4938; x_wconf 88' lang='lat'><strong>:</strong></span> 
     </span>
    </p>
   </div>
   <div class='ocr_carea' id='block_1_87' title="bbox 155 4951 1670 5024">
    <p class='ocr_par' dir='ltr' id='par_1_87' title="bbox 155 4951 1670 5024">
     <span class='ocr_line' id='line_1_88' title="bbox 155 4951 1670 5024; baseline 0.004 -20"><span class='ocrx_word' id='word_1_551' title='bbox 155 4951 221 5004; x_wconf 70' lang='lat' dir='ltr'><strong>Et</strong></span> <span class='ocrx_word' id='word_1_552' title='bbox 270 4960 663 5014; x_wconf 78' lang='lat' dir='ltr'><strong>surrexerunt,</strong></span> <span class='ocrx_word' id='word_1_553' title='bbox 697 4961 753 5024; x_wconf 86' lang='lat' dir='ltr'><strong>et</strong></span> <span class='ocrx_word' id='word_1_554' title='bbox 805 4954 1064 5024; x_wconf 89' lang='lat' dir='ltr'><strong>abierunt</strong></span> <span class='ocrx_word' id='word_1_555' title='bbox 1098 4955 1154 5005; x_wconf 89' lang='lat' dir='ltr'><strong>in</strong></span> <span class='ocrx_word' id='word_1_556' title='bbox 1215 4955 1441 5008; x_wconf 81' lang='lat' dir='ltr'><strong>Beream</strong></span> <span class='ocrx_word' id='word_1_557' title='bbox 1477 4956 1670 5024; x_wconf 83' lang='lat' dir='ltr'><strong>viginti</strong></span> 
     </span>
    </p>
   </div>
   <div class='ocr_carea' id='block_1_88' title="bbox 100 5022 1290 5091">
    <p class='ocr_par' dir='ltr' id='par_1_88' title="bbox 100 5022 1290 5091">
     <span class='ocr_line' id='line_1_89' title="bbox 100 5022 1290 5091; baseline 0.003 -19"><span class='ocrx_word' id='word_1_558' title='bbox 100 5024 258 5073; x_wconf 72' lang='lat' dir='ltr'><strong>milita</strong></span> <span class='ocrx_word' id='word_1_559' title='bbox 286 5036 566 5083; x_wconf 83' lang='lat' dir='ltr'><strong>virorum,</strong></span> <span class='ocrx_word' id='word_1_560' title='bbox 601 5030 655 5073; x_wconf 87' lang='lat' dir='ltr'><strong>et</strong></span> <span class='ocrx_word' id='word_1_561' title='bbox 682 5022 792 5074; x_wconf 92' lang='lat' dir='ltr'><strong>duo</strong></span> <span class='ocrx_word' id='word_1_562' title='bbox 817 5023 985 5074; x_wconf 86' lang='lat' dir='ltr'><strong>millia</strong></span> <span class='ocrx_word' id='word_1_563' title='bbox 1022 5028 1290 5091; x_wconf 84' lang='lat' dir='ltr'><strong>equitum.</strong></span> 
     </span>
    </p>
   </div>
   <div class='ocr_carea' id='block_1_89' title="bbox 153 5091 1669 5159">
    <p class='ocr_par' dir='ltr' id='par_1_89' title="bbox 153 5091 1669 5159">
     <span class='ocr_line' id='line_1_90' title="bbox 153 5091 1669 5159; baseline 0.003 -15"><span class='ocrx_word' id='word_1_564' title='bbox 153 5096 217 5144; x_wconf 61' lang='grc' dir='ltr'><strong>ιι</strong></span> <span class='ocrx_word' id='word_1_565' title='bbox 238 5091 421 5144; x_wconf 68' lang='lat' dir='ltr'><strong>ludas</strong></span> <span class='ocrx_word' id='word_1_566' title='bbox 446 5101 706 5157; x_wconf 78' lang='lat' dir='ltr'><strong>posuerat</strong></span> <span class='ocrx_word' id='word_1_567' title='bbox 728 5104 908 5146; x_wconf 83' lang='lat' dir='ltr'><strong>castra</strong></span> <span class='ocrx_word' id='word_1_568' title='bbox 940 5108 993 5146; x_wconf 94' lang='lat' dir='ltr'><strong>in</strong></span> <span class='ocrx_word' id='word_1_569' title='bbox 1028 5092 1217 5159; x_wconf 83' lang='lat' dir='ltr'><strong>Laisa,</strong></span> <span class='ocrx_word' id='word_1_570' title='bbox 1250 5104 1305 5148; x_wconf 87' lang='lat' dir='ltr'><strong>et</strong></span> <span class='ocrx_word' id='word_1_571' title='bbox 1362 5096 1466 5147; x_wconf 85' lang='lat' dir='ltr'><strong>tria</strong></span> <span class='ocrx_word' id='word_1_572' title='bbox 1495 5095 1669 5149; x_wconf 88' lang='lat' dir='ltr'><strong>millia</strong></span> 
     </span>
    </p>
   </div>
   <div class='ocr_carea' id='block_1_90' title="bbox 96 5164 707 5216">
    <p class='ocr_par' dir='ltr' id='par_1_90' title="bbox 96 5164 707 5216">
     <span class='ocr_line' id='line_1_91' title="bbox 96 5164 707 5216; baseline -0.003 -2"><span class='ocrx_word' id='word_1_573' title='bbox 96 5164 190 5216; x_wconf 75' lang='lat' dir='ltr'><strong>viri</strong></span> <span class='ocrx_word' id='word_1_574' title='bbox 225 5166 400 5215; x_wconf 84' lang='lat' dir='ltr'><strong>electi</strong></span> <span class='ocrx_word' id='word_1_575' title='bbox 431 5176 555 5214; x_wconf 87' lang='lat' dir='ltr'><strong>cuni</strong></span> <span class='ocrx_word' id='word_1_576' title='bbox 587 5177 653 5214; x_wconf 86' lang='lat' dir='ltr'><strong>eo</strong></span> <span class='ocrx_word' id='word_1_577' title='bbox 692 5175 707 5212; x_wconf 92' lang='lat'><strong>:</strong></span> 
     </span>
    </p>
   </div>
   <div class='ocr_carea' id='block_1_91' title="bbox 158 5230 1671 5302">
    <p class='ocr_par' dir='ltr' id='par_1_91' title="bbox 158 5230 1671 5302">
     <span class='ocr_line' id='line_1_92' title="bbox 158 5230 1671 5302; baseline 0.001 -16"><span class='ocrx_word' id='word_1_578' title='bbox 158 5234 225 5287; x_wconf 74' lang='lat' dir='ltr'><strong>Et</strong></span> <span class='ocrx_word' id='word_1_579' title='bbox 249 5234 523 5285; x_wconf 67' lang='lat' dir='ltr'><strong>Viderunt</strong></span> <span class='ocrx_word' id='word_1_580' title='bbox 557 5230 961 5291; x_wconf 82' lang='lat' dir='ltr'><strong>multitudinem</strong></span> <span class='ocrx_word' id='word_1_581' title='bbox 995 5233 1294 5297; x_wconf 79' lang='lat' dir='ltr'><strong>exercitus,</strong></span> <span class='ocrx_word' id='word_1_582' title='bbox 1354 5235 1671 5302; x_wconf 72' lang='lat' dir='ltr'><strong>qiiiamulti</strong></span> 
     </span>
    </p>
   </div>
   <div class='ocr_carea' id='block_1_92' title="bbox 91 5303 1672 5372">
    <p class='ocr_par' dir='ltr' id='par_1_92' title="bbox 91 5303 1672 5372">
     <span class='ocr_line' id='line_1_93' title="bbox 91 5303 1672 5372; baseline 0 -15"><span class='ocrx_word' id='word_1_583' title='bbox 91 5315 238 5372; x_wconf 68' lang='lat' dir='ltr'><strong>sunt,</strong></span> <span class='ocrx_word' id='word_1_584' title='bbox 293 5313 358 5357; x_wconf 85' lang='lat' dir='ltr'><strong>et</strong></span> <span class='ocrx_word' id='word_1_585' title='bbox 425 5310 727 5355; x_wconf 84' lang='lat' dir='ltr'><strong>timuerunt</strong></span> <span class='ocrx_word' id='word_1_586' title='bbox 771 5303 928 5357; x_wconf 83' lang='lat' dir='ltr'><strong>valde</strong></span> <span class='ocrx_word' id='word_1_587' title='bbox 960 5317 973 5356; x_wconf 91' lang='lat'>:</span> <span class='ocrx_word' id='word_1_588' title='bbox 1004 5315 1059 5358; x_wconf 89' lang='lat' dir='ltr'><strong>et</strong></span> <span class='ocrx_word' id='word_1_589' title='bbox 1090 5309 1242 5358; x_wconf 91' lang='lat' dir='ltr'><strong>multi</strong></span> <span class='ocrx_word' id='word_1_590' title='bbox 1271 5305 1672 5359; x_wconf 80' lang='lat' dir='ltr'><strong>subtraxerunt</strong></span> 
     </span>
    </p>
   </div>
   <div class='ocr_carea' id='block_1_93' title="bbox 91 5381 1673 5438">
    <p class='ocr_par' dir='ltr' id='par_1_93' title="bbox 91 5381 1673 5438">
     <span class='ocr_line' id='line_1_94' title="bbox 91 5381 1673 5438; baseline 0 -10"><span class='ocrx_word' id='word_1_591' title='bbox 91 5396 146 5435; x_wconf 59' lang='lat' dir='ltr'><strong>se</strong></span> <span class='ocrx_word' id='word_1_592' title='bbox 177 5381 246 5431; x_wconf 88' lang='lat' dir='ltr'><strong>de</strong></span> <span class='ocrx_word' id='word_1_593' title='bbox 272 5384 500 5438; x_wconf 75' lang='lat' dir='ltr'><strong>castris,</strong></span> <span class='ocrx_word' id='word_1_594' title='bbox 529 5382 583 5425; x_wconf 89' lang='lat' dir='ltr'><strong>et</strong></span> <span class='ocrx_word' id='word_1_595' title='bbox 613 5388 722 5427; x_wconf 90' lang='lat' dir='ltr'><strong>non</strong></span> <span class='ocrx_word' id='word_1_596' title='bbox 754 5384 1138 5427; x_wconf 81' lang='lat' dir='ltr'><strong>remanserunt</strong></span> <span class='ocrx_word' id='word_1_597' title='bbox 1164 5388 1231 5427; x_wconf 77' lang='lat' dir='ltr'><strong>ex</strong></span> <span class='ocrx_word' id='word_1_598' title='bbox 1255 5390 1337 5430; x_wconf 88' lang='lat' dir='ltr'><strong>eis</strong></span> <span class='ocrx_word' id='word_1_599' title='bbox 1358 5391 1465 5430; x_wconf 85' lang='lat' dir='ltr'><strong>nisi</strong></span> <span class='ocrx_word' id='word_1_600' title='bbox 1497 5381 1673 5429; x_wconf 87' lang='lat' dir='ltr'><strong>octin-</strong></span> 
     </span>
    </p>
   </div>
   <div class='ocr_carea' id='block_1_94' title="bbox 90 5446 391 5517">
    <p class='ocr_par' dir='ltr' id='par_1_94' title="bbox 90 5446 391 5517">
     <span class='ocr_line' id='line_1_95' title="bbox 90 5446 391 5517; baseline -0.02 -14"><span class='ocrx_word' id='word_1_601' title='bbox 90 5453 227 5517; x_wconf 79' lang='lat' dir='ltr'><strong>genti</strong></span> <span class='ocrx_word' id='word_1_602' title='bbox 255 5446 391 5500; x_wconf 82' lang='lat' dir='ltr'><strong>viri.</strong></span> 
     </span>
    </p>
   </div>
   <div class='ocr_carea' id='block_1_95' title="bbox 147 5515 1674 5584">
    <p class='ocr_par' dir='ltr' id='par_1_95' title="bbox 147 5515 1674 5584">
     <span class='ocr_line' id='line_1_96' title="bbox 147 5515 1674 5584; baseline 0 -12"><span class='ocrx_word' id='word_1_603' title='bbox 147 5520 210 5573; x_wconf 67' lang='lat' dir='ltr'><strong>Et</strong></span> <span class='ocrx_word' id='word_1_604' title='bbox 240 5515 583 5572; x_wconf 74' lang='lat' dir='ltr'><strong>viditJudas</strong></span> <span class='ocrx_word' id='word_1_605' title='bbox 617 5515 763 5584; x_wconf 90' lang='lat' dir='ltr'><strong>quod</strong></span> <span class='ocrx_word' id='word_1_606' title='bbox 823 5515 1051 5570; x_wconf 75' lang='lat' dir='ltr'><strong>deﬂuxit</strong></span> <span class='ocrx_word' id='word_1_607' title='bbox 1097 5518 1373 5571; x_wconf 78' lang='lat' dir='ltr'><strong>exercitus</strong></span> <span class='ocrx_word' id='word_1_608' title='bbox 1426 5532 1580 5581; x_wconf 89' lang='lat' dir='ltr'><strong>suus,</strong></span> <span class='ocrx_word' id='word_1_609' title='bbox 1617 5526 1674 5572; x_wconf 88' lang='lat' dir='ltr'><strong>et</strong></span> 
     </span>
    </p>
   </div>
   <div class='ocr_carea' id='block_1_96' title="bbox 92 5589 1662 5657">
    <p class='ocr_par' dir='ltr' id='par_1_96' title="bbox 92 5589 1662 5657">
     <span class='ocr_line' id='line_1_97' title="bbox 92 5589 1662 5657; baseline -0.005 -10"><span class='ocrx_word' id='word_1_610' title='bbox 92 5594 287 5647; x_wconf 66' lang='lat' dir='ltr'><strong>licium</strong></span> <span class='ocrx_word' id='word_1_611' title='bbox 338 5596 680 5657; x_wconf 78' lang='lat' dir='ltr'><strong>perurgebat</strong></span> <span class='ocrx_word' id='word_1_612' title='bbox 710 5604 853 5650; x_wconf 83' lang='lat' dir='ltr'><strong>eoin,</strong></span> <span class='ocrx_word' id='word_1_613' title='bbox 883 5601 937 5641; x_wconf 89' lang='lat' dir='ltr'><strong>et</strong></span> <span class='ocrx_word' id='word_1_614' title='bbox 966 5594 1279 5644; x_wconf 83' lang='lat' dir='ltr'><strong>contractus</strong></span> <span class='ocrx_word' id='word_1_615' title='bbox 1320 5599 1403 5643; x_wconf 82' lang='lat' dir='ltr'><strong>est</strong></span> <span class='ocrx_word' id='word_1_616' title='bbox 1432 5589 1597 5645; x_wconf 77' lang='lat' dir='ltr'><strong>corde</strong></span> <span class='ocrx_word' id='word_1_617' title='bbox 1647 5603 1662 5639; x_wconf 75' lang='grc' dir='ltr'>ζ</span> 
     </span>
    </p>
   </div>
   <div class='ocr_carea' id='block_1_97' title="bbox 1832 1674 3352 1741">
    <p class='ocr_par' dir='ltr' id='par_1_97' title="bbox 1832 1674 3352 1741">
     <span class='ocr_line' id='line_1_98' title="bbox 1832 1674 3352 1741; baseline 0.005 -18"><span class='ocrx_word' id='word_1_618' title='bbox 1832 1674 2284 1726; x_wconf 68' lang='lat' dir='ltr'><strong>Exul-amaverunt</strong></span> <span class='ocrx_word' id='word_1_619' title='bbox 2316 1685 2497 1726; x_wconf 88' lang='lat' dir='ltr'><strong>autem</strong></span> <span class='ocrx_word' id='word_1_620' title='bbox 2536 1683 2592 1727; x_wconf 91' lang='lat' dir='ltr'><strong>et</strong></span> <span class='ocrx_word' id='word_1_621' title='bbox 2618 1675 2695 1736; x_wconf 91' lang='lat' dir='ltr'><strong>lii,</strong></span> <span class='ocrx_word' id='word_1_622' title='bbox 2751 1675 2841 1741; x_wconf 83' lang='lat' dir='ltr'><strong>qui</strong></span> <span class='ocrx_word' id='word_1_623' title='bbox 2887 1685 3044 1728; x_wconf 90' lang='lat' dir='ltr'><strong>erant</strong></span> <span class='ocrx_word' id='word_1_624' title='bbox 3097 1688 3161 1728; x_wconf 77' lang='lat' dir='ltr'><strong>ex</strong></span> <span class='ocrx_word' id='word_1_625' title='bbox 3201 1686 3352 1741; x_wconf 86' lang='lat' dir='ltr'><strong>parte</strong></span> 
     </span>
    </p>
   </div>
   <div class='ocr_carea' id='block_1_98' title="bbox 1775 1741 3353 1812">
    <p class='ocr_par' dir='ltr' id='par_1_98' title="bbox 1775 1741 3353 1812">
     <span class='ocr_line' id='line_1_99' title="bbox 1775 1741 3353 1812; baseline 0.001 -16"><span class='ocrx_word' id='word_1_626' title='bbox 1775 1741 1946 1805; x_wconf 63' lang='lat' dir='ltr'><strong>Jndze,</strong></span> <span class='ocrx_word' id='word_1_627' title='bbox 1982 1744 2147 1796; x_wconf 89' lang='lat' dir='ltr'><strong>etiam</strong></span> <span class='ocrx_word' id='word_1_628' title='bbox 2174 1745 2294 1812; x_wconf 85' lang='lat' dir='ltr'><strong>ipsi,</strong></span> <span class='ocrx_word' id='word_1_629' title='bbox 2320 1755 2372 1795; x_wconf 91' lang='lat' dir='ltr'><strong>et</strong></span> <span class='ocrx_word' id='word_1_630' title='bbox 2405 1756 2671 1797; x_wconf 85' lang='lat' dir='ltr'><strong>commnia</strong></span> <span class='ocrx_word' id='word_1_631' title='bbox 2699 1758 2779 1796; x_wconf 81' lang='lat' dir='ltr'><strong>est</strong></span> <span class='ocrx_word' id='word_1_632' title='bbox 2809 1755 2949 1797; x_wconf 87' lang='lat' dir='ltr'><strong>terra</strong></span> <span class='ocrx_word' id='word_1_633' title='bbox 2985 1760 3013 1797; x_wconf 73' lang='grc' dir='ltr'>ει</span> <span class='ocrx_word' id='word_1_634' title='bbox 3038 1761 3169 1798; x_wconf 81' lang='lat' dir='ltr'><strong>voce</strong></span> <span class='ocrx_word' id='word_1_635' title='bbox 3194 1761 3353 1798; x_wconf 75' lang='lat' dir='ltr'><strong>exer-</strong></span> 
     </span>
    </p>
   </div>
   <div class='ocr_carea' id='block_1_99' title="bbox 1777 1812 3351 1885">
    <p class='ocr_par' dir='ltr' id='par_1_99' title="bbox 1777 1812 3351 1885">
     <span class='ocr_line' id='line_1_100' title="bbox 1777 1812 3351 1885; baseline 0.003 -20"><span class='ocrx_word' id='word_1_636' title='bbox 1777 1815 1983 1885; x_wconf 77' lang='lat' dir='ltr'><strong>cituum</strong></span> <span class='ocrx_word' id='word_1_637' title='bbox 2005 1827 2023 1864; x_wconf 91' lang='lat'><strong><em>:</em></strong></span> <span class='ocrx_word' id='word_1_638' title='bbox 2057 1821 2111 1865; x_wconf 91' lang='lat' dir='ltr'><strong>et</strong></span> <span class='ocrx_word' id='word_1_639' title='bbox 2137 1812 2487 1865; x_wconf 90' lang='lat' dir='ltr'><strong>commissum</strong></span> <span class='ocrx_word' id='word_1_640' title='bbox 2520 1825 2601 1865; x_wconf 83' lang='lat' dir='ltr'><strong>cst</strong></span> <span class='ocrx_word' id='word_1_641' title='bbox 2638 1814 2885 1882; x_wconf 75' lang='lat' dir='ltr'><strong>praelium</strong></span> <span class='ocrx_word' id='word_1_642' title='bbox 2920 1832 2947 1867; x_wconf 93' lang='lat' dir='ltr'><strong>a</strong></span> <span class='ocrx_word' id='word_1_643' title='bbox 2983 1831 3141 1869; x_wconf 89' lang='lat' dir='ltr'><strong>inane</strong></span> <span class='ocrx_word' id='word_1_644' title='bbox 3176 1830 3351 1885; x_wconf 84' lang='lat' dir='ltr'><strong>usque</strong></span> 
     </span>
    </p>
   </div>
   <div class='ocr_carea' id='block_1_100' title="bbox 1777 1883 2181 1948">
    <p class='ocr_par' dir='ltr' id='par_1_100' title="bbox 1777 1883 2181 1948">
     <span class='ocr_line' id='line_1_101' title="bbox 1777 1883 2181 1948; baseline 0.005 -15"><span class='ocrx_word' id='word_1_645' title='bbox 1777 1883 1842 1933; x_wconf 84' lang='lat' dir='ltr'><strong>ad</strong></span> <span class='ocrx_word' id='word_1_646' title='bbox 1872 1896 2181 1948; x_wconf 81' lang='lat' dir='ltr'><strong>vesperam.</strong></span> 
     </span>
    </p>
   </div>
   <div class='ocr_carea' id='block_1_101' title="bbox 1845 1951 3352 2020">
    <p class='ocr_par' dir='ltr' id='par_1_101' title="bbox 1845 1951 3352 2020">
     <span class='ocr_line' id='line_1_102' title="bbox 1845 1951 3352 2020; baseline 0.005 -19"><span class='ocrx_word' id='word_1_647' title='bbox 1845 1951 1910 2002; x_wconf 69' lang='lat' dir='ltr'><strong>lit</strong></span> <span class='ocrx_word' id='word_1_648' title='bbox 1944 1951 2072 2003; x_wconf 77' lang='lat' dir='ltr'><strong>\ldll</strong></span> <span class='ocrx_word' id='word_1_649' title='bbox 2100 1951 2289 2011; x_wconf 69' lang='lat' dir='ltr'><strong>ludas,</strong></span> <span class='ocrx_word' id='word_1_650' title='bbox 2361 1952 2503 2020; x_wconf 90' lang='lat' dir='ltr'><strong>quod</strong></span> <span class='ocrx_word' id='word_1_651' title='bbox 2536 1953 2743 2004; x_wconf 84' lang='lat' dir='ltr'><strong>firmior</strong></span> <span class='ocrx_word' id='word_1_652' title='bbox 2771 1963 2853 2006; x_wconf 88' lang='lat' dir='ltr'><strong>est</strong></span> <span class='ocrx_word' id='word_1_653' title='bbox 2886 1968 3012 2020; x_wconf 88' lang='lat' dir='ltr'><strong>pars</strong></span> <span class='ocrx_word' id='word_1_654' title='bbox 3079 1955 3352 2009; x_wconf 80' lang='lat' dir='ltr'><strong>exercitus</strong></span> 
     </span>
    </p>
   </div>
   <div class='ocr_carea' id='block_1_102' title="bbox 1777 2021 3350 2092">
    <p class='ocr_par' dir='ltr' id='par_1_102' title="bbox 1777 2021 3350 2092">
     <span class='ocr_line' id='line_1_103' title="bbox 1777 2021 3350 2092; baseline 0.004 -19"><span class='ocrx_word' id='word_1_655' title='bbox 1777 2021 2067 2075; x_wconf 86' lang='lat' dir='ltr'><strong>Bacchidis</strong></span> <span class='ocrx_word' id='word_1_656' title='bbox 2103 2023 2155 2072; x_wconf 92' lang='lat' dir='ltr'><strong>in</strong></span> <span class='ocrx_word' id='word_1_657' title='bbox 2187 2024 2419 2082; x_wconf 85' lang='lat' dir='ltr'><strong>dextris,</strong></span> <span class='ocrx_word' id='word_1_658' title='bbox 2450 2032 2504 2074; x_wconf 91' lang='lat' dir='ltr'><strong>et</strong></span> <span class='ocrx_word' id='word_1_659' title='bbox 2532 2034 2907 2076; x_wconf 88' lang='lat' dir='ltr'><strong>convenerunt</strong></span> <span class='ocrx_word' id='word_1_660' title='bbox 2929 2038 3054 2076; x_wconf 87' lang='lat' dir='ltr'><strong>cum</strong></span> <span class='ocrx_word' id='word_1_661' title='bbox 3091 2028 3207 2092; x_wconf 89' lang='lat' dir='ltr'><strong>ipso</strong></span> <span class='ocrx_word' id='word_1_662' title='bbox 3233 2041 3350 2079; x_wconf 79' lang='lat' dir='ltr'><strong>om-</strong></span> 
     </span>
    </p>
   </div>
   <div class='ocr_carea' id='block_1_103' title="bbox 1779 2093 2466 2143">
    <p class='ocr_par' dir='ltr' id='par_1_103' title="bbox 1779 2093 2466 2143">
     <span class='ocr_line' id='line_1_104' title="bbox 1779 2093 2466 2143; baseline -0.003 0"><span class='ocrx_word' id='word_1_663' title='bbox 1779 2105 1877 2143; x_wconf 85' lang='lat' dir='ltr'><strong>nes</strong></span> <span class='ocrx_word' id='word_1_664' title='bbox 1908 2098 2223 2143; x_wconf 80' lang='lat' dir='ltr'><strong>constantes</strong></span> <span class='ocrx_word' id='word_1_665' title='bbox 2254 2093 2419 2143; x_wconf 82' lang='lat' dir='ltr'><strong>corde</strong></span> <span class='ocrx_word' id='word_1_666' title='bbox 2453 2106 2466 2141; x_wconf 92' lang='lat'><strong>:</strong></span> 
     </span>
    </p>
   </div>
   <div class='ocr_carea' id='block_1_104' title="bbox 1841 2158 3353 2231">
    <p class='ocr_par' dir='ltr' id='par_1_104' title="bbox 1841 2158 3353 2231">
     <span class='ocr_line' id='line_1_105' title="bbox 1841 2158 3353 2231; baseline 0.005 -20"><span class='ocrx_word' id='word_1_667' title='bbox 1841 2158 1909 2212; x_wconf 85' lang='lat' dir='ltr'><strong>Et</strong></span> <span class='ocrx_word' id='word_1_668' title='bbox 1934 2164 2169 2212; x_wconf 88' lang='lat' dir='ltr'><strong>contrita</strong></span> <span class='ocrx_word' id='word_1_669' title='bbox 2200 2170 2281 2213; x_wconf 85' lang='lat' dir='ltr'><strong>est</strong></span> <span class='ocrx_word' id='word_1_670' title='bbox 2312 2162 2533 2215; x_wconf 80' lang='lat' dir='ltr'><strong>dextera</strong></span> <span class='ocrx_word' id='word_1_671' title='bbox 2567 2175 2691 2230; x_wconf 88' lang='lat' dir='ltr'><strong>pars</strong></span> <span class='ocrx_word' id='word_1_672' title='bbox 2718 2162 2785 2215; x_wconf 91' lang='lat' dir='ltr'><strong>ab</strong></span> <span class='ocrx_word' id='word_1_673' title='bbox 2817 2162 2919 2227; x_wconf 90' lang='lat' dir='ltr'><strong>eis,</strong></span> <span class='ocrx_word' id='word_1_674' title='bbox 2948 2172 3002 2216; x_wconf 88' lang='lat' dir='ltr'><strong>et</strong></span> <span class='ocrx_word' id='word_1_675' title='bbox 3027 2175 3353 2231; x_wconf 85' lang='lat' dir='ltr'><strong>persecutus</strong></span> 
     </span>
    </p>
   </div>
   <div class='ocr_carea' id='block_1_105' title="bbox 1777 2232 2771 2298">
    <p class='ocr_par' dir='ltr' id='par_1_105' title="bbox 1777 2232 2771 2298">
     <span class='ocr_line' id='line_1_106' title="bbox 1777 2232 2771 2298; baseline -0.002 -17"><span class='ocrx_word' id='word_1_676' title='bbox 1777 2239 1860 2281; x_wconf 81' lang='lat' dir='ltr'><strong>est</strong></span> <span class='ocrx_word' id='word_1_677' title='bbox 1890 2243 1982 2281; x_wconf 90' lang='lat' dir='ltr'><strong>eos</strong></span> <span class='ocrx_word' id='word_1_678' title='bbox 2021 2243 2193 2298; x_wconf 88' lang='lat' dir='ltr'><strong>usque</strong></span> <span class='ocrx_word' id='word_1_679' title='bbox 2234 2232 2297 2283; x_wconf 88' lang='lat' dir='ltr'><strong>ad</strong></span> <span class='ocrx_word' id='word_1_680' title='bbox 2330 2240 2567 2283; x_wconf 85' lang='lat' dir='ltr'><strong>montem</strong></span> <span class='ocrx_word' id='word_1_681' title='bbox 2594 2235 2771 2283; x_wconf 78' lang='lat' dir='ltr'><strong>Azoti.</strong></span> 
     </span>
    </p>
   </div>
   <div class='ocr_carea' id='block_1_106' title="bbox 1847 2298 3356 2371">
    <p class='ocr_par' dir='ltr' id='par_1_106' title="bbox 1847 2298 3356 2371">
     <span class='ocr_line' id='line_1_107' title="bbox 1847 2298 3356 2371; baseline 0.007 -22"><span class='ocrx_word' id='word_1_682' title='bbox 1847 2298 1915 2350; x_wconf 89' lang='lat' dir='ltr'><strong>Et</strong></span> <span class='ocrx_word' id='word_1_683' title='bbox 1942 2300 2040 2371; x_wconf 84' lang='lat' dir='ltr'><strong>qui</strong></span> <span class='ocrx_word' id='word_1_684' title='bbox 2075 2303 2126 2351; x_wconf 90' lang='lat' dir='ltr'><strong>in</strong></span> <span class='ocrx_word' id='word_1_685' title='bbox 2160 2300 2385 2371; x_wconf 83' lang='lat' dir='ltr'><strong>sinistro</strong></span> <span class='ocrx_word' id='word_1_686' title='bbox 2412 2314 2586 2352; x_wconf 88' lang='lat' dir='ltr'><strong>cornu</strong></span> <span class='ocrx_word' id='word_1_687' title='bbox 2647 2310 2824 2364; x_wconf 91' lang='lat' dir='ltr'><strong>erant,</strong></span> <span class='ocrx_word' id='word_1_688' title='bbox 2898 2301 3158 2355; x_wconf 85' lang='lat' dir='ltr'><strong>viderunt</strong></span> <span class='ocrx_word' id='word_1_689' title='bbox 3203 2304 3356 2371; x_wconf 84' lang='lat' dir='ltr'><strong>quod</strong></span> 
     </span>
    </p>
   </div>
   <div class='ocr_carea' id='block_1_107' title="bbox 1777 2368 3355 2441">
    <p class='ocr_par' dir='ltr' id='par_1_107' title="bbox 1777 2368 3355 2441">
     <span class='ocr_line' id='line_1_108' title="bbox 1777 2368 3355 2441; baseline 0.006 -22"><span class='ocrx_word' id='word_1_690' title='bbox 1777 2368 2074 2441; x_wconf 78' lang='lat' dir='ltr'><strong>contritum</strong></span> <span class='ocrx_word' id='word_1_691' title='bbox 2108 2376 2192 2421; x_wconf 89' lang='lat' dir='ltr'><strong>est</strong></span> <span class='ocrx_word' id='word_1_692' title='bbox 2221 2368 2469 2422; x_wconf 65' lang='lat' dir='ltr'><strong>dextrum</strong></span> <span class='ocrx_word' id='word_1_693' title='bbox 2500 2385 2693 2432; x_wconf 91' lang='lat' dir='ltr'><strong>cornu,</strong></span> <span class='ocrx_word' id='word_1_694' title='bbox 2723 2382 2778 2424; x_wconf 88' lang='lat' dir='ltr'><strong>et</strong></span> <span class='ocrx_word' id='word_1_695' title='bbox 2835 2374 3006 2426; x_wconf 88' lang='lat' dir='ltr'><strong>secuti</strong></span> <span class='ocrx_word' id='word_1_696' title='bbox 3066 2382 3192 2424; x_wconf 83' lang='lat' dir='ltr'><strong>sunt</strong></span> <span class='ocrx_word' id='word_1_697' title='bbox 3224 2368 3355 2441; x_wconf 78' lang='lat' dir='ltr'><strong>post</strong></span> 
     </span>
    </p>
   </div>
   <div class='ocr_carea' id='block_1_108' title="bbox 1775 2436 3100 2509">
    <p class='ocr_par' dir='ltr' id='par_1_108' title="bbox 1775 2436 3100 2509">
     <span class='ocr_line' id='line_1_109' title="bbox 1775 2436 3100 2509; baseline 0.004 -18"><span class='ocrx_word' id='word_1_698' title='bbox 1775 2436 1995 2509; x_wconf 83' lang='lat' dir='ltr'><strong>Judatn,</strong></span> <span class='ocrx_word' id='word_1_699' title='bbox 2021 2448 2076 2491; x_wconf 91' lang='lat' dir='ltr'><strong>et</strong></span> <span class='ocrx_word' id='word_1_700' title='bbox 2097 2452 2193 2491; x_wconf 91' lang='lat' dir='ltr'><strong>eos</strong></span> <span class='ocrx_word' id='word_1_701' title='bbox 2214 2441 2450 2507; x_wconf 87' lang='lat' dir='ltr'><strong>quicum</strong></span> <span class='ocrx_word' id='word_1_702' title='bbox 2484 2442 2599 2505; x_wconf 83' lang='lat' dir='ltr'><strong>ipso</strong></span> <span class='ocrx_word' id='word_1_703' title='bbox 2635 2451 2821 2503; x_wconf 87' lang='lat' dir='ltr'><strong>erant,</strong></span> <span class='ocrx_word' id='word_1_704' title='bbox 2847 2460 2875 2495; x_wconf 87' lang='lat' dir='ltr'><strong>a</strong></span> <span class='ocrx_word' id='word_1_705' title='bbox 2908 2455 3056 2509; x_wconf 86' lang='lat' dir='ltr'><strong>tergo</strong></span> <span class='ocrx_word' id='word_1_706' title='bbox 3085 2457 3100 2496; x_wconf 87' lang='lat'><strong>:</strong></span> 
     </span>
    </p>
   </div>
   <div class='ocr_carea' id='block_1_109' title="bbox 1836 2508 3350 2586">
    <p class='ocr_par' dir='ltr' id='par_1_109' title="bbox 1836 2508 3350 2586">
     <span class='ocr_line' id='line_1_110' title="bbox 1836 2508 3350 2586; baseline 0.009 -29"><span class='ocrx_word' id='word_1_707' title='bbox 1836 2508 2261 2586; x_wconf 62' lang='lat' dir='ltr'><strong>litiiigravatuin</strong></span> <span class='ocrx_word' id='word_1_708' title='bbox 2302 2511 2697 2586; x_wconf 72' lang='lat' dir='ltr'><strong>estpraeliuni,</strong></span> <span class='ocrx_word' id='word_1_709' title='bbox 2736 2521 2816 2586; x_wconf 86' lang='lat' dir='ltr'><strong>_et</strong></span> <span class='ocrx_word' id='word_1_710' title='bbox 2863 2508 3188 2586; x_wconf 75' lang='lat' dir='ltr'><strong>ceciderunt</strong></span> <span class='ocrx_word' id='word_1_711' title='bbox 3246 2513 3350 2586; x_wconf 75' lang='grc' dir='ltr'><strong>[σῖ.</strong></span> 
     </span>
    </p>
   </div>
   <div class='ocr_carea' id='block_1_110' title="bbox 1778 2575 3180 2647">
    <p class='ocr_par' dir='ltr' id='par_1_110' title="bbox 1778 2575 3180 2647">
     <span class='ocr_line' id='line_1_111' title="bbox 1778 2575 3180 2647; baseline 0.004 -17"><span class='ocrx_word' id='word_1_712' title='bbox 1778 2575 2122 2647; x_wconf 80' lang='lat' dir='ltr'><strong>occiderunt]</strong></span> <span class='ocrx_word' id='word_1_713' title='bbox 2149 2575 2604 2631; x_wconf 83' lang='lat' dir='ltr'><strong>vulneratimnlti</strong></span> <span class='ocrx_word' id='word_1_714' title='bbox 2641 2595 2708 2632; x_wconf 78' lang='lat' dir='ltr'><strong>ex</strong></span> <span class='ocrx_word' id='word_1_715' title='bbox 2734 2580 2843 2644; x_wconf 89' lang='lat' dir='ltr'><strong>his,</strong></span> <span class='ocrx_word' id='word_1_716' title='bbox 2877 2592 2933 2634; x_wconf 91' lang='lat' dir='ltr'><strong>et</strong></span> <span class='ocrx_word' id='word_1_717' title='bbox 2956 2595 3023 2634; x_wconf 74' lang='lat' dir='ltr'><strong>ex</strong></span> <span class='ocrx_word' id='word_1_718' title='bbox 3052 2582 3180 2636; x_wconf 87' lang='lat' dir='ltr'><strong>illis.</strong></span> 
     </span>
    </p>
   </div>
   <div class='ocr_carea' id='block_1_111' title="bbox 1845 2645 2962 2717">
    <p class='ocr_par' dir='ltr' id='par_1_111' title="bbox 1845 2645 2962 2717">
     <span class='ocr_line' id='line_1_112' title="bbox 1845 2645 2962 2717; baseline 0.004 -19"><span class='ocrx_word' id='word_1_719' title='bbox 1845 2646 1913 2717; x_wconf 71' lang='lat' dir='ltr'><strong>Et</strong></span> <span class='ocrx_word' id='word_1_720' title='bbox 1937 2645 2120 2717; x_wconf 64' lang='lat' dir='ltr'><strong>ludas</strong></span> <span class='ocrx_word' id='word_1_721' title='bbox 2140 2650 2356 2710; x_wconf 87' lang='lat' dir='ltr'><strong>cecidit,</strong></span> <span class='ocrx_word' id='word_1_722' title='bbox 2389 2659 2443 2699; x_wconf 91' lang='lat' dir='ltr'><strong>et</strong></span> <span class='ocrx_word' id='word_1_723' title='bbox 2476 2650 2657 2701; x_wconf 67' lang='lat' dir='ltr'><strong>caateri</strong></span> <span class='ocrx_word' id='word_1_724' title='bbox 2684 2651 2962 2717; x_wconf 79' lang='lat' dir='ltr'><strong>fugerunt.</strong></span> 
     </span>
    </p>
   </div>
   <div class='ocr_carea' id='block_1_112' title="bbox 1854 2713 3353 2779">
    <p class='ocr_par' dir='ltr' id='par_1_112' title="bbox 1854 2713 3353 2779">
     <span class='ocr_line' id='line_1_113' title="bbox 1854 2713 3353 2779; baseline 0.007 -11"><span class='ocrx_word' id='word_1_725' title='bbox 1854 2716 1923 2769; x_wconf 83' lang='lat' dir='ltr'><strong>Et</strong></span> <span class='ocrx_word' id='word_1_726' title='bbox 1965 2713 2246 2779; x_wconf 85' lang='lat' dir='ltr'><strong>Jonathas,</strong></span> <span class='ocrx_word' id='word_1_727' title='bbox 2278 2728 2334 2769; x_wconf 91' lang='lat' dir='ltr'><strong>et</strong></span> <span class='ocrx_word' id='word_1_728' title='bbox 2388 2716 2575 2769; x_wconf 89' lang='lat' dir='ltr'><strong>Simon</strong></span> <span class='ocrx_word' id='word_1_729' title='bbox 2612 2713 2851 2771; x_wconf 75' lang='lat' dir='ltr'><strong>tulerunt</strong></span> <span class='ocrx_word' id='word_1_730' title='bbox 2888 2721 3081 2774; x_wconf 83' lang='lat' dir='ltr'><strong>Judam</strong></span> <span class='ocrx_word' id='word_1_731' title='bbox 3125 2723 3353 2779; x_wconf 85' lang='lat' dir='ltr'><strong>fratrem</strong></span> 
     </span>
    </p>
   </div>
   <div class='ocr_carea' id='block_1_113' title="bbox 1778 2786 3349 2859">
    <p class='ocr_par' dir='ltr' id='par_1_113' title="bbox 1778 2786 3349 2859">
     <span class='ocr_line' id='line_1_114' title="bbox 1778 2786 3349 2859; baseline 0.007 -22"><span class='ocrx_word' id='word_1_732' title='bbox 1778 2798 1964 2859; x_wconf 72' lang='lat' dir='ltr'><strong>suum,</strong></span> <span class='ocrx_word' id='word_1_733' title='bbox 1996 2786 2405 2859; x_wconf 81' lang='lat' dir='ltr'><strong>etsepelierunt</strong></span> <span class='ocrx_word' id='word_1_734' title='bbox 2426 2802 2548 2838; x_wconf 90' lang='lat' dir='ltr'><strong>eum</strong></span> <span class='ocrx_word' id='word_1_735' title='bbox 2598 2788 2654 2840; x_wconf 90' lang='lat' dir='ltr'><strong>in</strong></span> <span class='ocrx_word' id='word_1_736' title='bbox 2684 2791 2936 2857; x_wconf 87' lang='lat' dir='ltr'><strong>sepulcro</strong></span> <span class='ocrx_word' id='word_1_737' title='bbox 2963 2800 3177 2859; x_wconf 86' lang='lat' dir='ltr'><strong>patrum</strong></span> <span class='ocrx_word' id='word_1_738' title='bbox 3215 2809 3349 2848; x_wconf 81' lang='lat' dir='ltr'><strong>suo-</strong></span> 
     </span>
    </p>
   </div>
   <div class='ocr_carea' id='block_1_114' title="bbox 1781 2854 2488 2910">
    <p class='ocr_par' dir='ltr' id='par_1_114' title="bbox 1781 2854 2488 2910">
     <span class='ocr_line' id='line_1_115' title="bbox 1781 2854 2488 2910; baseline 0.006 -4"><span class='ocrx_word' id='word_1_739' title='bbox 1781 2869 1896 2906; x_wconf 86' lang='lat' dir='ltr'><strong>rum</strong></span> <span class='ocrx_word' id='word_1_740' title='bbox 1939 2855 1992 2907; x_wconf 91' lang='lat' dir='ltr'><strong>in</strong></span> <span class='ocrx_word' id='word_1_741' title='bbox 2030 2856 2249 2908; x_wconf 86' lang='lat' dir='ltr'><strong>civnaie</strong></span> <span class='ocrx_word' id='word_1_742' title='bbox 2286 2854 2488 2910; x_wconf 79' lang='lat' dir='ltr'><strong>Modin.</strong></span> 
     </span>
    </p>
   </div>
   <div class='ocr_carea' id='block_1_115' title="bbox 1858 2925 3353 3001">
    <p class='ocr_par' dir='ltr' id='par_1_115' title="bbox 1858 2925 3353 3001">
     <span class='ocr_line' id='line_1_116' title="bbox 1858 2925 3353 3001; baseline 0.007 -24"><span class='ocrx_word' id='word_1_743' title='bbox 1858 2925 1924 2977; x_wconf 84' lang='lat' dir='ltr'><strong>Et</strong></span> <span class='ocrx_word' id='word_1_744' title='bbox 1944 2928 2209 3001; x_wconf 82' lang='lat' dir='ltr'><strong>ileverunt</strong></span> <span class='ocrx_word' id='word_1_745' title='bbox 2239 2940 2363 3001; x_wconf 87' lang='lat' dir='ltr'><strong>eum</strong></span> <span class='ocrx_word' id='word_1_746' title='bbox 2421 2926 2600 3001; x_wconf 82' lang='lat' dir='ltr'><strong>omnis</strong></span> <span class='ocrx_word' id='word_1_747' title='bbox 2641 2927 2875 2994; x_wconf 90' lang='lat' dir='ltr'><strong>populus</strong></span> <span class='ocrx_word' id='word_1_748' title='bbox 2919 2930 3083 2984; x_wconf 88' lang='lat' dir='ltr'><strong>Israel</strong></span> <span class='ocrx_word' id='word_1_749' title='bbox 3128 2932 3353 3001; x_wconf 83' lang='lat' dir='ltr'><strong>planctu</strong></span> 
     </span>
    </p>
   </div>
   <div class='ocr_carea' id='block_1_116' title="bbox 1781 2995 2778 3075">
    <p class='ocr_par' dir='ltr' id='par_1_116' title="bbox 1781 2995 2778 3075">
     <span class='ocr_line' id='line_1_117' title="bbox 1781 2995 2778 3075; baseline 0.003 -30"><span class='ocrx_word' id='word_1_750' title='bbox 1781 3009 1997 3075; x_wconf 73' lang='lat' dir='ltr'><strong>magno,</strong></span> <span class='ocrx_word' id='word_1_751' title='bbox 2028 3005 2085 3047; x_wconf 90' lang='lat' dir='ltr'><strong>et</strong></span> <span class='ocrx_word' id='word_1_752' title='bbox 2108 2995 2363 3075; x_wconf 76' lang='lat' dir='ltr'><strong>lugebant</strong></span> <span class='ocrx_word' id='word_1_753' title='bbox 2400 2996 2527 3075; x_wconf 80' lang='lat' dir='ltr'><strong>dies</strong></span> <span class='ocrx_word' id='word_1_754' title='bbox 2555 3001 2778 3059; x_wconf 84' lang='lat' dir='ltr'><strong>inultos,</strong></span> 
     </span>
    </p>
   </div>
   <div class='ocr_carea' id='block_1_117' title="bbox 1852 3064 3350 3141">
    <p class='ocr_par' dir='ltr' id='par_1_117' title="bbox 1852 3064 3350 3141">
     <span class='ocr_line' id='line_1_118' title="bbox 1852 3064 3350 3141; baseline 0.009 -25"><span class='ocrx_word' id='word_1_755' title='bbox 1852 3064 1921 3116; x_wconf 77' lang='lat' dir='ltr'><strong>Et</strong></span> <span class='ocrx_word' id='word_1_756' title='bbox 1948 3068 2246 3141; x_wconf 74' lang='lat' dir='ltr'><strong>dixerunt:</strong></span> <span class='ocrx_word' id='word_1_757' title='bbox 2281 3066 2568 3141; x_wconf 75' lang='lat' dir='ltr'><strong>Quomodo</strong></span> <span class='ocrx_word' id='word_1_758' title='bbox 2604 3072 2800 3141; x_wconf 79' lang='lat' dir='ltr'><strong>cecidit</strong></span> <span class='ocrx_word' id='word_1_759' title='bbox 2852 3082 3065 3141; x_wconf 85' lang='lat' dir='ltr'><strong>potens,</strong></span> <span class='ocrx_word' id='word_1_760' title='bbox 3102 3074 3194 3141; x_wconf 89' lang='lat' dir='ltr'><strong>qui</strong></span> <span class='ocrx_word' id='word_1_761' title='bbox 3238 3074 3350 3128; x_wconf 80' lang='lat' dir='ltr'><strong>sal-</strong></span> 
     </span>
    </p>
   </div>
   <div class='ocr_carea' id='block_1_118' title="bbox 1779 3133 2928 3201">
    <p class='ocr_par' dir='ltr' id='par_1_118' title="bbox 1779 3133 2928 3201">
     <span class='ocr_line' id='line_1_119' title="bbox 1779 3133 2928 3201; baseline 0.005 -17"><span class='ocrx_word' id='word_1_762' title='bbox 1779 3146 1908 3184; x_wconf 73' lang='lat' dir='ltr'><strong>Vnm</strong></span> <span class='ocrx_word' id='word_1_763' title='bbox 1955 3133 2470 3201; x_wconf 78' lang='lat' dir='ltr'><strong>faciebatpOpuliiin</strong></span> <span class='ocrx_word' id='word_1_764' title='bbox 2500 3152 2661 3188; x_wconf 89' lang='lat' dir='ltr'><strong>suum</strong></span> <span class='ocrx_word' id='word_1_765' title='bbox 2719 3133 2928 3190; x_wconf 80' lang='lat' dir='ltr'><strong>Israel?</strong></span> 
     </span>
    </p>
   </div>
   <div class='ocr_carea' id='block_1_119' title="bbox 1839 3201 3355 3269">
    <p class='ocr_par' dir='ltr' id='par_1_119' title="bbox 1839 3201 3355 3269">
     <span class='ocr_line' id='line_1_120' title="bbox 1839 3201 3355 3269; baseline 0.011 -17"><span class='ocrx_word' id='word_1_766' title='bbox 1839 3201 1923 3256; x_wconf 85' lang='lat' dir='ltr'><strong>&#39;Et</strong></span> <span class='ocrx_word' id='word_1_767' title='bbox 1950 3216 2143 3256; x_wconf 68' lang='lat' dir='ltr'><strong>caetera</strong></span> <span class='ocrx_word' id='word_1_768' title='bbox 2201 3211 2365 3256; x_wconf 81' lang='lat' dir='ltr'><strong>verba</strong></span> <span class='ocrx_word' id='word_1_769' title='bbox 2419 3206 2684 3258; x_wconf 87' lang='lat' dir='ltr'><strong>bellorum</strong></span> <span class='ocrx_word' id='word_1_770' title='bbox 2745 3205 2920 3269; x_wconf 72' lang='lat' dir='ltr'><strong>Judte,</strong></span> <span class='ocrx_word' id='word_1_771' title='bbox 2971 3217 3026 3260; x_wconf 88' lang='lat' dir='ltr'><strong>et</strong></span> <span class='ocrx_word' id='word_1_772' title='bbox 3085 3212 3355 3267; x_wconf 86' lang='lat' dir='ltr'><strong>virtutum</strong></span> 
     </span>
    </p>
   </div>
   <div class='ocr_carea' id='block_1_120' title="bbox 1779 3274 3355 3353">
    <p class='ocr_par' dir='ltr' id='par_1_120' title="bbox 1779 3274 3355 3353">
     <span class='ocr_line' id='line_1_121' title="bbox 1779 3274 3355 3353; baseline 0.009 -31"><span class='ocrx_word' id='word_1_773' title='bbox 1779 3285 1916 3353; x_wconf 75' lang='lat' dir='ltr'><strong>quas</strong></span> <span class='ocrx_word' id='word_1_774' title='bbox 1938 3275 2086 3338; x_wconf 86' lang='lat' dir='ltr'><strong>fecit,</strong></span> <span class='ocrx_word' id='word_1_775' title='bbox 2110 3281 2163 3326; x_wconf 91' lang='lat' dir='ltr'><strong>et</strong></span> <span class='ocrx_word' id='word_1_776' title='bbox 2187 3274 2580 3353; x_wconf 77' lang='lat' dir='ltr'><strong>magnitudinis</strong></span> <span class='ocrx_word' id='word_1_777' title='bbox 2609 3282 2750 3341; x_wconf 77' lang='lat' dir='ltr'><strong>elus,</strong></span> <span class='ocrx_word' id='word_1_778' title='bbox 2773 3292 2882 3329; x_wconf 90' lang='lat' dir='ltr'><strong>non</strong></span> <span class='ocrx_word' id='word_1_779' title='bbox 2905 3281 3355 3353; x_wconf 76' lang='lat' dir='ltr'><strong>suntdescripta;</strong></span> 
     </span>
    </p>
   </div>
   <div class='ocr_carea' id='block_1_121' title="bbox 1780 3344 2510 3399">
    <p class='ocr_par' dir='ltr' id='par_1_121' title="bbox 1780 3344 2510 3399">
     <span class='ocr_line' id='line_1_122' title="bbox 1780 3344 2510 3399; baseline 0.01 -6"><span class='ocrx_word' id='word_1_780' title='bbox 1780 3344 1947 3394; x_wconf 87' lang='lat' dir='ltr'><strong>inulta</strong></span> <span class='ocrx_word' id='word_1_781' title='bbox 1974 3359 2117 3394; x_wconf 91' lang='lat' dir='ltr'><strong>enim</strong></span> <span class='ocrx_word' id='word_1_782' title='bbox 2148 3352 2307 3395; x_wconf 88' lang='lat' dir='ltr'><strong>erant</strong></span> <span class='ocrx_word' id='word_1_783' title='bbox 2334 3345 2510 3399; x_wconf 79' lang='lat' dir='ltr'><strong>Valde.</strong></span> 
     </span>
    </p>
   </div>
   <div class='ocr_carea' id='block_1_122' title="bbox 1850 3414 3355 3481">
    <p class='ocr_par' dir='ltr' id='par_1_122' title="bbox 1850 3414 3355 3481">
     <span class='ocr_line' id='line_1_123' title="bbox 1850 3414 3355 3481; baseline 0.009 -19"><span class='ocrx_word' id='word_1_784' title='bbox 1850 3414 1916 3464; x_wconf 56' lang='lat' dir='ltr'><strong>tot</strong></span> <span class='ocrx_word' id='word_1_785' title='bbox 1944 3414 2150 3465; x_wconf 70' lang='lat' dir='ltr'><strong>factum</strong></span> <span class='ocrx_word' id='word_1_786' title='bbox 2183 3426 2315 3467; x_wconf 81' lang='lat' dir='ltr'><strong>est:</strong></span> <span class='ocrx_word' id='word_1_787' title='bbox 2363 3424 2483 3481; x_wconf 89' lang='lat' dir='ltr'><strong>post</strong></span> <span class='ocrx_word' id='word_1_788' title='bbox 2537 3416 2746 3468; x_wconf 89' lang='lat' dir='ltr'><strong>obitum</strong></span> <span class='ocrx_word' id='word_1_789' title='bbox 2799 3416 2955 3470; x_wconf 61' lang='lat' dir='ltr'><strong>ludat</strong></span> <span class='ocrx_word' id='word_1_790' title='bbox 2999 3433 3355 3476; x_wconf 82' lang='lat' dir='ltr'><strong>emerserunt</strong></span> 
     </span>
    </p>
   </div>
   <div class='ocr_carea' id='block_1_123' title="bbox 1782 3482 3353 3549">
    <p class='ocr_par' dir='ltr' id='par_1_123' title="bbox 1782 3482 3353 3549">
     <span class='ocr_line' id='line_1_124' title="bbox 1782 3482 3353 3549; baseline 0.009 -16"><span class='ocrx_word' id='word_1_791' title='bbox 1782 3482 1953 3549; x_wconf 87' lang='lat' dir='ltr'><strong>iniqui</strong></span> <span class='ocrx_word' id='word_1_792' title='bbox 1978 3485 2032 3534; x_wconf 92' lang='lat' dir='ltr'><strong>in</strong></span> <span class='ocrx_word' id='word_1_793' title='bbox 2067 3485 2325 3535; x_wconf 84' lang='lat' dir='ltr'><strong>omnibus</strong></span> <span class='ocrx_word' id='word_1_794' title='bbox 2358 3487 2557 3537; x_wconf 60' lang='lat' dir='ltr'><strong>tiuibu:</strong></span> <span class='ocrx_word' id='word_1_795' title='bbox 2578 3484 2766 3546; x_wconf 85' lang='lat' dir='ltr'><strong>lsraei,</strong></span> <span class='ocrx_word' id='word_1_796' title='bbox 2801 3498 2856 3540; x_wconf 88' lang='lat' dir='ltr'><strong>et</strong></span> <span class='ocrx_word' id='word_1_797' title='bbox 2878 3494 3053 3541; x_wconf 78' lang='lat' dir='ltr'><strong>exorti</strong></span> <span class='ocrx_word' id='word_1_798' title='bbox 3082 3505 3211 3544; x_wconf 77' lang='lat' dir='ltr'><strong>sunt</strong></span> <span class='ocrx_word' id='word_1_799' title='bbox 3233 3509 3353 3547; x_wconf 87' lang='lat' dir='ltr'><strong>oni-</strong></span> 
     </span>
    </p>
   </div>
   <div class='ocr_carea' id='block_1_124' title="bbox 1778 3555 2812 3622">
    <p class='ocr_par' dir='ltr' id='par_1_124' title="bbox 1778 3555 2812 3622">
     <span class='ocr_line' id='line_1_125' title="bbox 1778 3555 2812 3622; baseline 0.007 -20"><span class='ocrx_word' id='word_1_800' title='bbox 1778 3566 1880 3604; x_wconf 26' lang='lat' dir='ltr'><strong>‘iies</strong></span> <span class='ocrx_word' id='word_1_801' title='bbox 1920 3555 2011 3621; x_wconf 87' lang='lat' dir='ltr'><strong>qui</strong></span> <span class='ocrx_word' id='word_1_802' title='bbox 2039 3556 2406 3620; x_wconf 85' lang='lat' dir='ltr'><strong>Operabantur</strong></span> <span class='ocrx_word' id='word_1_803' title='bbox 2442 3556 2812 3622; x_wconf 85' lang='lat' dir='ltr'><strong>iniquitatem.</strong></span> 
     </span>
    </p>
   </div>
   <div class='ocr_carea' id='block_1_125' title="bbox 1850 3623 3357 3693">
    <p class='ocr_par' dir='ltr' id='par_1_125' title="bbox 1850 3623 3357 3693">
     <span class='ocr_line' id='line_1_126' title="bbox 1850 3623 3357 3693; baseline 0.008 -21"><span class='ocrx_word' id='word_1_804' title='bbox 1850 3626 1907 3673; x_wconf 94' lang='lat' dir='ltr'><strong>ln</strong></span> <span class='ocrx_word' id='word_1_805' title='bbox 1942 3623 2442 3693; x_wconf 11' lang='lat' dir='ltr'><strong>diebusiillisgfacta</strong></span> <span class='ocrx_word' id='word_1_806' title='bbox 2486 3634 2568 3676; x_wconf 85' lang='lat' dir='ltr'><strong>est</strong></span> <span class='ocrx_word' id='word_1_807' title='bbox 2626 3625 2794 3678; x_wconf 84' lang='lat' dir='ltr'><strong>fames</strong></span> <span class='ocrx_word' id='word_1_808' title='bbox 2840 3642 3031 3693; x_wconf 89' lang='lat' dir='ltr'><strong>magna</strong></span> <span class='ocrx_word' id='word_1_809' title='bbox 3076 3629 3249 3689; x_wconf 82' lang='lat' dir='ltr'><strong>valde.</strong></span> <span class='ocrx_word' id='word_1_810' title='bbox 3292 3642 3357 3684; x_wconf 84' lang='lat' dir='ltr'><strong>et.</strong></span> 
     </span>
    </p>
   </div>
   <div class='ocr_carea' id='block_1_126' title="bbox 1784 3691 3348 3767">
    <p class='ocr_par' dir='ltr' id='par_1_126' title="bbox 1784 3691 3348 3767">
     <span class='ocr_line' id='line_1_127' title="bbox 1784 3691 3348 3767; baseline 0.009 -26"><span class='ocrx_word' id='word_1_811' title='bbox 1784 3695 2006 3767; x_wconf 74' lang='lat' dir='ltr'><strong>tradidit</strong></span> <span class='ocrx_word' id='word_1_812' title='bbox 2032 3706 2091 3767; x_wconf 87' lang='lat' dir='ltr'><strong>se</strong></span> <span class='ocrx_word' id='word_1_813' title='bbox 2131 3691 2390 3767; x_wconf 59' lang='lat' dir='ltr'><strong>Bacchidi</strong></span> <span class='ocrx_word' id='word_1_814' title='bbox 2418 3707 2597 3747; x_wconf 90' lang='lat' dir='ltr'><strong>omnis</strong></span> <span class='ocrx_word' id='word_1_815' title='bbox 2618 3696 2765 3762; x_wconf 87' lang='lat' dir='ltr'><strong>regio</strong></span> <span class='ocrx_word' id='word_1_816' title='bbox 2790 3691 2978 3747; x_wconf 71' lang='grc' dir='ltr'>υθιίιῖιι</span> <span class='ocrx_word' id='word_1_817' title='bbox 3012 3713 3134 3750; x_wconf 87' lang='lat' dir='ltr'><strong>cum</strong></span> <span class='ocrx_word' id='word_1_818' title='bbox 3188 3700 3348 3767; x_wconf 64' lang='grc' dir='ltr'><strong>ινδιξ.</strong></span> 
     </span>
    </p>
   </div>
   <div class='ocr_carea' id='block_1_127' title="bbox 1848 3762 3358 3831">
    <p class='ocr_par' dir='ltr' id='par_1_127' title="bbox 1848 3762 3358 3831">
     <span class='ocr_line' id='line_1_128' title="bbox 1848 3762 3358 3831; baseline 0.003 -19"><span class='ocrx_word' id='word_1_819' title='bbox 1848 3762 1915 3812; x_wconf 66' lang='lat' dir='ltr'><strong>Et</strong></span> <span class='ocrx_word' id='word_1_820' title='bbox 1935 3764 2098 3830; x_wconf 80' lang='lat' dir='ltr'><strong>elegit</strong></span> <span class='ocrx_word' id='word_1_821' title='bbox 2158 3762 2458 3817; x_wconf 85' lang='lat' dir='ltr'><strong>Bacchides</strong></span> <span class='ocrx_word' id='word_1_822' title='bbox 2493 3778 2640 3817; x_wconf 72' lang='lat' dir='ltr'><strong>Vlqu</strong></span> <span class='ocrx_word' id='word_1_823' title='bbox 2690 3768 2912 3831; x_wconf 82' lang='lat' dir='ltr'><strong>impios,</strong></span> <span class='ocrx_word' id='word_1_824' title='bbox 2963 3778 3019 3820; x_wconf 86' lang='lat' dir='ltr'><strong>et</strong></span> <span class='ocrx_word' id='word_1_825' title='bbox 3058 3762 3358 3823; x_wconf 71' lang='lat' dir='ltr'><strong>constituit.</strong></span> 
     </span>
    </p>
   </div>
   <div class='ocr_carea' id='block_1_128' title="bbox 1781 3833 2445 3899">
    <p class='ocr_par' dir='ltr' id='par_1_128' title="bbox 1781 3833 2445 3899">
     <span class='ocr_line' id='line_1_129' title="bbox 1781 3833 2445 3899; baseline 0.003 -18"><span class='ocrx_word' id='word_1_826' title='bbox 1781 3844 1877 3881; x_wconf 76' lang='lat' dir='ltr'><strong>cus</strong></span> <span class='ocrx_word' id='word_1_827' title='bbox 1901 3833 2150 3884; x_wconf 88' lang='lat' dir='ltr'><strong>dominos</strong></span> <span class='ocrx_word' id='word_1_828' title='bbox 2187 3834 2445 3899; x_wconf 77' lang='lat' dir='ltr'><strong>regionis.</strong></span> 
     </span>
    </p>
   </div>
   <div class='ocr_carea' id='block_1_129' title="bbox 1845 3900 3347 3971">
    <p class='ocr_par' dir='ltr' id='par_1_129' title="bbox 1845 3900 3347 3971">
     <span class='ocr_line' id='line_1_130' title="bbox 1845 3900 3347 3971; baseline 0.006 -21"><span class='ocrx_word' id='word_1_829' title='bbox 1845 3900 1914 3951; x_wconf 69' lang='lat' dir='ltr'><strong>Et</strong></span> <span class='ocrx_word' id='word_1_830' title='bbox 1944 3903 2316 3967; x_wconf 57' lang='lat' dir='ltr'><strong>exquirebant.</strong></span> <span class='ocrx_word' id='word_1_831' title='bbox 2351 3903 3145 3968; x_wconf 86' lang='lat' dir='ltr'><strong>etperserutabanturamicos</strong></span> <span class='ocrx_word' id='word_1_832' title='bbox 3171 3904 3347 3971; x_wconf 70' lang='lat' dir='ltr'><strong>Judaz,</strong></span> 
     </span>
    </p>
   </div>
   <div class='ocr_carea' id='block_1_130' title="bbox 1780 3971 3344 4039">
    <p class='ocr_par' dir='ltr' id='par_1_130' title="bbox 1780 3971 3344 4039">
     <span class='ocr_line' id='line_1_131' title="bbox 1780 3971 3344 4039; baseline 0.007 -20"><span class='ocrx_word' id='word_1_833' title='bbox 1780 3979 1836 4020; x_wconf 88' lang='lat' dir='ltr'><strong>et</strong></span> <span class='ocrx_word' id='word_1_834' title='bbox 1869 3972 2209 4023; x_wconf 84' lang='lat' dir='ltr'><strong>adducebant</strong></span> <span class='ocrx_word' id='word_1_835' title='bbox 2235 3988 2328 4023; x_wconf 84' lang='lat' dir='ltr'><strong>eos</strong></span> <span class='ocrx_word' id='word_1_836' title='bbox 2359 3984 2428 4023; x_wconf 85' lang='lat' dir='ltr'><strong>ad</strong></span> <span class='ocrx_word' id='word_1_837' title='bbox 2452 3971 2802 4039; x_wconf 79' lang='lat' dir='ltr'><strong>Bacchidem,</strong></span> <span class='ocrx_word' id='word_1_838' title='bbox 2826 3988 2884 4027; x_wconf 77' lang='lat' dir='ltr'><strong>et</strong></span> <span class='ocrx_word' id='word_1_839' title='bbox 2939 3984 3253 4030; x_wconf 71' lang='lat' dir='ltr'><strong>Vindicabat</strong></span> <span class='ocrx_word' id='word_1_840' title='bbox 3286 3980 3344 4031; x_wconf 85' lang='lat' dir='ltr'><strong>iii</strong></span> 
     </span>
    </p>
   </div>
   <div class='ocr_carea' id='block_1_131' title="bbox 1780 4042 2345 4103">
    <p class='ocr_par' dir='ltr' id='par_1_131' title="bbox 1780 4042 2345 4103">
     <span class='ocr_line' id='line_1_132' title="bbox 1780 4042 2345 4103; baseline 0.009 -15"><span class='ocrx_word' id='word_1_841' title='bbox 1780 4042 1929 4103; x_wconf 79' lang='lat' dir='ltr'><strong>illos,</strong></span> <span class='ocrx_word' id='word_1_842' title='bbox 1987 4050 2042 4092; x_wconf 89' lang='lat' dir='ltr'><strong>et</strong></span> <span class='ocrx_word' id='word_1_843' title='bbox 2065 4042 2345 4093; x_wconf 82' lang='lat' dir='ltr'><strong>illudebat.</strong></span> 
     </span>
    </p>
   </div>
   <div class='ocr_carea' id='block_1_132' title="bbox 1852 4108 3348 4185">
    <p class='ocr_par' dir='ltr' id='par_1_132' title="bbox 1852 4108 3348 4185">
     <span class='ocr_line' id='line_1_133' title="bbox 1852 4108 3348 4185; baseline 0.009 -26"><span class='ocrx_word' id='word_1_844' title='bbox 1852 4108 2086 4185; x_wconf 67' lang='lat' dir='ltr'><strong>bifacia</strong></span> <span class='ocrx_word' id='word_1_845' title='bbox 2116 4110 2523 4185; x_wconf 83' lang='lat' dir='ltr'><strong>est_tribulatio</strong></span> <span class='ocrx_word' id='word_1_846' title='bbox 2569 4126 2762 4180; x_wconf 85' lang='lat' dir='ltr'><strong>magna</strong></span> <span class='ocrx_word' id='word_1_847' title='bbox 2819 4113 2872 4167; x_wconf 91' lang='lat' dir='ltr'><strong>in</strong></span> <span class='ocrx_word' id='word_1_848' title='bbox 2922 4113 3108 4179; x_wconf 87' lang='lat' dir='ltr'><strong>Israel,</strong></span> <span class='ocrx_word' id='word_1_849' title='bbox 3168 4120 3348 4185; x_wconf 82' lang='lat' dir='ltr'><strong>qualis</strong></span> 
     </span>
    </p>
   </div>
   <div class='ocr_carea' id='block_1_133' title="bbox 1781 4180 3347 4301">
    <p class='ocr_par' dir='ltr' id='par_1_133' title="bbox 1781 4180 3347 4301">
     <span class='ocr_line' id='line_1_134' title="bbox 1781 4180 3347 4301; baseline 0.008 -71"><span class='ocrx_word' id='word_1_850' title='bbox 1781 4193 1891 4298; x_wconf 69' lang='lat' dir='ltr'><strong>poti</strong></span> <span class='ocrx_word' id='word_1_851' title='bbox 1925 4180 2031 4301; x_wconf 55' lang='lat' dir='ltr'><strong>fuit</strong></span> <span class='ocrx_word' id='word_1_852' title='bbox 2058 4195 2125 4234; x_wconf 80' lang='lat' dir='ltr'><strong>ex</strong></span> <span class='ocrx_word' id='word_1_853' title='bbox 2172 4181 2262 4234; x_wconf 90' lang='lat' dir='ltr'><strong>die</strong></span> <span class='ocrx_word' id='word_1_854' title='bbox 2318 4197 2424 4249; x_wconf 87' lang='lat' dir='ltr'><strong>qua</strong></span> <span class='ocrx_word' id='word_1_855' title='bbox 2465 4197 2575 4236; x_wconf 88' lang='lat' dir='ltr'><strong>non</strong></span> <span class='ocrx_word' id='word_1_856' title='bbox 2616 4194 2701 4235; x_wconf 86' lang='lat' dir='ltr'><strong>est</strong></span> <span class='ocrx_word' id='word_1_857' title='bbox 2765 4186 2913 4237; x_wconf 82' lang='lat' dir='ltr'><strong>visus</strong></span> <span class='ocrx_word' id='word_1_858' title='bbox 2970 4180 3236 4255; x_wconf 76' lang='lat' dir='ltr'><strong>propheta</strong></span> <span class='ocrx_word' id='word_1_859' title='bbox 3290 4194 3347 4242; x_wconf 85' lang='grc' dir='ltr'><strong>ιιι</strong></span> 
     </span>
     <span class='ocr_line' id='line_1_135' title="bbox 1806 4263 1969 4301; baseline 0.006 -1"><span class='ocrx_word' id='word_1_860' title='bbox 1806 4263 1924 4301; x_wconf 74' lang='lat' dir='ltr'><strong>srae</strong></span> <span class='ocrx_word' id='word_1_861' title='bbox 1952 4287 1969 4301; x_wconf 93' lang='lat'><strong>.</strong></span> 
     </span>
    </p>
   </div>
   <div class='ocr_carea' id='block_1_134' title="bbox 1806 4263 1969 4303">
    <p class='ocr_par' dir='ltr' id='par_1_134' title="bbox 1806 4263 1969 4303">
     <span class='ocr_line' id='line_1_136' title="bbox 1806 4263 1969 4303; baseline 0.018 -3"><span class='ocrx_word' id='word_1_862' title='bbox 1806 4263 1969 4303; x_wconf 74' lang='lat' dir='ltr'><strong>srael.</strong></span> 
     </span>
    </p>
   </div>
   <div class='ocr_carea' id='block_1_135' title="bbox 1706 4290 3349 4391">
    <p class='ocr_par' dir='ltr' id='par_1_135' title="bbox 1706 4290 3349 4391">
     <span class='ocr_line' id='line_1_137' title="bbox 1706 4290 3349 4391; baseline 0.01 -22"><span class='ocrx_word' id='word_1_863' title='bbox 1706 4290 1747 4344; x_wconf 73' lang='grc' dir='ltr'><strong>θ</strong></span> <span class='ocrx_word' id='word_1_864' title='bbox 1806 4290 2255 4390; x_wconf 45' lang='lat' dir='ltr'><strong>&quot;Ei-congregati</strong></span> <span class='ocrx_word' id='word_1_865' title='bbox 2287 4329 2419 4375; x_wconf 82' lang='lat' dir='ltr'><strong>sunt</strong></span> <span class='ocrx_word' id='word_1_866' title='bbox 2474 4336 2667 4376; x_wconf 82' lang='lat' dir='ltr'><strong>omnes</strong></span> <span class='ocrx_word' id='word_1_867' title='bbox 2698 4321 2859 4377; x_wconf 88' lang='lat' dir='ltr'><strong>amici</strong></span> <span class='ocrx_word' id='word_1_868' title='bbox 2912 4324 3085 4391; x_wconf 69' lang='lat' dir='ltr'><strong>Judae,</strong></span> <span class='ocrx_word' id='word_1_869' title='bbox 3114 4338 3171 4380; x_wconf 89' lang='lat' dir='ltr'><strong>et</strong></span> <span class='ocrx_word' id='word_1_870' title='bbox 3200 4329 3349 4385; x_wconf 78' lang='lat' dir='ltr'><strong>dixe-</strong></span> 
     </span>
    </p>
   </div>
   <div class='ocr_carea' id='block_1_136' title="bbox 1776 4390 2223 4444">
    <p class='ocr_par' dir='ltr' id='par_1_136' title="bbox 1776 4390 2223 4444">
     <span class='ocr_line' id='line_1_138' title="bbox 1776 4390 2223 4444; baseline 0.011 -5"><span class='ocrx_word' id='word_1_871' title='bbox 1776 4390 2167 4444; x_wconf 69' lang='lat' dir='ltr'><strong>ruutJonathie</strong></span> <span class='ocrx_word' id='word_1_872' title='bbox 2207 4405 2223 4443; x_wconf 89' lang='lat'><strong>:</strong></span> 
     </span>
    </p>
   </div>
   <div class='ocr_carea' id='block_1_137' title="bbox 1829 4459 3347 4530">
    <p class='ocr_par' dir='ltr' id='par_1_137' title="bbox 1829 4459 3347 4530">
     <span class='ocr_line' id='line_1_139' title="bbox 1829 4459 3347 4530; baseline 0.009 -21"><span class='ocrx_word' id='word_1_873' title='bbox 1829 4460 1918 4523; x_wconf 74' lang='lat' dir='ltr'><strong>,le</strong></span> <span class='ocrx_word' id='word_1_874' title='bbox 1953 4477 2061 4529; x_wconf 87' lang='lat' dir='ltr'><strong>quo</strong></span> <span class='ocrx_word' id='word_1_875' title='bbox 2118 4466 2287 4514; x_wconf 90' lang='lat' dir='ltr'><strong>trater</strong></span> <span class='ocrx_word' id='word_1_876' title='bbox 2344 4472 2470 4515; x_wconf 90' lang='lat' dir='ltr'><strong>tuus</strong></span> <span class='ocrx_word' id='word_1_877' title='bbox 2512 4459 2684 4517; x_wconf 72' lang='lat' dir='ltr'><strong>ludas</strong></span> <span class='ocrx_word' id='word_1_878' title='bbox 2737 4460 3031 4518; x_wconf 83' lang='lat' dir='ltr'><strong>defunctus</strong></span> <span class='ocrx_word' id='word_1_879' title='bbox 3086 4478 3193 4530; x_wconf 90' lang='lat' dir='ltr'><strong>est,</strong></span> <span class='ocrx_word' id='word_1_880' title='bbox 3264 4470 3347 4523; x_wconf 85' lang='lat' dir='ltr'><strong>vir</strong></span> 
     </span>
    </p>
   </div>
   <div class='ocr_carea' id='block_1_138' title="bbox 1776 4528 3349 4599">
    <p class='ocr_par' dir='ltr' id='par_1_138' title="bbox 1776 4528 3349 4599">
     <span class='ocr_line' id='line_1_140' title="bbox 1776 4528 3349 4599; baseline 0.008 -19"><span class='ocrx_word' id='word_1_881' title='bbox 1776 4528 2050 4584; x_wconf 28' lang='lat' dir='ltr'><strong>siuiilis’ei</strong></span> <span class='ocrx_word' id='word_1_882' title='bbox 2086 4546 2195 4583; x_wconf 87' lang='lat' dir='ltr'><strong>non</strong></span> <span class='ocrx_word' id='word_1_883' title='bbox 2232 4542 2339 4595; x_wconf 84' lang='lat' dir='ltr'><strong>est,</strong></span> <span class='ocrx_word' id='word_1_884' title='bbox 2375 4533 2469 4599; x_wconf 88' lang='lat' dir='ltr'><strong>qui</strong></span> <span class='ocrx_word' id='word_1_885' title='bbox 2520 4544 2680 4588; x_wconf 75' lang='lat' dir='ltr'><strong>exeat</strong></span> <span class='ocrx_word' id='word_1_886' title='bbox 2725 4544 2917 4587; x_wconf 82' lang='lat' dir='ltr'><strong>contra</strong></span> <span class='ocrx_word' id='word_1_887' title='bbox 2966 4528 3224 4591; x_wconf 84' lang='lat' dir='ltr'><strong>inimicos</strong></span> <span class='ocrx_word' id='word_1_888' title='bbox 3252 4556 3349 4592; x_wconf 86' lang='lat' dir='ltr'><strong>no-</strong></span> 
     </span>
    </p>
   </div>
   <div class='ocr_carea' id='block_1_139' title="bbox 1775 4601 3350 4678">
    <p class='ocr_par' dir='ltr' id='par_1_139' title="bbox 1775 4601 3350 4678">
     <span class='ocr_line' id='line_1_141' title="bbox 1775 4601 3350 4678; baseline 0.007 -26"><span class='ocrx_word' id='word_1_889' title='bbox 1775 4608 1976 4663; x_wconf 56' lang='lat' dir='ltr'><strong>stros“</strong></span> <span class='ocrx_word' id='word_1_890' title='bbox 2009 4601 2356 4670; x_wconf 83' lang='lat' dir='ltr'><strong>Bacchidem,</strong></span> <span class='ocrx_word' id='word_1_891' title='bbox 2383 4615 2436 4657; x_wconf 86' lang='lat' dir='ltr'><strong>et</strong></span> <span class='ocrx_word' id='word_1_892' title='bbox 2458 4615 2552 4656; x_wconf 81' lang='lat' dir='ltr'><strong>eos</strong></span> <span class='ocrx_word' id='word_1_893' title='bbox 2584 4606 2679 4670; x_wconf 86' lang='lat' dir='ltr'><strong>qui</strong></span> <span class='ocrx_word' id='word_1_894' title='bbox 2736 4602 2948 4656; x_wconf 78' lang='lat' dir='ltr'><strong>inimici</strong></span> <span class='ocrx_word' id='word_1_895' title='bbox 2998 4618 3128 4661; x_wconf 90' lang='lat' dir='ltr'><strong>sunt</strong></span> <span class='ocrx_word' id='word_1_896' title='bbox 3170 4612 3350 4678; x_wconf 86' lang='lat' dir='ltr'><strong>geniis</strong></span> 
     </span>
    </p>
   </div>
   <div class='ocr_carea' id='block_1_140' title="bbox 1777 4680 1997 4724">
    <p class='ocr_par' dir='ltr' id='par_1_140' title="bbox 1777 4680 1997 4724">
     <span class='ocr_line' id='line_1_142' title="bbox 1777 4680 1997 4724; baseline 0.018 -4"><span class='ocrx_word' id='word_1_897' title='bbox 1777 4680 1997 4724; x_wconf 66' lang='lat' dir='ltr'><strong>nostrae.</strong></span> 
     </span>
    </p>
   </div>
   <div class='ocr_carea' id='block_1_141' title="bbox 1849 4739 3351 4813">
    <p class='ocr_par' dir='ltr' id='par_1_141' title="bbox 1849 4739 3351 4813">
     <span class='ocr_line' id='line_1_143' title="bbox 1849 4739 3351 4813; baseline 0.007 -22"><span class='ocrx_word' id='word_1_898' title='bbox 1849 4739 2007 4793; x_wconf 62' lang='lat' dir='ltr'><strong>hunc</strong></span> <span class='ocrx_word' id='word_1_899' title='bbox 2032 4743 2216 4809; x_wconf 86' lang='lat' dir='ltr'><strong>itaque</strong></span> <span class='ocrx_word' id='word_1_900' title='bbox 2239 4749 2290 4795; x_wconf 89' lang='lat' dir='ltr'><strong>te</strong></span> <span class='ocrx_word' id='word_1_901' title='bbox 2313 4741 2475 4797; x_wconf 88' lang='lat' dir='ltr'><strong>hodie</strong></span> <span class='ocrx_word' id='word_1_902' title='bbox 2497 4744 2765 4813; x_wconf 74' lang='lat' dir='ltr'><strong>elegimus</strong></span> <span class='ocrx_word' id='word_1_903' title='bbox 2795 4758 2915 4794; x_wconf 85' lang='lat' dir='ltr'><strong>esse</strong></span> <span class='ocrx_word' id='word_1_904' title='bbox 2965 4760 3062 4812; x_wconf 86' lang='lat' dir='ltr'><strong>pro</strong></span> <span class='ocrx_word' id='word_1_905' title='bbox 3096 4762 3160 4800; x_wconf 87' lang='lat' dir='ltr'><strong>eo</strong></span> <span class='ocrx_word' id='word_1_906' title='bbox 3191 4749 3351 4801; x_wconf 87' lang='lat' dir='ltr'><strong>nobis</strong></span> 
     </span>
    </p>
   </div>
   <div class='ocr_carea' id='block_1_142' title="bbox 1780 4810 3421 4881">
    <p class='ocr_par' dir='ltr' id='par_1_142' title="bbox 1780 4810 3421 4881">
     <span class='ocr_line' id='line_1_144' title="bbox 1780 4810 3421 4881; baseline 0.009 -22"><span class='ocrx_word' id='word_1_907' title='bbox 1780 4810 1834 4860; x_wconf 87' lang='lat' dir='ltr'><strong>in</strong></span> <span class='ocrx_word' id='word_1_908' title='bbox 1866 4825 2190 4881; x_wconf 80' lang='lat' dir='ltr'><strong>principem,</strong></span> <span class='ocrx_word' id='word_1_909' title='bbox 2244 4823 2301 4866; x_wconf 86' lang='lat' dir='ltr'><strong>et</strong></span> <span class='ocrx_word' id='word_1_910' title='bbox 2334 4816 2529 4867; x_wconf 88' lang='lat' dir='ltr'><strong>ducem</strong></span> <span class='ocrx_word' id='word_1_911' title='bbox 2560 4810 2629 4866; x_wconf 69' lang='lat' dir='ltr'><strong>ait</strong></span> <span class='ocrx_word' id='word_1_912' title='bbox 2670 4810 2980 4866; x_wconf 75' lang='lat' dir='ltr'><strong>belianduni</strong></span> <span class='ocrx_word' id='word_1_913' title='bbox 3020 4822 3223 4872; x_wconf 87' lang='lat' dir='ltr'><strong>bellum</strong></span> <span class='ocrx_word' id='word_1_914' title='bbox 3255 4836 3351 4872; x_wconf 89' lang='lat' dir='ltr'><strong>iio-</strong></span> <span class='ocrx_word' id='word_1_915' title='bbox 3420 4838 3421 4841; x_wconf 67' lang='lat'>‘</span> 
     </span>
    </p>
   </div>
   <div class='ocr_carea' id='block_1_143' title="bbox 1776 4894 1971 4934">
    <p class='ocr_par' dir='ltr' id='par_1_143' title="bbox 1776 4894 1971 4934">
     <span class='ocr_line' id='line_1_145' title="bbox 1776 4894 1971 4934; baseline 0.015 -4"><span class='ocrx_word' id='word_1_916' title='bbox 1776 4894 1971 4934; x_wconf 66' lang='lat' dir='ltr'><strong>suum.</strong></span> 
     </span>
    </p>
   </div>
   <div class='ocr_carea' id='block_1_144' title="bbox 1844 4951 3348 5028">
    <p class='ocr_par' dir='ltr' id='par_1_144' title="bbox 1844 4951 3348 5028">
     <span class='ocr_line' id='line_1_146' title="bbox 1844 4951 3348 5028; baseline 0.008 -28"><span class='ocrx_word' id='word_1_917' title='bbox 1844 4954 2173 5028; x_wconf 67' lang='lat' dir='ltr'><strong>ususcepit</strong></span> <span class='ocrx_word' id='word_1_918' title='bbox 2215 4951 2487 5028; x_wconf 74' lang='lat' dir='ltr'><strong>Joiiaihas</strong></span> <span class='ocrx_word' id='word_1_919' title='bbox 2531 4965 2775 5020; x_wconf 87' lang='lat' dir='ltr'><strong>tempore</strong></span> <span class='ocrx_word' id='word_1_920' title='bbox 2808 4957 2901 5011; x_wconf 87' lang='lat' dir='ltr'><strong>illo</strong></span> <span class='ocrx_word' id='word_1_921' title='bbox 2954 4957 3348 5028; x_wconf 83' lang='lat' dir='ltr'><strong>principatum,</strong></span> 
     </span>
    </p>
   </div>
   <div class='ocr_carea' id='block_1_145' title="bbox 1779 5023 2791 5079">
    <p class='ocr_par' dir='ltr' id='par_1_145' title="bbox 1779 5023 2791 5079">
     <span class='ocr_line' id='line_1_147' title="bbox 1779 5023 2791 5079; baseline 0.006 -6"><span class='ocrx_word' id='word_1_922' title='bbox 1779 5030 1833 5073; x_wconf 90' lang='lat' dir='ltr'><strong>et</strong></span> <span class='ocrx_word' id='word_1_923' title='bbox 1863 5026 2107 5078; x_wconf 77' lang='lat' dir='ltr'><strong>surrexit</strong></span> <span class='ocrx_word' id='word_1_924' title='bbox 2135 5024 2257 5076; x_wconf 86' lang='lat' dir='ltr'><strong>loco</strong></span> <span class='ocrx_word' id='word_1_925' title='bbox 2277 5023 2431 5076; x_wconf 76' lang='lat' dir='ltr'><strong>Juda:</strong></span> <span class='ocrx_word' id='word_1_926' title='bbox 2465 5024 2650 5077; x_wconf 85' lang='lat' dir='ltr'><strong>fratris</strong></span> <span class='ocrx_word' id='word_1_927' title='bbox 2684 5038 2791 5079; x_wconf 86' lang='lat' dir='ltr'><strong>sut.</strong></span> 
     </span>
    </p>
   </div>
   <div class='ocr_carea' id='block_1_146' title="bbox 1780 5090 3352 5213">
    <p class='ocr_par' dir='ltr' id='par_1_146' title="bbox 1780 5090 3352 5213">
     <span class='ocr_line' id='line_1_148' title="bbox 1780 5090 3352 5213; baseline 0.008 -72"><span class='ocrx_word' id='word_1_928' title='bbox 1780 5162 1812 5213; x_wconf 55' lang='grc' dir='ltr'>ά</span> <span class='ocrx_word' id='word_1_929' title='bbox 1850 5090 1918 5142; x_wconf 78' lang='lat' dir='ltr'><strong>Et</strong></span> <span class='ocrx_word' id='word_1_930' title='bbox 1963 5104 2213 5162; x_wconf 80' lang='lat' dir='ltr'><strong>cognovn</strong></span> <span class='ocrx_word' id='word_1_931' title='bbox 2245 5092 2565 5154; x_wconf 80' lang='lat' dir='ltr'><strong>Bacchides,</strong></span> <span class='ocrx_word' id='word_1_932' title='bbox 2612 5105 2667 5145; x_wconf 90' lang='lat' dir='ltr'><strong>et</strong></span> <span class='ocrx_word' id='word_1_933' title='bbox 2689 5100 2966 5161; x_wconf 72' lang='lat' dir='ltr'><strong>quaerebat</strong></span> <span class='ocrx_word' id='word_1_934' title='bbox 3022 5115 3153 5153; x_wconf 85' lang='lat' dir='ltr'><strong>eum</strong></span> <span class='ocrx_word' id='word_1_935' title='bbox 3204 5099 3352 5154; x_wconf 89' lang='lat' dir='ltr'><strong>occi-</strong></span> 
     </span>
     <span class='ocr_line' id='line_1_149' title="bbox 1817 5176 1932 5213; baseline 0 0"><span class='ocrx_word' id='word_1_936' title='bbox 1817 5176 1932 5213; x_wconf 88' lang='lat' dir='ltr'><strong>ere.</strong></span> 
     </span>
    </p>
   </div>
   <div class='ocr_carea' id='block_1_147' title="bbox 1817 5176 1932 5215">
    <p class='ocr_par' dir='ltr' id='par_1_147' title="bbox 1817 5176 1932 5215">
     <span class='ocr_line' id='line_1_150' title="bbox 1817 5176 1932 5215; baseline 0 -2"><span class='ocrx_word' id='word_1_937' title='bbox 1817 5176 1932 5215; x_wconf 81' lang='lat' dir='ltr'><strong>ere.</strong></span> 
     </span>
    </p>
   </div>
   <div class='ocr_carea' id='block_1_148' title="bbox 1853 5232 3351 5308">
    <p class='ocr_par' dir='ltr' id='par_1_148' title="bbox 1853 5232 3351 5308">
     <span class='ocr_line' id='line_1_151' title="bbox 1853 5232 3351 5308; baseline 0.006 -25"><span class='ocrx_word' id='word_1_938' title='bbox 1853 5232 1921 5283; x_wconf 80' lang='lat' dir='ltr'><strong>Et</strong></span> <span class='ocrx_word' id='word_1_939' title='bbox 1942 5232 2198 5308; x_wconf 84' lang='lat' dir='ltr'><strong>cognovit</strong></span> <span class='ocrx_word' id='word_1_940' title='bbox 2234 5232 2520 5299; x_wconf 82' lang='lat' dir='ltr'><strong>Jonathas,</strong></span> <span class='ocrx_word' id='word_1_941' title='bbox 2548 5243 2602 5289; x_wconf 91' lang='lat' dir='ltr'><strong>et</strong></span> <span class='ocrx_word' id='word_1_942' title='bbox 2645 5234 2833 5291; x_wconf 89' lang='lat' dir='ltr'><strong>Simon</strong></span> <span class='ocrx_word' id='word_1_943' title='bbox 2860 5237 3033 5293; x_wconf 83' lang='lat' dir='ltr'><strong>frater</strong></span> <span class='ocrx_word' id='word_1_944' title='bbox 3088 5238 3226 5308; x_wconf 85' lang='lat' dir='ltr'><strong>ejus,</strong></span> <span class='ocrx_word' id='word_1_945' title='bbox 3294 5246 3351 5292; x_wconf 88' lang='lat' dir='ltr'><strong>et</strong></span> 
     </span>
    </p>
   </div>
   <div class='ocr_carea' id='block_1_149' title="bbox 1780 5304 3348 5378">
    <p class='ocr_par' dir='ltr' id='par_1_149' title="bbox 1780 5304 3348 5378">
     <span class='ocr_line' id='line_1_152' title="bbox 1780 5304 3348 5378; baseline 0.004 -24"><span class='ocrx_word' id='word_1_946' title='bbox 1780 5318 1973 5378; x_wconf 66' lang='lat' dir='ltr'><strong>omnes</strong></span> <span class='ocrx_word' id='word_1_947' title='bbox 1996 5304 2089 5372; x_wconf 87' lang='lat' dir='ltr'><strong>qui</strong></span> <span class='ocrx_word' id='word_1_948' title='bbox 2119 5319 2244 5358; x_wconf 88' lang='lat' dir='ltr'><strong>cum</strong></span> <span class='ocrx_word' id='word_1_949' title='bbox 2266 5320 2332 5359; x_wconf 81' lang='lat' dir='ltr'><strong>eo</strong></span> <span class='ocrx_word' id='word_1_950' title='bbox 2360 5317 2520 5359; x_wconf 90' lang='lat' dir='ltr'><strong>erant</strong></span> <span class='ocrx_word' id='word_1_951' title='bbox 2554 5319 2569 5360; x_wconf 86' lang='lat'><strong>:</strong></span> <span class='ocrx_word' id='word_1_952' title='bbox 2596 5318 2650 5359; x_wconf 87' lang='lat' dir='ltr'><strong>et</strong></span> <span class='ocrx_word' id='word_1_953' title='bbox 2704 5312 2958 5378; x_wconf 68' lang='lat' dir='ltr'><strong>ingerunt</strong></span> <span class='ocrx_word' id='word_1_954' title='bbox 2980 5325 3034 5362; x_wconf 91' lang='lat' dir='ltr'><strong>in</strong></span> <span class='ocrx_word' id='word_1_955' title='bbox 3071 5304 3348 5362; x_wconf 72' lang='lat' dir='ltr'><strong>desertum</strong></span> 
     </span>
    </p>
   </div>
   <div class='ocr_carea' id='block_1_150' title="bbox 1781 5373 3346 5447">
    <p class='ocr_par' dir='ltr' id='par_1_150' title="bbox 1781 5373 3346 5447">
     <span class='ocr_line' id='line_1_153' title="bbox 1781 5373 3346 5447; baseline 0.003 -21"><span class='ocrx_word' id='word_1_956' title='bbox 1781 5373 2035 5447; x_wconf 72' lang='lat' dir='ltr'><strong>&#39;l‘tiecuae,</strong></span> <span class='ocrx_word' id='word_1_957' title='bbox 2062 5385 2117 5427; x_wconf 88' lang='lat' dir='ltr'><strong>et</strong></span> <span class='ocrx_word' id='word_1_958' title='bbox 2149 5377 2523 5429; x_wconf 86' lang='lat' dir='ltr'><strong>consederunt</strong></span> <span class='ocrx_word' id='word_1_959' title='bbox 2571 5392 2639 5429; x_wconf 69' lang='lat' dir='ltr'><strong>ad</strong></span> <span class='ocrx_word' id='word_1_960' title='bbox 2668 5373 2865 5447; x_wconf 56' lang='lat' dir='ltr'><strong>aqn&#39;ani</strong></span> <span class='ocrx_word' id='word_1_961' title='bbox 2909 5383 3057 5431; x_wconf 86' lang='lat' dir='ltr'><strong>lacus</strong></span> <span class='ocrx_word' id='word_1_962' title='bbox 3108 5380 3346 5446; x_wconf 80' lang='lat' dir='ltr'><strong>Aspliar.</strong></span> 
     </span>
    </p>
   </div>
   <div class='ocr_carea' id='block_1_151' title="bbox 1847 5444 3351 5513">
    <p class='ocr_par' dir='ltr' id='par_1_151' title="bbox 1847 5444 3351 5513">
     <span class='ocr_line' id='line_1_154' title="bbox 1847 5444 3351 5513; baseline 0.005 -18"><span class='ocrx_word' id='word_1_963' title='bbox 1847 5444 1912 5496; x_wconf 66' lang='lat' dir='ltr'><strong>Et</strong></span> <span class='ocrx_word' id='word_1_964' title='bbox 1938 5448 2196 5513; x_wconf 79' lang='lat' dir='ltr'><strong>cognovit</strong></span> <span class='ocrx_word' id='word_1_965' title='bbox 2230 5447 2553 5510; x_wconf 73' lang='lat' dir='ltr'><strong>Bacchides,</strong></span> <span class='ocrx_word' id='word_1_966' title='bbox 2586 5460 2636 5501; x_wconf 85' lang='lat' dir='ltr'><strong>et</strong></span> <span class='ocrx_word' id='word_1_967' title='bbox 2666 5444 2755 5502; x_wconf 77' lang='lat' dir='ltr'><strong>die</strong></span> <span class='ocrx_word' id='word_1_968' title='bbox 2804 5451 3166 5501; x_wconf 72' lang='lat' dir='ltr'><strong>Subbatowin</strong></span> <span class='ocrx_word' id='word_1_969' title='bbox 3188 5444 3351 5502; x_wconf 47' lang='lat' dir='ltr'><strong>&#39;veiiit</strong></span> 
     </span>
    </p>
   </div>
   <div class='ocr_carea' id='block_1_152' title="bbox 1783 5515 3361 5587">
    <p class='ocr_par' dir='ltr' id='par_1_152' title="bbox 1783 5515 3361 5587">
     <span class='ocr_line' id='line_1_155' title="bbox 1783 5515 3361 5587; baseline 0.003 -18"><span class='ocrx_word' id='word_1_970' title='bbox 1783 5515 1897 5587; x_wconf 86' lang='lat' dir='ltr'><strong>ipse</strong></span> <span class='ocrx_word' id='word_1_971' title='bbox 1932 5525 1987 5587; x_wconf 79' lang='lat' dir='ltr'><strong>et</strong></span> <span class='ocrx_word' id='word_1_972' title='bbox 2007 5518 2189 5572; x_wconf 77' lang='lat' dir='ltr'><strong>omnis</strong></span> <span class='ocrx_word' id='word_1_973' title='bbox 2225 5528 2503 5571; x_wconf 80' lang='lat' dir='ltr'><strong>exercnus</strong></span> <span class='ocrx_word' id='word_1_974' title='bbox 2556 5523 2675 5587; x_wconf 72' lang='lat' dir='ltr'><strong>ejus</strong></span> <span class='ocrx_word' id='word_1_975' title='bbox 2709 5530 2855 5571; x_wconf 72' lang='lat' dir='ltr'><strong>trans</strong></span> <span class='ocrx_word' id='word_1_976' title='bbox 2889 5518 3205 5571; x_wconf 78' lang='lat' dir='ltr'><strong>Jordaneni.</strong></span> <span class='ocrx_word' id='word_1_977' title='bbox 3358 5562 3361 5573; x_wconf 56' lang='grc' dir='ltr'><em>ς</em></span> 
     </span>
    </p>
   </div>
   <div class='ocr_carea' id='block_1_153' title="bbox 1854 5582 3349 5661">
    <p class='ocr_par' dir='ltr' id='par_1_153' title="bbox 1854 5582 3349 5661">
     <span class='ocr_line' id='line_1_156' title="bbox 1854 5582 3349 5661; baseline 0.005 -20"><span class='ocrx_word' id='word_1_978' title='bbox 1854 5586 1926 5641; x_wconf 75' lang='lat' dir='ltr'><strong>Et</strong></span> <span class='ocrx_word' id='word_1_979' title='bbox 1950 5582 2213 5649; x_wconf 71' lang='lat' dir='ltr'><strong>Joiiathas</strong></span> <span class='ocrx_word' id='word_1_980' title='bbox 2265 5590 2413 5643; x_wconf 74' lang='lat' dir='ltr'><strong>misit</strong></span> <span class='ocrx_word' id='word_1_981' title='bbox 2446 5582 2666 5643; x_wconf 76' lang='lat' dir='ltr'><strong>Iratrciii</strong></span> <span class='ocrx_word' id='word_1_982' title='bbox 2716 5603 2875 5641; x_wconf 82' lang='lat' dir='ltr'><strong>stium</strong></span> <span class='ocrx_word' id='word_1_983' title='bbox 2911 5592 3103 5655; x_wconf 81' lang='lat' dir='ltr'><strong>ducem</strong></span> <span class='ocrx_word' id='word_1_984' title='bbox 3138 5588 3349 5661; x_wconf 74' lang='lat' dir='ltr'><strong>populi,</strong></span> 
     </span>
    </p>
   </div>
  </div>
