3840 6176
234 198 331 264 521

232 380 443 451 [iterant
483 390 584 436 :et
615 386 874 436 exaltant
924 398 1051 437 eum
1104 383 1158 436 in
1208 377 1504 451 conspectu
1555 377 1800 434 omnium

233 450 532 504 amicorum
563 466 810 506 suorum.

304 520 595 592 Et_statuit
629 522 676 573 ei
714 523 1081 592 principatum
1128 521 1424 577 sacerdotii
1461 518 1805 592 [al._sater-

234 588 417 661 dotis].
451 601 507 644 ct
535 588 874 661 quaecunque
899 588 1003 646 alia
1044 594 1236 646 habuit
1266 593 1415 661 prius
1452 588 1721 660 pretiosa,
1748 598 1804 640 et

235 660 358 712 fecit
384 675 511 713 eum
548 662 853 729 principem
887 664 1215 717 amicorum.

300 729 365 782 Et
417 730 714 802 postulavit
758 731 1022 786 Jonathas
1082 751 1110 786 a
1162 749 1287 802 rege
1372 740 1429 783 ut
1501 731 1800 802 immunem

236 798 432 871 faceret
487 798 755 864 Judaaam,
815 811 871 855 et
936 814 1045 857 tres
1103 798 1438 871 toparrhias.
1501 812 1555 853 et
1615 800 1804 852 Sama-

238 870 391 932 riam,
422 879 479 924 et
510 873 753 926 contines
782 873 901 942 ejus
933 890 947 930 ;
990 883 1045 927 et
1076 875 1326 942 promisit
1359 870 1411 925 ei
1444 870 1647 926 talenta
1698 880 1805 923 tre-

234 947 385 991 centa
424 956 439 993 :

300 1009 671 1082 Etconsensit
705 1030 839 1067 rex:
875 1024 931 1068 et
967 1014 1188 1082 scripsit
1229 1013 1477 1067 Jonathzn
1536 1011 1801 1079 epistolas

229 1078 293 1132 de
325 1080 411 1135 his
440 1083 718 1145 omnibus,
751 1086 896 1136 lmnc
930 1078 1147 1137 modum
1182 1090 1535 1137 Continentes

300 1151 411 1204 Rex
450 1154 758 1207 Demetrius
793 1155 951 1207 fratri
982 1154 1231 1208 Jonathae
1264 1157 1527 1215 salutem,
1563 1163 1618 1206 et
1653 1151 1801 1222 genti

226 1223 560 1277 .ndaeorum.

302 1292 626 1359 Exemplum
691 1294 982 1361 epistolae,
1050 1311 1213 1361 quam
1280 1293 1603 1362 scripsimus
1665 1292 1799 1347 Las-

230 1363 375 1413 theni
414 1368 630 1423 parenti
666 1375 854 1418 nostro
902 1370 967 1420 de
1001 1368 1175 1432 vobis,
1230 1367 1481 1420 misimus
1511 1362 1580 1416 ad
1614 1380 1709 1417 vos
1743 1373 1798 1416 ut

228 1444 438 1485 setretts
476 1450 488 1484 Ξ

296 1502 405 1575 [text
442 1502 754 1575 Demetrius
785 1502 1041 1560 Lastheni
1076 1508 1287 1575 parenti
1316 1506 1579 1562 salutem.

293 1572 453 1625 Genti
505 1574 821 1626 Judteornm
876 1572 1087 1631 amicis"
1121 1579 1345 1639 nostris,
1378 1586 1432 1629 et
1459 1590 1797 1629 conservan-

1356 201 1593 262 LIBER
1646 200 1670 257 Ι
1730 196 2362 260 MACIHBJEORU‘J.

302 308 365 361 Et
417 308 550 364 fecit
580 308 628 363 ei
692 324 810 372 rex,
841 310 984 365 sicut
1018 310 1265 367 fecerant
1294 311 1365 375 ei,
1402 327 1493 379 qut
1528 320 1657 363 ante
1688 322 1810 379 eum
1848 312 1886 365 Α

3384 200 3489 267 522

1990 310 2055 362 Et
2094 310 2415 366 occiderunt
2449 312 2501 364 in
2562 312 2648 364 illa
2704 312 2791 365 die
2843 320 3061 365 centum
3110 311 3275 366 millia
3309 312 3485 368 homi-

1921 395 2070 453 num.
2101 390 2155 453 et
2186 383 2591 453 succenderunt
2622 384 2927 440 Civitatem.
2961 393 3013 435 ct
3063 393 3330 449 ceperunt
3359 399 3490 453 spo-

1908 447 1975 501 lia
2021 452 2186 503 tnulta
2222 452 2273 504 in
2299 455 2389 506 die
2419 454 2531 511 illa,
2567 463 2620 504 et
2667 454 3041 505 liberaverunt
3070 447 3273 517 regem.

1980 520 2046 573 Et
2074 522 2335 591 viderunt
2363 524 2454 591 qui
2484 533 2638 575 erant
2668 524 2734 576 de
2754 523 2999 582 civitate,
3032 524 3176 589 quod
3209 523 3488 577 obtinuis-

1907 600 2029 642 sent
2062 590 2232 643 Judaei
2266 590 2565 651 civitatem.
2604 594 2750 645 sicut
2787 593 3039 645 volebant
3074 608 3087 647 :
3123 602 3179 645 et
3227 591 3488 647 infirmati

1908 670 2034 712 Stlnl
2089 671 2271 713 mente
2301 678 2418 720 sua.
2452 671 2506 716 et
2546 664 2922 716 clamavernnt
2981 665 3047 714 ad
3117 679 3299 731 regem
3363 678 3488 717 cum

1909 731 2165 797 precibus
2197 732 2447 785 dicentes
2489 750 2505 786 :

1980 801 2054 873 Da
2084 802 2242 873 nobis
2262 802 2502 867 dextras,
2523 812 2579 857 et
2605 804 3004 858 cessentJndgei
3022 820 3344 873 oppugnare
3365 819 3485 868 nos.

1906 880 1961 924 et
1994 872 2299 924 civitatem.

1979 942 2039 1013 Et
2062 947 2615 1013 Aprojeceruntiarma
2646 960 2767 1003 sua.
2802 953 2856 997 et
2890 944 3140 997 fecerunt
3176 960 3389 1013 pacem,
3428 958 3485 998 et

1906 1011 2191 1076 gloriﬁcati
2258 1022 2386 1065 sunt
2441 1012 2615 1067 Jndsei
2677 1015 2729 1067 in
2789 1024 3083 1081 conspectu
3141 1011 3283 1083 regis
3336 1017 3487 1069 etin

1908 1092 2206 1146 conspectu
2253 1083 2501 1135 omnium
2569 1086 2661 1150 qui
2723 1095 2881 1136 erant
2942 1087 2993 1137 in
3057 1099 3221 1153 regno
3258 1087 3395 1153 ejus,
3433 1096 3489 1139 et

1910 1152 2173 1203 nominati
2211 1161 2338 1204 sunt
2366 1153 2416 1204 in
2456 1170 2625 1221 regno
2656 1173 2669 1207 :
2701 1164 2755 1206 et
2792 1155 3022 1220 regressi
3065 1152 3193 1209 sunt
3227 1156 3279 1207 in
3317 1154 3487 1210 Jeru~

1908 1221 2077 1273 salem
2124 1223 2396 1275 habentes
2433 1226 2605 1291 spolia
2638 1226 2829 1278 multa.

1978 1290 2043 1365 Et
2081 1292 2223 1344 sedit
2264 1292 2571 1365 Demetrius
2624 1310 2718 1348 rex
2774 1296 2825 1348 in
2878 1296 3010 1350 sede
3063 1296 3214 1365 regni
3264 1298 3394 1351 sui:
3430 1309 3487 1350 et

1907 1361 2060 1433 siluit
2095 1373 2239 1414 terra
2271 1363 2322 1414 in
2347 1375 2645 1431 con5pectu
2677 1367 2819 1433 ejus.

1980 1430 2044 1483 Et
2076 1434 2335 1486 mentitus
2387 1445 2467 1487 est
2490 1430 2680 1487 omnia
2708 1430 3062 1504 quacunque
3112 1436 3273 1499 dixit,
3308 1444 3363 1490 et
3392 1436 3488 1490 ab-

1908 1501 2166 1554 alienavit
2194 1519 2251 1556 se
2273 1520 2299 1554 a
2317 1504 2569 1568 Jonatha,
2593 1515 2649 1558 et
2682 1501 2787 1558 non
2814 1501 3075 1559 retribuit
3095 1506 3144 1559 ei
3177 1509 3481 1560 secundum

1908 1570 2173 1647 beneficia
2230 1590 2349 1641 qua:
2399 1575 2517 1647 sibi
2555 1576 2890 1630 retribuerat
2953 1576 3053 1645 Ial.
3085 1576 3397 1647 tribueratl,
3432 1585 3489 1631 et

229 1641 369 1694 tibus
400 1647 699 1713 (ιυλεῇιιιιει
737 1656 865 1698 sunt
890 1650 1034 1715 apud
1074 1664 1194 1711 nos,
1256 1645 1605 1700 decrevimus
1634 1645 1798 1699 bene-
1833 1644 1876 1701 Β
1910 1643 2285 1715 νῡξίιὺδιὲευιη
2331 1644 2503 1697 valde.

228 1715 429 1787 lacere,
466 1729 685 1781 propter
718 1715 1112 1784 l:enign.tatetn
1168 1722 1435 1787 ipsorum,
1477 1731 1641 1784 quam
1670 1730 1798 1785 erga

227 1796 321 1833 nos
348 1784 570 1837 habent.

289 1851 596 1925 Statuitnus
628 1872 755 1925 ergo
788 1860 896 1913 illis
948 1873 1137 1911 omnes
1186 1858 1319 1911 fines
1348 1857 1571 1921 Jutlaeas,
1605 1865 1659 1909 et
1689 1865 1801 1908 tres

227 1922 496 1996 civitates,
535 1922 745 1996 Lj'dan,
798 1941 851 1982 et
888 1930 1214 1994 liamathan,
1259 1945 1380 1996 qua:
1413 1928 1612 1981 additu?
1668 1936 1798 1979 sunt

226 1990 425 2045 Juda'ae
461 2011 527 2046 ex
563 1990 835 2063 Samaria,
867 2010 921 2053 et
950 2013 1142 2050 omnes
1196 1990 1441 2052 confines
1471 2012 1661 2051 earum
1715 2012 1801 2049 se-

227 2064 493 2136 questrati
529 2067 785 2121 onnnbus
843 2068 1281 2123 sacrificantibus
1326 2069 1378 2120 in
1410 2067 1797 2136 Jerosolymis.

228 2148 319 2207 pro
353 2134 440 2186 bis
484 2150 606 2201 qua:
660 2139 728 2190 ab
765 2138 845 2193 eis
877 2140 1027 2207 prius
1085 2140 1391 2206 accipiebat
1425 2153 1523 2189 rex
1560 2134 1654 2203 per
1687 2136 1801 2189 siti-

226 2203 375 2270 gulos
426 2220 647 2271 annos,
701 2218 755 2262 et
810 2203 907 2277 pro
959 2203 1229 2262 fructibus
1283 2218 1462 2272 terra‘,
1495 2218 1550 2261 et
1603 2223 1801 2276 pomo-

229 2287 363 2325 rum.

293 2342 356 2397 Et
382 2344 515 2409 alia,
547 2362 668 2415 quae
718 2350 781 2403 ad
833 2364 932 2403 nos
963 2348 1311 2417 pertinebant
1346 2346 1707 2409 decimarum,
1746 2355 1798 2399 ct

229 2415 585 2477 tributorum,
625 2435 690 2471 ex
722 2422 823 2474 hoc
876 2415 1125 2488 tempore
1182 2419 1516 2472 remittimus
1575 2418 1709 2488 eis:
1746 2427 1801 2469 et

226 2499 378 2558 areas
430 2488 769 2553 salinarum,
814 2502 870 2544 et
926 2486 1157 2544 coronas
1226 2504 1346 2558 qua:
1386 2488 1545 2541 nobis
1577 2486 1795 2542 defere-

227 2554 445 2608 bantur.

286 2627 480 2679 Untnia
511 2628 645 2697 ipsis
672 2632 1024 2685 concedimus
1055 2646 1073 2697 _:
1104 2638 1156 2685 et
1188 2629 1324 2683 nihil
1357 2627 1553 2682 horum
1583 2627 1800 2683 irritum

224 2699 427 2770 υἰέ-ελ
460 2700 585 2763 hoc,
617 2712 672 2752 et
706 2702 758 2754 in
794 2719 953 2755 omine
988 2712 1225 2770 tempus.

299 2766 458 2819 Nunt:
500 2785 620 2837 3rgo
654 2782 841 2826 curate
898 2773 1075 2825 facere
1103 2766 1327 2824 'liorum
1382 2769 1715 2837 exemplum,
1747 2781 1801 2825 et

226 2834 384 2959 delia;
409 2834 682 2917 Jonatux,
707 2852 762 2894 et
785 2855 1020 2911 penatur
1049 2842 1103 2894 in
1138 2854 1321 2895 monte
1346 2834 1561 2905 sancto,
1595 2840 1648 2893 in
1678 2834 1800 2895 luco

226 2919 283 2959 ce
307 2924 335 2958 e
382 2924 450 2959 rt.

224 2919 450 2960 εειευη.

1978 1712 2104 1765 Post
2137 1712 2250 1765 haec
2274 1722 2458 1766 autem
2495 1730 2747 1768 reversus
2780 1725 2862 1770 cst
2894 1716 3176 1785 Tryphon,
3210 1729 3267 1770 et
3294 1717 3487 1770 Antio~

1906 1784 2303 1856 chus_cm_n_eo
2356 1800 2493 1852 puer
2522 1785 2863 1845 adolescens,
2898 1796 2951 1839 et
2978 1784 3263 1856 regnavit,
3296 1798 3352 1841 et
3386 1787 3490 1840 im-

1907 1851 2094 1921 posuit
2120 1854 2227 1906 sibi
2255 1851 2532 1908 diadema.

1977 1922 2040 1974 Et
2094 1925 2408 1992 congregati
2469 1934 2597 1977 sunt
2641 1925 2707 1978 ad
2759 1942 2886 1980 eum
2937 1940 3129 1979 omnes
3205 1926 3488 1980 exercitus

1905 2009 2044 2062 quos
2078 1994 2416 2061 disperserat
2446 1995 2776 2059 Demetrius,
2806 2007 2861 2049 et
2885 2006 3266 2064 pugnaverunt
3291 2008 3481 2049 contra

1907 2080 2030 2117 cum
2073 2081 2084 2116 :
2118 2073 2172 2114 et
2211 2066 2369 2131 l'ugit,
2407 2075 2458 2118 et
2498 2075 2646 2132 terga
2678 2068 2862 2119 vertit.

1941 2133 2043 2255 ιῌι
2074 2136 2285 2203 accepit
2331 2135 2591 2204 Tryphon
2647 2137 2871 2199 bestias,
2902 2144 2957 2189 et
2989 2134 3234 2189 obtinuit
3288 2138 3481 2193 Antio-

1959 2220 2086 2255 tltttll
2126 2216 2143 2255 ζ

1905 2216 2086 2259 Chiam
2126 2216 2143 2259 ζ

1976 2275 2043 2328 Et
2100 2275 2320 2343 scripsit
2372 2276 2672 2331 Antiochus
2714 2276 3033 2331 adolescens
3079 2276 3349 2343 Jonathze,
3394 2279 3479 2333 di~

1905 2361 2035 2399 cens
2094 2360 2106 2392 ε
2161 2346 2453 2401 Coustituo
2532 2348 2628 2401 tibi
2685 2348 3095 2405 sacerdotium.
3165 2357 3219 2400 et
3278 2353 3482 2402 consti-

1909 2426 2001 2469 tuo
2040 2425 2090 2469 te
2144 2432 2310 2485 super
2358 2427 2597 2486 quatuor
2657 2419 2931 2483 civitates,
2982 2429 3039 2472 ut
3087 2417 3163 2470 sis
3196 2421 3259 2471 de
3293 2422 3488 2473 amicis

1908 2502 2074 2555 regis.

1978 2557 2041 2609 Et
2064 2556 2211 2611 misit
2235 2556 2310 2610 illi
2348 2572 2469 2610 vasa
2498 2573 2665 2611 aurea
2701 2558 2753 2611 in
2793 2555 3187 2621 ministerium,
3231 2568 3286 2613 et
3333 2561 3489 2613 dedit

1906 2627 1954 2680 ei
1987 2636 2310 2695 potestatem
2349 2628 2573 2681 bibendi
2601 2630 2653 2681 in
2698 2642 2856 2691 auro,
2882 2637 2937 2679 et
2972 2642 3091 2680 esse
3128 2628 3181 2680 in
3214 2644 3484 2697 purpura,

1906 2707 1959 2749 et
1991 2698 2192 2750 habere
2213 2698 2435 2749 fibulam
2472 2713 2693 2751 auream
2729 2715 2741 2749 :

1976 2767 2289 2820 EtSimeon
2328 2766 2548 2819 fratrem
2586 2769 2703 2836 ejus
2756 2769 3045 2824 conStituit
3082 2769 3281 2824 ducem
3309 2784 3340 2822 a
3374 2780 3487 2824 ter-

1908 2838 2074 2909 minis
2104 2836 2439 2909 Tyriusque
2466 2840 2530 2889 ad
2567 2840 2699 2891 lines
2727 2837 2973 2909 Egypti.

1977 2908 2041 2961 Et
2074 2909 2206 2961 exiit
2237 2907 2522 2970 Jonathas,
2555 2918 2610 2961 et
2659 2907 3070 2976 perambulabat
3102 2923 3248 2963 trans
3279 2909 3485 2965 ﬂumen

298 2976 365 3030 Et
406 2981 602 3035 videns
657 2980 966 3036 Demetrius
1022 2999 1116 3037 rex
1151 2982 1296 3053 quod
1341 2980 1508 3053 siluit
1546 2988 1693 3053 terra
1744 2983 1798 3036 in
1828 2979 1873 3043 C
1909 2978 2156 3053 civitates
2185 2994 2208 3053 _:
2244 2986 2311 3053 et
2335 2989 2698 3053 congregatus
2730 2993 2815 3033 est
2848 2981 2913 3034 ad
2947 2996 3071 3053 etim
3108 2996 3288 3053 OllllliS
3316 2994 3484 3035 exer-

224 3060 528 3116 c0nspectu
592 3068 711 3116 suo,
750 3064 801 3106 et
833 3054 969 3106 nihil
1003 3055 1054 3107 ei
1088 3050 1323 3117 resistit,
1382 3050 1589 3106 dimisit
1626 3060 1796 3106 totum

225 3121 528 3173 exercitum
561 3138 745 3183 suum,
807 3140 1254 3193 Unumquemque
1310 3131 1362 3177 in
1398 3124 1580 3193 locmn
1616 3136 1799 3187 suum,

223 3201 459 3263 excepto
486 3196 777 3261 peregrino
807 3191 1075 3257 exercitu,
1104 3191 1267 3263 quem
1303 3191 1583 3247 contraxit
1610 3194 1681 3245 ab
1718 3194 1800 3243 in-

223 3261 356 3310 sulis
389 3268 635 3329 gentium
674 3278 686 3313 :
721 3276 774 3317 et
805 3266 1013 3318 inimici
1042 3261 1198 3320 erant
1232 3266 1283 3318 ei
1312 3276 1505 3317 omnes
1531 3263 1804 3316 exercitus

224 3342 445 3401 patrum
487 3334 630 3401 ejus.

292 3400 563 3472 Tryphon
602 3414 784 3456 autem
820 3414 940 3459 erat
972 3404 1195 3473 quidam
1228 3405 1465 3474 partium
1503 3404 1801 3457 Alexandri

222 3484 375 3535 prius
409 3489 423 3523 :
465 3484 521 3527 et
551 3474 689 3527 vidit
720 3478 979 3543 quoniam
1018 3478 1198 3529 Omnis
1248 3476 1524 3530 exercitus
1557 3490 1805 3527 murmu-

225 3553 381 3595 ranat
437 3556 631 3599 contra
685 3544 1049 3608 Demetrium,
1103 3556 1160 3600 et
1222 3547 1324 3601 ivit
1372 3548 1440 3599 ad
1486 3544 1804 3598 Emalchuel

222 3615 464 3731 grabem
494 3654 509 3679 ,
543 3615 638 3684 qui
670 3615 955 3672 nutriebat
992 3617 1326 3671 Antiochum
1357 3616 1533 3669 lilium
1570 3614 1804 3668 Alexan-

262 3697 305 3731 ιιι
339 3700 357 3731 :

262 3697 357 3735 1³ιῖ

290 3753 356 3807 Et
389 3755 677 3812 assidebat
702 3759 773 3825 ei,
802 3770 856 3813 ttt
885 3759 1125 3815 traderet
1151 3774 1275 3813 eum
1306 3756 1432 3826 ipsi,
1471 3766 1527 3809 ut
1553 3766 1809 3826 regnaret

232 3823 354 3878 loco
400 3829 578 3896 patris
622 3831 706 3883 sui
743 3823 766 3882 :ﬁ
791 3834 847 3883 el'
873 3830 1185 3885 enuntiavit
1213 3830 1264 3883 ei
1297 3823 1503 3897 quanta
1535 3823 1666 3897 fecit
1702 3824 1805 3877 De-

222 3894 482 3961 metrius,
520 3910 573 3950 et
624 3900 943 3954 inimicitias
995 3894 1339 3955 exercituum
1391 3898 1512 3965 ejus
1546 3894 1807 3948 adversus

223 3965 407 4019 illum.
443 3968 508 4020 Et
540 3972 739 4022 mansit
770 3973 840 4025 ibi
868 3972 1066 4025 diebus
1099 3972 1308 4022 multis.

294 4039 361 4090 Et
402 4040 555 4091 misit
612 4038 879 4095 Jonathas
938 4041 1004 4094 ad
1080 4038 1415 4094 Demetrium
1476 4051 1683 4105 regem.
1748 4046 1807 4089 ut

221 4108 455 4177 ejiceret
480 4125 576 4163 eos
633 4112 726 4180 qui
760 4112 814 4164 in
850 4126 975 4165 arce
1010 4119 1168 4164 erant
1202 4110 1255 4161 in
1283 4108 1611 4180 Jerusalem,
1634 4116 1691 4161 et
1715 4106 1807 4175 qui

220 4176 276 4231 in
313 4182 595 4248 praesidiis
627 4176 786 4234 erant
822 4200 835 4236 :
879 4183 1009 4250 quia
1040 4179 1435 4249 impugnabant
1474 4176 1663 4230 Israel.

290 4245 361 4302 Et
412 4253 567 4304 misit
604 4245 913 4306 Demetrius
966 4252 1031 4305 ad
1061 4245 1372 4314 Jonaiham,
1412 4250 1603 4303 dicens
1640 4263 1654 4302 :
1689 4245 1808 4299 Non

1906 3050 2047 3102 citus
2079 3047 2249 3118 Syria:
2302 3048 2351 3100 in
2407 3049 2693 3109 auxilium,
2732 3059 2787 3103 et
2845 3051 2991 3105 venit
3047 3050 3391 3115 Ascalonem,
3432 3060 3488 3106 et

1908 3128 2272 3172 occurrerunt
2301 3119 2351 3171 ei
2387 3118 2688 3174 honorifice
2724 3121 2791 3173 de
2820 3121 3060 3175 civitate.

1979 3189 2049 3244 Et
2078 3188 2211 3261 abiit
2252 3189 2381 3243 inde
2429 3188 2679 3261 Gazam:
2709 3200 2762 3244 et
2804 3192 3198 3245 concluserunt
3249 3205 3329 3250 se,
3391 3193 3487 3261 qui

1907 3270 2064 3315 erant
2099 3258 2269 3332 Gaza:
2302 3276 2316 3314 :
2344 3268 2400 3332 et
2458 3260 2677 3332 obsedit
2728 3276 2877 3327 eam,
2926 3271 2983 3314 et
3041 3262 3329 3315 succendit
3366 3258 3492 3332 qua:

1909 3341 2069 3387 erant
2095 3331 2149 3384 in
2193 3330 2429 3385 circuitu
2463 3329 2726 3400 civitatis,
2756 3341 2813 3400 et
2843 3332 3118 3400 praedatus
3143 3343 3227 3385 est
3255 3345 3343 3385 ea.

1980 3403 2044 3457 Et
2070 3410 2401 3472 rogaverunt
2449 3398 2724 3472 Gazenses
2750 3398 3065 3465 Jtiiiatltaui,
3096 3411 3150 3455 et
3183 3401 3336 3455 dedit
3379 3400 3491 3456 illis

1910 3471 2192 3528 dexteram
2228 3488 2240 3525 :
2274 3481 2327 3524 et
2355 3471 2563 3537 accepit
2594 3471 2737 3524 illius
2766 3486 2955 3525 eorum
2984 3472 3225 3536 obsides,
3255 3482 3309 3525 et
3342 3472 3492 3525 misit

1912 3544 2032 3597 illos
2093 3545 2147 3595 in
2207 3541 2568 3595 Jerusalem:
2616 3548 2671 3594 et
2735 3542 3140 3611 perambulavit
3205 3541 3488 3610 regionem

1913 3630 2089 3682 usque.
2125 3614 2469 3666 Damascum.

1980 3706 2049 3759 Et
2078 3705 2290 3757 audivit
2316 3705 2582 3759 Jonathas
2609 3704 2756 3772 quod
2790 3704 3134 3773 prmvaricati
3168 3712 3294 3757 sunt
3330 3704 3490 3773 prin-

1912 3778 2067 3843 cipes
2120 3776 2379 3828 Demetrii
2433 3780 2485 3826 in
2520 3777 2693 3827 Gades
2725 3789 2847 3843 quae
2876 3784 2963 3828 est
2990 3775 3044 3827 in
3085 3774 3328 3835 Galilma,
3361 3790 3489 3827 cum

1910 3847 2153 3899 exercitu
2186 3846 2381 3910 multo,
2411 3844 2654 3899 volentes
2682 3859 2809 3899 eum
2858 3859 3145 3900 removere
3182 3862 3211 3898 a
3266 3845 3487 3914 negotio

1914 3918 2070 3984 regni
2107 3932 2122 3968 :

1986 4008 2055 4063 Et
2082 4009 2325 4063 occurrit
2357 4009 2463 4062 illis
2490 4026 2505 4066 :
2530 4008 2759 4063 fratrem
2793 4018 2977 4064 autem
3012 4022 3172 4063 suum
3207 4006 3491 4060 Simonem

1916 4080 2136 4149 reliquit
2173 4080 2314 4132 intra
2350 4081 2711 4148 provinciam.

1984 4145 2051 4203 Et
2102 4145 2369 4220 applicuit
2405 4150 2505 4219 lat.
2546 4147 2862 4221 applicavit]
2917 4148 3105 4221 Simon
3142 4146 3209 4200 ad
3256 4145 3499 4221 Bethsua

1916 4238 2057 4283 ram,
2086 4231 2140 4274 et
2169 4219 2515 4290 expugnabat
2538 4236 2657 4277 eam
2682 4219 2877 4275 diebus
2902 4220 3107 4284 multis,
3143 4227 3197 4271 et
3222 4219 3495 4274 conclusit

220 4319 338 4393 lia-r3
380 4331 597 4375 tantum
651 4324 843 4375 faciam
883 4323 1008 4384 tibi,
1042 4333 1098 4376 et
1146 4323 1294 4390 genti
1348 4309 1475 4393 tuae,
1504 4319 1598 4393 sed
1634 4318 1807 4388 gloria
1843 4331 1893 4393 υ
1917 4309 2033 4393 eos:

216 4391 514 4447 illustrabo
551 4406 600 4449 te
651 4404 705 4446 ct
764 4404 984 4463 gentem
1034 4389 1185 4446 tuam
1233 4405 1358 4445 cum
1393 4389 1561 4444 fuerit
1605 4403 1810 4457 oppor-

219 4473 451 4515 ιυιιυιη.

292 4532 462 4588 Nunc
501 4549 634 4603 ergo
700 4542 851 4587 recte
905 4532 1125 4595 ieceris,
1164 4529 1492 4603 si_miseris
1543 4531 1597 4583 in
1659 4528 1812 4603 auxi-

217 4603 359 4657 lium
432 4600 750 4659 mihi'viros
784 4620 798 4658 :
834 4604 963 4673 quia
1020 4600 1274 4657 discessit
1312 4602 1493 4655 omnis
1537 4602 1814 4654 exercitus

216 4691 410 4747 ιιιεήυε.
610 4746 617 4747 7
810 4746 819 4747 ί
1000 4744 1008 4747 _
1337 4742 1347 4747 _
1594 4739 1613 4747 _
1706 4738 1715 4747 .

288 4746 362 4799 Et
395 4748 549 4801 misit
573 4746 622 4800 ei
641 4746 907 4802 Jonathas
944 4744 1047 4798 tria
1096 4744 1263 4797 millia
1301 4742 1545 4795 virorum
1593 4739 1816 4792 fortium

214 4817 580 4872 Antiochiam
619 4830 713 4873 :et
755 4824 1023 4870 venerunt
1063 4820 1128 4869 ad
1169 4830 1380 4884 regem,
1423 4824 1477 4865 et
1509 4811 1815 4865 delectatus

213 4901 301 4940 est
338 4905 441 4942 rex
480 4893 533 4943 iit
560 4891 799 4941 adventu
834 4902 1055 4942 eorum.

291 4959 357 5010 Et
393 4970 804 5018 convenerunt,
843 4961 937 5026 qui
978 4964 1136 5011 erant
1190 4955 1257 5007 de
1308 4953 1534 5006 civitate
1583 4960 1814 5003 centum

214 5033 421 5098 Viginti
457 5033 625 5085 nnltia
660 5032 928 5095 virorum,
970 5038 1024 5082 et
1060 5028 1313 5081 volebant
1357 5026 1676 5077 interticere
1733 5036 1818 5073 re-

249 5118 365 5153 CIII.

306 5119 318 5149 I
349 5136 365 5151 ο

213 5118 362 5225 tu:th
424 5173 564 5241 fugit
621 5186 715 5224 rex
780 5171 834 5223 in
896 5169 1212 5241 aulamzet
1252 5169 1667 5241 occupaverunt
1718 5159 1820 5227 qui

211 5254 381 5297 crant
440 5239 510 5296 de
571 5244 819 5302 civitate,
861 5240 1055 5294 itinera
1114 5239 1373 5301 civitatis,
1423 5243 1478 5287 et
1526 5242 1822 5300 cwpcrunt

211 5330 498 5382 pugnare.

282 5378 355 5437 Et
392 5386 613 5437 vocavit
649 5382 981 5438 rexJ.nl;cos
1010 5381 1063 5433 in
1115 5378 1400 5437 auxilium,
1437 5384 1490 5427 et
1531 5386 1823 5427 convene-

212 5468 348 5507 runt
389 5472 591 5511 omnes
623 5458 788 5509 simul
821 5455 885 5507 ad
914 5468 1065 5519 eum,
1102 5460 1157 5504 et
1187 5448 1424 5519 dispersi
1452 5454 1584 5500 sunt
1614 5458 1822 5500 omnes

210 5542 315 5594 per
346 5528 638 5580 civitatem
670 5542 684 5578 :

1993 4383 2057 4435 Et
2087 4380 2501 4447 postulaverunt
2549 4378 2617 4432 ab
2651 4392 2717 4432 eo
2748 4380 2970 4432 dextras
3014 4381 3283 4447 accipere,
3315 4390 3370 4433 et
3400 4378 3495 4433 de-

1922 4453 2003 4507 dit
2033 4452 2141 4505 illis
2176 4466 2189 4504 :
2227 4460 2282 4503 et
2307 4450 2468 4515 ejecit
2504 4452 2517 4479 ‘
2545 4465 2643 4504 eos
2670 4450 2819 4515 inde,
2855 4452 3075 4518 etcepit
3106 4451 3407 4515 Civitatem,
3436 4463 3494 4504 et

1922 4524 2105 4594 posuit
2124 4523 2184 4594 _in
2217 4535 2286 4594 ea
2307 4520 2643 4588 przesidium.

1994 4595 2059 4645 Et
2113 4590 2404 4654 Jonathas,
2459 4600 2513 4643 et
2569 4601 2743 4645 castra
2798 4590 2919 4660 ejus
2977 4589 3363 4659 applicuerunt
3424 4592 3496 4645 ad

1919 4678 2117 4733 aquam
2174 4661 2438 4726 Genesar,
2487 4670 2544 4716 et
2596 4672 2723 4717 ante
2776 4664 2953 4717 lucem
3019 4662 3386 4729 vigilaverunt
3441 4666 3493 4715 in

1898 4742 2113 4803 campo
2146 4733 2304 4788 Asor.

1995 4800 2060 4857 Εἰ
2108 4818 2236 4857 eete
2284 4815 2461 4859 castra
2527 4805 2958 4875 alienigenarum
3019 4800 3391 4875 occurrebant
3442 4802 3499 4856 in

1922 4890 2136 4944 eampo,
2168 4885 2221 4927 et
2248 4877 2547 4930 tendebant
2576 4878 2623 4930 ei
2659 4872 2888 4929 insidias
2915 4875 2970 4927 in
3014 4872 3298 4928 montibus
3329 4889 3343 4926 :
3382 4874 3499 4943 ipse

1922 4955 2102 5000 autem
2138 4952 2381 4999 occurrit
2410 4964 2474 4998 ex
2510 4947 2764 4999 adverso.

1994 5016 2211 5070 lnsidia:
2232 5031 2356 5070 vero
2386 5027 2820 5071 exsurrexerunt
2846 5016 2913 5071 de
2937 5016 3073 5071 locis
3101 5020 3237 5083 suis,
3267 5025 3323 5072 et
3346 5030 3498 5072 com-

1924 5088 2193 5142 miserunt
2225 5088 2495 5154 praelium.
3528 5128 3531 5131 η

1996 5158 2063 5211 Ει
2095 5157 2466 5226 fugeruntqui
2501 5167 2659 5210 erant
2698 5173 2761 5211 ex
2794 5167 2947 5228 parte
2997 5158 3247 5213 Jonathae
3283 5170 3495 5228 omnes,

1924 5240 1978 5284 et
2014 5242 2173 5280 nemo
2205 5230 2429 5281 relictus
2462 5238 2543 5281 est
2596 5244 2659 5279 ex
2695 5227 2805 5291 eis,
2833 5232 2940 5283 ntsi
2996 5230 3321 5283 Mathathias
3355 5227 3499 5280 filius

1924 5298 2229 5360 Absolomi,
2280 5308 2334 5353 et
2364 5300 2533 5353 Judus
2564 5299 2711 5352 titius
2757 5299 2949 5370 Calphi
2998 5302 3254 5369 princeps
3286 5297 3501 5351 militiae

1925 5380 2232 5429 θιεῐειιυε.

2000 5444 2065 5495 Ει
2091 5441 2253 5494 scidit
2283 5440 2552 5495 Jonathas
2581 5444 2907 5495 vestimenta
2937 5455 3057 5497 sua.
3091 5449 3145 5493 et
3178 5436 3359 5509 posuit
3389 5444 3503 5492 ter-

1928 5531 2044 5570 ram
2078 5512 2130 5564 in
2161 5514 2337 5581 capite
2368 5529 2489 5578 suo,
2525 5524 2579 5566 et
2610 5516 2807 5567 oravit.

289 5668 305 5697 '
335 5664 501 5719 EJiti
539 5664 629 5716 alii
679 5662 825 5728 libri,
876 5664 1024 5733 ejecit
1086 5679 1195 5731 eos,
1228 5673 1275 5720 et
1311 5660 1428 5717 inde
1483 5660 1628 5731 cepit
1685 5670 1821 5733 etc.,
1849 5662 2033 5719 minus
2062 5671 2210 5713 vere.

557 5765 825 5821 FarnoL.
871 5761 1016 5822 XXI
1036 5762 1115 5823 Χ.

2458 5738 2537 5760 “”
3124 5745 3190 5805 17
