3840 6176
342 291 451 355 523

1268 297 1326 358 S.
1371 282 1807 354 lllERONYMI
1857 284 2125 348 DIVINA
2171 277 2704 344 BIBIJOTUECA.

3481 265 3574 336 524

411 411 480 466 Et
528 427 781 467 reversus
806 421 887 467 est
917 411 1178 467 Jonathas
1223 410 1289 466 ad
1325 426 1421 464 eos
1472 409 1522 461 in
1559 403 1830 476 pra'lium,
1857 412 1913 455 et
1953 409 1992 463 Α
2025 402 2174 476 cipes
2209 397 2468 454 Demetrii
2519 411 2645 476 cum
2697 393 2942 451 exercitu
2997 389 3175 446 multo
3211 401 3373 458 Supra
3429 403 3578 457 quam

343 483 616 536 Convertit
645 499 740 536 eos
776 486 826 536 in
875 486 1078 551 fugant,
1105 491 1160 536 et
1193 486 1599 551 pugnaverunt.

417 551 478 604 Et
536 554 791 606 Viderunt
831 549 1269 622 quilugiebant
1293 550 1463 619 partis
1516 549 1682 609 illius,
1715 555 1771 598 et
1833 559 1920 598 re-

346 623 485 674 versi
517 634 641 675 sunt
666 625 730 676 ad
758 621 904 682 eum,
935 633 990 673 et
1026 621 1457 688 insequebantur
1477 634 1600 674 cum
1633 633 1698 670 eo
1727 627 1920 668 omnes

348 707 519 812 ihs-que
553 694 726 746 (lades
757 693 826 744 ad
870 703 1049 744 castra
1081 706 1200 754 sua,
1239 700 1291 743 et
1325 701 1698 761 pervenerunt
1748 697 1921 754 usque

348 778 358 812 ι
411 776 498 812 nc.

343 764 498 814 illnc.

420 831 483 883 Et
521 832 844 884 reciderunt
902 830 970 883 de
1025 829 1348 898 alienigenis
1407 828 1460 880 in
1520 827 1610 881 dic
1667 826 1788 898 illa_
1814 822 1920 877 tria

347 903 519 1022 millia
557 905 797 954 virorum
834 916 848 952 :
882 912 937 955 et
975 895 1231 956 reversus
1263 910 1348 954 est
1374 898 1640 954 Jouathas
1667 900 1720 950 in
1761 895 1922 951 Jeru-

347 990 403 1022 δυ
431 985 538 1022 Cll].

347 985 538 1026 SalClll.

945 1063 1172 1119 CAPUT
1212 1063 1327 1117 XII.

418 1184 484 1235 Et
547 1183 681 1236 vidit
714 1179 978 1236 Jonatltas
1035 1179 1163 1248 quia
1227 1187 1441 1245 tempus
1475 1192 1600 1229 eum
1648 1176 1823 1244 juvat,
1869 1185 1922 1228 ιι

347 1257 511 1324 οΙυςὶι
538 1253 702 1318 \‘irUS,
725 1264 778 1305 ct
812 1250 969 1324 misit
993 1265 1088 1303 eos
1125 1249 1349 1302 ltornam
1384 1258 1648 1311 statuere,
1678 1256 1732 1298 et
1767 1260 1924 1297 reno-

348 1320 475 1377 vare
511 1340 633 1375 rum
661 1326 741 1376 eis
772 1320 1090 1373 amicitiam.

424 1397 486 1448 Et
523 1395 587 1446 ait
629 1393 1051 1462 Spartiataart
1081 1389 1147 1442 ad
1180 1389 1285 1444 alia
1331 1390 1447 1443 loca
1482 1387 1630 1440 misit
1663 1385 1922 1455 epistolas

349 1465 652 1520 Ser-undam
675 1460 932 1516 eazmlcm
963 1460 1220 1514 formam.

419 1538 480 1590 Et
532 1535 782 1588 abierunt
815 1531 1061 1592 Romam,
1114 1542 1171 1582 et
1215 1531 1560 1584 intraverunt
1593 1527 1828 1589 curiam,
1867 1534 1923 1578 et

349 1609 607 1662 dixerunt
644 1621 656 1654 :
698 1604 963 1658 Jonatbas
1018 1615 1269 1654 summus
1326 1601 1621 1662 sacerdos,
1687 1607 1742 1651 et
1790 1610 1924 1666 gens

347 1680 662 1733 Jmtaeorum
721 1674 989 1726 miserunt
1039 1687 1160 1735 nos,
1199 1682 1251 1725 ut
1291 1685 1681 1724 renovaremus
1732 1667 1920 1720 amici-

352 1758 480 1801 tiam
535 1755 591 1798 et
621 1747 937 1798 societatem
974 1743 1278 1794 secundum
1313 1741 1630 1809 pristinum.

423 1818 480 1868 lit
539 1818 806 1868 ιΙριιιιιΊιιιι
841 1813 946 1865 illis
989 1813 1249 1878 epistolas
1280 1813 1344 1863 ad
1380 1811 1527 1877 ipsos
1555 1825 1650 1879 per
1682 1809 1825 1870 loca,
1859 1815 1920 1858 ut

350 1893 688 1942 deducerent
717 1898 813 1936 eos
846 1883 900 1935 in
925 1891 1126 1934 terram
1159 1882 1292 1933 Jutla
1323 1896 1447 1934 cum
1476 1895 1626 1950 pace.

422 1960 486 2010 l-It
518 1961 617 2008 hoc
637 1965 717 2007 est
751 1954 1060 2020 exemplum
1109 1949 1487 2020 epistularum,
1521 1966 1654 2020 quas
1701 1949 1923 2021 scripsit

349 2027 616 2085 .lonathas
648 2025 940 2093 Spartiatis
973 2040 985 2073 :

420 2098 684 2152 .lonathas
713 2109 964 2148 summus
995 2094 1346 2159 sacer‘dos,et
1367 2093 1614 2147 senicres
1649 2094 1847 2162 gentis,
1871 2099 1923 2145 ct

351 2171 683 2229 sai-erilotcs,
716 2175 770 2218 et
801 2165 1046 2230 reliquus
1073 2166 1308 2234 pupulas
1337 2162 1649 2218 Judaorum
1679 2165 1922 2231 Spartia-

353 2246 422 2294 tis
452 2239 732 2300 l’ratrilitts,
767 2234 1020 2288 salutem.

428 2306 761 2374 Jatttprideln
794 2306 971 2358 niissze
998 2319 1153 2360 erant
1180 2304 1426 2375 epistolae
1457 2305 1524 2358 ad
1547 2304 1737 2357 Oniam
1770 2319 1924 2358 sum-

357 2396 505 2433 mum
547 2375 886 2430 sacerdotem
917 2375 986 2427 ab
1027 2378 1180 2442 Ario,
1210 2376 1300 2446 qui
1332 2380 1594 2445 regnabat
1623 2375 1765 2444 apud
1806 2391 1921 2439 vos,

355 2463 613 2520 quoniam
639 2447 772 2520 estis
795 2446 992 2520 fratres
1019 2449 1212 2512 nostri,
1241 2448 1386 2500 sicut
1422 2447 1744 2514 rescriptum
1795 2461 1916 2500 con-

357 2515 515 2583 tinet,
545 2517 690 2584 quod
727 2515 1037 2584 subjectum
1063 2529 1167 2570 εει,

431 2595 494 2643 ιιι
547 2583 790 2654 suscepit
841 2583 1010 2641 Onias
1074 2589 1274 2652 virum,
1325 2585 1416 2656 qui
1474 2585 1670 2656 missus
1722 2583 1924 2656 fuerat.

360 2679 484 2716 rum
515 2659 722 2711 honore
761 2672 775 2710 ;
802 2663 858 2707 et
879 2657 1088 2725 accepit
1119 2655 1396 2724 epistolas,
1430 2655 1706 2725 in_quibus
1722 2655 1927 2724 signiti-

355 2735 584 2786 cabatur
617 2727 684 2780 de
717 2726 980 2779 societate
1027 2736 1081 2780 et
1110 2727 1370 2780 amicitia.

431 2804 538 2856 Nos
593 2812 718 2849 cum
759 2795 911 2848 nullo
948 2799 1141 2850 horum
1199 2797 1590 2865 indigeremus,
1657 2794 1926 2848 habentes

357 2873 554 2926 solatio
609 2875 831 2921 sanctos
876 2865 1068 2932 libros,
1117 2867 1210 2936 qui
1271 2876 1399 2917 sunt
1440 2868 1495 2918 in
1537 2867 1791 2918 manibus
1831 2878 1928 2918 no-

356 2959 505 2996 bll'tf.

433 3013 720 3067 Maluimus
753 3013 968 3066 mittere
999 3009 1065 3063 ad
1094 3023 1189 3062 vos
1215 3022 1479 3062 renovare
1506 3005 1923 3072 fraternitatem,

2030 467 2199 541 prius,
2226 483 2476 541 pugnare
2497 467 2765 522 adversus
2786 478 2935 520 eum.

2099 543 2163 596 Et
2189 527 2333 596 ὸὲιιῖ
2356 539 2426 592 ab
2452 538 2780 594 Jerusalem.
2812 545 2869 588 et
2901 531 3150 588 occurrit
3178 532 3260 582 eis
3320 528 3374 581 in
3434 527 3582 582 Ama-

2029 611 2165 666 thite
2194 611 2456 681 regione:
2495 623 2602 681 non
2649 607 2797 660 enim
2824 604 3074 681 dederat
3126 601 3208 654 eis
3241 599 3472 669 Spatium
3530 611 3581 653 ut

2029 676 2450 748 ingrederentur
2485 679 2761 748 regionem
2788 676 2928 744 ejus.

2100 753 2163 805 Et
2200 751 2348 804 misit
2387 749 2762 818 speculatores
2821 748 2873 818 in
2931 753 3106 818 castra
3140 756 3332 796 eorum
3367 755 3381 794 :
3415 751 3468 795 et
3499 758 3579 818 re-

2028 824 2168 876 versi
2191 813 2644 875 renuntiaverunt
2693 817 2839 888 quod
2868 815 3213 871 constituunt
3232 813 3582 882 supervenire

2031 894 2134 947 illis
2167 902 2348 946 nocte.
3340 953 3352 954 γ
3465 949 3468 954 ι

2097 964 2234 1017 Cum
2281 960 2573 1015 occidisset
2606 965 2787 1013 autem
2852 956 2966 1016 sol,
3019 953 3276 1023 praecepit
3327 953 3583 1011 Jonathas

2028 1034 2144 1088 suis
2176 1031 2422 1102 vigilare,
2455 1042 2508 1084 et
2543 1045 2663 1102 esse
2698 1029 2750 1081 in
2804 1030 2974 1102 armis
3007 1038 3223 1102 paratos
3253 1027 3581 1102 adpugnam

2029 1114 2138 1156 tota
2193 1095 2374 1167 nocte,
2406 1112 2462 1156 ct
2508 1100 2690 1170 posuit
2716 1097 2973 1152 custodes
3026 1112 3124 1168 per
3174 1095 3472 1150 circuitum
3505 1112 3586 1150 ca-

2026 1185 2285 1228 atrorum.

2099 1244 2164 1296 Et
2193 1243 2488 1297 audierunt
2512 1239 2807 1295 adversarii
2851 1239 2996 1308 quod
3034 1245 3262 1307 paratus
3308 1247 3393 1291 est
3437 1235 3588 1291 Jona-

2027 1315 2149 1367 thas
2169 1330 2292 1368 cum
2324 1317 2439 1366 suis
2480 1315 2530 1364 in
2571 1312 2711 1364 bello
2742 1327 2755 1364 :
2783 1321 2835 1362 et
2873 1312 3194 1366 timuerunt,
3229 1317 3283 1361 et
3330 1308 3587 1360 formida-

2028 1394 2225 1436 verunt
2257 1383 2309 1436 in
2341 1385 2503 1436 corde
2535 1397 2636 1436 suo
2669 1397 2681 1434 :
2717 1392 2768 1435 et
2819 1381 3193 1434 accenderunt
3225 1377 3373 1430 focos
3417 1378 3470 1430 in
3506 1396 3587 1431 i-a.

2028 1457 2153 1507 stris
2176 1455 2312 1507 suis.

2096 1522 2361 1578 Jonatlias
2388 1531 2594 1586 autem,
2629 1531 2684 1575 et
2729 1521 2821 1590 qni
2878 1534 3002 1572 rum
3035 1535 3099 1571 eo
3138 1525 3318 1578 erant,
3349 1531 3586 1590 nonco-

2027 1605 2537 1716 gnovetiuntmsque
2576 1587 2786 1646 mane}
2823 1591 3082 1643 videbant
3116 1598 3300 1642 autem
3354 1587 3588 1641 lumina-

2029 1681 2104 1716 ria
2139 1680 2218 1716 art
2239 1675 2384 1716 entia
2408 1679 2424 1716 :

2029 1681 2104 1717 I'l:|
2139 1675 2384 1717 ardentia
2408 1679 2424 1718 ἒ

1951 1748 1995 1805 Β
2095 1735 2162 1788 Et
2189 1744 2410 1787 secutus
2443 1743 2527 1787 est
2557 1747 2652 1787 eos
2679 1729 2963 1805 Jonatlias.
3000 1738 3055 1783 et
3092 1744 3198 1805 n_o_n
3229 1729 3595 1805 comprehen-

2025 1805 2103 1858 dit
2135 1820 2232 1857 eos
2266 1820 2278 1854 :
2321 1805 2653 1857 transierant
2680 1803 2827 1856 enim
2859 1801 3060 1854 ﬂumen
3108 1798 3495 1852 Eleutherum.

2097 1874 2163 1926 lit
2211 1874 2436 1928 divertit
2471 1873 2739 1926 Jonathas
2786 1873 2853 1924 ad
2897 1871 3130 1932 Arabas,
3179 1868 3273 1937 qui
3331 1879 3595 1922 vocantur

2025 1943 2297 2008 Zahadaei,
2348 1954 2401 1998 ct
2454 1943 2728 2013 percussit
2765 1957 2886 2004 eos,
2935 1950 2991 1994 et
3036 1940 3250 2007 accepit
3291 1938 3474 2005 Spolia
3512 1956 3598 1992 eo-

2029 2031 2174 2067 rum.

2098 2084 2164 2137 Et
2193 2083 2391 2154 junx‘it,
2417 2093 2471 2137 et
2526 2081 2676 2154 venit
2702 2081 3050 2142 Damascum,
3078 2087 3134 2132 et
3180 2076 3600 2147 perambulabat

2025 2153 2243 2210 omnem
2281 2155 2553 2224 regionem
2589 2153 2759 2224 iilam.

2097 2224 2283 2279 Simon
2311 2218 2493 2277 autem
2521 2223 2674 2287 exiit,
2697 2233 2750 2276 et
2778 2222 3120 2290 venitusque
3151 2218 3216 2272 ad
3245 2219 3594 2290 Ascalonem.

2025 2305 2082 2350 ct
2114 2296 2180 2348 ad
2217 2295 2464 2364 proxima
2506 2293 2757 2361 praesidia
2781 2307 2796 2344 :
2820 2303 2877 2346 et
2919 2287 3218 2345 declinavit
3249 2291 3302 2344 in
3336 2287 3596 2358 «ιυμιιιιιιι,

2026 2373 2083 2420 et
2106 2367 2397 2436 occupavit
2425 2377 2571 2436 eam.

2101 2431 2346 2504 (Audivit
2383 2435 2530 2488 enim
2565 2436 2708 2503 quod
2755 2432 2979 2504 vellent,
3014 2431 3330 2504 praesidium
3379 2431 3597 2485 tradere

2028 2503 2278 2575 partibus
2309 2505 2592 2570 Demetrii)
2615 2513 2671 2559 et
2696 2505 2881 2574 posuit
2915 2503 2986 2557 ibi
3016 2503 3293 2565 custodes,
3327 2511 3386 2554 ut
3415 2511 3600 2554 custo-

2029 2577 2212 2630 dirent
2241 2590 2384 2630 eam.

2098 2646 2167 2699 Et
2203 2659 2460 2700 reversus
2485 2652 2569 2700 est
2596 2643 2885 2708 Jonathas,
2919 2652 2972 2698 et
2997 2641 3321 2697 convocavit
3349 2643 3603 2697 seniores

2027 2717 2238 2840 poguli,
2279 2726 2336 2771 et
2365 2717 2626 2786 cogitavit
2672 2730 2798 2770 cum
2842 2715 2923 2770 eis
2960 2714 3232 2768 aediﬁcare
3261 2712 3518 2778 prwsidia
3556 2714 3607 2764 in

2065 2804 2096 2839 ιι
2135 2801 2232 2840 aea.

2065 2801 2232 2840 unica.

2132 2855 2475 2912 lttedificare
2530 2869 2720 2909 muros
2778 2854 2832 2909 in
2893 2852 3220 2915 Jerusalem,
3253 2861 3308 2907 et
3361 2852 3609 2907 exaltare

2032 2927 2377 2982 altitudinem
2415 2940 2666 2996 magnam
2708 2925 2853 2979 inter
2881 2927 3124 2978 medium
3164 2925 3303 2977 arcis
3329 2935 3386 2996 et
3410 2925 3608 2996 civita-

2031 3001 2122 3059 tis,
2153 3007 2212 3049 ut
2249 2993 2532 3066 separaret
2562 3011 2682 3049 eam
2736 3011 2768 3050 a
2803 2995 3046 3058 civitate,
3079 3003 3138 3048 ut
3165 3004 3311 3066 esset
3340 2993 3462 3060 ipsa
3495 2995 3609 3045 sin-

359 3099 406 3136 et
448 3064 766 3145 :eiiticitiant,
810 3064 894 3134 ne
920 3064 1060 3134 forte
1103 3081 1265 3155 alieni
1313 3078 1610 3131 elliciamur
1653 3093 1680 3128 a
1722 3064 1924 3155 vobis}
1955 3097 1997 3155 ο
2030 3064 2324 3155 gulariter,
2357 3076 2412 3120 et
2448 3081 2623 3135 neque
2654 3074 3076 3155 curantr-ﬁneque
3104 3064 3364 3144 vendant.

365 3155 532 3206 multa
564 3156 710 3207 enim
749 3161 992 3221 tempora
1051 3151 1409 3214 transierunt,
1442 3163 1508 3202 ex
1539 3161 1650 3218 quo
1700 3145 1928 3199 misistis

361 3231 425 3278 ait
467 3239 587 3277 nos.

436 3295 544 3347 Nos
582 3308 713 3361 ergo
763 3295 816 3344 in
864 3290 1011 3344 omni
1047 3298 1293 3357 tempore
1329 3289 1445 3342 sine
1499 3284 1927 3361 interritissione,

366 3372 416 3422 in
441 3364 636 3417 diebus
665 3358 1050 3422 solemnibus,
1094 3370 1149 3414 et
1187 3361 1423 3421 caneris,
1457 3358 1659 3426 quibus
1693 3365 1931 3426 oportet,

366 3449 639 3492 memores
683 3446 875 3485 sumus
927 3435 1093 3484 vestri
1158 3429 1213 3484 in
1247 3424 1532 3483 sacriticiis
1585 3442 1708 3496 qua:
1740 3424 1930 3479 offeri-

366 3522 510 3565 mus,
545 3515 597 3556 et
625 3504 677 3555 in
723 3500 1221 3566 observationibus,
1255 3501 1397 3554 sicut
1433 3503 1512 3552 tas
1553 3506 1660 3562 est,
1690 3507 1745 3551 et
1774 3497 1929 3550 decet

369 3575 684 3633 meminisse
719 3572 969 3626 fratrum.

438 3648 710 3698 laetamur
737 3642 924 3711 itaque
955 3641 1024 3696 de
1058 3641 1233 3712 gloria
1265 3650 1469 3695 vestra.

439 3717 547 3769 Nos
570 3724 751 3769 autem
785 3707 1270 3767 circumdederunt
1302 3711 1485 3763 ltlttltd'
1516 3707 1926 3774 tribulationes,

367 3804 422 3846 et
453 3789 620 3839 multa
667 3785 870 3853 praelia,
899 3795 956 3838 et
995 3785 1456 3852 impugnavcrunt
1483 3795 1583 3834 nos
1623 3795 1779 3849 reges
1833 3780 1927 3845 qui

366 3872 494 3918 sunt
521 3857 572 3909 in
606 3857 838 3910 circuitu
875 3863 1086 3910 nostro.

437 3931 722 3986 Notum-us
749 3941 878 3995 ergo
909 3925 1063 3978 vobis
1092 3924 1304 3978 molesti
1336 3939 1478 3988 esse,
1507 3938 1685 3994 neque
1715 3921 1931 3976 caeteris

367 4012 552 4064 sociis,
584 4011 637 4051 et
669 4000 860 4051 amicis
895 3997 1100 4051 nostris
1129 3997 1184 4048 iu
1219 3997 1304 4048 his
1327 3997 1527 4063 praeliis
1554 4011 1569 4050 :

443 4069 744 4131 tlabuiinus
778 4069 924 4121 enim
979 4067 1047 4120 de
1093 4066 1232 4120 rrelo
1283 4062 1570 4129 auxilium,
1619 4073 1676 4118 et
1707 4062 1927 4118 liberati

368 4158 558 4208 smnus
587 4157 706 4206 nos,
735 4152 789 4192 et
827 4137 1098 4208 Itumiliati
1134 4146 1262 4191 sunt
1293 4135 1501 4208 inimici
1531 4136 1726 4208 nostri,

443 4204 715 4283 mugiuius
745 4212 950 4283 itaque“
985 4206 1316 4283 Quinenium
1358 4205 1612 4283 {Antiochi
1649 4204 1845 4283 lilioin,
1875 4214 1930 4261 et

371 4273 715 4358 Antipatrem
754 4273 969 4336 insonis
999 4277 1195 4358 ﬁlium,
1225 4286 1296 4358 et.
1313 4277 1561 4356 misimus
1617 4275 1684 4329 ad
1708 4273 1932 4354 .Roma-

371 4345 470 4420 nos
506 4345 774 4411 i‘CllOVul'c
827 4367 950 4404 cum
1004 4353 1085 4406 eis
1141 4347 1457 4412 amicitiam,
1488 4357 1543 4401 et
1605 4345 1927 4400 societatem

371 4431 675 4507 pristinam.

449 4486 821 4556 Mandavimus
848 4500 1031 4567 itaque
1057 4496 1159 4554 eis.
1190 4503 1250 4547 ut
1276 4489 1683 4567 veniantctiam
1714 4486 1779 4540 ad
1812 4501 1929 4552 vos,

370 4589 425 4632 et
447 4577 684 4628 salutent
720 4586 815 4624 vos
844 4589 858 4623 :
890 4560 958 4622 et'
982 4568 1210 4620 reddant
1251 4565 1405 4617 vobis
1432 4560 1692 4630 epistolas
1719 4568 1934 4612 nostras

355 4653 439 4702 .dc
473 4643 821 4698 innovatione
853 4639 1213 4692 fraternitatis
1253 4645 1472 4688 nostrai.

448 4697 514 4771 Et
571 4729 717 4766 nunc
769 4709 1124 4766 bcnelacietis
1184 4704 1580 4773 respondentes
1644 4697 1807 4754 nobis
1870 4697 1936 4752 ad

355 4792 509 4845 diAUC.

450 4839 509 4910 Et
551 4857 653 4908 hoc
699 4860 784 4907 est
817 4847 1143 4918 rescriptum
1173 4846 1550 4918 cpistolarunt,
1593 4840 1738 4911 quod
1770 4839 1940 4894 mi:e-

365 4928 632 5062 Ηιιὶῖιιιιιξῗ
667 4964 758 5050 iex
787 4991 1209 5063 Spartiatarum,
1240 4987 1391 5044 Onite
1410 4983 1679 5041 sacerdoti
1717 4997 1943 5052 magno,

373 5074 626 5132 salutem.

446 5122 731 5196 inventum
780 5147 862 5193 est
897 5139 948 5191 in
982 5133 1264 5203 Scriptura
1315 5133 1382 5187 de
1413 5129 1722 5203 Spartiatis,
1763 5133 1816 5178 et
1847 5122 1935 5177 Ju-

375 5222 527 5274 tt:eis,
559 5213 817 5281 quoniam
840 5220 965 5264 sunt
999 5200 1215 5270 fratres,
1239 5216 1294 5259 et
1318 5207 1463 5274 quod
1496 5212 1624 5256 sunt
1653 5200 1719 5253 de
1741 5208 1944 5266 genere

374 5285 672 5342 Abraham.
1401 5344 1409 5347 λ
1624 5339 1636 5347 _
1772 5336 1789 5347 ,

449 5336 517 5410 Et
551 5369 698 5407 nunc
751 5363 816 5405 ex
868 5363 978 5419 quo
1018 5349 1133 5403 haec
1183 5344 1563 5416 cognovimus,
1622 5336 1950 5394 benefacitis

377 5428 681 5484 scribentes
719 5421 877 5475 nobis
919 5432 985 5475 de
1024 5434 1154 5488 pace
1187 5427 1366 5472 vestra
1405 5433 1418 5467 :

449 5498 552 5552 Sed
600 5503 655 5548 et
689 5510 787 5547 nos
824 5481 1208 5559 rescripsimus
1244 5488 1398 5540 vobis
1437 5501 1450 5535 :
1495 5481 1693 5535 Petora
1739 5487 1949 5559 nostra,

377 5581 434 5624 et
484 5567 859 5637 possessiones
895 5558 1095 5637 nostra:
1141 5567 1347 5637 vestrae
1375 5629 1384 5637 _
1411 5562 1538 5608 sunt
1573 5571 1584 5605 :
1619 5558 1949 5632 et.ve_stra:,

378 5629 582 5693 nostra:
640 5653 654 5686 :
702 5635 1082 5688 mandavimus
1137 5631 1320 5697 itaque
1375 5629 1488 5680 lucc
1551 5629 1795 5675 nuntiari
1858 5634 1956 5672 vo-

376 5710 482 5768 bis.

447 5762 514 5831 Et
545 5775 754 5833 audivit
775 5775 1036 5831 Jonathas
1069 5769 1327 5844 quoniam
1369 5765 1598 5837 regressi
1625 5771 1753 5817 sunt
1784 5762 1944 5831 ‘prin-

2102 3137 2169 3192 Et
2214 3134 2593 3192 convenerunt
2636 3145 2696 3190 ut
2771 3134 3110 3190 mdiﬁcarent
3163 3134 3442 3186 civitatem
3494 3149 3508 3187 :
3557 3145 3612 3188 et

2031 3207 2230 3263 cecidit
2263 3222 2476 3270 murus,
2513 3208 2603 3275 qui
2649 3215 2769 3261 erat
2814 3219 2978 3276 super
3025 3214 3324 3259 torrentem
3345 3204 3610 3276 _abfortu

2033 3279 2186 3401 slolis,
2246 3288 2303 3333 et
2356 3273 2633 3348 reparavit
2689 3292 2842 3340 cum,
2881 3273 2986 3346 'qui
3052 3283 3282 3330 vocatur
3335 3273 3616 3342 Capbete-

2035 3359 2146 3401 tia.

2035 3359 2146 3403 tha.
2329 3401 2342 3414 ,

2070 3419 2170 3502 .‘Et
2195 3421 2381 3502 Simon
2399 3418 2702 3502 aedificavit
2728 3417 2935 3502 Adiada
2958 3416 3015 3502 in
3048 3415 3308 3485 Sepheta,
3341 3424 3396 3468 et
3421 3415 3609 3468 muni-

2033 3492 2110 3545 vit
2139 3504 2284 3556 eam,
2319 3501 2374 3546 et
2399 3492 2662 3559 imposuit
2687 3499 2873 3559 portas
2921 3496 2976 3542 et
3016 3502 3194 3542 seras.

2102 3559 2169 3614 Et
2213 3555 2340 3616 cum
2390 3555 2702 3631 cogitasset
2731 3558 2989 3631 Tryphon
3046 3571 3275 3627 regnare
3324 3555 3492 3618 Asize,
3555 3564 3614 3608 et

2031 3646 2315 3687 assumere
2350 3629 2625 3693 diadema,
2665 3639 2720 3684 et
2757 3629 2862 3703 [Ᾰι.
2908 3638 3016 3684 tac.
3046 3633 3122 3700 et]
3154 3631 3455 3680 extendere
3489 3644 3610 3680 ina-

2033 3717 2162 3755 num
2198 3704 2251 3756 in
2294 3703 2625 3756 Antiochum
2650 3715 2833 3770 regem
2865 3721 2880 3755 :

2103 3770 2329 3828 Timens
2362 3787 2429 3826 ne
2453 3772 2595 3825 forte
2627 3765 2740 3822 ιιοιῖ
2788 3768 3131 3840 permitteret
3155 3782 3282 3840 eum
3311 3765 3612 3829 Jonatbas,

2032 3844 2124 3900 sed
2177 3851 2444 3912 pugnaret
2487 3839 2751 3895 adversus
2811 3855 2972 3912 eunti,
3019 3839 3298 3908 quaerebat
3355 3852 3614 3912 compre-

2033 3908 2279 4035 ἷὶειιῖιὶειτὲ
2317 3927 2467 3976 eum,
2495 3919 2552 3965 et
2598 3913 2870 3968 occidere.
2911 3911 2980 3964 Et
3023 3922 3324 3977 exsurgens
3378 3908 3520 3960 abiit
3554 3910 3614 3960 in

2079 3992 2128 4034 Cl
2156 3999 2293 4035 ιεειιι.

2033 3989 2293 4041 Betltsatt.

2094 4052 2159 4105 Et
2190 4056 2354 4110 exivit
2381 4055 2645 4110 Jonathas
2675 4053 2889 4108 obviam
2937 4054 3014 4108 illi
3064 4065 3187 4106 cum
3239 4048 3611 4119 quadraginta

2030 4125 2276 4245 Enipeus
2322 4129 2564 4182 virorum
2601 4128 2905 4180 electorum
2945 4127 3002 4180 in
3037 4123 3313 4191 praelium,
3350 4130 3406 4173 et
3453 4123 3611 4174 venit

2076 4204 2125 4245 et
2152 4211 2286 4245 tsan.

2076 4204 2286 4250 etttsan.

2071 4264 2172 4345 .Et
2211 4269 2346 4345 vidit
2377 4266 2638 4340 Tryphon
2671 4267 2799 4345 quia
2824 4265 2973 4345 venit
2997 4262 3267 4317 Jonatbas
3297 4279 3615 4345 cumexor-

2034 4337 2147 4390 citu
2189 4341 2379 4403 multo,
2408 4336 2469 4392 ui
2492 4336 2841 4393 extenderet
2873 4338 2927 4390 in
2971 4351 3096 4389 eum
3150 4349 3368 4399 tnanus,
3399 4336 3611 4389 timuit.

2110 4406 2174 4460 Et
2211 4415 2422 4479 excepit
2455 4425 2581 4464 cunt
2620 4425 2743 4462 cum
2809 4408 3041 4470 hon’ore,
3096 4413 3151 4479 et
3199 4405 3617 4479 commendavit

1961 4461 2012 4522 Ῑ)
2037 4492 2162 4531 eum
2195 4461 2480 4534 erunibus
2503 4461 2705 4533 altricis
2735 4479 2872 4540 suis,
2918 4485 2975 4530 ct
3027 4461 3178 4529 dedit
3221 4477 3270 4527 ei
3327 4491 3560 4528 munera
3597 4490 3615 4527 :

2040 4554 2380 4673 etbprzecepit
2429 4551 2764 4605 exercitibus
2791 4551 2905 4602 suis
2939 4555 2995 4600 ut
3025 4546 3315 4600 obedirent
3365 4547 3436 4611 ei,
3461 4545 3616 4599 sicut

2042 4635 2086 4672 si
2135 4637 2170 4672 l.

2042 4635 2170 4672 SlDl.

2115 4690 2177 4746 Et
2229 4691 2366 4748 dixit
2413 4691 2660 4746 Jonathae
2697 4708 2709 4744 :
2749 4687 2821 4743 Ut
2874 4687 3005 4758 quid
3037 4689 3240 4742 vexasti
3283 4689 3612 4742 universum

2042 4764 2326 4832 populum,
2356 4778 2480 4816 cum
2515 4761 2715 4814 bellum
2755 4761 2914 4832 nobis
2947 4774 3053 4813 non
3089 4759 3196 4812 sit?

2118 4830 2182 4886 Et
2208 4850 2356 4887 nunc
2379 4832 2593 4887 remitte
2624 4845 2718 4885 eos
2753 4831 2806 4884 in
2834 4830 3030 4884 domos
3058 4843 3187 4883 suas
3213 4831 3387 4899 :elige
3417 4835 3612 4882 autem

2047 4901 2146 4956 tibi
2178 4905 2323 4959 viros
2355 4917 2581 4973 paucos,
2612 4901 2705 4970 qui
2745 4909 2925 4954 tecum
2960 4902 3091 4973 sint,
3129 4909 3184 4954 et
3225 4904 3350 4973 veni
3392 4913 3614 4952 mecum

2047 4972 2460 5038 l’tolemaidaui,
2489 4983 2546 5026 et
2575 4974 2786 5026 tradam
2811 4987 2931 5026 cant
2975 4972 3096 5036 tibi,
3128 4981 3184 5024 et
3219 4972 3432 5040 reliqua
3465 4982 3613 5037 pra:-

2047 5045 2206 5110 sidia,
2245 5054 2300 5098 et
2349 5047 2675 5109 exercitum,
2715 5055 2770 5096 et
2806 5043 3090 5096 universos
3139 5051 3459 5111 praepOsttos
3501 5055 3616 5091 ne-

2048 5117 2202 5186 gotii,
2231 5127 2284 5170 et
2313 5128 2612 5170 conversus
2667 5114 2828 5168 abibo
2865 5129 2879 5167 :
2916 5125 3206 5182 propterea
3244 5116 3388 5166 enim
3413 5113 3551 5186 _vet:i
3596 5125 3611 5160 :

2121 5187 2188 5240 Et
2229 5187 2466 5241 credidit
2499 5187 2572 5246 ei,
2618 5195 2672 5239 et
2719 5186 2848 5239 fecit
2880 5193 3026 5239 srcut
3074 5186 3254 5238 dixit:
3285 5192 3341 5237 ct
3393 5182 3619 5238 dinitsit

2049 5262 2373 5320 exercitum,
2403 5266 2459 5310 et
2485 5257 2738 5310 abierunt
2771 5258 2825 5309 in
2866 5267 3062 5310 terram
3087 5253 3247 5308 Juda.

2123 5330 2369 5383 ltetmuit
2406 5338 2588 5382 autern
2642 5341 2829 5381 secum
2862 5325 2961 5380 tria
3011 5327 3180 5379 millia
3228 5327 3504 5380 virorum:
3536 5336 3618 5374 ex

2052 5401 2254 5471 quibus
2309 5398 2522 5453 remisit
2556 5397 2610 5450 in
2640 5398 2916 5453 Galilaeam
2949 5396 3058 5450 duo
3089 5398 3258 5452 millia
3291 5415 3306 5450 ;
3341 5397 3479 5450 mille
3505 5409 3623 5446 au-

2055 5485 2159 5526 lClll
2184 5479 2446 5524 VCDCI‘UIH
2474 5484 2597 5523 cum
2617 5484 2703 5523 (30.

2073 5573 2084 5580 -
2131 5541 2199 5596 Ut
2241 5549 2421 5594 autem
2455 5541 2680 5593 intravit
2711 5541 3103 5595 Ptolemaidam
3136 5539 3417 5604 Jonathas,
3457 5537 3627 5590 clau-

2057 5624 2248 5669 serunt
2292 5621 2476 5681 portas
2526 5611 2774 5665 civitatis
2823 5613 3217 5678 l’tolemenses,
3274 5629 3328 5667 et
3364 5623 3629 5676 Cutttprc-

2060 5687 2368 5740 henderunt
2419 5698 2544 5736 eum
2583 5699 2598 5734 :
2635 5691 2689 5735 et
2730 5698 2944 5750 omnes,
2983 5686 3078 5754 qui
3127 5700 3250 5738 cum
3289 5699 3353 5736 eo
3384 5687 3627 5734 intravec

2059 5767 2204 5823 rant,
2234 5757 2412 5826 gladio
2447 5755 2860 5808 interfecerunt.
