3840 6176
195 189 291 255 525

1325 185 1557 247 LIBER
1598 185 1624 246 Ι
1684 185 2314 250 ΜΛΓΗΛΒΕΟΠΗΜ.

3346 178 3456 245 526

262 304 778 377 Ezmisit'l‘ryphon
809 305 1137 370 exercitum,
1169 311 1224 359 ct
1279 302 1583 377 equitesin
1617 300 1837 377 ειη-Α
1869 308 2096 377 legatos.
2157 315 2216 360 ut
2276 305 2564 377 festinaret
2631 301 2823 358 venire
2873 315 2975 371 per
3035 299 3337 362 desertum.
3391 310 3448 354 et

193 376 358 437 lzeam,
387 387 441 431 et
489 377 546 444 in
591 370 845 444 campum
899 390 1179 444 magnum.
1215 381 1276 428 ut
1332 370 1586 443 perderet
1639 370 1750 443 [AL

196 443 502 518 perderent]
531 443 728 500 omnes,
753 447 933 518 socios
964 443 1238 518 Jonathm.

255 519 324 585 At
363 516 437 569 illi
480 511 620 571 "cum
671 517 1059 585 cognovissent
1138 514 1267 582 quia
1321 511 1756 581 comprehensus

192 597 268 642 cst
298 583 584 648 Joiutiias,
611 599 664 639 et
693 583 877 656 periit.
905 596 959 640 et
985 599 1177 656 omnes
1205 585 1297 653 qui
1331 598 1456 638 cum
1485 596 1553 656 eo
1571 590 1752 640 erant.

194 658 384 710 hortati
422 669 554 710 sunt
579 651 928 725 semctipsos,
954 663 1010 711 et
1048 651 1304 708 exierunt
1337 652 1508 722 parati
1543 651 1594 703 in
1620 664 1759 718 pric—

193 729 341 781 lium.

251 797 320 851 Et
383 795 633 850 videntes
663 793 742 859 hi.
785 795 878 863 qui
931 793 1162 848 insecuti
1220 792 1462 857 fuerant,
1507 789 1632 861 quia
1662 803 1760 859 pro

193 871 364 922 anima
395 878 478 920 est
521 867 651 926 illis.
687 867 890 919 reversi
925 876 1095 918 sunt:

253 936 330 989 Illi
360 946 546 990 autem
593 945 864 989 venerunt
901 950 1092 990 omnes
1117 949 1242 988 cum
1287 949 1420 1003 pace
1453 933 1508 988 in
1556 942 1757 986 terram

193 1006 342 1062 .l'ila.
380 1007 450 1061 Et
503 1007 831 1072 planxerunt
861 1003 1180 1066 Jonatham.
1233 1016 1290 1058 et
1339 1020 1436 1058 eos
1493 1003 1586 1072 qni
1635 1017 1758 1055 cum

195 1079 301 1146 ipso
337 1078 578 1139 fuerant.
625 1077 782 1130 valde
818 1091 833 1130 :
874 1085 928 1129 et
965 1076 1107 1129 luxit
1142 1073 1311 1129 Israel
1341 1075 1492 1129 luctu
1539 1087 1758 1146 magno.

254 1147 320 1201 Et
351 1150 693 1217 quaesierunt
729 1160 924 1200 omnes
946 1156 1135 1217 gentes
1201 1160 1323 1214 quat
1353 1152 1511 1217 erant
1547 1144 1600 1194 in
1649 1143 1762 1194 cir-

196 1220 331 1272 cuitu
368 1215 567 1270 Eorum
593 1226 882 1270 conterere
908 1231 1038 1270 eos:
1061 1215 1320 1270 dixerunt
1343 1215 1492 1269 enim
1529 1232 1546 1268 :

254 1289 371 1342 Non
435 1288 642 1340 habent
695 1286 1033 1356 principem.
1077 1295 1133 1339 et
1185 1286 1538 1356 adjuvantem
1574 1297 1762 1356 :nnnc

197 1375 312 1428 ergo
360 1353 742 1425 expugnemus
769 1353 913 1422 illos,
939 1365 993 1410 et
1039 1353 1299 1410 tollamus
1337 1358 1404 1408 de
1439 1353 1763 1409 hominibus

200 1430 505 1483 memoriam
537 1443 750 1482 eorum.

769 1539 994 1596 CAPUT
1041 1538 1160 1594 Xlli
1173 1577 1187 1591 .

257 1636 320 1691 Et
375 1636 588 1690 audivit
645 1633 834 1688 Simon
881 1631 1028 1702 quod
1065 1629 1445 1702 congregavit
1504 1629 1768 1702 Tryphon

1877 376 2116 432 mitteret
2145 377 2252 431 illis
2277 376 2587 430 alimonias.

1946 447 2012 501 Et
2033 449 2248 516 paravit
2276 447 2532 514 Tryphon
2557 458 2773 498 onmem
2799 444 3216 516 eqiiitatum_._ut
3242 439 3454 490 veniret

1876 516 1966 571 illa
2029 510 2599 571 noctezerat'antem
2662 516 2752 568 nit
2805 510 2978 567 inulta
3030 510 3207 572 valde,
3243 518 3298 562 et
3344 524 3452 560 non

1879 587 2028 640 venit
2058 587 2111 639 in
2135 586 2485 640 Galaaditim.

1946 657 2159 710 Etcum
2215 659 2705 725 appmpinqnassct
2758 655 3051 725 Bascaman
3091 650 3206 725 μζ.
3267 649 3458 701 Basca-

1880 725 2054 797 man].
2097 722 2300 797 occid—it—
2337 722 2653 797 Ionatham.
2688 733 2745 780 et
2782 723 2931 797 filios,
2953 723 3069 791 ejus
3113 722 3242 774 lilit‘.

1949 795 2306 870 Et'convertit
2344 796 2625 867 Tryphon.
2665 805 2718 850 et
2759 796 2886 870 abiit
2921 796 2972 846 in
3010 804 3230 870 terrain.
3267 805 3449 870 suam.

1950 865 2015 919 Et
2046 867 2197 920 misit
2232 859 2471 927 Simon',
2517 876 2572 920 et
2621 864 2835 931 accepit
2887 878 3012 917 ossa
3049 859 3300 917 Jon'atha:
3348 859 3460 911 fra-

1880 939 1983 993 tris
2014 937 2122 1003 sui,
2167 946 2222 992 et
2254 937 2508 1007 sepelivit
2551 952 2614 990 ea
2655 937 2710 988 in
2750 935 2930 989 Modin
2977 933 3202 986 civitrne
3237 937 3453 1000 patrum

1873 1025 2012 1064 elllS.

1901 1035 1903 1058 ξ
1931 1027 2012 1064 us.

1901 1027 2013 1133 JEt
2047 1079 2376 1149 planxerunt
2410 1095 2535 1132 cum
2562 1077 2745 1131 omnis
2777 1076 2944 1130 lsrael
2971 1065 3190 1144 planctu
3230 1085 3452 1140 magno.

1880 1159 1936 1205 ει
1977 1151 2238 1204 luxerunt
2275 1166 2401 1205 eum
2435 1150 2554 1204 dies
2592 1149 2812 1203 multos.

1957 1220 2017 1274 Et
2044 1220 2334 1275 :edilicavit
2380 1219 2568 1274 Simon
2603 1235 2767 1285 super
2805 1217 3120 1286 sepulcrum
3163 1212 3336 1280 patris
3370 1211 3453 1286 sui

1881 1301 1936 1347 et
1967 1292 2194 1345 fratrum
2250 1308 2478 1347 suorum
2524 1283 2816 1345 aedilicium
2871 1283 3040 1342 altum
3095 1286 3240 1350 visu,
3279 1283 3458 1352 lapide.

1885 1363 2053 1433 polito
2087 1375 2233 1416 retro
2263 1373 2318 1416 et
2347 1374 2494 1415 ante.

1958 1433 2020 1484 Et
2057 1434 2242 1486 statuit
2277 1444 2485 1500 septem
2515 1430 2847 1502 pyramidas,
2876 1445 3038 1484 unam
3065 1436 3258 1482 contra
3294 1441 3456 1480 unam

1891 1504 2028 1568 patri
2073 1512 2129 1556 et
2158 1504 2343 1560 matri.
2377 1513 2432 1557 et
2471 1512 2712 1572 quatuor
2740 1502 3002 1554 fratribus
3034 1515 3048 1552 :

1969 1573 2032 1626 Et
2060 1573 2144 1625 his
2169 1573 2568 1642 circumposuit
2591 1573 2876 1627 columnas
2911 1583 3134 1639 magnas
3165 1581 3178 1619 :
3215 1575 3270 1621 ct
3297 1579 3462 1642 super

1889 1644 2176 1697 columnas
2213 1635 2478 1707 arma;ad
2513 1643 2831 1698 memoriam
2872 1635 3136 1694 :i-teriiam
3180 1653 3195 1695 ξ
3227 1646 3281 1690 et
3309 1635 3460 1707 juxta

201 1709 495 1763 exercitum
528 1707 839 1775 copiosum.
866 1693 924 1758 ιιῖ
950 1701 1165 1757 veniret
1196 1693 1248 1756 in
1288 1693 1488 1755 (eiram
1518 1693 1683 1762 Ju'd'a.
1717 1711 1772 1755 et
1808 1693 1848 1746 Β
1883 1693 3058 1784 5.1a“;.‘.1.;.1.ggaias:ait;a’.i*..»c.a...-
3101 1693 3462 1764 ab'omnibus

203 1789 460 1832 atlereret
485 1793 606 1830 eam
638 1792 653 1831 ἒ

265 1848 470 1903 Videns
525 1848 652 1915 quia
705 1846 759 1898 in
813 1853 1050 1898 tremore
1108 1841 1347 1910 populus
1393 1847 1589 1915 est,_et
1622 1839 1676 1892 in
1715 1839 1780 1892 ti-

207 1935 366 1983 more,
421 1912 674 1972 ascendit
707 1915 1034 1978 Jerusalem,
1079 1922 1136 1967 et
1179 1912 1538 1981 congregavit
1600 1925 1779 1979 pepu-

207 1993 304 2044 lum
335 2006 350 2042 :

267 2059 332 2113 Et
379 2059 691 2131 adhortans
742 2055 879 2111 dixit
908 2072 923 2110 :
952 2054 1062 2131 vos
1120 2053 1274 2131 scitis
1323 2060 1528 2131 quanta
1552 2065 1677 2131 ego,
1724 2058 1782 2131 et

208 2131 392 2186 fratres
421 2130 553 2194 mei,
581 2141 637 2184 et
663 2129 859 2182 domus
884 2127 1057 2196 patris
1088 2125 1193 2178 mei
1233 2123 1465 2196 fecimus
1519 2137 1619 2190 pro
1649 2123 1788 2188 legi-

208 2206 313 2268 bus,
361 2209 420 2255 et
460 2192 564 2270 pro
623 2199 832 2254 sanctis
882 2192 1092 2266 przelia,
1135 2205 1192 2248 ct
1241 2192 1533 2262 angustias
1592 2198 1788 2260 quales

206 2274 438 2327 vidimus
468 2290 484 2326 :

265 2344 472 2396 Horum
518 2344 687 2412 gratia
717 2339 1002 2411 perierunt
1053 2337 1252 2391 fratres
1282 2333 1397 2412 _mei
1433 2347 1626 2389 omnes
1659 2345 1786 2401 pro-

204 2425 312 2484 pter
359 2407 549 2478 Israel',
572 2426 628 2466 et
655 2407 876 2484 relictus
913 2423 1034 2484 sum
1069 2422 1170 2477 ego
1213 2407 1389 2460 solus.

266 2483 330 2538 Et
354 2500 507 2537 nunc
535 2476 642 2538 non
677 2481 811 2536 mihi
841 2476 1122 2547 contingat
1147 2491 1371 2546 parcere
1420 2476 1621 2528 aninire
1654 2486 1788 2547 mea:

204 2560 252 2612 in
294 2557 445 2608 omni
495 2565 737 2623 tempore
765 2544 1180 2605 tribulatio—nis:
1241 2560 1350 2601 non
1407 2552 1553 2601 enim
1595 2544 1790 2599 melior

201 2644 314 2682 sum
351 2626 618 2678 fratribus
651 2625 808 2676 meis.

270 2695 576 2752 Vindicabo
664 2699 847 2762 itaque
930 2700 1146 2760 gentem
1226 2703 1426 2762 meam,
1463 2698 1517 2742 et
1575 2700 1790 2757 sancta,

201 2777 352 2824 natos
377 2779 600 2840 quoque
634 2761 872 2827 nostros,
903 2773 956 2815 et
992 2775 1190 2814 uxores
1231 2777 1245 2812 :
1278 2761 1404 2840 quia
1455 2772 1794 2840 congregata:

200 2851 323 2895 sunt
349 2838 621 2891 universae
652 2844 844 2904 gentes
885 2843 1172 2887 conterere
1198 2844 1299 2884 nos
1330 2836 1631 2905 inimicitiae
1661 2848 1792 2903 gra-

200 2923 289 2965 Lm.

273 2981 337 3034 Et
372 2993 648 3034 accensus
679 2989 762 3033 est
783 2976 1013 3047 spiritus
1052 2975 1236 3045 pepuli
1270 2974 1457 3039 simul,
1482 2983 1540 3027 ut
1571 2972 1788 3029 audivit

197 3066 491 3107 sermones
527 3054 657 3104 istos
692 3065 708 3103 :

264 3122 333 3176 Et
391 3121 800 3188 responderunt
839 3133 974 3174 voce
1025 3131 1219 3188 magna
1254 3116 1502 3170 dicentes
1540 3131 1555 3169 :
1592 3115 1674 3169 Tu
1717 3129 1780 3168 cs

201 3193 304 3246 dux
338 3187 538 3245 noster
577 3190 698 3244 loco
725 3190 900 3252 Judte,
937 3200 990 3242 et
1018 3187 1266 3242 Jonathae
1291 3188 1477 3242 fratris
1503 3188 1598 3239 ini.

269 3263 464 3331 Pugna
496 3259 744 3330 praelium
783 3269 1029 3315 nostrum
1064 3276 1079 3313 :
1110 3268 1167 3312 et
1201 3260 1384 3312 omnia
1434 3269 1784 3326 quaecunque

199 3335 414 3388 dixeris
440 3333 618 3395 nobis,
659 3332 942 3386 faciemus.

275 3404 347 3457 Et
369 3417 720 3471 congregans
747 3418 938 3455 omnes
974 3400 1124 3455 viros
1161 3399 1476 3471 bellatores,
1512 3403 1786 3458 accelera-

197 3477 276 3530 vit
334 3469 730 3526 consummare
785 3474 1073 3527 universos
1134 3487 1326 3527 muros
1377 3469 1790 3537 Jerusalem.et

197 3545 440 3599 munivit
471 3557 590 3614 eam
617 3542 671 3595 in
695 3558 849 3614 gyro.

265 3616 339 3670 Et
367 3611 836 3668 misitJonat’tiam
891 3615 1063 3670 filium
1100 3612 1399 3677 Absalomi.
1437 3622 1493 3667 et
1526 3628 1652 3667 cum
1715 3627 1785 3666 eo

198 3688 523 3743 exercitum
565 3698 768 3737 novum
815 3686 870 3739 in
912 3685 1150 3754 Joppen,
1200 3696 1258 3741 et
1303 3684 1494 3754 ejectis
1538 3684 1628 3738 his
1693 3685 1788 3752 qui

201 3767 368 3814 erant
399 3759 456 3810 in
488 3769 579 3820 ea,
602 3758 864 3824 remansit
891 3757 1006 3811 illic
1043 3759 1181 3824 ipse.

268 3829 342 3883 Et
373 3830 558 3881 movit
602 3823 860 3893 Tryphon
909 3844 938 3880 a
984 3823 1322 3884 Ptolemaida
1366 3842 1491 3882 cum
1546 3827 1792 3882 exercitu

202 3907 409 3963 multo,
441 3909 502 3950 ut
531 3897 745 3950 veniret
792 3898 850 3951 in
895 3909 1096 3955 terrain
1123 3899 1260 3953 Juda
1285 3906 1341 3953 et
1365 3897 1629 3953 Jonatbas
1665 3913 1792 3954 cum

199 3989 269 4028 eo
301 3976 360 4025 in
385 3970 666 4024 custodia.
1217 3999 1226 4008 .

274 4045 482 4097 Simon
510 4053 694 4094 autem
727 4040 992 4112 applicuit
1030 4039 1085 4095 in
1114 4038 1305 4096 Addus
1355 4048 1548 4094 contra
1594 4037 1792 4094 faciem

197 4129 418 4182 catnpr.

269 4180 347 4240 Et
398 4193 464 4237 ut
513 4181 792 4254 cognovit_
820 4182 1078 4254 Tryphon
1129 4181 1256 4250 quia
1308 4184 1552 4239 surrexit
1602 4180 1796 4237 Simon

188 4257 320 4311 loco
381 4256 579 4308 fratris
639 4256 722 4307 sui
768 4251 1016 4307 .lona'tba:
1050 4263 1145 4308 :et
1203 4253 1330 4320 quia
1392 4255 1797 4309 commissurus

189 4336 348 4381 esset
373 4339 514 4378 cum
553 4339 620 4378 eo
654 4325 919 4393 praelium,
952 4326 1098 4377 misit
1139 4322 1207 4377 ad
1238 4337 1364 4376 eum
1394 4323 1624 4394 legatos,

266 4400 489 4450 Diceris
524 4411 540 4448 :
573 4394 680 4448 Pro
709 4405 957 4466 argento,
995 4395 1140 4463 quod
1199 4394 1430 4447 debebat
1482 4394 1594 4466 [ΑΙ.
1634 4394 1798 4450 habe.

186 4468 311 4538 bat]
343 4470 528 4519 frater
559 4475 689 4519 tuus
737 4464 1017 4538 Joiiatbas
1045 4467 1340 4538 iuratione
1371 4464 1534 4536 regis,
1570 4476 1798 4536 propter

185 4534 434 4608 veg—otia
500 4552 625 4605 quae
661 4537 876 4598 habuit,
909 4534 1250 4590 detinnimus
1271 4550 1418 4591 eum.

261 4607 338 4662 Et
370 4623 534 4660 nunc
570 4608 722 4660 mitte
771 4608 984 4674 argenti
1023 4609 1224 4658 talenta
1261 4617 1506 4670 centum,
1549 4617 1605 4660 et
1655 4607 1798 4661 duos

1885 1783 2272 1852 navigantibus
2306 1799 2476 1836 mare.

1956 1849 2067 1908 lloc
2117 1863 2200 1906 est
2235 1857 2572 1922 sepulcrum,
2607 1851 2754 1922 quod
2788 1852 2919 1906 fecit
2951 1853 3004 1905 in
3039 1849 3246 1915 Modin,
3283 1863 3459 1920 usque

1886 1923 1938 1976 in
1965 1925 2109 1978 hunc
2136 1923 2302 1978 iliein.

1958 1993 2216 2064 Tryphon
2247 2007 2434 2049 autem
2462 2009 2585 2048 cum
2623 1994 2729 2048 iter
2768 1993 2976 2049 faceret
3017 2007 3142 2048 cum
3186 1991 3465 2060 Antiocho

1890 2080 2019 2134 rege
2049 2064 2421 2127 adolescente,
2462 2065 2591 2118 dolo
2617 2064 2821 2120 occidit
2848 2080 3001 2120 eum.

1963 2132 2031 2189 Et
2060 2138 2306 2201 regnavit
2337 2139 2459 2190 loco
2496 2138 2617 2204 ejus
2639 2177 2653 2198 ,
2682 2143 2737 2187 et
2780 2135 3041 2202 imposuit
3074 2134 3180 2190 sibi
3213 2132 3465 2190 diadema

1889 2208 2053 2270 Asiae,
2092 2213 2154 2276 et
2177 2205 2311 2276 fecit
2346 2207 2559 2276 plagam
2594 2220 2843 2276 magnam
2874 2207 2926 2258 in
2964 2214 3134 2258 terra.

1967 2265 2370 2336 Et'mdifieavit',
2398 2265 2587 2331 Simon
2645 2265 2898 2344 prtesidia
2934 2276 3135 2330 Judscie
3161 2317 3174 2336 .
3208 2278 3464 2330 muniens

1891 2361 1955 2401 ea
1993 2347 2239 2399 turribus
2279 2347 2511 2401 excelsis
2539 2387 2553 2406 .
2589 2359 2644 2399 et
2683 2347 2859 2399 muris
2895 2347 3126 2415 magnis,
3165 2361 3219 2402 ει
3273 2348 3468 2415 portis.

1892 2427 1947 2471 et
1977 2416 2117 2470 seris
2148 2425 2242 2468 :et
2274 2419 2456 2486 posuit
2487 2417 2748 2472 alimenta
2791 2416 2844 2469 in
2879 2417 3300 2472 munitionibus.

1973 2487 2041 2542 Et
2066 2486 2229 2556 elegit
2275 2488 2465 2543 Simon
2494 2488 2663 2551 viros,
2717 2496 2771 2539 et
2807 2487 2958 2541 misit
3011 2488 3078 2541 ad
3121 2487 3459 2542 Demetrium

1898 2571 2104 2628 regem,
2125 2569 2188 2612 ut
2218 2557 2424 2612 faceret
2450 2559 2830 2612 remissionem
2867 2557 3074 2626 regioni
3106 2575 3119 2610 :
3152 2562 3278 2627 quia
3310 2568 3467 2612 actus

1895 2642 2094 2699 omnes
2131 2628 2444 2699 Tryphonis
2491 2644 2586 2697 per
2627 2627 2994 2695 direptionem
3036 2628 3248 2699 fuerant
3301 2629 3466 2696 gesti.

1971 2697 2035 2751 Et
2069 2696 2382 2752 Demetrius
2420 2696 2514 2752 rex
2547 2699 2612 2752 ad
2646 2700 2814 2751 verba
2859 2699 2963 2750 ista
2997 2698 3280 2767 respondit
3308 2699 3381 2761 ei,
3413 2710 3471 2752 et

1897 2769 2121 2835 scripsit
2149 2769 2437 2836 epistolam
2473 2771 2634 2822 talem
2673 2786 2688 2821 :

1970 2838 2084 2892 Rex
2117 2839 2422 2893 Demetrius
2452 2838 2662 2893 Simoni
2692 2853 2909 2892 summo
2933 2838 3232 2902 sacerdoti,
3257 2848 3311 2892 el
3334 2839 3472 2892 ami-

1897 2925 1964 2966 co
2003 2923 2208 2976 regum,
2243 2920 2299 2964 et
2326 2909 2658 2972 senioribus.
2692 2921 2746 2962 et
2777 2911 2923 2980 genti
2957 2911 3297 2975 .ludazorum,
3324 2910 3473 2963 salti-

1817 3049 1860 3106 C
1907 3037 1910 3038 ν
1965 3056 2232 3107 Coronam
2287 3069 2546 3114 auream.
2609 3065 2664 3110 et
2708 3056 2939 3119 habem,
3002 3066 3165 3121 quam
3219 3037 3469 3113 misistis.

1892 3126 2236 3191 suscepimus
2264 3143 2276 3177 :
2307 3137 2363 3180 et
2404 3128 2576 3194 parati
2613 3144 2804 3180 sumus
2844 3125 3030 3179 facere
3061 3125 3341 3178 vobiscum
3373 3139 3469 3192 pa-

1888 3212 2008 3250 cein
2060 3210 2312 3266 magnam
2337 3236 2356 3260 ,
2384 3207 2440 3250 et
2478 3200 2724 3252 scrilrere
2758 3195 3068 3266 praepositis
3104 3194 3249 3264 regis
3279 3195 3468 3247 remit-

1891 3276 2008 3320 tere
2040 3265 2194 3319 vobis
2219 3282 2340 3335 qnte
2386 3266 2739 3321 indulsimus.

1963 3336 2320 3406 Qumcuuque
2355 3341 2501 3391 enim
2533 3337 2952 3397 constituimus,
2990 3335 3147 3391 vobis
3177 3345 3460 3392 constant.

1890 3406 2248 3470 Munitiones,
2281 3424 2418 3474 quas
2446 3408 2786 3470 aiditicastis.
2820 3409 2978 3463 vobis
3009 3413 3143 3461 sint.

1967 3477 2318 3550 Remittimus
2335 3493 2557 3547 quoque
2586 3479 2944 3548 ignomntias.
2971 3488 3024 3531 et
3043 3489 3265 3547 peccata
3293 3494 3468 3550 usque

1893 3549 1947 3602 in
1999 3547 2326 3602 hodiernum
2352 3550 2521 3611 diem,
2550 3547 2913 3609 et'coronain.
2938 3563 3102 3616 qnam
3138 3547 3429 3604 debebatis
3454 3565 3470 3602 :

1892 3629 1948 3673 et
1979 3617 2024 3673 si
2055 3618 2189 3690 quid
2216 3621 2362 3672 aliud
2390 3629 2510 3671 erat
2541 3621 2890 3673 tributarium
2919 3621 2972 3672 in
2993 3620 3320 3686 Jerusalem,
3350 3624 3463 3690 jam

1892 3704 1999 3743 non
2029 3688 2102 3742 sit
2131 3690 2499 3743 tributarium.

1973 3759 2039 3812 Et
2064 3760 2109 3812 si
2135 3762 2228 3826 qui
2269 3775 2336 3812 ex
2371 3763 2528 3812 vobis
2557 3759 2670 3827 apti
2715 3770 2847 3814 sunt
2875 3760 3149 3815 conscribi
3181 3761 3329 3817 inter
3365 3773 3466 3817 no‘-

1895 3837 2062 3893 stros,
2097 3830 2540 3891 conscribantur.
2569 3842 2624 3882 et
2655 3831 2729 3884 sit
2759 3830 2902 3884 inter
2933 3846 3031 3884 nos
3064 3847 3190 3899 pax.

1966 3903 2126 3952 Anno
2172 3905 2473 3973 centesimo
2521 3904 2922 3970 septuagesimo
2963 3903 3206 3955 ablatum
3256 3911 3342 3955 est
3385 3903 3474 3973 juo

1895 3986 2022 4043 gum
2054 3970 2296 4038 gentium
2329 3973 2396 4023 ab
2426 3971 2613 4043 Israel.

1974 4041 2042 4095 Et
2075 4043 2245 4109 coepit
2295 4042 2531 4111 populus
2571 4042 2736 4096 Israel
2788 4043 3032 4097 scribere
3066 4043 3119 4096 in
3165 4041 3384 4105 tabulis,
3417 4054 3476 4095 et

1899 4112 2374 4184 gestisipublicis,
2427 4127 2572 4167 anno
2618 4116 2795 4183 primo
2838 4115 2940 4168 sub
2990 4116 3211 4168 Simone
3253 4128 3472 4165 summo

1899 4183 2212 4254 sacerdote.
2243 4197 2436 4252 magno
2461 4185 2622 4249 duce,
2653 4194 2707 4238 et
2743 4185 2990 4254 prim-ipe
3025 4185 3360 4240 .ludamrunt.

1971 4253 2027 4306 In
2055 4253 2250 4324 diebus
2307 4256 2413 4308 illis
2469 4253 2966 4324 applicuit’Simon
3009 4259 3076 4308 ad
3133 4254 3333 4308 Gazam
3366 4295 3380 4315 .
3414 4263 3470 4305 et

1903 4323 2270 4380 circumdedit
2298 4341 2416 4377 eam
2451 4323 2668 4390 castris,
2699 4334 2753 4379 et
2781 4327 2906 4379 fecit
2937 4328 3221 4379 machinas
3241 4365 3253 4384 .
3286 4335 3340 4377 et
3370 4340 3472 4392 ap-

1829 4397 1876 4457 D
1904 4397 2098 4466 plicuit
2119 4399 2185 4446 ad
2207 4397 2510 4457 civitatem,
2553 4405 2607 4448 et
2637 4400 2908 4464 percussit
2943 4406 3152 4450 turrem
3192 4411 3380 4461 unum,
3416 4403 3473 4448 et

1902 4467 2321 4535 comprehendit
2352 4481 2497 4519 eam.

1982 4537 2048 4589 Et
2075 4545 2394 4605 eruperant,
2425 4537 2700 4604 quierant
2725 4537 2866 4592 intra
2901 4539 3210 4593 machinam
3250 4537 3302 4591 in
3337 4536 3473 4590 civi-

1905 4618 2070 4680 tatem
2102 4622 2116 4659 :
2153 4617 2208 4659 et
2240 4609 2414 4661 factus
2447 4619 2531 4662 est
2561 4621 2742 4663 motus
2766 4625 2994 4680 magnus
3021 4611 3071 4663 in
3098 4610 3339 4663 civitate.

184 4680 342 4734 ﬁlios
364 4679 512 4758 eius.
534 4676 778 4742 obsides,
815 4688 872 4728 ut
903 4693 1012 4730 non
1045 4678 1305 4730 dimissus
1332 4680 1503 4747 fugiat
1546 4694 1575 4730 a
1617 4681 1796 4744 nobis,

181 4764 242 4806 et
283 4759 646 4802 I'BIIIINIIIIIIS
672 4763 823 4802 CUI“.

260 4821 336 4874 Et
385 4820 660 4888 cognovit
693 4819 884 4872 Simon
928 4817 1055 4886 quia
1119 4832 1244 4872 cum
1301 4815 1428 4872 dolo
1480 4819 1800 4888 loqueretur

180 4906 392 4946 secum
431 4907 449 4942 :
473 4891 638 4957 jussit
673 4900 852 4943 tamen
887 4889 1004 4942 dari
1039 4900 1346 4958 argentum,
1394 4899 1450 4940 et
1483 4904 1702 4958 pueros,
1730 4905 1799 4943 ne

179 4961 564 5016 inimicitiam
600 4975 849 5030 magnam
890 4973 1133 5013 sumeret
1173 4965 1240 5013 ad
1290 4962 1553 5029 populum
1605 4960 1796 5024 Israel,

178 5037 494 5086 dicentem
521 5046 536 5082 :

250 5104 410 5168 Quia
457 5117 570 5156 non
615 5105 765 5160 misit
815 5104 865 5159 ei
914 5112 1224 5172 argentum,
1272 5110 1329 5156 et
1392 5116 1616 5171 pueros,
1671 5116 1799 5171 pro-

176 5184 384 5244 plerea
416 5175 614 5241 periit.

255 5243 332 5297 Et
366 5247 539 5297 misit
572 5260 793 5316 pueros,
822 5253 878 5298 et
898 5255 1122 5300 centum
1155 5245 1361 5299 talenta
1397 5260 1410 5296 :
1448 5251 1504 5295 et
1531 5242 1801 5316 mentitus

175 5327 291 5378 est.
318 5325 378 5369 el
425 5329 546 5368 non
572 5314 791 5371 'dimisit
819 5317 1135 5370 Ionatham.
1530 5314 1538 5321 ’
1640 5336 1642 5338 ·

249 5387 329 5441 Et
372 5395 520 5454 post
572 5389 687 5443 hrec
721 5390 873 5440 venit
912 5387 1168 5457 Tryphon
1200 5387 1344 5439 intra
1398 5387 1703 5458 regionem.
1741 5394 1801 5440 ut

176 5465 534 5514 contereret
579 5473 701 5512 eam
729 5475 745 5512 :
771 5468 826 5511 et
851 5467 1186 5528 gyraverunt
1215 5473 1310 5526 per
1353 5461 1495 5510 viain
1546 5472 1670 5525 qua:
1701 5460 1801 5509 ilu-

171 5537 254 5586 eit
289 5528 472 5582 Ador
512 5540 606 5583 :et
636 5529 853 5589 Simon,
885 5527 939 5583 et
973 5539 1155 5582 castra
1199 5543 1321 5596 eius
1357 5527 1713 5582 ambulabant
1743 5529 1798 5580 in

169 5614 422 5656 euntem
461 5600 653 5653 locum
699 5615 1034 5669 quocunque
1068 5603 1242 5653 ibant.

235 5676 356 5739 Qui
377 5681 586 5723 autem
610 5674 666 5722 in
698 5686 822 5725 arce
853 5684 1033 5738 erant,
1065 5674 1337 5724 miserunt
1358 5671 1424 5725 ad
1447 5669 1799 5742 Tryphonem

1981 4677 2045 4729 Et
2079 4680 2451 4731 ascenderunt
2504 4680 2596 4747 qui
2631 4691 2787 4732 erant
2827 4677 2882 4733 in
2927 4682 3145 4734 civitate
3179 4695 3304 4732 eum
3347 4694 3480 4732 uxo-

1904 4749 2059 4802 ribus
2101 4756 2159 4801 et
2206 4748 2329 4801 tiliis
2375 4764 2542 4817 supra
2611 4766 2828 4803 murum
2875 4752 3061 4804 scissis
3097 4751 3300 4804 tunicis
3335 4751 3474 4816 suis,

1903 4833 1952 4873 et
1985 4822 2362 4873 clamaVerunt
2393 4836 2526 4874 voce
2555 4837 2748 4889 magna
2773 4860 2788 4883 ,
2823 4821 3162 4891 postulantes
3195 4840 3223 4872 a
3255 4822 3477 4874 Simone

1904 4892 2125 4943 dextras
2159 4891 2263 4942 sibi
2305 4891 2445 4955 dari,
2485 4900 2541 4943 et
2574 4891 2834 4945 dixerunt
2871 4910 2886 4948 :

1981 4959 2098 5014 Non
2125 4961 2284 5015 nobis
2309 4963 2506 5015 reddas
2532 4966 2832 5015 secundum
2863 4961 3096 5017 malitias
3118 4971 3354 5024 nostras,
3381 4963 3475 5013 sed

1903 5031 2210 5085 secundum
2244 5030 2649 5086 misericordias
2678 5042 2818 5086 tuas.

1983 5101 2047 5153 Et
2081 5103 2254 5156 flexus
2283 5101 2472 5176 Simon
2525 5119 2634 5156 non
2669 5104 2966 5161 debellavit
3015 5121 3112 5160 eos
3154 5122 3168 5161 :
3201 5107 3365 5176 eiecit
3396 5113 3474 5157 ta-

1905 5188 2028 5227 men
2055 5188 2150 5225 eos
2181 5176 2248 5226 de
2290 5175 2534 5235 civitate,
2575 5183 2629 5227 et
2677 5178 2965 5231 inundavit
2998 5180 3142 5232 uales
3195 5175 3478 5243 inquibus

1906 5247 2126 5297 fuerant
2161 5244 2455 5296 simulacra
2479 5283 2492 5305 ,
2549 5254 2605 5298 et
2658 5255 2790 5299 tunc
2819 5248 3043 5303 intravit
3077 5249 3128 5300 in
3169 5262 3314 5302 eam.
3350 5259 3473 5298 Cum

1860 5320 1868 5326 '
1905 5315 2123 5385 hymnis
2166 5318 2496 5368 benedicens
2531 5317 2822 5370 Dominum
2858 5336 2871 5371 :

1980 5385 2047 5438 Et
2073 5384 2246 5454 ejecta
2283 5388 2350 5438 ab
2386 5400 2450 5439 ea
2483 5391 2634 5440 omni
2685 5390 3051 5449 immunditia.
3087 5387 3379 5440 collocavit
3428 5385 3478 5438 in

1903 5471 1966 5510 ea
2010 5457 2157 5508 viros
2223 5457 2314 5524 qui
2353 5458 2527 5526 legem
2573 5462 2817 5514 facerent
2859 5477 2871 5512 :
2903 5471 2957 5514 et
2989 5464 3220 5512 munivrt
3253 5471 3397 5520 eam,
3427 5469 3482 5509 et

1905 5528 2034 5582 fecit
2071 5530 2176 5581 sibi
2211 5529 2628 5583 habitationem.

1978 5599 2080 5664 Qui
2115 5608 2295 5652 autem
2324 5604 2540 5654 erantin
2570 5615 2694 5654 arce
2755 5600 3086 5661 Jerusalem.
3116 5597 3488 5669 prohibeban-

1910 5679 1999 5724 tur
2033 5675 2244 5740 εει-«ειη,
2277 5685 2328 5722 et
2363 5671 2572 5740 ingredi
2601 5686 2900 5739 regionem,
2923 5685 2974 5722 et
3010 5689 3223 5741 emere,
3256 5687 3319 5726 ac
3349 5687 3481 5724 ven-
