3840 6176
412 445 514 510 531

1299 442 1359 505 S.
1406 441 1843 503 HIERONYMI
1891 443 2158 504 DlVlNA
2199 447 2730 513 BlBLlOTHECA.
3505 453 3590 517 532

401 562 695 622 Joannem,
718 567 774 612 et
803 556 881 612 ait
913 556 1057 628 illis;
1085 555 1304 628 Ego,_et
1328 553 1524 628 fratres
1553 555 1680 628 mei,
1707 563 1762 628 et
1788 554 1985 628 domus
2011 553 2056 612 Α
2170 560 2360 616 Simon
2395 570 2612 624 autem,~
2634 557 3019 628 perambulatis
3042 555 3282 628 civitates
3340 573 3447 626 Quae
3467 575 3596 621 eram

405 631 579 698 patris
612 628 717 683 mei
750 623 1190 698 expugnavimus
1226 626 1414 678 hostes
1474 625 1643 678 Israel
1677 624 1746 677 ab
1779 623 1972 677 adole-

402 697 613 754 scentia
652 713 823 767 usque
851 700 902 750 in
930 697 1078 767 hunc
1106 697 1248 751 diem
1281 711 1301 767 ς
1360 702 1846 767 ειᾼριξοερθτξιιυιη
1893 701 1975 746 est

401 772 456 824 in
491 765 749 822 manibus
782 766 990 821 nostris
1016 767 1251 820 liberare
1278 765 1448 819 lsrael
1483 765 1795 833 aliquoties.

479 841 636 893 Nune
670 849 854 892 autem
884 837 1039 892 senui
1077 851 1093 890 :
1136 837 1234 891 sed
1263 843 1439 890 estote
1476 831 1597 888 loco
1622 848 1764 896 meo,
1790 843 1844 885 et
1870 831 1976 885 fra-

407 919 516 962 tres
563 909 695 969 mei,
748 919 804 962 et
861 910 1070 975 egressi
1130 914 1366 975 pugnate
1416 921 1512 974 pro
1539 913 1701 974 gente
1743 914 1975 956 nostra:

407 980 674 1034 auxilium
709 993 841 1032 vero
872 979 940 1032 de
973 977 1112 1031 ca'lo
1147 976 1432 1031 vobiscum
1459 976 1554 1029 sit.

478 1049 544 1103 Et
573 1049 740 1117 elegit
764 1047 833 1102 de
862 1047 1083 1115 regione
1113 1046 1306 1115 viginti
1341 1045 1510 1101 millia
1539 1042 1977 1117 virorum__be|_li-

401 1113 738 1182 geratoruin,
773 1128 827 1172 et
859 1113 1070 1184 equites
1103 1132 1118 1172 :
1149 1113 1204 1170 et
1238 1117 1467 1185 profecti
1499 1126 1628 1171 sunt
1661 1114 1728 1168 ad
1767 1113 1980 1168 Centie-

403 1189 583 1262 bajim
635 1207 646 1243 :
685 1198 740 1242 et
773 1188 1124 1262 dormierunt
1159 1189 1212 1239 in
1247 1185 1453 1262 ﬁlodin.

475 1260 542 1313 Et
569 1255 930 1313 surrexerunt
958 1271 1136 1321 mane,
1157 1256 1484 1310 etabierunt
1513 1255 1564 1307 in
1599 1267 1854 1323 campum
1884 1267 1898 1307 :
1925 1259 1982 1306 et

405 1348 450 1380 ei
471 1346 531 1381 ce
563 1329 842 1383 exeri-itus
873 1326 1131 1396 copiosus
1166 1326 1220 1380 in
1250 1327 1469 1380 obviam
1496 1325 1604 1378 illis
1628 1327 1896 1396 peditum,
1927 1332 1982 1376 et

404 1403 680 1467 equitnm,
747 1407 803 1453 et
866 1393 1068 1450 ﬂuiius
1121 1405 1341 1450 torrens
1373 1402 1493 1451 erat
1558 1393 1980 1448 tntermcdiutu

407 1485 680 1522 lDSOI'Ulll.

477 1541 543 1592 Et
574 1539 820 1593 admovit
845 1545 1025 1593 castra
1061 1546 1250 1592 contra
1294 1537 1488 1591 faciem
1519 1549 1714 1591 eorum
1749 1535 1892 1606 ipse,
1925 1543 1984 1606 et

409 1609 644 1676 populus
686 1611 828 1676 ejus,
881 1616 937 1662 et
986 1607 1126 1660 vidit
1191 1608 1452 1678 populum
1497 1605 1874 1678 trepidantem
1917 1605 1983 1656 ad

411 1675 881 1732 transfretandum
913 1675 1232 1742 torrentem,
1258 1675 1313 1731 et
1335 1675 1707 1734 transfretavit
1727 1681 1940 1745 primus
1967 1690 1984 1729 :

409 1759 458 1801 et
495 1747 755 1802 viderunt
787 1763 913 1802 eum
952 1746 1076 1810 viri,
1102 1755 1156 1800 et
1194 1748 1535 1802 transierunt
1575 1756 1696 1814 post
1727 1761 1876 1800 eum.

484 1820 550 1872 Et
583 1819 770 1872 divisit
816 1816 1103 1888 populum.
1164 1827 1220 1871 et
1273 1817 1490 1888 equites
1523 1817 1575 1888 in
1617 1818 1800 1872 nwdio
1835 1814 1985 1885 pedi-

414 1901 526 1941 tum
551 1903 567 1943 :
595 1898 714 1942 erat
737 1887 918 1943 autem
944 1889 1222 1956 equitatus
1251 1887 1698 1942 adversariorum
1725 1889 1984 1956 copiosus
2021 1894 2062 1950 Β

411 1973 596 2013 ΙΗΠΗΒ.

488 2030 550 2082 Et
589 2029 1040 2083 exclamaverunt
1077 2028 1249 2083 sacris
1276 2026 1442 2090 tubis,
1479 2034 1535 2081 et
1565 2027 1618 2080 in
1647 2026 1827 2094 fugam
1850 2039 1982 2080 con-

415 2115 608 2152 versus
647 2109 731 2152 est
761 2098 1125 2161 Cendebaeus,
1163 2109 1220 2152 et
1251 2108 1433 2152 castra
1467 2097 1588 2167 ejus
1631 2113 1649 2153 :
1693 2096 1987 2151 ctcecide-

417 2182 542 2220 rum
574 2183 639 2222 ex
673 2171 756 2222 eis
789 2168 944 2221 multi
978 2167 1247 2223 vulnerati
1279 2184 1294 2222 :
1338 2167 1546 2222 residui
1570 2180 1753 2222 autem
1782 2169 1836 2219 in
1865 2181 1985 2220 mu-

416 2239 682 2292 nitionem
723 2241 1004 2306 ingerunt.

490 2309 644 2362 Tunc
676 2305 999 2362 vulneratus
1028 2318 1109 2360 est
1137 2306 1305 2362 ludas
1340 2305 1512 2362 frater
1539 2307 1800 2364 Joannis:
1828 2307 1991 2362 Joan-

419 2393 516 2432 nes
548 2384 730 2431 autem
765 2379 1052 2432 insecutus
1105 2389 1194 2434 est
1227 2394 1342 2443 eos,
1377 2381 1552 2435 donec
1603 2379 1755 2431 venit
1784 2378 1989 2433 Cedro-

419 2465 566 2510 nem,
599 2463 763 2514 quam
795 2447 1090 2502 tedilicavit
1121 2466 1134 2500 :

489 2519 569 2590 Et
588 2517 848 2590 fugerunt
877 2533 1048 2590 usque
1072 2521 1138 2572 ad
1174 2531 1356 2573 turres
1420 2535 1540 2588 qua:
1574 2533 1731 2572 erant
1760 2519 1814 2573 in
1848 2519 1991 2588 agris

420 2589 599 2651 Azoti,
636 2589 691 2643 et
718 2589 1006 2642 succendit
1037 2605 1130 2642 eas
1161 2590 1294 2659 igni.
1324 2591 1392 2644 Et
1417 2590 1742 2659 ceciderunt
1766 2606 1832 2643 ex
1885 2590 1995 2643 illis

421 2661 531 2712 duo
577 2659 744 2713 millia
783 2661 1054 2725 virorum,
1079 2667 1134 2714 et
1166 2657 1424 2716 reversus
1453 2669 1536 2716 est.
1564 2660 1618 2712 in
1650 2657 1894 2714 «Iuda-am
1939 2661 1992 2712 in

423 2744 573 2798 pace.

502 2800 569 2853 Et
605 2800 932 2855 Ptolemaeus
969 2802 1114 2856 lilius
1145 2801 1320 2856 Abobi
1353 2804 1686 2856 constitutus
1740 2811 1856 2855 erat
1889 2800 1996 2854 dux

426 2873 482 2922 in
521 2886 716 2942 campo
750 2869 994 2935 Jericho,
1030 2881 1084 2926 et
1116 2872 1354 2927 habebat
1383 2885 1669 2942 argentum
1719 2883 1775 2926 et
1797 2886 1993 2924 aurum

423 2941 656 2992 niultnm
692 2956 708 2997 ξ

495 3011 626 3080 Emi.
654 3016 800 3064 enim
833 3026 1003 3080 gener
1037 3014 1242 3067 summi
1277 3013 1600 3069 sacerdotis.

504 3079 567 3130 Et
596 3079 896 3134 exaltatum
937 3093 1023 3136 est
1048 3097 1143 3137 cor
1170 3085 1314 3151 ejus,
1364 3095 1419 3137 et
1468 3083 1684 3138 volebat
1743 3083 1999 3138 obtinere

425 3153 728 3215 regionem,
756 3160 811 3204 et
839 3152 1114 3216 cogitabat
1151 3154 1336 3208 dolum
1386 3153 1652 3208 adversus
1713 3155 1997 3211 Simonem

427 3232 482 3271 et
513 3221 651 3271 hlios
677 3222 816 3291 ejus,
851 3232 908 3275 ut
946 3225 1162 3277 tolleret
1189 3239 1305 3278 eos.

1355 3412 1360 3414 ν
1378 3409 1486 3415 _-,-__
1542 3412 1596 3418 .-η
1619 3413 1682 3418 .,.,-,
1696 3412 2096 3420 ...Μ--φ--ο

2090 632 2142 684 in
2186 632 2410 698 regione
2439 626 2661 691 Jndreai,
2688 636 2744 680 et
2778 626 3404 698 sollicitudinemgerens
3421 644 3597 696 earum,

2081 694 2372 770 descendit
2402 701 2455 754 in
2487 700 2712 755 Jericho
2749 698 2890 770 ipse,
2923 705 2978 750 et
3000 694 3319 770 Mathatbias
3339 696 3464 752 [ilius
3484 694 3599 770 ejus,

2077 781 2140 824 et
2175 769 2365 832 ludas,
2397 785 2544 824 anno
2582 769 2885 839 centesimo
2941 765 3335 839 septuagesimo
3382 765 3600 839 septiino,

2090 856 2278 895 mense
2317 840 2613 893 undecimo
2640 857 2653 892 :
2683 837 2773 890 hic
2805 845 2890 888 est
2914 832 3120 888 mensis
3152 832 3363 888 Sabatb.

2172 909 2238 962 Et
2265 910 2506 978 suscepit
2536 925 2633 978 eos
2668 905 2810 960 ﬁlios
2848 905 3025 978 Abobi
3077 904 3132 958 in
3167 904 3600 978 munitiuncnlam,

2086 995 2210 1049 quin
2244 974 2472 1033 vocatur
2526 977 2698 1049 Doch,
2743 991 2866 1030 cum
2899 976 3045 1038 dolo,
3112 987 3271 1049 quam
3314 974 3606 1049 redimam;

2085 1041 2142 1131 et
2177 1050 2306 1103 ierit
2329 1049 2411 1104 eis
2447 1047 2760 1103 convivium
2809 1059 3088 1114 magnum,
3116 1052 3172 1097 et
3225 1041 3491 1102 abscondit
3518 1048 3610 1103 illic

2087 1134 2260 1174 viros.

2167 1189 2238 1244 Et
2269 1203 2393 1243 cum
2431 1185 2738 1244 inebriatus
2763 1192 2911 1255 esset
2937 1181 3125 1238 Simon
3158 1195 3214 1240 et
3243 1185 3333 1240 ﬁlii
3357 1186 3487 1255 ejus,
3511 1202 3612 1240 sur-

2091 1260 2233 1314 rexit
2265 1259 2592 1314 Ptolemaaus
2657 1271 2781 1310 cum
2815 1253 2983 1324 suis,
3017 1264 3074 1308 et
3120 1253 3459 1324 sumpserunt
3491 1271 3614 1312 arma

2089 1344 2208 1394 sua,
2243 1339 2297 1384 et
2332 1330 2679 1383 intraverunt
2732 1325 2787 1378 in
2829 1323 3165 1386 convivium,
3215 1323 3271 1379 et
3324 1325 3616 1378 occiderunt

2088 1414 2240 1464 eum,
2302 1408 2359 1454 et
2425 1400 2565 1455 duos
2625 1397 2766 1452 ﬁlios
2827 1394 2968 1464 ejus,
3031 1404 3086 1449 et
3142 1394 3396 1462 quosdam
3449 1409 3616 1464 pueros

2088 1483 2228 1523 ειυς.

2118 1487 2232 1591 “Ei
2265 1541 2397 1596 fecit
2435 1540 2818 1608 deceptionem
2849 1547 3100 1602 magnam
3135 1534 3188 1589 in
3219 1532 3397 1596 lsrael,
3438 1542 3486 1587 et
3513 1534 3618 1588 red-

2092 1607 2234 1684 did_i__t
2268 1611 2406 1684 mala
2442 1625 2540 1684 pro
2576 1607 2771 1684 bonis._
3173 1675 3184 1684 ,
3223 1675 3254 1684 ,γ
3376 1671 3389 1684 .

2178 1679 2241 1732 Et
2265 1673 2488 1754 scripsit
2511 1680 2629 1754 haec
2655 1679 3002 1754 Ptolemaeus,
3031 1685 3084 1729 et
3113 1675 3262 1729 misit
3285 1673 3414 1754 regi,
3443 1681 3497 1754 ut
3522 1673 3627 1727 mit-

2094 1757 2238 1804 teret
2263 1751 2314 1804 ei
2340 1743 2644 1805 exercitum
2686 1749 2741 1803 in
2773 1751 3065 1811 auxilium,
3101 1755 3155 1798 et
3191 1743 3421 1797 traderet
3453 1743 3499 1796 ei
3549 1760 3624 1796 re-

2090 1821 2336 1890 gionem,
2365 1829 2423 1874 et
2457 1819 2710 1890 civitates
2742 1835 2958 1890 eorum,
2992 1825 3048 1870 et
3079 1815 3306 1890 tributa.

2181 1890 2248 1943 Et
2289 1883 2432 1944 misit
2459 1889 2596 1944 alios
2635 1891 2688 1944 in
2729 1889 2995 1944 Gazaram
3039 1885 3231 1940 tollere
3262 1883 3515 1938 Joannem
3544 1899 3556 1936 :
3583 1889 3630 1934 et

2097 1961 2336 2014 tribunis
2365 1960 2514 2014 misit
2545 1960 2829 2030 epistolas,
2856 1969 2915 2012 ut
2945 1956 3200 2030 venirent
3236 1956 3302 2009 ad
3327 1969 3403 2019 se,
3426 1964 3479 2010 et
3497 1954 3629 2006 daret

2095 2032 2178 2084 eis
2217 2037 2526 2095 argentum,
2562 2026 2618 2084 et
2652 2043 2872 2093 aurum,
2902 2036 2957 2082 et
2985 2026 3150 2080 dona.

2179 2099 2419 2221 Etralios
2451 2100 2602 2156 misit
2656 2114 2924 2170 occupare
2954 2095 3280 2161 Jerusalem,
3316 2103 3372 2148 et
3425 2099 3635 2147 montem

2179 2184 2244 2221 nn
2271 2185 2308 2221 ι.

2098 2171 2308 2225 templi.

2180 2184 2624 2309 giitilpratcurrens
2663 2239 2912 2308 quidam,
2948 2234 3232 2309 nuntiavit
3255 2233 3448 2309 Joanni
3484 2229 3640 2308 iulia-

2097 2326 2244 2372 zara,
2276 2305 2411 2378 quia
2445 2313 2606 2379 periit
2639 2305 2794 2380 pater
2824 2310 2963 2380 ejus,
2991 2317 3048 2362 et
3081 2305 3285 2362 fratres
3305 2307 3442 2375 ejus,
3465 2312 3516 2356 et
3537 2305 3643 2365 quia

2099 2381 2248 2434 misit
2277 2391 2328 2434 te
2357 2393 2577 2447 quoque
2604 2381 2864 2434 interﬁci.

2179 2449 2245 2502 Ut
2278 2446 2716 2520 audivit’autem,
2740 2451 3097 2506 Vehementer
3132 2446 3360 2520 expavit
3392 2463 3405 2499 :
3438 2449 3490 2498 et
3518 2454 3649 2495 coma

2101 2519 2397 2592 prehendit
2459 2523 2607 2574 viros
2661 2522 2752 2588 qui
2819 2531 3082 2576 venerant
3143 2520 3384 2592 perdere
3439 2520 3650 2592 eminet

2099 2589 2305 2647 occidit
2332 2605 2428 2645 eos
2462 2608 2475 2644 :
2507 2592 2762 2661 cognovit
2806 2592 2953 2646 enim
2994 2589 3156 2660 quia’
3183 2589 3498 2661 quaerebant
3541 2594 3649 2634 eum

2137 2663 2349 2714 erdere.

2137 2678 2349 2714 eruere.

2100 2678 2133 2732 Ρ
2188 2731 2256 2802 Ει
2291 2738 2489 2786 caetera
2521 2745 2838 2787 sermonum
2871 2730 3133 2802 Joannis,
3153 2739 3212 2783 et
3235 2721 3655 2802 bellorumhejus,

2101 2810 2156 2858 et
2188 2801 2453 2855 bonarum
2486 2803 2776 2864 virtutum,
2843 2802 3045 2870 quibus
3113 2799 3339 2855 fortiter
3379 2799 3563 2864 gessit.
3612 2799 3660 2840 et

2101 2870 2322 2928 aediﬁcii
2349 2885 2636 2925 murorum
2700 2887 2840 2942 quos
2862 2869 3166 2937 exstruxit,
3196 2879 3257 2924 et
3294 2881 3473 2921 rerum
3505 2869 3662 2930 gesta-

2105 2956 2222 2996 rum
2255 2957 2371 3008 ejus
2399 2959 2415 3004 ;
3560 2999 3572 3008 .
3632 2996 3663 3008 ..

2176 2959 2222 2995 ιη
2255 2959 2283 2994 Θ
2311 2959 2340 2994 ll
2400 2959 2413 2971 °

2176 2959 2319 3067 Ecci:
2486 3014 2687 3083 scripta
2716 3020 2844 3068 sunt
2867 3010 3102 3083 inlibro
3137 2996 3666 3083 dierum_sacerdotii

2105 3086 2329 3155 ejus,ex
2369 3100 2480 3154 quo
2518 3075 2698 3140 l'ac'tus
2757 3092 2842 3140 est
2871 3081 3136 3152 princeps
3190 3075 3538 3135 sacerdotum
3563 3078 3670 3140 Ροει

2105 3164 2316 3226 patrem
2341 3171 2523 3211 suum.

1502 3567 1861 3658 LIBER
1936 3569 2594 3660 SECUNDUS.

944 3883 1170 3942 CAPUT
1208 3884 1502 3941 PRIMUM.
1584 3839 1592 3844 .

518 3980 824 4045 Fratribus,
856 3981 948 4049 qui
982 3989 1108 4034 sunt
1145 3994 1240 4045 per
1274 3977 1590 4048 Egyptum,
1621 3983 1842 4047 Iudaeis,
1873 3984 2016 4039 salu-

441 4060 547 4124 tem
582 4051 800 4124 dicunt_
834 4051 1054 4124 fratres.
1109 4049 1200 4117 qui
1245 4059 1371 4124 sunt
1433 4053 1486 4103 in
1540 4051 1916 4124 Jerosolymis,
1961 4062 2015 4107 et

440 4121 548 4190 litt.
585 4131 690 4192 lar.
724 4121 803 4192 et]
847 4120 1047 4184 Judaei,
1080 4128 1135 4172 et
1185 4120 1279 4187 qui
1317 4119 1370 4172 in
1418 4123 1642 4189 regione
1703 4119 1928 4188 Jtidazze,
1961 4133 2016 4178 et

438 4206 632 4260 pacem
670 4191 894 4245 bonam.
1926 4221 1929 4223 ·

519 4261 838 4314 Bencl'aciat
869 4260 1027 4315 vobis
1058 4261 1224 4322 Deus.
1257 4269 1310 4314 et
1348 4260 1663 4314 meminerit
1704 4263 2014 4319 testamenti

437 4332 547 4395 sui,
575 4331 720 4399 quod
751 4333 974 4402 locutus
1008 4341 1090 4384 est
1116 4333 1182 4385 ad
1225 4330 1332 4402 [ΑΙ.
1365 4341 1469 4383 tac.
1508 4330 1602 4401 ad]
1625 4332 1925 4397 Abraham,
1959 4342 2015 4386 et

442 4403 612 4464 Isaac,
652 4412 709 4456 et
738 4400 930 4464 Jacob,
964 4400 1247 4455 servorum
1281 4417 1504 4455 suorum
1543 4400 1782 4456 lldeliuoi
1820 4420 1835 4459 :

521 4472 582 4523 lﬂt
615 4473 711 4524 det
748 4472 902 4525 vobis
933 4486 1028 4524 cor
1053 4473 1330 4534 omnibus,
1391 4482 1451 4524 ut
1494 4473 1708 4526 collatis
1744 4489 1889 4535 cum,
1961 4483 2014 4528 et

444 4542 658 4662 t'acliatis
697 4543 816 4612 ejus
844 4543 1181 4594 voluntatem
1240 4542 1406 4595 corde
1439 4558 1656 4612 magno,
1715 4553 1772 4598 et
1830 4545 2012 4598 animo

445 4627 509 4662 vo
534 4622 670 4662 cuti.
1402 4658 1411 4662 -

445 4622 670 4664 t'OICDll.
1402 4658 1412 4668 .

517 4681 813 4754 Adapcriat
837 4695 935 4754 cor
970 4689 1210 4754 vestrum
1247 4683 1299 4735 in
1341 4681 1458 4752 lege
1497 4698 1619 4749 sua,
1679 4693 1733 4738 et
1765 4685 1818 4738 in
1877 4699 2014 4754 pra:-

447 4751 621 4816 ceptis
654 4751 790 4816 suis,
826 4759 880 4804 et
914 4749 1076 4803 faciat
1108 4764 1318 4816 pacem.

529 4819 796 4872 Exaudiat
825 4823 1108 4873 orationes
1138 4830 1369 4888 vestras,
1397 4828 1454 4874 et
1495 4823 1880 4878 reconcilietur
1916 4840 2010 4880 vo-

449 4890 553 4952 bis,
599 4903 700 4944 nec
732 4905 826 4945 vos
858 4889 1076 4944 deserat
1107 4891 1159 4943 in
1196 4899 1441 4958 tempore
1474 4892 1636 4948 malo.

533 4958 601 5030 lit
634 4974 783 5013 nunc
819 4960 908 5030 hic
937 4973 1129 5014 sumus
1161 4970 1388 5015 orantes
1414 4977 1512 5030 pro
1549 4965 1723 5019 vobis.

525 5028 808 5103 ltegnante
842 5029 1139 5103 Demetrio,
1172 5047 1316 5084 anno
1337 5028 1640 5086 centesimo
1673 5035 2014 5103 sexagesimo

453 5114 619 5162 lltlilO,
657 5115 758 5154 nos
781 5100 955 5154 ειυίιιιει
991 5102 1315 5170 scripsimus
1356 5103 1509 5157 vobis
1544 5104 1595 5156 in
1633 5100 2011 5169 tribulatione,

452 5181 505 5224 et
534 5171 761 5238 impetu,
797 5173 890 5239 qui
922 5172 1244 5239 supervenit
1279 5172 1441 5226 nobis
1467 5175 1520 5226 in
1561 5175 1680 5228 istis
1711 5175 1893 5238 anuis,
1946 5191 2014 5229 ex

456 5258 565 5315 quo
605 5243 834 5294 recessit
865 5242 1090 5315 lasona
1112 5251 1299 5295 sancta
1323 5252 1574 5315 terra,_et
1597 5261 1626 5297 a
1654 5259 1841 5315 regno.

535 5314 754 5365 Portam
818 5313 1242 5384 succenderunt,
1267 5321 1333 5384 et
1361 5313 1673 5384 effuderunt
1700 5313 2016 5384 sanguinem

455 5375 804 5435 innocentem
837 5398 851 5436 :
881 5391 938 5435 et
962 5383 1240 5434 oravimus
1272 5381 1336 5433 ad
1382 5383 1695 5450 Dominum,
1760 5375 2017 5438 et'exau-

460 5454 559 5503 diti
605 5467 824 5516 sumus,
857 5462 912 5506 et
967 5453 1267 5505 obtulimus
1323 5453 1674 5515 sacriﬁcium,
1710 5465 1765 5507 et
1819 5456 2019 5508 sinula-

460 5526 663 5588 giucm,
695 5534 751 5576 et
803 5522 1153 5576 accendimus
1189 5521 1463 5588 luetrrnas,
1518 5534 1574 5576 ct
1634 5526 2023 5595 proposuimus

463 5609 650 5656 partes.

551 5665 614 5737 ιρι
650 5677 794 5715 nunc
856 5663 1200 5731 frequentate
1259 5662 1376 5718 dies
1422 5662 1770 5737 Secnopegiae
1820 5668 2024 5722 mensis

465 5732 681 5782 Cusleu.

551 5801 1048 5878 Anno_cenle_siln_o
1105 5804 1440 5878 octogesimo
1485 5815 1700 5876 octavo,
1769 5809 2022 5878 populus,

469 5882 561 5931 qui
596 5869 1078 5940 estlerosolymis,
1131 5886 1182 5930 et
1234 5869 1292 5930 in
1331 5874 1533 5947 ludat-:1,
1591 5869 1923 5948 senatusque
1973 5869 2025 5934 et

2041 3901 2085 3959 ο
2117 3886 2312 3952 ludas,
2343 3885 2663 3959 Aristobulo
2690 3882 2952 3953 magistro
2981 3881 3282 3959 Ptolemaei
3317 3881 3486 3959 regis,
3515 3880 3691 3959 quiest

2119 3959 2187 4010 de
2209 3948 2409 4026 genere
2441 3948 2807 4026 christornm'
2833 3953 3225 4026 sacerdotum,
3279 3963 3342 4026 et
3387 3948 3501 4017 his,
3535 3948 3694 4021 quiin

2121 4023 2360 4096 {Egypto
2395 4035 2546 4096 sunt,
2579 4025 2787 4096 Judais
2811 4023 3069 4096 salutem,
3105 4036 3177 4096 et
3205 4025 3531 4096 sanitatem.

2211 4086 2284 4150 Ue
2316 4086 2542 4160 magnis
2562 4093 2822 4164 periculis
2874 4109 2903 4147 a
2941 4086 3061 4147 Dco'
3117 4093 3382 4158 liberati,
3437 4086 3696 4164 magniﬁce

2117 4168 2321 4236 gratias
2356 4159 2577 4236 agimus
2617 4167 2746 4233 ipsi,
2811 4173 2998 4234 utpote
3061 4165 3168 4232 qui
3231 4159 3700 4218 adversus‘taletu

2119 4252 2300 4306 regem
2333 4236 2734 4306 dimicavimus.
2884 4303 2892 4306 _
2964 4303 2972 4306 _
3079 4302 3092 4306 _
3184 4303 3216 4306 _
3331 4303 3384 4306 Η
3689 4293 3699 4305 _

2195 4302 2311 4375 ipse
2363 4307 2507 4359 enim
2565 4305 2798 4358 ebullire
2873 4303 3000 4357 fecit
3057 4302 3136 4356 de
3181 4303 3423 4375 Perside
3481 4314 3574 4353 eos
3619 4302 3700 4366 qui

2121 4373 2505 4447 pugnaverunt
2527 4382 2731 4447 contra
2765 4389 2885 4439 nos,
2917 4383 2973 4427 et
2996 4384 3270 4447 sanctam
3301 4373 3604 4427 civitatem.

2196 4439 2330 4503 Nam
2364 4461 2487 4499 cum
2523 4445 2578 4498 in
2615 4443 2836 4498 Perside
2869 4453 3012 4497 esset
3040 4444 3168 4497 dux
3207 4445 3439 4512 ipse.get
3461 4455 3581 4493 cum
3605 4439 3705 4506 ipso

2120 4519 2424 4572 immensus
2451 4514 2754 4577 exercitus,
2780 4514 2981 4568 cecidit
3011 4513 3066 4566 in
3096 4510 3330 4582 templo
3361 4510 3708 4572 Naueae,con-

2119 4588 2246 4641 silio
2282 4586 2543 4654 deceptus
2575 4586 2926 4638 sacerdotum
2972 4583 3210 4636 Naneae.

2203 4649 2567 4709 Etenim'cum
2601 4669 2664 4706 ea
2697 4654 3045 4707 habitaturus
3094 4654 3265 4707 venit
3290 4653 3361 4706 ad
3405 4655 3581 4707 locum
3611 4649 3708 4701 An-

2120 4729 2358 4792 tiochus,
2395 4725 2634 4778 etamici
2671 4723 2816 4792 ejus,
2877 4733 2930 4778 et
2977 4733 3035 4775 ut
3105 4725 3416 4793 acciperet
3474 4723 3713 4792 pecunias

2121 4795 2490 4850 multas-dotis
2523 4793 2763 4847 nomine.

2193 4867 2441 4931 Ctunque
2477 4867 2898 4932 proposuissent
2925 4878 3018 4917 eas
3052 4864 3411 4919 sacerdotes
3427 4860 3640 4920 Nauem,
3666 4866 3714 4932 et

2122 4939 2237 5006 ipse
2265 4952 2386 4988 cunt
2413 4931 2904 5006 pa’ueisringressus
2920 4944 3076 4988 esset
3104 4936 3270 4989 intra
3297 4935 3574 4990 ambitum
3597 4931 3715 4992 lani,

2115 5005 2436 5062 clauserunt
2463 5005 2745 5071 templum.

2200 5101 2336 5154 Cum
2398 5101 2656 5153 intrasset
2694 5098 3047 5170 Antiochus:
3129 5109 3463 5170 apertoque
3525 5092 3720 5150 occulto

2120 5171 2270 5226 aditu
2295 5171 2507 5238 templi,
2535 5179 2809 5222 mittentes
2829 5169 3047 5236 lapides‘
3063 5169 3500 5237 percusserunt
3545 5169 3720 5220 ducem

2050 5243 2092 5296 Ι)
2124 5251 2176 5296 et
2211 5257 2307 5294 eos
2333 5243 2430 5315 qui
2461 5255 2584 5292 cum
2612 5254 2678 5291 eo
2710 5249 2975 5315 erar.t,._et
3003 5240 3347 5315 diviserunt
3368 5239 3719 5294 membratim,

2134 5321 2190 5366 et
2226 5312 2498 5379 capitibus
2527 5309 2843 5377 amputatis,
2883 5309 3032 5380 foras
3075 5309 3491 5380 projéeerunt.

2211 5377 2314 5435 Per
2349 5380 2532 5433 omnia
2571 5380 2895 5432 benedictus
2929 5377 3109 5441 Deus',
3173 5377 3282 5448 (iui
3319 5387 3493 5435 tradit
3526 5377 3721 5445 impios.

2207 5451 2430 5505 Facturi
2476 5451 2640 5519 igitur
2699 5451 2888 5518 quinta
2947 5460 3002 5500 et
3043 5451 3341 5504 vicesima
3395 5453 3487 5504 die
3542 5457 3726 5500 mensis

2128 5523 2325 5577 Casleu
2354 5521 2787 5590 puriﬁcationem
2809 5520 3021 5586 templi.
3051 5525 3468 5576 necessarium
3491 5519 3728 5590 duximus

2130 5589 2438 5660 signiﬁcare
2492 5596 2647 5644 vobis
2702 5597 2761 5642 ut
2805 5598 2860 5641 ct
2909 5603 3002 5642 vos
3039 5605 3296 5658 quoque
3355 5593 3532 5660 agatis
3597 5589 3724 5660 diem

2132 5659 2509 5732 διῖειιορθεὶω,
2551 5671 2603 5714 et
2641 5662 2787 5713 diem
2823 5660 2985 5732 ignis,
3018 5664 3133 5723 qui
3171 5670 3355 5715 datus
3388 5659 3500 5726 est,
3529 5659 3726 5729 quando

2130 5730 2443 5796 Nehemias,
2477 5732 2744 5784 aediﬁcato
2801 5730 2999 5797 templo
3061 5742 3127 5784 et
3195 5736 3398 5794 altari,
3435 5737 3731 5785 obtulitsa-

2131 5805 2358 5858 critieia.

2208 5873 2339 5926 Nam
2373 5888 2496 5927 cum
2542 5872 2593 5926 in
2624 5869 2901 5926 Persidem
2928 5867 3299 5929 ducerentur
3329 5887 3519 5944 potius
3554 5872 3727 5931 urit-ii,
