3840 6176
364 446 472 509 535’.

1269 449 1327 511 S.
1377 449 1809 509 lllEllONYMl
1858 452 2139 512 ιιινιΝΑ
2169 450 2704 511 BIBLIOTHECA.

3488 455 3575 518 536

373 610 378 614 .
435 567 593 622 Sicut
645 568 792 620 enim
828 582 982 620 noue
1030 566 1228 620 domus
1256 565 1560 620 architecto
1595 563 1662 620 de
1692 567 1948 620 universa
1981 573 2024 624 Δ
2121 566 2511 634 Accinctaaque
2540 564 2804 618 mulieres
2832 561 3036 617 ciliciis
3060 569 3269 630 pectus.
3291 576 3382 634 per
3401 561 3579 631 plateas

366 649 648 693 structura
680 637 982 690 curandum
1019 647 1104 689 est
1141 653 1155 690 :
1183 638 1234 690 ei
1269 651 1422 696 vero,
1475 636 1568 705 qui
1600 635 1823 706 pingere
1857 652 1953 690 cu-

365 720 482 774 rat,
507 724 628 776 quae
653 716 780 774 apta
809 716 936 760 sunt
986 707 1049 758 ad
1083 715 1362 771 ornatum,
1390 706 1730 776 exquirenda
1781 717 1910 760 sunt
1937 726 1950 761 :

367 781 439 832 ita
483 776 868 832 aestimandum
896 784 1062 830 estet
1093 776 1148 829 in
1185 777 1367 830 nobis.

443 849 663 903 Etenim
697 847 1036 900 intellectum
1068 847 1347 916 colligere,
1368 855 1424 900 et
1448 846 1709 901 ordinare
1737 862 1952 900 sermo-

365 934 520 983 nem,
548 930 604 972 et
635 917 913 988 curiosius
955 927 1140 984 partes
1185 917 1435 986 singulas
1457 933 1709 987 quasque
1733 917 1955 988 disqui-

369 1004 519 1053 rere,
550 987 790 1042 liistorim
821 988 1075 1054 congruit
1102 989 1342 1050 auctori.

441 1058 780 1112 Brevitatem
815 1073 949 1110 vero
969 1057 1231 1113 dictionis
1249 1057 1474 1123 sectari,
1493 1070 1550 1113 et
1566 1059 1956 1116 exsecutiones

371 1145 558 1183 rerum
588 1129 785 1187 vitare.
815 1127 1085 1182 brevianti
1120 1129 1539 1183 concedendum
1572 1139 1681 1186 est.

443 1199 582 1253 Hinc
613 1212 743 1266 ergo
773 1201 1147 1253 narrationem
1191 1198 1522 1266 incipiemus
1565 1215 1580 1255 :
1624 1201 1691 1254 de
1745 1200 1957 1254 Prefa-

375 1269 527 1323 tione
586 1279 796 1325 tantum
845 1267 1050 1322 dixisse
1074 1268 1310 1324 sullieiat
1344 1285 1359 1324 :
1395 1270 1621 1324 stultum
1643 1271 1848 1324 etenim
1870 1280 1955 1324 est

372 1348 499 1392 ante
529 1338 824 1395 historiam
861 1338 1106 1405 efﬂuere,
1133 1339 1189 1394 in
1221 1339 1338 1408 ipsa
1363 1350 1548 1394 autem
1583 1340 1809 1394 historia
1833 1356 1958 1395 suc-

376 1425 546 1478 cmg"
956 1479 1190 1538 carm
1225 1478 1313 1534 ιιι.

445 1599 617 1666 lgitur
635 1613 758 1651 cuin
781 1608 968 1651 sancta
989 1598 1183 1651 civitas
1202 1595 1546 1667 habitaretur
1565 1597 1619 1650 in
1641 1597 1787 1652 omni
1803 1611 1956 1667 pace,

381 1665 529 1737 leges
579 1671 743 1722 etiam
775 1670 957 1722 adhuc
996 1668 1203 1731 eptime
1258 1665 1697 1737 custodirentur,
1733 1665 1961 1736 propter

375 1738 528 1861 Quia:
551 1738 828 1808 pontificis
858 1739 1143 1809 pietatem,
1178 1748 1231 1790 et
1287 1736 1503 1789 animos
1526 1736 1653 1791 odio
1685 1737 1959 1793 habentes

375 1824 458 1861 ma
486 1826 537 1861 a.

373 1824 537 1864 Illala.

2058 631 2458 693 conﬂuebant;
2499 635 2593 688 sed
2626 643 2682 686 et
2710 634 2968 702 virgines,
3001 647 3123 700 quae
3155 631 3406 702 conclusa:
3430 649 3578 700 erant,

2059 706 2465 775 procurrebant
2495 704 2562 758 ad
2599 701 2849 775 Qniam’:
2881 701 3000 755 alia:
3034 708 3230 775 autem
3277 701 3338 754 ad
3375 716 3580 762 muros:

2057 771 2307 845 quaedam
2341 788 2472 828 vero
2501 789 2600 842 per
2632 773 2907 845 fenestras
2930 771 3284 840 aspiciebant.

2133 845 2414 900 Universae
2447 840 2635 898 autem
2669 842 3065 912 protendentes
3096 854 3284 894 manus
3309 840 3358 894 in
3389 842 3579 903 etclam.

2057 914 2518 985 deprecabantur.

2131 979 2263 1040 Erat
2291 986 2440 1040 enim
2507 982 2706 1040 misera
2773 981 3076 1037 eommistae
3134 979 3496 1044 multitudinis,
3542 993 3584 1037 et

2059 1056 2241 1126 magni
2275 1054 2589 1126 sacerdotis
2625 1059 2679 1108 in
2726 1068 2900 1122 agone
2952 1049 3235 1126 constituti
3268 1053 3582 1126 exspectatio.

2131 1119 2200 1181 Et
2231 1125 2287 1180 hi
2323 1124 2546 1194 quidem
2578 1119 2910 1178 invocabant
2933 1120 3390 1194 __o_mnipotentem
3417 1119 3583 1194 Deum,

2062 1207 2124 1252 ut
2153 1189 2365 1250 credita
2393 1193 2499 1248 sibi
2537 1192 2643 1258 his,
2681 1195 2779 1262 qui
2819 1189 3192 1254 crediderant,
3218 1204 3336 1244 eum
3361 1190 3496 1244 omni
3515 1192 3589 1244 iti-

2063 1267 2324 1336 tegritate
2351 1274 2841 1318 conservarentur.

2134 1328 2466 1391 Heliodorus
2506 1343 2714 1396 autem,
2744 1333 2889 1403 quod
2925 1333 3269 1403 decreverat,
3303 1328 3589 1403 perficiebat

2062 1407 2258 1462 eodem
2299 1405 2418 1458 loco
2475 1403 2593 1473 ipse
2638 1399 2777 1456 cuui'
2801 1401 3142 1466 satellitibus
3168 1399 3317 1454 circa
3369 1400 3588 1454 :erariutii

2104 1490 2328 1531 τπεοιιε.

2065 1494 2506 1613 prinSzflntsspiritus
2536 1541 2934 1613 omnipotentis
2961 1541 3056 1595 Dei
3088 1552 3337 1613 magnam
3369 1536 3594 1613 ft-eitsiiai

2065 1607 2398 1672 ostensiohis
2430 1607 2782 1677 evidentiam,
2816 1613 2890 1666 ita
2914 1621 2972 1665 ut
3000 1607 3205 1664 omnes
3249 1608 3338 1675 qui
3372 1607 3478 1659 ausi
3500 1607 3597 1658 fue-

2068 1695 2191 1740 rant
2216 1698 2412 1754 parere
2425 1685 2737 1748 ei,-rttentes
2762 1683 2855 1737 Dei
2879 1684 3098 1746 virtute,
3119 1680 3176 1732 in
3221 1677 3598 1732 dissolutionem

2067 1767 2123 1812 et
2158 1754 2507 1810 formidinem
2533 1763 3010 1808 converterentur.

2137 1825 2406 1894 Apparuit
2437 1824 2583 1877 enim
2619 1824 2726 1876 illis
2749 1824 2969 1891 quidam
3002 1813 3598 1894 equus_terri.bilemha-

444 1879 661 1966 Ῑξθικιβν
695 1887 834 1966 “rei
868 1879 968 1966 ίιιενῑ
999 1876 1958 1966 ιέςιςββρεξριξηςξιιςξλφριῇσξῌεξξξπξς
1985 1909 2030 1966 Β
2061 1876 2546 1966 ben—snsessorein,
2575 1876 2824 1966 toptiin'is
2876 1876 3238 1966 operimentis
3288 1885 3598 1966 adornatus:

375 1965 465 2003 mo
497 1951 710 2004 honore
739 1949 966 2016 dignum
1004 1946 1293 2013 ducerent,
1321 1957 1378 2003 et
1411 1947 1673 2017 templum
1701 1946 1957 2001 maximis

377 2021 704 2076 muneribus
735 2020 1081 2074 illustrarent
1127 2035 1140 2071 :

446 2090 524 2145 Ita
574 2101 633 2145 ut
665 2089 928 2145 Seleucus
952 2089 1090 2142 Asiae
1120 2102 1217 2141 rex
1254 2089 1321 2141 de
1351 2087 1659 2144 redditibus
1682 2085 1798 2141 suis
1823 2102 1956 2154 prae-

375 2169 546 2216 staret
581 2176 773 2215 omnes
790 2169 1048 2228 sumptus
1075 2159 1142 2212 ad
1165 2158 1531 2213 ministerium
1554 2157 1952 2214 sacrificiorum

376 2233 749 2299 pertinentes.

453 2303 641 2356 Simon
660 2312 843 2354 autem
863 2299 930 2353 de
954 2297 1098 2352 tribu
1122 2297 1401 2368 Benjamin
1418 2297 1744 2367 praepositus
1767 2297 1952 2368 templi

377 2373 734 2435 constitutus,
767 2370 1157 2430 contendebat,
1195 2369 1497 2422 obsistente
1553 2368 1655 2421 sibi
1704 2367 1954 2437 principe

377 2441 754 2505 sacerdotum,
780 2440 1027 2506 iniquum
1052 2437 1258 2506 aliquid
1298 2437 1592 2491 incivitate
1625 2439 1823 2491 moliri.

448 2514 552 2567 Sed
585 2527 708 2566 cum
769 2512 989 2563 vincere
1021 2507 1220 2562 Otiiam
1274 2524 1380 2562 non
1435 2519 1636 2575 posset,
1698 2510 1847 2562 venit
1883 2511 1948 2564 ad

380 2585 732 2653 Apollonium
758 2580 1038 2653 Tharsteze
1068 2578 1267 2653 filiuni;
1321 2579 1415 2646 qui
1464 2592 1529 2631 eo
1565 2587 1810 2647 tempore
1835 2593 1955 2636 erat

378 2649 486 2710 dtix
511 2651 819 2721 Caelosyriec
868 2657 939 2721 _et
971 2649 1246 2721 Plimtiicis
1277 2664 1294 2702 :

455 2727 517 2777 Et
536 2716 808 2776 nuntiavit
829 2719 903 2783 ei,
927 2719 1176 2788 pecuniis
1207 2716 1709 2772 innumerabilibus
1729 2719 1950 2788 plenum

377 2812 498 2850 esse
555 2792 811 2848 aurarium
850 2789 1237 2858 Jerosolymis,
1299 2799 1355 2860 et
1409 2803 1733 2860 communes
1763 2791 1954 2860 copias

381 2867 676 2918 immensas
704 2877 845 2923 esse,
888 2874 1007 2929 quae
1033 2857 1141 2912 ιιὸιι
1173 2859 1454 2929 pertinent
1483 2857 1547 2910 ad
1570 2857 1953 2929 rationemsa-

377 2936 712 2989 crificiorttm
750 2948 764 2989 :
806 2927 929 2984 esse
955 2939 1138 2983 autem
1174 2927 1462 2998 'po.~isibile
1515 2927 1621 2983 sub
1675 2940 1952 2998 potestate

381 3009 525 3074 regis
554 3004 751 3057 cudere
787 3003 1065 3074 universa.

449 3067 695 3142 Cumque
720 3071 998 3125 retulisset
1028 3069 1098 3122 ad
1129 3084 1312 3142 regem
1347 3067 1696 3142 Apollonius,
1751 3067 1824 3142 de
1853 3084 1954 3138 pe-

380 3147 561 3222 cuniis
607 3137 735 3212 qua:
767 3142 962 3194 delata:
979 3137 1274 3222 erantgille
1298 3142 1533 3218 accitum
1571 3137 1950 3222 Heliodorum,

2060 1969 2216 2036 isque
2261 1978 2388 2036 cum
2453 1953 2660 2036 impetu
2711 1953 3282 2036 Heliodoropriores
3325 1953 3602 2036 ealc_es_eli-

2058 2025 2170 2090 sit':
2203 2033 2296 2105 qui
2328 2042 2513 2086 autem
2533 2025 2592 2088 ἐἰ
2631 2033 2876 2095 sedebat,
2911 2025 3205 2084 videbatur
3245 2039 3392 2080 arma
3419 2025 3597 2078 habere

2058 2120 2250 2161 aurea.

2131 2174 2237 2231 Alii
2269 2175 2436 2230 etiam
2472 2177 2849 2245 apparuerunt
2876 2168 2988 2245 duo
3039 2169 3275 2245 juvenes
3303 2164 3498 2245 virtute
3523 2167 3601 2245 de-

2058 2246 2198 2310 cori,
2230 2247 2424 2315 optimi
2457 2235 2650 2316 gloria,
2702 2235 3054 2310 speciosiqite
3094 2237 3300 2316 amictn
3340 2250 3355 2290 :
3391 2235 3601 2316 q_ui_cir-

2058 2305 2644 2374 eumste'terunt'eum,
2665 2321 2720 2366 et
2735 2305 2805 2364 ex
2826 2305 3059 2378 utraque
3079 2316 3238 2378 parte
3262 2305 3602 2374 flagellabant,

2058 2387 2178 2441 sine
2211 2386 2625 2440 intermissione
2661 2380 2848 2435 multis
2879 2377 3052 2448 plagis
3087 2377 3462 2448 verberantes.

2130 2457 2324 2511 Subito
2380 2468 2563 2510 autem
2622 2445 2992 2506 Heliodor’us'
3018 2447 3271 2502 concidit
3317 2445 3372 2498 in
3405 2454 3606 2510 terrain,

2056 2541 2292 2594 eumque
2346 2526 2518 2580 multa
2571 2522 2803 2590 caligine
2852 2516 3269 2594 circumfusum
3307 2523 3606 2583 rapuerunt,

2058 2587 2223 2665 atque
2252 2597 2304 2651 in
2333 2597 2467 2650 sella
2499 2587 2800 2665 gestatoria
2833 2588 3076 2665 positum
3109 2587 3416 2665 eiecerunt.

2129 2652 2196 2720 Et
2221 2667 2288 2732 is,
2325 2666 2418 2735 qui
2448 2652 2574 2720 cii'm
2611 2661 2799 2715 multis
2829 2652 3160 2735 cursoribus
3208 2663 3267 2709 et
3308 2652 3612 2735 satellitibus

2058 2724 2376 2804 prtedietutii
2422 2739 2702 2804 ingressus
2746 2737 2832 2784 est
2903 2729 3166 2804 aerarium
3205 2765 3220 2788 ,
3290 2724 3610 2804 portabatur,

2057 2793 2211 2860 nullo
2252 2806 2354 2861 sibi
2382 2793 2651 2859 auxilium
2678 2801 2916 2864 ferente,
2952 2795 3253 2851 manifesta
3286 2793 3380 2847 Dei
3411 2794 3611 2862 cognita

2058 2887 2261 2930 vtrtute
2297 2893 2311 2929 ἒ

2130 2947 2194 2999 Et
2216 2947 2306 3000 ille
2335 2945 2554 3016 quidem
2590 2957 2687 3012 per
2715 2940 2954 3016 divinam
2983 2937 3252 3016 virtutem
3279 2932 3490 3006 jacebat
3510 2947 3618 2985 mu-

2059 3027 2171 3080 tus,
2197 3008 2368 3084 atque
2397 3016 2545 3068 omni
2575 3008 2670 3081 spe
2707 3013 2976 3084 et_sa|ute
3007 3008 3282 3084 privatus.

2133 3072 2195 3138 lii
2227 3072 2410 3140 autem
2441 3072 2734 3138 Dominum
2767 3072 3196 3154 benedicebant,
3224 3075 3352 3154 qnia
3384 3072 3612 3154 magnifi-

2058 3156 2223 3210 cabat
2249 3157 2432 3209 locum
2476 3169 2637 3208 suum
2669 3168 2684 3204 :
2729 3161 2784 3205 et
2819 3152 3106 3219 templum,
3143 3146 3292 3216 quod
3318 3145 3474 3213 paulo
3503 3145 3615 3219 aiite

381 3209 1264 3304 optim,ﬁfty?“tlﬁsgljfﬁtﬁ;
1278 3209 1631 3304 h'jt'jﬁlijm
1680 3211 1952 3262 ¹¹¹³¹¹ί¹³ιί⁵
1978 3244 2022 3304 ο
2062 3209 2261 3280 timore
2294 3239 2358 3278 ac
2391 3225 2631 3278 tumultu
2665 3231 2784 3304 erat
2813 3209 3070 3298 plen-uin,
3090 3209 3408 3304 'ap'parleiite
3461 3212 3622 3267 oiutiio

384 3295 444 3338 ut
476 3283 788 3352 praidictatn
811 3281 1113 3352 pecuniam
1149 3288 1574 3352 t-ransliortaret.

456 3349 763 3420 Statimque
802 3350 1129 3420 Heliodorus
1161 3349 1266 3402 iter
1297 3357 1386 3403 est
1417 3362 1730 3420 aggressus,
1763 3350 1948 3418 specie

383 3426 605 3493 quidem
635 3416 788 3490 quasi
825 3436 918 3489 per
945 3419 1298 3488 (lmlesyriam
1359 3425 1412 3470 et
1480 3416 1950 3473 l’hu-ntceii'civi-

387 3506 528 3549 tates
558 3503 706 3547 esset
735 3500 1123 3561 peragraturus
1156 3505 1170 3542 :
1211 3505 1400 3542 revera
1430 3497 1612 3540 autem
1649 3493 1791 3556 regis
1828 3505 1953 3557 pro-

386 3567 626 3634 positum
670 3561 1040 3631 perfecturus.

458 3637 564 3689 Sed
623 3629 745 3688 cum
785 3633 1022 3684 venisset
1075 3629 1491 3700 Jerosolyniam,
1543 3640 1599 3684 et
1649 3631 1880 3700 benigne
1925 3647 1952 3684 a

386 3720 602 3758 summo
633 3701 944 3760 sacerdote.
987 3703 1039 3754 ιιι
1071 3703 1292 3755 eivitate
1327 3714 1472 3755 esset
1507 3713 1794 3768 exceptus,
1828 3717 1956 3754 llﬂr-

388 3777 528 3829 ravit
558 3775 622 3826 de
655 3773 782 3826 dato
835 3771 1038 3824 indicio
1091 3772 1496 3840 pecuniarum:
1533 3782 1608 3835 et,
1669 3772 1825 3840 cujus
1878 3771 1952 3824 rei

385 3846 559 3914 gratia
580 3844 816 3906 adesset,
846 3847 1097 3910 apt-ruit:
1133 3843 1504 3911 interrogabat
1528 3851 1732 3906 autem,
1757 3843 1800 3894 si
1831 3856 1957 3894 vere

388 3925 502 3968 inec
534 3917 606 3968 ita
643 3925 844 3967 essent.

458 3986 615 4039 'l'utic
645 3999 894 4037 summus
948 3983 1206 4036 sacerdos
1264 3980 1508 4035 ostendit
1539 3981 1788 4050 deposita
1833 3995 1953 4033 esse

391 4059 525 4119 Ιιων,
552 4065 608 4108 et
642 4056 897 4107 victualia
931 4054 1239 4114 viduarum,
1268 4065 1321 4104 et
1359 4053 1716 4120 pupillorum.

460 4125 718 4191 Quaedam
745 4138 876 4177 vero
905 4138 1027 4175 esse
1063 4123 1280 4175 llircani
1311 4121 1497 4174 Tobiae
1520 4123 1618 4174 viri
1647 4121 1799 4174 valde
1825 4123 1958 4174 em?-

387 4197 594 4258 ttcntis,
629 4197 682 4247 iti
718 4195 824 4255 his,
863 4209 983 4260 qua:
1024 4192 1294 4245 detulerat
1327 4193 1528 4260 impius
1563 4193 1752 4245 Simo"
1782 4206 1796 4245 :
1835 4194 1960 4244 tini-

389 4282 546 4321 versa
585 4273 767 4318 autem
801 4264 1011 4332 argenti
1049 4264 1251 4318 talenta
1288 4276 1408 4315 esse
1440 4264 1868 4331 quadringenta.
1901 4273 1958 4314 et

385 4339 500 4391 auri
528 4336 784 4389 ducenta.

462 4429 649 4498 Decipi
678 4443 806 4482 vero
827 4443 946 4492 eos,
973 4427 1064 4496 qui
1086 4427 1452 4482 credidissent
1484 4425 1626 4491 loco,
1650 4433 1704 4477 et
1735 4421 1959 4491 templo,

387 4501 534 4568 quod
589 4515 684 4567 per
745 4501 1058 4553 universuttt
1135 4501 1398 4552 titititdtttii
1480 4498 1803 4568 honoratur,
1855 4509 1962 4568 pro

389 4564 890 4632 suivciicrationc,
938 4583 992 4622 et
1024 4571 1316 4622 sanctitate
1357 4568 1584 4622 omnino
1623 4564 1961 4634 impossibile

389 4657 529 4693 Cebe-

465 4734 534 4783 At
575 4731 664 4784 ille
700 4746 796 4799 pro
817 4730 925 4791 his,
951 4745 1073 4797 quae
1106 4729 1344 4782 ltabebat
1374 4730 1425 4780 iit
1465 4727 1738 4799 mandatis
1764 4741 1792 4780 a
1817 4740 1966 4795 rege,

391 4802 610 4854 diccbat
638 4797 786 4852 omni
813 4816 1014 4869 genere
1045 4803 1155 4870 regi
1196 4815 1257 4852 ea
1291 4797 1779 4870 essedeferetida.

464 4873 777 4925 Constituto
806 4866 987 4923 autem
1023 4866 1382 4923 die'intrabat
1416 4869 1484 4922 de
1516 4869 1602 4919 his
1637 4866 1968 4920 Heliodorus

390 4943 774 4997 ordinaturus.
809 4941 927 4995 Non
967 4939 1178 4994 modica
1208 4954 1338 4994 vero
1373 4955 1468 5008 per
1495 4938 1808 4992 universam
1835 4938 1966 4991 civi-

393 5024 556 5067 tatem
584 5021 698 5064 erat
730 5013 1042 5079 trepidatio.

463 5083 792 5136 Sacerdotes
826 5091 1007 5135 autem
1043 5093 1170 5138 ante
1195 5082 1369 5136 altare
1401 5096 1526 5134 eum
1564 5080 1724 5134 stolis
1776 5092 1964 5131 sacer-

392 5154 673 5208 dotalibus
715 5152 1060 5222 jactaveruot
1114 5163 1194 5215 s‘e.
1254 5162 1312 5207 et
1373 5149 1797 5205 invocabantde
1824 5150 1966 5222 coelo

391 5242 538 5288 eunt,
563 5223 658 5292 qui
685 5220 752 5277 de
787 5223 1054 5291 depositis
1090 5225 1263 5294 legem
1294 5223 1498 5292 posuit,
1523 5233 1580 5275 ut
1612 5223 1720 5285 bis,
1747 5220 1838 5287 qui
1870 5222 1966 5272 de-

392 5305 692 5367 posuerant
726 5310 812 5358 ea,
847 5295 993 5367 salva
1023 5295 1350 5367 custodiret.

460 5369 579 5422 Jaiti
613 5380 744 5418 vero
773 5365 864 5434 qui
907 5365 1126 5418 videbat
1177 5365 1374 5418 summi
1411 5362 1714 5417 sacerdotis
1749 5362 1962 5414 vultum

394 5447 575 5492 incute
612 5437 1010 5488 vulnerabatur
1043 5451 1059 5488 :
1095 5437 1264 5488 facies
1296 5437 1468 5496 enim,
1500 5443 1556 5487 et
1587 5435 1741 5486 color
1768 5435 1967 5484 inimu-

395 5521 538 5561 tatus
568 5507 883 5560 declarabat
906 5505 1184 5559 internum
1226 5509 1394 5556 animi
1427 5505 1670 5557 dolorem
1708 5517 1722 5552 :

464 5576 813 5632 Circumfusa
843 5592 989 5628 enini
1022 5587 1140 5629 erat
1171 5577 1430 5628 inuistttia
1461 5578 1706 5641 quamam
1744 5572 1882 5634 viro,
1911 5582 1966 5626 ct

397 5650 561 5701 lioror
589 5649 859 5713 corporis.
891 5663 988 5714 per
1016 5663 1177 5713 quem
1209 5647 1533 5698 manifestus
1567 5644 1962 5711 aspicientibus

392 5720 550 5769 dolor
577 5718 760 5769 cordis
789 5719 910 5780 ejus
940 5718 1302 5769 cllicicbatttr.

467 5787 572 5838 Alit
599 5785 765 5836 etiam
798 5788 1060 5851 gregatim
1093 5790 1159 5839 de
1192 5785 1443 5839 domibus
1465 5785 1835 5850 confluebant,
1860 5800 1964 5854 pu-

397 5856 533 5908 blica
589 5855 989 5925 supplicatione
1037 5858 1411 5918 obsecrantes,
1477 5872 1576 5924 pro
1621 5877 1686 5912 eo
1726 5868 1869 5925 quod
1907 5858 1958 5908 iii

399 5935 778 5992 contemptum
811 5923 965 5978 locus
995 5937 1140 5980 (τέξει
1169 5942 1452 5981 initurus.

2061 3305 2281 3368 potente
2311 3294 2568 3357 Domino,
2602 3287 2898 3368 gaudioget‘
2921 3288 3113 3368 laetitia
3147 3287 3434 3368 impletum
3463 3293 3561 3368 est.

2127 3364 2280 3420 Tunc
2309 3381 2441 3418 vero
2463 3379 2530 3418 ex
2557 3354 2752 3416 amicis
2786 3358 3074 3429 Heliodori
3114 3359 3344 3429 quidam
3373 3354 3616 3429 rogabant

2054 3437 2341 3493 confestim
2373 3432 2589 3492 Oniam.
2616 3441 2675 3485 ut
2703 3431 2984 3483 invocaret
3021 3428 3398 3499 Altissimum,
3464 3432 3520 3475 ut
3558 3436 3627 3499 ιιι-

2055 3519 2166 3562 tani
2199 3509 2428 3560 donaret
2451 3505 2523 3569 ei,
2551 3502 2644 3572 qui
2676 3501 2731 3554 in
2761 3512 3020 3569 supremo
3043 3497 3254 3566 spiritu
3283 3503 3406 3548 erat
3430 3497 3620 3546 consti-

2059 3590 2230 3633 tutus.

2126 3629 2498 3704 considerans
2527 3653 2707 3698 autem
2744 3653 2993 3695 summus
3049 3635 3364 3710 sacerdos,
3411 3648 3476 3710 ne
3501 3629 3627 3710 forte

2059 3735 2152 3773 rex
2184 3719 2558 3786 suspicaretur
2592 3713 2852 3766 malitiam
2881 3710 3229 3786 aliquam-ex
3260 3704 3466 3786 Iudaeis
3493 3704 3625 3777 circa

2061 3776 2412 3843 Heliodorum
2449 3791 2905 3845 consummatam,
2955 3779 3164 3831 obtulit
3205 3791 3308 3846 pro
3337 3776 3512 3828 salute
3537 3776 3628 3823 vrri

2050 3859 2294 3912 “liost:am
2322 3857 2641 3912 salutarem.
2866 3919 2878 3922 _
3304 3915 3337 3922 __
3365 3912 3378 3922 _
3491 3911 3502 3922 ,

2129 3927 2380 3996 Cumque
2411 3940 2658 3979 summus
2690 3919 2948 3996 sacerdos
2978 3926 3269 3980 exoraret,
3303 3912 3631 3996 iidelnijuve-

2063 4014 2160 4053 nes
2219 3983 2427 4052 eisdem
2484 3996 2734 4049 vestibus
2790 3994 2996 4054 amicti,
3028 4000 3293 4042 astantes
3332 3983 3635 4038 lleliodoro.

2062 4069 2320 4122 dixerunt
2347 4083 2361 4122 :
2389 4066 2542 4121 Otiia:
2569 4063 2844 4117 sacerdoti
2864 4060 3070 4127 gratias
3091 4074 3200 4126 age
3226 4073 3244 4114 t
3281 4072 3410 4110 nam
3435 4061 3638 4122 propter

2064 4155 2189 4192 eum
2225 4139 2491 4192 Dominus
2525 4135 2618 4188 tibi
2657 4134 2822 4184 vitaui
2854 4130 3104 4183 donavit.

2136 4208 2218 4262 Tu
2255 4218 2490 4262 autenia
2516 4203 2628 4258 Deo
2662 4202 2984 4271 flagellatus,
3021 4198 3226 4252 nuntia
3261 4195 3518 4250 omnibus
3537 4205 3642 4243 ma-

2065 4279 2244 4348 gnalia
2271 4277 2392 4339 Dei,
2425 4285 2481 4330 et
2513 4270 2862 4340 potestatem.
2902 4270 2969 4322 Et
3000 4272 3088 4323 his
3125 4271 3332 4331 dictis,
3361 4280 3467 4318 uoti
3499 4275 3638 4315 cotu-

2069 4356 2393 4418 paruerutit.
2797 4412 2807 4418 _
2927 4411 2936 4418 _
3009 4408 3041 4418 h
3469 4413 3480 4418 Α
3589 4395 3619 4418 Α

2145 4417 2470 4472 Heliodorus
2527 4419 2730 4474 autem,
2796 4411 2974 4464 hostia
3009 4408 3124 4464 Deo
3160 4406 3376 4480 oblata.
3433 4413 3486 4458 et
3513 4410 3646 4480 vctis

2069 4490 2280 4560 magnis
2312 4486 2597 4556 promissis
2647 4484 2696 4535 ei
2776 4483 2868 4549 qui
2915 4479 3235 4560 vivereiilli
3274 4479 3644 4560 concessit,

2069 4539 2451 4627 Dirige—gratias
2480 4539 2666 4624 agetis,
2694 4539 2917 4620 recepto
2948 4552 3234 4612 exercitu,
3273 4542 3570 4615 repedabat
3589 4539 3647 4590 ad

2068 4645 2270 4682 regem.

2163 4647 2270 4680 clll.

2129 4647 2478 4751 gTestabatur
2524 4705 2706 4748 autem
2748 4693 3006 4746 omnibus
3056 4706 3126 4742 ca
3163 4703 3298 4758 qua:
3360 4686 3464 4739 sub
3492 4677 3652 4734 oculis

2069 4770 2184 4825 suis
2218 4770 2429 4821 viderat
2457 4782 2622 4835 opera
2657 4765 2835 4832 magni
2877 4762 2995 4814 Det.
3084 4829 3126 4835 __
3178 4830 3210 4835 __
3288 4833 3296 4835 Α
3611 4818 3620 4827 .

2139 4845 2275 4891 tium
2304 4829 2510 4891 autem-
2532 4851 2623 4888 rex
2657 4829 3048 4900 interrogasset
3084 4829 3495 4884 Heliodorum.
3534 4833 3652 4888 (ιιιιύ

2067 4920 2215 4964 esset
2264 4919 2426 4977 aptus
2465 4908 2647 4960 adhuc
2689 4904 2855 4957 semel
2887 4905 3328 4977 Jerosolyinaiu
3360 4900 3655 4977 uultur-ait:

2141 4965 2381 5048 biqucttt
2423 4980 2593 5030 habes
2619 4977 2858 5048 hostem,
2905 4985 3006 5048 aut
3037 4965 3207 5038 regni
3249 4971 3333 5021 tui
3384 4965 3658 5048 itistdiato:

2071 5066 2208 5111 rem,
2236 5040 2397 5102 iiiitte
2433 5052 2586 5110 illuc,
2653 5057 2707 5099 ct
2761 5044 3098 5110 flagellatutit
3147 5057 3290 5092 cum
3330 5040 3584 5111 recipies,
3621 5042 3659 5077 st

2071 5108 2522 5175 taiitenevasertt
2567 5108 2633 5171 eo
2687 5108 2921 5184 quod—iu
2954 5115 3080 5166 loco
3130 5123 3207 5164 Sit
3243 5125 3379 5162 vere
3408 5108 3660 5171 Deiquze-

2067 5195 2189 5246 datu
2234 5192 2426 5242 virtus.
3625 5238 3634 5245 .

2139 5264 2274 5315 Nam
2317 5263 2459 5328 ipse,
2501 5258 2594 5328 qui
2635 5257 2797 5309 liabet
2827 5253 2883 5328 in
2910 5251 3068 5328 caelis
3112 5248 3554 5328 liabitatioiietit,
3592 5253 3665 5328 ιιῖ

2068 5309 2284 5395 sitinter,
2307 5309 2637 5400 ei‘a'dji'itor
2685 5337 2775 5400 est
2827 5326 2931 5376 luet
2971 5326 3152 5400 illius,
3196 5333 3253 5374 et
3289 5325 3573 5371 \eiiietites
3603 5309 3662 5363 ad

2072 5394 2536 5456 malefaciendum
2575 5399 2807 5468 percutit
2846 5412 2909 5448 ac
2945 5394 3160 5468 perdit.
3294 5462 3327 5468 Π
3407 5458 3417 5468 .

2139 5474 2306 5540 Igitur
2337 5473 2405 5525 de
2434 5462 2752 5526 Heliodoro.
2790 5476 2845 5518 et
2871 5465 3052 5518 aerarii
3092 5462 3373 5516 custodia
3407 5462 3480 5511 ita
3508 5465 3662 5508 resse

2069 5544 2251 5598 habet.

2663 5607 2888 5662 CAPU’I'
2935 5602 3019 5658 ιν.

2139 5707 2326 5762 Situon
2359 5716 2540 5760 autem
2572 5703 2871 5772 praedictus
2924 5698 3343 5772 pecuniarum,
3393 5703 3452 5750 et
3496 5689 3671 5762 patria:

2068 5782 2303 5842 delator,
2353 5780 2494 5831 male
2521 5770 2874 5845 ‘ltiqtiebatui'
2906 5787 2973 5821 ue
3005 5770 3189 5831 Uitia,
3215 5779 3508 5845 tanquam
3565 5774 3671 5828 ipse

2069 5854 2425 5904 lleltodorutii
2459 5841 2773 5915 itiétigitssct
2811 5843 2873 5894 ad
2913 5846 3052 5902 litct',
3107 5850 3168 5891 ct
3214 5841 3334 5907 ipse
3366 5841 3561 5889 fotssct
3595 5845 3663 5881 itt-

2070 5931 2259 5978 scutor
2293 5923 2580 5974 inaloruni.
