3840 6176
223 368 320 435 Sil

1382 368 1612 429 LIBER
1661 370 1685 429 Ι
1732 370 2355 433 ΜΑΕΗΑΒᾹΞΟΒΠΜ.

3394 375 3497 443 διε

283 487 525 540 Obsecro
544 490 728 537 autem
752 497 869 545 eos,
898 481 991 552 qui
1024 483 1169 536 liunc
1200 480 1398 537 librum
1426 482 1622 537 lecturi
1652 492 1801 547 sunt,
1841 489 1888 545 Α
1936 553 1944 555 Α
1985 484 2135 540 Unus
2174 495 2355 539 autem
2407 500 2473 539 ex
2518 483 2647 549 illis,
2672 484 2768 555 qui
2806 494 2927 555 erat
2974 483 3205 555 primus,
3253 487 3331 544 sic
3372 487 3493 548 ait:

223 572 290 614 ne
322 554 719 609 abhorrescant
750 562 976 621 propter
1004 557 1268 606 adversos
1303 568 1485 616 casus,
1519 554 1612 606 sed
1645 569 1803 620 repu-

226 637 358 691 tent,
410 640 501 685 ea,
555 637 678 692 qua!
712 623 1050 685 acciderunt,
1085 638 1193 676 non
1228 624 1293 677 ad
1348 623 1654 687 interitum,
1708 626 1803 677 sed

226 699 288 752 ad
317 694 724 764 correptionem
755 708 875 747 esse
908 694 1124 762 generis
1153 693 1350 748 nostri.

289 763 498 821 Etenim
552 763 725 816 multo
780 774 1025 831 tempore
1060 779 1164 817 non
1197 764 1379 816 sinere
1424 763 1803 832 peccatoribus

227 854 285 891 ex
317 835 588 889 sententia
623 848 802 895 acere,
851 833 945 886 sed
998 836 1181 887 statim
1236 833 1472 887 ultiones
1518 835 1804 897 adhibere,

229 907 400 971 magni
431 902 683 958 beneficii
716 913 794 956 est
842 903 1130 957 indicium.

289 975 404 1030 Non
434 976 604 1033 enim,
633 975 775 1027 sicut
806 974 858 1027 in
889 974 1013 1026 aliis
1038 972 1374 1037 nationibus,
1410 973 1676 1027 Dominus
1709 988 1804 1042 pa-

230 1049 413 1100 tienter
440 1052 748 1112 exspectat,
779 1052 839 1095 ut
867 1058 980 1109 cas,
1016 1058 1139 1096 cum
1174 1044 1367 1113 iudicii
1412 1046 1530 1098 dies
1560 1045 1804 1100 advene-

234 1121 314 1181 rit,
348 1118 398 1168 in
434 1114 774 1183 plenitudine
802 1125 1151 1181 peccatorum
1187 1116 1401 1182 puniat.

296 1188 365 1239 lia
399 1182 536 1237 etin
571 1182 731 1236 nobis
755 1183 966 1247 statuit,
1002 1186 1052 1235 iii
1109 1185 1347 1250 peccatis
1399 1182 1603 1238 nostris
1644 1186 1697 1239 in
1735 1185 1798 1238 tl-

231 1272 342 1311 nem
366 1253 661 1313 devolutis,
698 1252 772 1305 ita
803 1253 1019 1305 demum
1058 1253 1110 1306 iii
1146 1270 1246 1307 nos
1278 1254 1535 1307 vindicet.

293 1327 517 1391 Propter
558 1321 707 1392 quod
744 1338 1025 1389 nunquam
1060 1324 1284 1391 quidem
1321 1339 1349 1375 a
1389 1324 1549 1377 nobis
1581 1326 1800 1379 miseri-

229 1396 455 1451 cordiam
487 1408 646 1448 suam
673 1404 889 1444 amovet
920 1408 937 1445 :
967 1394 1280 1461 corripiens
1314 1410 1441 1448 vero
1470 1395 1523 1447 in
1557 1398 1801 1450 adversis

232 1467 484 1535 populum
526 1478 696 1535 suum
726 1476 831 1535 non
859 1462 1215 1535 derelinquit.

291 1536 393 1589 Sed
426 1536 542 1587 haec
567 1532 739 1603 nobis
764 1532 830 1584 ad
863 1532 1349 1586 commonitionem
1382 1533 1681 1603 legentium
1721 1538 1801 1590 di-

228 1618 305 1661 cta
334 1606 443 1660 sint
472 1604 685 1673 paucis.
716 1600 836 1654 Jam
886 1612 1068 1656 autem
1104 1600 1548 1657 veniendum—est
1581 1607 1648 1658 ad
1676 1624 1802 1661 nar-

226 1682 507 1729 rationem.

287 1745 454 1813 Igitur
484 1742 782 1797 Eleazarus
827 1755 971 1794 unus
1001 1741 1067 1795 de
1099 1742 1439 1810 primoribus
1467 1744 1795 1810 scribarum,

222 1817 298 1869 vir
325 1826 482 1869 aetate
530 1820 843 1883 provectus,
891 1820 947 1865 et
974 1813 1129 1866 vultu
1177 1815 1434 1877 decoros,
1481 1828 1673 1883 aperto
1700 1832 1795 1871 ore

224 1887 368 1940 liizins
440 1882 875 1952 compellebatur
930 1896 1154 1937 carnem
1218 1882 1793 1953 porciiiam’maiidu-

220 1971 356 2011 care.

270 2024 447 2079 Atille
473 2021 931 2095 gloriosissimam
960 2030 1191 2076 mortem
1228 2026 1400 2093 magis
1425 2041 1588 2095 quam
1621 2028 1794 2083 odim.

220 2096 522 2169 leiugvitam
550 2094 945 2163 complectens,
973 2094 1277 2150 voluntarie
1304 2094 1531 2166 pneiiiat
1562 2098 1626 2151 ad
1663 2113 1795 2169 sup-

258 2167 463 2221 licium.

223 2182 515 2290 plllcllllt'lgils
547 2243 753 2296 autem,
788 2233 1252 2307 quemadmodum
1295 2245 1579 2307 oporteret
1638 2256 1795 2296 acce-

224 2308 364 2368 dere,
399 2307 671 2376 patienter
702 2307 1000 2368 sustinens,
1034 2305 1464 2362 destinavit—non
1501 2310 1794 2366 adiiiitlere

225 2378 407 2432 illicita
437 2383 660 2443 propter
692 2379 817 2428 vita:
849 2390 1115 2430 amorem.

275 2447 335 2500 ili
363 2458 568 2511 autem,
599 2445 693 2514 qui
719 2446 989 2508 astabant,
1018 2446 1204 2515 iniqua
1239 2447 1595 2503 miseratione
1630 2465 1786 2505 com-

224 2529 381 2583 moti,
427 2526 652 2585 propter
693 2516 1123 2585 ειιιίίιυδιιιηνὶτί
1168 2519 1487 2581 amicitiam,
1540 2520 1793 2576 tollentes

223 2603 337 2641 eum
377 2584 591 2641 secreto
638 2589 902 2657 rogabant
942 2584 1122 2640 afferri
1161 2602 1374 2650 carnes,
1414 2590 1615 2657 quibus
1645 2593 1790 2646 vesci

224 2658 268 2710 ei
312 2657 528 2719 licebat,
577 2663 639 2707 ut
680 2655 1035 2708 simularetur
1086 2655 1465 2724 manducasse,
1502 2663 1647 2715 sicut
1694 2677 1791 2717 rex

225 2729 571 2793 imperaverat
596 2724 665 2780 de
693 2724 946 2779 sacrificii
974 2729 1234 2781 carnibus
1265 2742 1281 2783 :

285 2799 368 2858 Ut,
418 2798 530 2871 lioe
568 2796 732 2871 faeie,
765 2811 818 2871 _a_
842 2803 1019 2871 morte
1045 2797 1528 2871 liberai'etiirret
1570 2811 1794 2871 prepter

225 2880 449 2922 veterem
482 2868 586 2920 viri
619 2865 939 2931 amicitiam,
965 2864 1108 2921 hanc
1130 2868 1186 2921 in
1208 2883 1275 2922 eo
1303 2864 1793 2927 faciebant-buma-

223 2952 459 2994 ιιιιεηειιι.

288 3014 355 3063 At
400 3012 490 3063 ille
540 3007 785 3076 cegitare
830 3006 1002 3075 caapit
1044 3008 1219 3063 aetatis
1250 3022 1313 3063 ac
1341 3013 1646 3067 senectutis
1680 3030 1793 3069 sum

221 3080 565 3135 eminentiam
588 3080 897 3152 dignani,_et
921 3078 1173 3147 ingenitae
1192 3080 1494 3134 nobilitatis
1515 3086 1790 3152 canitiem,

222 3164 373 3220 atque
425 3166 453 3204 a
510 3164 685 3217 puero
733 3149 953 3220 optima:
990 3152 1431 3220 conversationis
1482 3166 1687 3209 actus:
1739 3149 1795 3209 et

221 3216 735 3275 secundunisanctai
766 3227 823 3270 et
852 3233 883 3271 a
908 3216 1020 3272 Deo
1047 3219 1279 3273 coaditze
1306 3219 1442 3287 legis
1467 3226 1786 3288 constituta,

220 3292 495 3361 respondit
523 3289 653 3355 cito,
697 3288 909 3349 dicetis.
951 3289 1209 3356 praemitti
1250 3305 1307 3343 se
1340 3291 1478 3346 velle
1521 3294 1577 3345 in
1612 3295 1789 3349 infer-

219 3378 361 3415 liUlll.

279 3432 396 3486 Non
429 3430 578 3485 enim
609 3428 787 3483 astatis
819 3438 1020 3482 nostrae
1040 3427 1275 3501 dignum
1306 3441 1410 3498 est,
1445 3432 1644 3501 inquit,
1678 3432 1781 3488 fin-

216 3520 334 3571 gere
372 3518 386 3557 :
436 3513 496 3554 ut
528 3504 683 3553 multi
716 3499 1172 3566 adolescentium,
1208 3499 1540 3557 arbitrantes
1572 3505 1791 3558 Eleaza-

218 3590 328 3626 rum
361 3572 659 3640 nonaginta
694 3582 968 3623 annorum
1006 3572 1267 3626 transisse
1294 3571 1361 3624 ad
1396 3574 1563 3627 vitam
1594 3576 1787 3629 alieni-

216 3659 465 3713 genarum
492 3656 507 3693 :

276 3719 338 3767 tt
377 3714 481 3780 ipsi
515 3718 955 3784 propter__meani_
995 3709 1431 3784 simulationem,
1477 3720 1533 3767 et
1568 3722 1790 3784 propter

216 3786 479 3837 modicum
509 3780 886 3850 corruptibilis
910 3781 1032 3835 vitai
1084 3794 1299 3852 tempus
1325 3780 1696 3853 decipiantur,
1733 3797 1790 3840 et

213 3872 306 3923 per
334 3857 438 3908 but:
467 3853 735 3906 maculam
798 3860 962 3920 atque
994 3855 1429 3908 exsecrationem
1462 3869 1596 3908 mea:
1627 3868 1788 3910 seue-

212 3928 341 3978 ctuti
368 3924 712 3989 conquiram.

269 3994 419 4059 Nam,
442 3993 548 4047 etsi
571 3993 624 4046 in
650 3991 902 4060 praesenti
926 4002 1168 4061 tempore
1190 3992 1476 4063 suppliciis
1500 3992 1789 4050 hominum

212 4068 424 4133 eripiar,
475 4066 569 4117 sed
625 4079 845 4116 manum
890 4063 1298 4132 Ouinipotentis
1341 4080 1442 4117 nec
1476 4064 1631 4119 vivus
1688 4081 1788 4121 nec

213 4139 501 4189 deluiictus
543 4133 826 4199 cll'ugiaui.

280 4210 448 4271 Quam
478 4205 550 4257 ob
589 4219 701 4255 rem
733 4202 954 4259 fortiter
980 4204 1092 4259 vita
1120 4203 1462 4272 excedenda,
1493 4213 1787 4261 senectute

210 4282 425 4348 quidem
460 4278 658 4348 dignus
682 4280 999 4343 apparebo:

271 4345 728 4400 Adulescentibus
752 4358 933 4399 autem
956 4346 1265 4416 exemplum
1293 4344 1431 4400 forte
1458 4347 1786 4413 relinquam,

209 4419 251 4471 si
291 4426 540 4486 prompto
590 4417 795 4477 animo,
848 4430 913 4469 ac
942 4417 1160 4470 fortiter
1208 4432 1305 4486 pro
1349 4418 1689 4483 gravissimis
1725 4432 1788 4470 ac

209 4488 563 4540 saintissiiuis
602 4487 813 4553 legibus
866 4488 1097 4540 honesta
1141 4498 1315 4539 morte
1346 4490 1662 4556 perl‘ungar.
1693 4486 1787 4540 llis

208 4560 364 4612 uictis
394 4556 683 4609 conlestiui
721 4557 788 4607 ad
823 4558 1150 4625 supplicium
1180 4560 1526 4609 trahebatur.

273 4632 332 4680 lii
360 4639 566 4687 autem,
601 4626 694 4692 qui
724 4640 850 4678 eum
881 4628 1177 4692 ducebant,
1232 4642 1287 4678 et
1318 4628 1480 4694 paulo
1513 4636 1643 4681 ante
1671 4628 1787 4680 fue-

209 4712 328 4752 rant
375 4698 646 4759 initiores,
693 4697 747 4747 in
796 4709 929 4748 iram
966 4697 1219 4750 conversi
1252 4705 1383 4748 sunt
1414 4708 1637 4764 propter
1679 4713 1790 4750 ser-

208 4785 394 4822 inones
417 4768 487 4819 ab
505 4782 571 4837 eo
596 4769 795 4826 dictos,
829 4781 968 4835 quos
994 4766 1071 4819 illi
1092 4783 1191 4837 per
1216 4776 1587 4835 arrosaiitiam
1609 4768 1790 4835 prolao

210 4850 287 4892 tos
325 4836 757 4891 arbitrabantur.

250 4912 379 4969 Sed,
411 4924 536 4960 cum
571 4906 744 4974 plagis
776 4906 1163 4975 perimeretur,
1200 4906 1487 4976 ingemuit,
1524 4920 1577 4960 et
1611 4906 1783 4959 dixit:

206 4980 335 5032 Dom
363 4995 452 5041 ne,
484 4993 575 5045 qui
604 4981 774 5030 babes
800 4989 1048 5029 sani-tam
1074 4980 1384 5041 scientiam,
1412 4981 1702 5030 manifeste
1728 4987 1786 5029 tu

206 5056 329 5112 scis,
366 5063 517 5117 quia,
573 5062 695 5098 cuni
744 5062 774 5099 a
820 5059 997 5103 morte
1049 5064 1265 5117 possein
1322 5049 1568 5113 liberari,
1620 5054 1788 5100 duros

205 5134 451 5187 corporis
481 5119 728 5170 sustineo
756 5118 975 5172 dolores
1009 5133 1023 5172 :
1056 5120 1359 5173 secundum
1392 5134 1633 5171 animam
1657 5133 1788 5172 vero

203 5201 421 5259 propter
454 5192 704 5241 timorem
744 5198 896 5241 tuum
929 5190 1168 5242 libenter
1200 5190 1311 5241 haec
1346 5190 1548 5257 patior.

262 5263 326 5312 Li
353 5266 455 5311 iste
482 5262 699 5327 quidem
726 5260 828 5313 hoc
859 5260 1022 5312 modo
1053 5262 1158 5313 vita
1181 5260 1442 5324 decessit,
1471 5274 1580 5313 non
1608 5259 1789 5316 solum

196 5330 512 5398 juvenibus,
540 5327 635 5381 sed
663 5337 718 5380 et
751 5332 1024 5384 universa:
1051 5331 1200 5399 genti
1232 5332 1554 5383 memoriam
1592 5335 1786 5385 mortis

201 5418 308 5453 sue
344 5406 409 5452 ad
458 5398 773 5467 exemplum
822 5401 1040 5453 Virtutis
1060 5398 1126 5454 iet
1161 5400 1499 5455 fortitudinis
1542 5401 1787 5455 derelin-

200 5489 394 5541 quens.

800 5559 1023 5618 CAPUT
1079 5560 1185 5617 Vll.

250 5680 498 5749 Contigit
528 5688 715 5734 autem
743 5689 799 5733 et
823 5691 1031 5748 septeni
1067 5680 1268 5732 fratres
1305 5693 1409 5731 una
1444 5692 1569 5732 cum
1594 5688 1781 5733 matre

198 5767 291 5803 sua
323 5748 708 5819 appulit-usos
742 5751 993 5819 compelli
1031 5766 1062 5803 a
1091 5764 1216 5816 rege
1245 5748 1411 5802 edere
1460 5759 1653 5803 contra
1703 5753 1785 5805 fas

199 5839 389 5875 carnes
425 5840 461 5892 ν
504 5840 539 5875 τι
564 5824 705 5886 i..as,
741 5820 939 5891 llogris,
969 5833 1023 5876 et
1058 5821 1268 5876 taurcis
1302 5822 1597 5875 cruciatos.

1915 553 2054 619 Quid
2103 557 2326 623 quaeris,
2370 563 2424 607 et
2463 556 2593 622 quid
2631 554 2712 609 vis
2760 553 3036 609 discerea
3070 556 3272 610 nobis?
3322 562 3495 626 parati

1910 640 2102 705 sumus
2132 626 2294 689 mori,
2347 626 2520 695 magis
2550 642 2711 695 quam
2744 626 2951 695 patrias
2985 626 3081 679 Dei
3116 626 3262 695 leges
3294 643 3495 698 praeva-

1911 709 2099 749 l'lf‘al'l.

1926 818 1927 821 η
1981 764 2155 817 Iratus
2187 764 2375 835 itaque
2404 782 2495 818 rex
2524 765 2689 835 jussit
2715 764 3042 832 sartagines,
3068 773 3125 819 et
3154 765 3289 819 cllas
3316 783 3496 826 aeneas

1906 834 2171 888 succendi
2210 851 2224 887 :
2253 834 2453 902 quibus
2486 834 2666 889 statim
2696 834 2996 895 succensis,

1982 904 2150 958 Jussit
2185 902 2259 967 ei,
2286 904 2378 972 qui
2416 905 2566 973 prior
2601 908 2780 959 fuerat
2810 905 3050 967 locutus,
3081 907 3355 975 amputari
3385 907 3493 961 lino

1908 990 2068 1041 gnam
2102 992 2116 1027 :
2144 982 2222 1037 et,
2260 985 2387 1046 cute
2414 975 2610 1042 capitis
2656 978 2952 1046 abstracta.
2992 990 3236 1030 summas
3269 992 3491 1046 quoque

1910 1059 2103 1097 manus
2131 1053 2183 1098 et
2207 1043 2454 1118 pedesei
2490 1044 2796 1118 praescitidi,
2834 1046 3047 1099 caeteris
3076 1048 3193 1118 ejus
3229 1043 3492 1101 fratribus

1908 1124 1962 1168 ct
1995 1124 2172 1167 matre
2207 1114 2649 1181 inspicientibus.

1979 1183 2063 1246 Et,
2121 1200 2245 1237 cum
2283 1186 2393 1254 jam
2444 1200 2539 1252 per
2592 1184 2777 1238 omnia
2830 1183 3038 1237 inutilis
3093 1185 3266 1241 factos
3322 1200 3487 1251 esset,

1900 1254 2066 1323 jussit
2104 1256 2282 1321 ignem
2317 1255 2622 1315 admoveri,
2658 1267 2713 1307 et
2747 1255 2927 1307 adhuc
2955 1255 3253 1323 spirantem
3291 1262 3487 1313 torreri

1905 1327 1961 1377 in
1999 1326 2274 1390 sartagine
2308 1342 2320 1375 :
2361 1325 2415 1378 in
2459 1340 2564 1393 qua
2596 1341 2721 1377 cum
2760 1326 2852 1378 diu
2890 1327 3254 1389 cruciaretur,
3298 1332 3487 1383 caeteri

1904 1410 2027 1517 ἔπιθ’
2069 1410 2192 1447 cuin
2260 1404 2435 1448 matre
2485 1395 2722 1448 invicem
2800 1411 2858 1449 se
2931 1396 3295 1451 hortabantur
3348 1403 3487 1453 mori

1928 1474 2137 1517 ortiter.

1928 1474 2137 1523 ortiter.

1977 1533 2231 1588 Dicentes
2260 1550 2275 1587 :
2307 1533 2573 1589 Dominus
2613 1535 2755 1589 Deus
2803 1536 3031 1603 aspiciet
3066 1537 3377 1601 veritatem,
3433 1549 3490 1594 et

1905 1605 2278 1659 consolabitur
2313 1605 2367 1656 in
2402 1607 2580 1670 nobis,
2614 1605 3076 1673 (ιιιθηιθαηιυόιιιιῖ
3116 1608 3168 1659 in
3211 1618 3487 1673 protesta-

1907 1673 2053 1727 tione
2104 1674 2309 1727 cantici
2342 1674 2645 1728 declaravit
2673 1674 2887 1744 Moyses
2918 1692 2933 1732 :
2968 1676 3038 1729 Ει
3069 1676 3121 1729 in
3158 1677 3340 1730 servis
3371 1679 3488 1732 suis

1906 1744 2300 1798 consolabitur.

1972 1812 2184 1866 Mortuo
2230 1814 2411 1881 itaque
2460 1813 2552 1867 illo
2597 1813 2793 1881 primo,
2831 1815 2934 1869 hoc
2968 1813 3132 1868 modo
3162 1825 3483 1884 sequentem

1898 1882 2244 1956 deducebant
2278 1885 2358 1956 ad
2384 1884 2725 1956 illudendum
2762 1902 2776 1937 :
2810 1896 2881 1949 et,
2936 1896 3087 1952 cute,
3133 1882 3335 1953 capitis
3366 1889 3488 1956 ejus

1897 1968 2021 2008 cum
2068 1954 2279 2024 capillis
2314 1955 2612 2018 abstracta,
2673 1954 3107 2024 interrogabant,
3161 1958 3205 2008 si
3258 1954 3486 2009 nianduo

1897 2033 2050 2103 caret
2073 2023 2246 2089 prius,
2271 2038 2438 2093 quam
2464 2034 2579 2078 toto
2604 2038 2836 2094 corpore
2867 2041 2966 2094 per
2992 2025 3238 2080 membra
3266 2025 3483 2095 singula

1897 2103 2211 2162 puniretur.

1962 2164 2028 2216 At
2063 2164 2176 2223 ille.
2210 2162 2553 2234 respondens
2599 2164 2773 2234 patria
2822 2179 2977 2228 voce,
3027 2165 3168 2220 dixit
3202 2183 3214 2219 :
3246 2165 3364 2220 Non
3398 2166 3481 2221 fa-

1895 2235 2057 2286 ciam.
2096 2232 2324 2302 Propter
2366 2232 2514 2307 quod
2548 2232 2616 2288 et“
2657 2237 2781 2299 iste,
2814 2237 3067 2304 sequenti
3122 2244 3261 2303 loco,
3315 2236 3481 2307 primi

1897 2313 2169 2357 tormenta
2198 2306 2441 2368 suscepit
2476 2319 2491 2356 :

1954 2371 2021 2426 Et
2048 2374 2102 2426 in
2140 2373 2333 2447 ultimo
2350 2373 2561 2447 spiritu
2586 2374 2941 2437 constitutus,
2969 2374 3049 2447 sic
3084 2376 3161 2428 ait
3198 2391 3214 2427 :
3250 2375 3331 2430 Tu
3362 2377 3483 2447 qui-

1894 2441 2064 2516 deui,_
2087 2441 2519 2516 scelestissime,_
2550 2445 2603 2497 in
2643 2447 2899 2513 pra-senii
2944 2446 3051 2498 vita
3102 2461 3201 2500 nos
3235 2441 3420 2516 perdis
3461 2464 3477 2499 :

1894 2514 1987 2566 sed
2034 2513 2152 2567 Rex
2180 2516 2385 2586 AlllUlIdl
2431 2511 2720 2570 deluiictos
2751 2531 2851 2568 nos
2885 2531 2980 2584 pro
3012 2517 3127 2569 suis
3171 2511 3388 2586 legibus
3424 2518 3481 2571 iu

1894 2592 2113 2636 aeternae
2142 2584 2265 2636 vita:
2296 2586 2757 2638 resnrrectionem
2793 2586 3099 2640 suscitabit.

1966 2651 2093 2707 Post
2131 2653 2281 2707 hunc
2318 2655 2513 2707 tertius
2552 2655 2825 2715 illuditur,
2874 2665 2928 2707 et
2962 2657 3200 2724 linguam
3238 2658 3479 2723 postula-

1896 2731 1985 2777 tus
2011 2725 2121 2777 cito
2152 2725 2402 2792 protulit,
2434 2733 2491 2776 et
2521 2739 2715 2778 manus
2746 2734 3066 2778 constanter
3095 2729 3366 2780 extendit.

1960 2792 2029 2846 Et
2078 2808 2201 2846 cum
2244 2794 2442 2847 fiducia
2490 2794 2613 2846 ait:
2650 2794 2691 2846 IS
2739 2796 2878 2849 coelo
2927 2795 3024 2847 ista
3072 2797 3345 2861 possideo,
3381 2796 3475 2849 sed

1895 2871 2121 2936 propter
2148 2862 2242 2917 Dei
2269 2866 2417 2932 leges
2442 2879 2591 2916 nunc
2618 2864 2731 2917 haec
2761 2868 2877 2932 ipsa
2908 2864 3176 2934 despicio,
3212 2867 3479 2936 quoniam

1894 2934 1971 3003 ab
2002 2934 2121 2999 ipso
2158 2950 2242 2988 me
2273 2949 2335 2986 ea
2372 2945 2726 3001 recepturqu
2759 2948 2942 3003 Spero.

1956 3002 2035 3055 lia
2080 3013 2140 3057 ut
2195 3020 2313 3067 rex,
2362 3012 2419 3057 et
2450 3006 2544 3072 qui
2576 3018 2699 3056 cum
2750 3002 2868 3073 ipso
2916 3013 3091 3063 erant.
3145 3006 3480 3060 mirarentur

1896 3073 2264 3128 adolescentis
2301 3074 2569 3139 animum,
2627 3078 2775 3143 quod
2807 3086 3063 3144 tanquam
3101 3078 3340 3131 nihilum
3378 3077 3480 3131 dus

1899 3156 2049 3197 ceret
2078 3145 2381 3198 cruciatus.

1821 3193 1864 3251 C
1907 3193 2586 3283 "Evt-bocitadel‘uncto,
2622 3224 2878 3284 quartum
2915 3216 3184 3269 vexabant
3222 3216 3476 3271 similiter

1897 3292 2234 3351 torquentes.

1964 3353 2065 3425 Et,
2096 3370 2220 3408 cum
2264 3354 2375 3425 jam
2408 3364 2555 3409 esset
2596 3360 2662 3410 ad
2697 3364 2952 3421 mortem,
2993 3357 3073 3411 sic
3117 3359 3237 3412 ait:
3289 3356 3481 3412 Potius

1892 3433 1977 3497 est
2022 3423 2090 3477 al)
2126 3423 2442 3480 hominibus
2476 3430 2638 3480 morti
2684 3427 2840 3481 datos
2890 3443 3042 3496 spem
3096 3440 3413 3497 exstiectare
3446 3446 3476 3481 a

1894 3494 2027 3558 Deo,
2064 3497 2263 3549 iterum
2298 3497 2366 3549 ab
2407 3497 2525 3565 ipso
2560 3494 2970 3551 resuscitandos
3005 3520 3019 3554 :
3061 3499 3158 3551 tibi
3196 3494 3351 3552 enim
3393 3514 3480 3553 re-

1893 3566 2163 3619 surrectio
2195 3570 2259 3619 ad
2294 3567 2462 3619 vitam
2502 3582 2609 3619 non
2642 3568 2769 3620 erit.

1958 3634 2027 3688 Et
2056 3651 2182 3689 cum
2217 3635 2591 3689 admovissent
2618 3639 2896 3705 quintum,
2930 3638 3199 3692 vexabant
3230 3652 3378 3691 eum.
3408 3639 3478 3693 At

1892 3705 2008 3769 ille,
2047 3706 2349 3773 respiciens
2381 3706 2435 3759 in
2468 3720 2619 3767 eum,

1964 3776 2111 3828 Dixit
2142 3792 2157 3833 ξ
2191 3778 2524 3829 Potestatem
2578 3778 2723 3828 inter
2774 3775 3025 3831 homines
3076 3777 3306 3843 habens,
3350 3794 3477 3831 cuni

1894 3844 1973 3899 sis
1997 3846 2401 3915 corruptibilis,
2434 3847 2567 3919 lacis
2602 3845 2759 3919 quod
2783 3848 2910 3919 vis:
2944 3847 3054 3899 noli
3081 3860 3260 3901 autem
3283 3860 3476 3919 putare

1892 3930 2064 3986 genus
2094 3927 2342 3970 nostrum
2372 3931 2402 3968 a
2434 3916 2544 3968 Deo
2576 3931 2699 3971 esse
2730 3916 3052 3971 derelictum
3088 3933 3101 3968 :

1968 3988 2048 4039 'l‘u
2087 3996 2271 4058 autem
2314 3986 2588 4054 patienter
2623 3989 2858 4050 sustine,
2895 3996 2950 4041 et
2980 3987 3194 4041 videbis
3225 4003 3479 4058 magnam

1894 4065 2216 4126 potestatem
2247 4057 2442 4127 ipsius,
2475 4058 2709 4125 qualiter
2746 4070 2797 4111 te
2856 4068 2911 4112 et
2942 4072 3131 4111 semen
3174 4057 3332 4112 tuum
3360 4070 3475 4112 tor-

1893 4130 2105 4197 quebit.

1968 4198 2096 4251 Post
2122 4197 2269 4252 hunc
2295 4198 2572 4253 ducebant
2595 4208 2833 4266 sextum,
2866 4207 2919 4251 et
2945 4198 3010 4264 is,
3041 4198 3177 4252 mori
3206 4197 3475 4267 incipiens

1894 4268 1976 4322 sic
2000 4270 2079 4321 ait
2131 4286 2147 4329 ;
2201 4267 2321 4322 Noli
2361 4268 2565 4323 frustra
2608 4285 2793 4323 errare
2850 4286 3003 4324 :nos
3053 4285 3197 4322 enim
3249 4281 3477 4337 propter

1894 4339 2261 4407 nosmetipsos
2315 4341 2432 4393 inec
2465 4340 2727 4408 patimur,
2760 4354 3052 4408 peccantes
3084 4341 3137 4391 in
3177 4342 3342 4393 Deum
3374 4356 3475 4392 uo—

1898 4420 2101 4479 str_um,
2134 4419 2188 4461 et
2218 4411 2383 4479 digna
2416 4411 2781 4463 admiratione
2816 4414 2957 4463 facta
2989 4420 3116 4462 sunt
3146 4412 3198 4462 iu
3228 4415 3389 4462 nobis
3424 4427 3444 4471 ς

1968 4476 2049 4530 Tu
2105 4476 2303 4533 auteni'
2339 4494 2408 4531 ne
2460 4481 2741 4534 existimes
2790 4482 2885 4533 tibi
2938 4484 3159 4548 impune
3208 4485 3487 4544 futurum,

1895 4549 2042 4617 quod
2082 4559 2273 4601 contra
2313 4553 2479 4603 Deum
2514 4565 2758 4619 pugnare
2796 4561 3115 4605 teiitaveris.

1960 4621 2135 4687 Supra
2163 4621 2381 4672 modum
2410 4629 2591 4673 autem
2614 4633 2786 4674 mater
2813 4623 3097 4682 mirabilis,
3120 4630 3176 4674 ct
3202 4620 3485 4675 bonorum.

1896 4693 2163 4743 memoria
2215 4692 2399 4760 digna,
2448 4705 2571 4759 quae
2622 4704 2915 4759 pereuntes
2959 4705 3166 4760 septem
3207 4693 3345 4743 ultos
3373 4705 3478 4742 sun

1899 4762 2063 4831 unius
2102 4761 2213 4813 diei
2256 4759 2503 4830 tempore
2528 4762 2898 4831 conspiciens,
2936 4759 3081 4814 bona
3114 4763 3296 4814 animo
3332 4759 3476 4814 fere-

1894 4830 2010 4895 bat,
2041 4841 2266 4899 propter
2293 4846 2444 4900 spen:
2478 4846 2641 4900 quam
2670 4830 2731 4884 in
2770 4832 2941 4885 Deum
2974 4832 3206 4885 habebat
3234 4848 3251 4890 ;

1966 4904 2225 4967 Singulos
2260 4903 2478 4955 illorum
2530 4904 2851 4956 hortabatur
2882 4916 3014 4955 voce
3048 4907 3222 4969 patria
3252 4900 3474 4955 fortiter

1895 4975 2104 5039 repleta
2140 4974 2406 5039 sapientia
2442 4988 2456 5024 :
2487 4984 2539 5025 et
2571 4973 2820 5026 feminea:
2868 4974 3187 5041 cegitationi
3224 4978 3480 5026 masculi-

1894 5057 2024 5093 ιιυιη
2056 5057 2298 5094 animum
2334 5057 2603 5107 ιιιδεωιιε,
3422 5086 3431 5089 ν

1964 5113 2108 5165 Dixit
2136 5118 2200 5164 ad
2247 5128 2343 5166 eos
2377 5129 2392 5166 :
2425 5114 2620 5166 Nesuo
2664 5112 2896 5182 qualiter
2929 5116 2983 5167 in
3022 5123 3178 5168 utero
3211 5128 3333 5169 nico
3379 5126 3477 5179 ap-

1891 5184 2155 5250 paruistis
2212 5198 2227 5236 ;
2277 5198 2454 5252 neque
2501 5188 2647 5237 enim
2703 5200 2803 5253 ego
2856 5188 3109 5253 spiritum
3146 5194 3200 5239 et
3236 5186 3472 5236 animam

1890 5256 2088 5306 donavi
2122 5254 2296 5315 vobis,
2330 5266 2385 5307 et
2417 5256 2606 5319 vitam,
2635 5264 2689 5309 et
2716 5263 3060 5323 singulorum
3089 5257 3331 5310 membra
3360 5268 3473 5305 non

1890 5338 1991 5391 ego
2020 5327 2136 5392 ipsa
2166 5326 2411 5392 compcgi
2448 5340 2463 5379 :

1964 5394 2069 5448 Sed
2117 5398 2263 5449 enim
2312 5395 2499 5449 mundi
2542 5394 2787 5463 Creator,
2824 5398 2917 5467 qui
2950 5392 3472 5467 formavitliominis

1891 5467 2258 5529 nativitatem,
2292 5470 2536 5535 quinque
2566 5484 2811 5522 omnium
2842 5466 3055 5522 invenit
3087 5466 3376 5532 originem,
3416 5478 3475 5517 et

1889 5537 2144 5604 spiritum
2186 5541 2340 5591 \obis
2373 5540 2574 5591 iterum
2605 5556 2729 5593 cuiu
2763 5536 3135 5592 misericordia
3181 5536 3371 5588 reddet
3417 5546 3474 5587 ct

1890 5617 2079 5678 vitam,
2121 5611 2265 5662 sicut
2316 5624 2462 5663 nunc
2514 5612 2874 5678 vosmetipsos
2921 5607 3203 5675 despicitis
3246 5614 3475 5677 propter

1861 5720 1867 5725 .
1889 5676 2038 5746 leges
2066 5680 2210 5747 ejus.

1959 5746 2265 5802 Antio-clins
2294 5755 2498 5812 autem,
2530 5756 2804 5804 contemni
2844 5767 2902 5807 se
2946 5750 3275 5815 ari-itratiis,
3307 5746 3473 5802 simul

1891 5828 1947 5874 et
1981 5822 2361 5888 exprobrau‘is
2391 5835 2519 5875 voce
2556 5832 2830 5891 iicschta,
2868 5838 2991 5878 cum
3063 5823 3245 5882 adhuc
3282 5822 3468 5877 adole-
