3904 6182
357 388 465 453 543

1270 381 1329 439 S.
1373 375 1807 437 illERONYMl
1848 374 2120 435 DlVlNA
2163 372 2689 432 BIDLIOTHECA.

3496 368 3598 436 544

358 503 572 559 ccum"-
613 507 949 571 ειιρει-ρεςρι,
990 512 1094 551 non
1137 495 1315 571 stﬂum
1351 494 1542 571 _verbis
1586 492 1929 571 hortabatur,
1962 493 2007 549 Α
2044 488 2214 553 visus,
2247 490 2611 571 snccemlebat
2644 504 2779 570 eas:
2819 498 2871 544 et
2896 499 3210 571 opportuna
3265 494 3383 549 lUCa
3428 512 3595 555 occu.

358 577 454 629 sed
507 583 561 625 et
615 563 738 623 cuin
789 572 1095 638 juramento
1141 566 1461 641 affirmabat,
1510 580 1567 617 se
1614 563 1840 641 divitem
1874 570 1926 612 et

358 644 577 698 beatqu
625 630 919 711 facturum,
977 646 1030 688 ct
1084 637 1403 689 translatum
1438 652 1465 688 a
1500 634 1689 711 patriis
1720 630 1929 711 legibus

360 715 593 765 amicum
645 708 986 769 habiturum,
1029 717 1085 760 et
1117 722 1202 760 res
1242 706 1579 761 necessarias
1631 704 1679 758 ei
1735 701 1929 771 praebi-

361 791 562 836 turum.

431 850 534 904 Sed
566 851 629 903 ad
665 849 780 901 haec
812 862 934 901 cum
968 847 1284 900 adolescens
1318 860 1658 914 nequaquam
1693 842 1929 896 inc-lina-

363 932 537 977 retur.
568 920 785 971 vocavit
819 932 911 970 rex
941 927 1197 981 matrem,
1229 926 1285 971 et
1311 916 1571 970 suadebat
1600 916 1670 978 ei,
1707 921 1764 968 ut
1799 914 1932 967 ado-

363 990 583 1043 lescenti
619 988 772 1042 fleret
804 988 854 1040 in
882 987 1135 1040 salutem.

431 1058 564 1113 Cum
613 1068 791 1110 autem
845 1057 1032 1110 multis
1074 1073 1193 1109 eam
1252 1055 1437 1111 verbis
1467 1066 1614 1111 esset
1659 1057 1928 1122 hortatus,

361 1129 611 1197 promisit
640 1142 924 1181 suasuram
957 1141 1014 1179 se
1048 1127 1155 1197 lilio
1186 1140 1308 1179 suo.

426 1199 608 1263 Itaque
658 1198 913 1250 inclinata
950 1197 1015 1248 ad
1051 1196 1202 1252 illud.
1257 1195 1494 1251 irridens
1528 1196 1801 1251 crudelem
1846 1203 1934 1265 ty-

361 1283 616 1326 rannum.
651 1269 728 1320 ait
777 1275 952 1333 patria
987 1280 1161 1319 voce:
1201 1266 1299 1319 Fili
1351 1267 1445 1328 mi,
1496 1269 1755 1320 miserere
1805 1267 1932 1330 mei,

362 1353 484 1404 quie
521 1347 569 1390 te
619 1337 671 1389 in
727 1347 883 1390 utero
920 1351 1114 1388 novem
1159 1336 1440 1390 mensibus
1486 1338 1718 1403 portavi,
1769 1347 1823 1390 et
1854 1337 1937 1391 lac

364 1408 605 1459 triennio
638 1407 781 1469 dedi,
813 1418 867 1459 et
898 1406 1026 1464 alui,
1056 1414 1111 1458 et
1141 1406 1195 1459 in
1228 1414 1438 1459 aztatem
1467 1407 1623 1461 istam
1659 1408 1906 1475 perduxi.

439 1476 589 1536 Peto,
629 1487 778 1539 nate,
816 1484 875 1527 ut
908 1474 1141 1541 aspicias
1192 1476 1256 1528 ad
1289 1476 1489 1529 caelum
1528 1490 1582 1529 et
1619 1474 1847 1540 terram,
1880 1488 1937 1531 et

363 1546 439 1617 ad
470 1548 658 1617 omnia
707 1547 913 1617 quinia
948 1545 1025 1598 eis
1063 1556 1190 1617 sunt
1238 1562 1251 1597 :
1290 1557 1343 1598 et
1387 1548 1680 1614 intelligas,
1714 1549 1839 1617 quia
1870 1563 1935 1600 ex

366 1615 540 1667 nihilo
561 1614 688 1684 fecit
714 1616 800 1667 illa
829 1614 990 1677 Deus,
1013 1625 1068 1669 et
1100 1615 1381 1668 hominum
1409 1632 1579 1684 genus
1608 1635 1621 1671 :

440 1683 518 1735 Ita
550 1682 662 1743 fiet.
696 1695 753 1736 ut
786 1698 891 1736 non
925 1684 1116 1738 timeas
1145 1682 1457 1739 carnificem
1485 1686 1677 1750 istum,
1714 1687 1807 1741 sed
1857 1688 1938 1740 di-

368 1768 507 1820 gnus
537 1752 798 1805 fratribus
828 1756 932 1805 tuis
964 1755 1190 1809 effectus
1219 1757 1512 1822 particeps,
1544 1757 1757 1820 suscipe
1792 1773 1935 1810 mor-

2044 573 2198 627 pans.
2232 575 2340 612 non
2363 576 2564 626 paucas
2593 560 2829 613 hostium
2860 570 3069 627 strages
3100 563 3261 617 dabat
3290 603 3302 615 .

2108 627 2342 699 Maxime
2372 642 2552 693 autem
2593 630 2849 684 noctibus
2877 631 2941 682 ad
2992 631 3368 699 hujuscemodi
3404 654 3606 695 excur-

2032 713 2138 821 auls)
2162 698 2459 820 flerebatur,
2491 709 2548 753 et
2578 698 2715 754 fama
2744 700 2963 754 virtutis
2997 698 3118 769 ejus
3165 705 3370 775 ubique
3399 710 3598 766 diffun-

2071 784 2099 821 e
2142 784 2169 820 a
2201 783 2286 821 nr.

2071 778 2286 821 ebatnr.

2118 836 2321 898 Videns
2354 850 2537 921 autem
2566 841 3142 921 Philippuspaulatim
3168 845 3344 921 virum
3377 852 3444 904 ad
3474 868 3603 921 pro.

2044 912 2245 967 fectum
2287 913 2494 989 volure.
2526 927 2585 966 ac
2615 912 2964 989 frequentius
2991 928 3075 989 res
3131 916 3181 989 ei
3229 919 3424 973 cedere
3471 912 3603 989 pro-

2049 999 2230 1052 spere,
2251 983 2317 1036 ad
2344 983 2695 1053 Ptolenigiim
2715 983 2905 1053 ducem
2926 983 3233 1053 leesyrim
3254 998 3310 1040 et
3337 983 3610 1049 Phoenicis

2042 1051 2283 1121 scripsit,
2318 1060 2377 1105 ut
2408 1051 2672 1105 auxilium
2707 1051 3044 1123 ferretregis
3068 1051 3324 1123 negotiis.

2114 1125 2183 1176 At
2223 1124 2315 1177 ille
2358 1123 2623 1176 velociter
2673 1122 2822 1175 misit
2881 1122 3206 1179 Nicanorem
3263 1129 3494 1186 Patrocli
3545 1135 3612 1190 de

2042 1192 2882 1270 primoribus-amicumndansf
2913 1194 2962 1270 ei
3004 1194 3071 1270 de
3112 1198 3388 1270 permistis
3426 1204 3610 1270 genti-

2041 1263 2163 1330 bus,
2198 1262 2427 1334 armatis
2475 1277 2583 1315 non
2617 1263 2798 1315 minus
2829 1264 3021 1334 viginti
3071 1262 3333 1332 millibus,
3369 1262 3454 1324 ut“
3482 1276 3610 1326 uni-

2039 1348 2260 1406 iugum
2292 1331 2608 1406 Judaaorum
2642 1347 2814 1406 genus
2839 1331 3047 1406 deleret
3100 1351 3114 1390 :
3162 1337 3424 1406 adjuncto
3454 1343 3506 1396 ei
3556 1353 3615 1398 et

1986 1442 1993 1453 .
2040 1403 2238 1481 (ξω-εἰει
2270 1403 2391 1457 viro
2432 1402 2678 1469 militari,
2706 1411 2762 1457 et
2794 1403 2847 1457 in
2876 1404 3084 1460 bellicis
3116 1402 3282 1463 rebus
3316 1414 3615 1481 experien-

2042 1476 2279 1528 tissimo.
2470 1515 2483 1525 .

2109 1542 2411 1615 constituit
2478 1550 2673 1615 autem
2709 1544 2967 1607 Nicanor,
3025 1556 3085 1600 ut
3143 1549 3255 1615 regi
3314 1550 3613 1612 tributum,

2039 1612 2183 1681 quod
2208 1612 2469 1667 Romanis
2499 1624 2619 1669 erat
2647 1614 2907 1681 dandum,
2939 1616 3046 1669 duo
3080 1612 3246 1672 millia
3276 1620 3613 1676 talentorum

2040 1684 2109 1737 de
2141 1683 2457 1755 captivitate
2489 1682 2802 1755 Judzeorum
2832 1685 3111 1755 suppleret
3151 1703 3164 1738 :

2112 1754 2419 1821 Statimque
2465 1753 2530 1806 ad
2573 1756 2877 1809 maritimas
2905 1753 3153 1811 civitates
3190 1757 3356 1819 misit.
3404 1776 3617 1816 convoo

372 1831 479 1898 teni
516 1833 573 1874 ut
601 1824 661 1898 ἐι)
681 1823 775 1898 illa
811 1823 1160 1898 miseratione
1192 1841 1317 1878 cum
1350 1826 1609 1880 fratribus
1643 1828 1748 1881 tuis
1778 1838 1828 1880 te
1856 1843 1942 1881 re-
1976 1835 2016 1890 Β
2049 1838 2180 1879 cans
2208 1822 2275 1898 ad
2337 1824 2739 1898 coemptionem
2782 1825 3140 1898 Judaieornm
3186 1832 3615 1898 mancipiorum,

368 1891 565 1962 cipiam
600 1889 707 1960 [Αι.
746 1891 1017 1962 recipiat].

442 1961 579 2015 Cum
618 1964 732 2015 haec
788 1963 877 2014 illa
916 1961 1094 2020 adhuc
1146 1966 1375 2031 diceret,
1431 1967 1504 2019 ait
1553 1967 1877 2021 adolescens
1921 1984 1935 2020 :

375 2031 547 2096 Quem
597 2033 923 2107 sustinetis?
959 2051 1065 2107 non
1104 2037 1303 2091 obedio
1338 2048 1607 2107 praecepto
1639 2038 1800 2105 regis,
1840 2037 1935 2090 sed

378 2113 655 2176 ptrccepto
686 2102 839 2177 legis.
875 2119 1003 2177 qum
1037 2106 1161 2160 data
1198 2116 1281 2161 est
1308 2102 1466 2161 nobis
1502 2102 1593 2173 per
1622 2102 1864 2177 Moysen.

444 2177 522 2229 Tu
562 2173 714 2238 mo,
748 2173 839 2244 qui
870 2173 1126 2232 inventor
1147 2179 1327 2231 omnis
1358 2178 1573 2232 malitiae
1598 2173 1774 2233 factus
1799 2196 1859 2233 es
1887 2178 1937 2231 in

374 2247 654 2311 licbrmos,
683 2262 789 2299 non
813 2248 1043 2315 effugies
1075 2267 1291 2302 manum
1328 2248 1442 2304 Dei.

443 2318 553 2389 Nos
580 2321 856 2389 cnimpro
892 2321 1127 2385 peccatis
1159 2324 1363 2373 nostris
1389 2323 1502 2375 hate
1533 2320 1794 2389 patimur.

446 2387 513 2441 Et
533 2389 590 2459 Δδί
618 2386 775 2459 nobis
804 2398 1027 2459 propter
1058 2390 1509 2459 increpationeiu,
1535 2386 1595 2443 et
1638 2389 1941 2456 correptio-

377 2472 499 2511 ncm
533 2456 793 2509 Dominus
844 2455 988 2511 Deus
1038 2455 1228 2513 noster
1255 2460 1528 2514 modicum
1571 2459 1745 2512 iratus
1787 2455 1871 2514 est
1921 2473 1937 2512 :

378 2527 474 2581 sed
514 2529 710 2580 iterum
743 2526 1190 2583 reconciliabitur
1214 2531 1386 2583 servis
1410 2531 1546 2583 suis.

370 2606 373 2609 ‘
446 2596 527 2650 Tu
567 2610 773 2660 autem,
804 2612 835 2651 0
866 2600 1114 2664 sceleste,
1161 2611 1217 2651 et
1242 2600 1485 2653 omnimn
1515 2600 1799 2653 hominum
1850 2599 1943 2652 fla-

375 2668 745 2739 gitiosissime,
797 2669 905 2721 noli
953 2670 1154 2726 frustra
1205 2669 1389 2724 extolli
1435 2671 1588 2724 vanis
1631 2672 1833 2739 spebus
1886 2670 1940 2722 in

375 2752 562 2791 servos
590 2738 704 2803 ejus
729 2738 1121 2795 inflammatus.
1308 2780 1317 2789 γι

445 2806 880 2881 Noiidiiiuenim
915 2810 1309 2879 omnipotentis
1338 2810 1453 2877 Dei,
1484 2821 1539 2865 et
1569 2812 1748 2866 omnia
1775 2811 1944 2881 inspi-

374 2877 590 2951 cieiilis,
623 2878 892 2943 judicium
929 2877 1185 2951 effugisti.

454 2946 589 3000 Nam
638 2951 835 3003 fratres
871 2953 995 3014 mei,
1033 2946 1247 3005 modico
1300 2968 1448 3008 nunc
1493 2954 1683 3007 dolore
1727 2965 1945 3010 susten-

378 3026 509 3080 tato,
546 3018 647 3070 sob
692 3028 1013 3075 testamento
1047 3032 1263 3076 acterna:
1293 3027 1415 3079 vita:
1448 3025 1627 3078 effecti
1662 3035 1785 3077 sunt
1824 3044 1839 3080 :
1886 3035 1942 3080 tu

377 3103 508 3139 vero
530 3088 740 3156 judicio
774 3090 865 3144 Dei
902 3091 1079 3159 justas
1108 3094 1380 3162 superbiae
1406 3106 1506 3147 tua:
1539 3110 1726 3163 poanas
1759 3098 1943 3151 exsol-

381 3172 489 3209 V85.

452 3227 563 3291 Ego
602 3238 807 3291 autem,
855 3232 995 3284 sicut
1043 3243 1096 3287 et
1152 3236 1351 3288 fratres
1407 3235 1535 3299 mei,
1583 3235 1847 3299 animam,
1891 3249 1947 3294 et

378 3314 579 3373 corpus
612 3317 789 3352 meum
832 3302 985 3355 trado
1033 3320 1129 3371 pro
1168 3306 1355 3372 patriis
1384 3306 1595 3373 legibus
1634 3320 1647 3357 :
1685 3307 1949 3364 invocans

379 3371 548 3421 Deum
587 3374 856 3446 maturius
878 3376 1023 3439 genti
1055 3371 1254 3446 nostra:
1280 3371 1746 3446 propiiiumfieri,
1787 3386 1950 3446 teque

378 3452 523 3517 cuni
559 3443 845 3517 tortitt'tilis
892 3452 949 3495 et
999 3443 1316 3496 verberibus
1353 3445 1603 3498 confiteri
1657 3446 1803 3514 quod
1838 3443 1951 3517 ipse

380 3519 462 3561 ist
491 3510 634 3567 Dens
663 3514 834 3566 solus.

450 3581 511 3658 In
538 3600 621 3658 me
654 3600 781 3637 vero
811 3591 865 3638 et
894 3581 944 3633 in
980 3582 1245 3637 fratribus
1278 3586 1414 3638 meis
1446 3585 1664 3639 desinet
1690 3583 1951 3658 Omnipo-

383 3654 546 3705 tentis
579 3655 847 3730 ira,_qna:
880 3668 1047 3722 super
1089 3670 1251 3730 omne
1302 3670 1475 3722 genus
1529 3666 1779 3710 nostrum
1837 3654 1949 3730 [AL

383 3724 716 3794 uo:trorum]
746 3727 887 3793 iuste
918 3721 1246 3793 superducta
1277 3721 1383 3779 est.

452 3790 603 3863 Tunc
635 3790 724 3849 rei
748 3790 1016 3848 accensus
1043 3796 1120 3846 ira
1151 3794 1202 3848 in
1240 3797 1383 3850 hunc
1412 3810 1574 3863 super
1607 3814 1797 3855 omnes
1827 3815 1954 3854 cru-

384 3858 565 3935 delius
592 3865 835 3928 deszevit,
870 3863 1092 3935 indigne
1115 3864 1299 3919 ferens
1329 3880 1388 3919 se
1418 3858 1683 3923 derisum.

457 3932 518 3984 lit
554 3933 642 3987 hic
674 3940 854 4009 itaque
892 3932 1128 3990 mundus
1154 3936 1312 3998 obiit,
1367 3951 1464 4004 per
1502 3942 1688 3991 omnia
1745 3940 1797 3993 in
1833 3939 1955 4009 .Do-

383 4006 529 4055 m'no
559 4006 857 4061 conlidens.

455 4072 756 4129 Novissime
781 4089 961 4131 autem
988 4085 1112 4146 post
1147 4076 1284 4131 filios
1328 4086 1383 4130 et
1426 4085 1601 4130 mater
1631 4093 1955 4150 consumpta

381 4150 483 4196 cst.

462 4214 629 4281 Igitur
654 4218 717 4270 ile
741 4216 1051 4281 sacrificiis,
1088 4225 1146 4271 et
1191 4216 1258 4271 de
1305 4217 1495 4272 nimiis
1525 4217 1957 4277 crudelitatibus

382 4288 513 4338 satis
544 4286 749 4339 dictum
778 4298 880 4340 est.

949 4403 1176 4461 CAPUT
1222 4404 1355 4458 Vill.

452 4494 619 4594 .ludlas
656 4513 782 4594 vcrlo
826 4496 1194 4594 Maeliabaius,
1226 4494 1407 4594 etnqui
1459 4509 1583 4594 cum
1636 4495 1725 4550 illo
1769 4509 1950 4594 erant,
1983 4531 2036 4594 Β

383 4564 685 4621 introibant
738 4569 971 4621 latenter
1023 4569 1074 4620 in
1137 4567 1355 4622 castella
1400 4579 1414 4618 :
1471 4574 1525 4616 et
1584 4579 1955 4624 convocantes

391 4648 669 4704 cognatos,
704 4649 757 4691 et
790 4639 1016 4701 amicos,
1052 4649 1106 4690 et
1139 4652 1232 4690 eos
1280 4637 1373 4704 qui
1421 4650 1847 4704 permanserunt
1901 4640 1955 4693 in

384 4702 681 4772 liniaismo,
712 4722 1081 4770 assumentes,
1112 4702 1431 4761 eduxerunt
1456 4702 1523 4756 ad
1550 4720 1610 4759 se
1644 4721 1740 4759 sex
1786 4709 1955 4762 millia

384 4790 651 4829 \‘trorum.

456 4842 520 4895 Et
561 4846 890 4919 invocabant
920 4846 1234 4919 Dominum,
1268 4855 1327 4899 ut
1357 4848 1656 4916 reSpiceret
1696 4848 1749 4913 iu
1784 4864 1959 4919 popu-

382 4914 519 4978 lum,
553 4918 647 4983 qui
687 4919 754 4970 ab
791 4917 1049 4970 omnibus
1080 4917 1397 4972 ealcabatur
1431 4914 1459 4969 ί
1482 4928 1538 4972 et
1590 4914 1953 4974 miserere-tur

386 4985 614 5063 templo,
652 4987 794 5054 quod
826 4987 1310 5063 contaminabat‘ur
1343 4988 1648 5063 abAimpiis.
1699 5053 1706 5063 .

456 5053 810 5129 Misereretur
832 5058 995 5129 etiam
1021 5058 1348 5111 exterminio
1379 5053 1637 5123 civitatis,
1664 5053 1785 5129 q'uze
1805 5072 1956 5116 esset

383 5124 985 5198 illicoqeomplananda,
1021 5138 1076 5182 et
1109 5144 1295 5182 vocem
1327 5130 1609 5198 sanguinis
1636 5124 1702 5184 ad
1737 5147 1795 5185 se
1841 5134 1950 5186 cla-

381 5197 579 5249 mantis
606 5199 861 5252 audiret:

451 5266 845 5341 lilemoraretur
890 5286 1111 5340 quoque
1152 5269 1527 5341 iniquissimas
1573 5283 1776 5327 mortes
1827 5287 1951 5341 par-

381 5338 633 5410 vulorum
670 5338 1045 5405 innocentum,
1080 5350 1134 5395 et
1181 5340 1551 5410 blaspliemias
1589 5344 1797 5395 nomini
1827 5338 1951 5397 'suo

385 5407 583 5480 illatas,
606 5421 663 5461 et
693 5412 1068 5480 indignaretur
1093 5425 1255 5479 super
1299 5407 1402 5465 his.

450 5478 517 5551 At
560 5478 923 5540 Machameus.
959 5490 1284 5551 congregata
1336 5482 1708 5545 multitudine,
1756 5482 1952 5535 intole-

383 5548 567 5601 rabilis
598 5552 849 5617 gentibus
879 5548 1218 5605 efﬁciebatur
1251 5568 1263 5602 :
1301 5554 1380 5604 ira
1433 5555 1577 5606 enim
1619 5558 1831 5606 l)0.|lllll
1896 5554 1949 5606 in

383 5618 814 5673 miscricordiam
852 5638 1116 5674 conversa
1139 5629 1241 5673 est.

456 5687 519 5738 fit
560 5692 953 5755 superveniens
978 5689 1243 5753 castellis,
1274 5700 1329 5745 et
1379 5691 1698 5745 civitatibus
1748 5691 1951 5760 impro-

2050 1893 2377 1963 promittens
2406 1908 2464 1947 se
2498 1896 2793 1961 nonaginta
2832 1896 3106 1964 mancipia
3174 1893 3382 1953 talento
3413 1893 3621 1955 distra-

2044 1976 2289 2037 e'urum,
2327 1979 2436 2017 non
2477 1964 2775 2032 respiciens
2802 1965 2865 2019 ad
2904 1967 3222 2033 vindictam,
3247 1984 3368 2037 quae
3388 1986 3516 2026 eum
3548 1973 3621 2026 ab

2040 2032 2427 2093 Omnipotente
2447 2046 2595 2088 esset
2625 2046 3008 2093 consecutura.

2112 2103 2280 2159 Judas
2310 2103 2613 2182 auteni_ubi
2635 2108 2939 2182 comperit,
2972 2110 3233 2182 indicavit
3259 2110 3367 2175 his,
3404 2112 3498 2182 qui
3531 2129 3621 2167 se-

2042 2189 2165 2229 cum
2199 2185 2378 2237 erant,
2405 2173 2607 2226 Judaris
2633 2174 2921 2229 Nicanoris
2958 2181 3270 2233 adventum.

2115 2244 2195 2298 Ex
2230 2243 2434 2313 quibus
2466 2244 2688 2311 quidam
2726 2245 3109 2314 formidantes,
3140 2261 3197 2305 et
3230 2267 3338 2305 non
3382 2253 3622 2307 creden-

2049 2327 2128 2372 tes
2162 2316 2253 2369 Dei
2277 2314 2529 2384 justitiie,
2569 2316 2622 2367 in
2654 2314 2834 2383 fugam
2865 2319 3215 2374 vertebantur
3246 2339 3260 2376 :

2116 2385 2222 2440 Alii
2262 2400 2412 2459 vero,
2444 2385 2491 2439 si
2523 2385 2652 2459 quid
2687 2386 2735 2440 ei
2783 2385 2897 2456 [ΑΙ.
2923 2387 3027 2459 eis]
3059 2401 3360 2457 supererat,
3412 2395 3623 2449 vende-

2046 2461 2197 2514 bant.
2230 2455 2823 2532 simulque_Do_minuni
2856 2455 3289 2532 deprecabantur
3343 2472 3402 2515 ut
3440 2464 3627 2532 eripe.

2048 2541 2131 2584 ret
2160 2541 2255 2601 eos
2285 2525 2354 2578 ab
2401 2526 2567 2601 impio
2609 2525 2902 2601 Nicanore,
2930 2525 3032 2596 qui
3092 2546 3187 2585 eos
3239 2532 3392 2600 prius
3447 2525 3623 2601 quam

2047 2600 2297 2653 cominus
2329 2595 2566 2657 veniret,
2597 2597 2914 2651 vendiderat
2946 2614 2961 2652 :

2128 2668 2193 2722 Et
2228 2665 2271 2718 si
2313 2680 2419 2738 non
2455 2677 2678 2738 prepter
2710 2682 2826 2732 eos,
2859 2682 3083 2738 propter
3110 2679 3504 2728 testamentum
3537 2684 3625 2729 ta-

2051 2756 2197 2811 men,
2234 2736 2378 2802 quod
2414 2737 2628 2811 eratad
2661 2746 2844 2803 patres
2872 2736 3091 2811 eorum,
3115 2752 3171 2795 et
3204 2755 3426 2811 propter
3458 2746 3626 2799 invo-

2050 2810 2327 2884 cationem
2363 2806 2538 2860 sancti
2591 2815 2647 2861 ct
2701 2809 2977 2874 magnifici
3016 2811 3257 2867 nominis
3302 2806 3423 2882 ejus
3453 2830 3628 2884 super

2048 2895 2214 2935 IDSOS.

2105 2898 2214 2933 sos.

2069 2898 2452 3021 pConvocatis
2489 2958 2672 3003 autem
2724 2946 3063 3021 Machabaeus
3091 2962 3303 3021 septem
3349 2954 3625 3021 millibus,

2048 3021 2142 3093 qui
2175 3034 2296 3073 eum
2334 3019 2452 3087 ipso
2484 3029 2662 3082 erant,
2704 3020 2948 3085 rogabat,
2990 3037 3057 3076 ne
3121 3019 3368 3078 hostibus
3420 3019 3627 3080 recom-

2050 3094 2395 3154 eiliarentur,
2456 3105 2631 3162 neque
2688 3098 2999 3162 metuerent
3051 3093 3237 3162 inique
3282 3096 3631 3150 venientium

2054 3163 2339 3217 adversum
2372 3175 2430 3213 se
2460 3160 2699 3214 hostium
2742 3160 3161 3217 multitudinem
3206 3182 3220 3217 :
3273 3166 3366 3219 sed
3404 3164 3633 3220 fortiter

2052 3229 2447 3289 contenderent
2472 3246 2489 3287 :

2123 3302 2263 3355 Ante
2305 3302 2512 3373 oculos
2556 3299 2837 3373 habentes
2883 3303 3291 3373 contumeliam,
3341 3320 3463 3373 quae
3502 3304 3633 3360 loco

2053 3381 2243 3429 sancto
2270 3369 2336 3421 ab
2378 3370 2461 3424 his
2494 3372 2693 3441 injuste
2720 3379 2867 3441 esset
2895 3372 3064 3433 illata,
3097 3369 3447 3441 itemque,et
3476 3375 3637 3429 ludi-

2056 3444 2176 3499 brio
2211 3441 2407 3493 habitae
2438 3440 2681 3495 civitatis
2726 3440 3010 3510 injuriain;
3039 3442 3221 3497 adhuc
3254 3440 3431 3498 etiam
3477 3455 3638 3499 vete-

2055 3528 2174 3568 rum
2209 3510 2459 3564 iustituta
2492 3510 2773 3565 convulsa.

2131 3582 2273 3636 Num
2307 3580 2382 3634 illi
2409 3581 2630 3649 quidem
2662 3580 2827 3635 armis
2862 3583 3167 3647 confidunt,
3200 3582 3296 3649 ait,
3354 3583 3521 3637 simul
3573 3597 3634 3641 et

2055 3650 2283 3708 audacia
2318 3666 2335 3704 :
2379 3666 2479 3703 nos
2504 3660 2687 3705 autem
2721 3651 2775 3722 in
2824 3653 3203 3721 omnipotente
3244 3654 3500 3715 Domino,
3533 3656 3633 3722 qui

2057 3729 2239 3794 potest
2287 3728 2344 3774 et
2378 3722 2661 3774 venientes
2686 3719 2992 3794 adversum
3038 3740 3162 3794 nos,
3191 3734 3249 3778 et
3298 3719 3626 3779 universum

2056 3790 2325 3848 iuundum
2359 3806 2469 3843 uno
2498 3800 2633 3844 nutu
2667 3790 2875 3855 delere,
2911 3793 3263 3848 confidimus.

2129 3860 2431 3915 Admonuit
2478 3869 2659 3914 autem
2703 3874 2800 3914 eos
2851 3873 2907 3915 et
2955 3861 3024 3915 de
3074 3864 3464 3936 auxiliisADei,
3502 3882 3635 3936 qua:

2058 3932 2200 3987 facta
2231 3940 2506 4000 sunterga
2546 3939 2797 4001 parentes
2831 3946 2844 3983 :
2879 3942 2931 3984 et
2974 3936 3116 4001 quod
3161 3936 3259 3985 sub
3309 3932 3635 3992 Seunae'he-

2058 4004 2173 4072 1'in
2198 4010 2415 4054 centum
2459 4000 2740 4072 octoginta
2795 4001 3038 4072 quinque
3078 4003 3244 4056 millia
3278 4006 3572 4072 perierunt
3614 4023 3629 4062 ε

2138 4070 2201 4125 Et
2239 4072 2307 4123 de
2345 4070 2530 4139 praclio
2584 4068 2732 4137 quod
2764 4068 2846 4124 eis
2891 4068 3155 4126 adversus
3188 4068 3407 4127 Galatas
3440 4076 3635 4131 fuitin

2064 4140 2385 4212 Babylonia,
2417 4149 2473 4192 ut
2499 4153 2693 4212 omnes
2715 4142 2823 4212 _ubi
2856 4141 2923 4212 ad
2958 4156 3074 4196 rem
3116 4153 3336 4196 ventum
3369 4156 3477 4208 est,
3516 4147 3637 4199 bla-

2062 4208 2361 4267 cedonibus
2399 4209 2564 4263 sociis
2598 4208 2995 4273 musitantibus,
3024 4212 3126 4276 ipsi
3168 4228 3263 4265 sex
3311 4215 3479 4267 millia
3516 4218 3630 4271 soli

2062 4286 2420 4354 peremerunt
2438 4287 2658 4354 centum
2691 4280 2881 4354 viginti
2904 4281 3069 4354 millia
3108 4296 3327 4350 propter
3358 4286 3636 4339 auxilium

2064 4348 2173 4407 illis
2201 4351 2386 4422 datum
2427 4349 2498 4403 de
2538 4348 2698 4412 C(BlO,
2729 4359 2783 4403 et
2814 4351 3081 4406 beneficia
3108 4348 3221 4419 pro
3250 4354 3337 4406 bis
3390 4354 3638 4422 plurima

2063 4420 2345 4480 consecuti
2369 4431 2516 4473 sunt.

2134 4493 2230 4547 His
2260 4491 2437 4565 verbis
2466 4499 2779 4565 constantes
2802 4490 2982 4547 effecti
3011 4504 3158 4557 sunt,
3194 4502 3249 4548 et
3272 4510 3368 4563 pro
3421 4495 3641 4565 legibus

2062 4576 2116 4625 et
2148 4562 2317 4630 patria
2349 4560 2510 4612 morti
2540 4563 2734 4627 parati.
2974 4598 2987 4605 -

2134 4629 2437 4688 Constituit
2496 4630 2681 4698 itaque
2732 4629 2937 4701 fratres
2987 4648 3117 4687 suos
3173 4633 3344 4688 duces
3405 4637 3635 4701 u'riquc

2057 4704 2265 4764 ordini,
2291 4701 2597 4764 Simonem,
2629 4710 2683 4753 et
2720 4700 3041 4768 Joseplium,
3072 4716 3127 4758 et
3155 4704 3469 4765 Junatbam.
3499 4700 3641 4761 sub-

2054 4774 2217 4851 jectis
2243 4772 2558 4851 unicuique
2583 4770 2821 4851 inillenis
2854 4780 2915 4851 et_
2937 4776 3352 4851 quingenteuis.

2129 4843 2209 4899 Ad
2243 4841 2348 4894 hoc
2382 4841 2543 4894 etiam
2583 4841 2651 4892 ab
2681 4840 2849 4894 Esdra
2903 4840 3042 4896 lecto
3074 4840 3181 4898 illis
3222 4855 3410 4898 sancto
3463 4846 3634 4908 libro.

2058 4929 2112 4973 et
2139 4916 2271 4985 dato
2300 4911 2454 4985 signo
2482 4910 2740 4985 adjutorii
2773 4909 2890 4974 Dei,
2936 4912 2988 4965 iu
3013 4916 3186 4982 prima
3219 4914 3337 4967 acie
3373 4916 3487 4985 ipse
3519 4918 3637 4971 dux

2061 4984 2338 5042 commisit
2368 4995 2491 5033 cum
2518 4981 2811 5033 Nicanore.

2133 5059 2197 5111 Et
2241 5052 2385 5105 facto
2418 5051 2524 5103 sibi
2579 5051 2829 5123 adjuvare
2879 5054 3286 5123 Omnipotcntc,
3341 5056 3641 5111 interfece-

2068 5140 2198 5181 runt
2230 5137 2396 5189 super
2425 5136 2617 5196 novem
2668 5122 2837 5196 millia
2872 5122 3153 5179 hominum
3196 5140 3211 5178 ;
3249 5128 3506 5196 majorem
3537 5145 3641 5180 au-

2065 5209 2170 5252 tem
2201 5205 2406 5262 partem
2430 5194 2704 5244 exercitus
2733 5192 3017 5248 Nicanoris
3047 5192 3368 5250 vulneribus
3393 5200 3637 5253 debilem

2058 5261 2276 5324 faetam,
2304 5261 2495 5331 fugere
2525 5266 2935 5330 compulerunt.

2130 5335 2387 5392 l’ecuiiiis
2422 5346 2550 5384 vero
2578 5348 2793 5406 eorum,
2832 5340 2923 5404 qui
2976 5336 3041 5389 ad
3090 5338 3427 5403 emptionem
3488 5338 3638 5406 ipso-

2053 5424 2173 5463 rum
2207 5413 2491 5468 venerant,
2528 5404 2780 5469 sublatis,
2834 5410 2984 5475 ipsos
3017 5423 3409 5476 usquequaque
3449 5404 3640 5475 poi-sc-

2053 5484 2165 5534 cuti
2202 5484 2350 5529 sunt.

2126 5548 2233 5603 Sed
2268 5546 2475 5599 reversi
2514 5556 2643 5601 sunt
2676 5545 2809 5599 hora
2842 5548 3082 5602 conclusi

2055 5620 2355 5673 Sabbatum
2398 5634 2408 5667 :

2050 5693 2421 5756 insequentes.

3126 5563 3139 5600 :
3179 5562 3304 5600 nam
3352 5554 3634 5600 eratante

2462 5633 2624 5686 quam
2658 5618 2727 5670 ob
2763 5634 2982 5672 causam
3041 5636 3146 5673 non
3207 5628 3635 5687 perseverarunt

458 5831 471 5859 ’
512 5829 808 5885 l'rxl‘crum
840 5828 928 5883 alii
970 5830 1091 5883 iibt‘i
1124 5828 1299 5884 datis:
1333 5831 1385 5885 in
1408 5830 1595 5887 Gncco
1636 5839 1921 5885 autemest
1964 5829 2253 5897 ὐποτάξχς.
