3840 6176
167 252 260 315 MS

227 365 390 443 {trina
443 370 628 443 autem
678 362 950 443 ipsoriim,
980 358 1056 443 '_et
1097 357 1728 443 spoliancongregantes,
1765 388 1802 443 Α

170 435 461 489 Sabbatum
511 432 743 500 agebam
782 449 794 484 :
832 431 1223 486 benedicenies
1273 430 1585 491 Dominum,
1635 431 1726 497 qui

167 505 408 558 liberavit
458 517 554 555 eos
594 503 649 554 in
704 503 808 555 isto
860 501 986 565 die,
1061 501 1454 553 iiii'sericordia:
1510 501 1725 554 initium

168 575 366 629 stillans
399 575 453 626 in
479 586 596 625 eos.

227 645 348 696 l’ost
378 643 681 696 Sabbatuin
707 656 838 694 vero
863 640 1161 699 debilibus,
1188 649 1242 692 et
1262 638 1523 705 orphauis
1548 638 1730 693 viduis

167 715 468 766 diviserunt
530 711 703 779 spolia
744 729 758 764 :
793 721 848 763 et
890 710 1110 764 residua
1163 710 1265 778 ipsi
1301 723 1426 761 cum
1471 709 1587 761 suis
1638 712 1732 762 ha-

168 785 338 836 liuere.

228 851 316 904 llis
370 851 554 916 itaque
604 853 791 919 gestis,
825 861 879 905 et
927 854 1296 905 communiter
1346 849 1414 902 ah
1470 849 1728 902 omnibus

170 923 286 974 facta
321 921 730 987 obsecratione,
764 921 1170 974 misericordem
1209 922 1496 974 Dominum
1542 928 1729 988 posto.

173 994 359 1051 labant,
392 1001 455 1042 ut
486 991 540 1042 in
574 994 736 1046 linem
762 993 940 1044 servis
973 993 1084 1044 suis
1123 991 1600 1044 recoiiciliaretor.

229 1061 284 1113 Et
319 1075 389 1112 ex
425 1061 511 1114 his
538 1079 551 1127 ;
579 1065 669 1130 qui
700 1077 822 1114 cuin
850 1061 1157 1119 'l'imotlieu.
1186 1071 1240 1113 et
1272 1058 1728 1130 Bacchideerant

173 1139 344 1184 contra
379 1145 438 1182 se
469 1128 894 1192 contendentes,
927 1146 1092 1196 super
1124 1131 1314 1198 viginti
1345 1128 1514 1180 millia
1549 1129 1726 1180 inter-

176 1202 431 1260 fecerunt,
465 1210 522 1254 et
557 1203 896 1254 munitiones
942 1203 1184 1252 excelsas
1217 1199 1575 1251 obtinuerunt
1608 1212 1622 1251 :
1672 1207 1728 1250 et

176 1273 345 1336 plures
380 1271 594 1336 praedas
650 1271 953 1324 diviserunt
987 1285 1195 1338 mquam
1231 1280 1539 1338 portionem
1565 1268 1725 1319 debi-

175 1340 322 1402 tibus,
358 1341 604 1408 pupillis,
631 1349 685 1394 et
717 1339 901 1392 viduis
930 1357 944 1392 :
971 1337 1066 1392 sed
1102 1349 1156 1392 et
1186 1337 1496 1392 senioribus
1521 1340 1727 1390 facien-

177 1419 259 1461 ινδ.

231 1479 295 1532 Ει
320 1493 446 1532 cum
475 1492 625 1532 arma
659 1494 850 1554 eorum
885 1479 1174 1554 diligenter
1204 1476 1577 1554 collegissent,
1607 1490 1726 1527 oin-

175 1550 247 1602 nia
275 1560 708 1618 coriiposuerunt
733 1551 784 1602 in
814 1551 946 1603 locis
972 1547 1322 1618 opportunis,
1354 1547 1570 1598 residua
1594 1560 1726 1598 vero

177 1620 326 1687 Spolia
349 1615 780 1688 Ilicrosolyiiiaiii
801 1615 1110 1672 detulerunt
1146 1635 1164 1672 :

236 1689 292 1741 Et
325 1685 677 1750 Philarcheii,
713 1691 951 1757 quicum
985 1689 1277 1741 Timotheo
1316 1699 1458 1745 erat,
1489 1685 1720 1757 interfe-

175 1769 372 1822 cerunt,
409 1758 586 1810 virum
615 1759 906 1812 scelestum
948 1775 961 1811 :

175 1830 330 1881 allliiie
340 1836 444 1881 rat.

233 1898 290 1949 Et
317 1913 446 1951 cum
479 1897 712 1967 epinicia
744 1907 968 1967 agerent
995 1895 1400 1967 Hierosolymis.
1441 1910 1588 1967 eum,
1634 1895 1725 1965 qui

177 1982 344 2020 sacras
407 1966 604 2036 janoas
673 1966 1016 2030 incenderat,
1085 1967 1139 2020 id
1191 1966 1274 2020 est
1314 1966 1728 2030 Callisthenem,

177 2052 278 2088 cuin
332 2035 702 2106 inquoddam
737 2037 1075 2092 domicilium
1111 2037 1418 2105 refugisset,
1468 2035 1732 2089 incende-

178 2115 303 2170 runt,
363 2108 533 2178 digna
587 2108 639 2161 ei
695 2109 948 2161 mercede
1002 2121 1104 2176 pro
1177 2108 1553 2177 impietatibus
1616 2106 1730 2158 suis

180 2179 392 2231 reddita.

238 2244 762 2305 Facinorosissimus
791 2255 976 2301 autem
1016 2245 1276 2312 Nicanor,
1314 2245 1408 2315 qui
1453 2245 1602 2300 mille
1636 2259 1732 2300 ne-

179 2317 440 2385 gotiantes
493 2322 559 2373 ad
597 2318 920 2380 Jodzeorum
971 2319 1346 2370 venditionem
1404 2315 1728 2370 adduxerat.

242 2385 568 2442 lluiniliatus
619 2390 822 2464 auxilio
874 2387 1194 2464 Dominiab
1242 2387 1328 2438 his
1363 2385 1732 2464 qiiosnnullos

174 2456 594 2523 existimaverat,
616 2459 856 2526 deposita
885 2466 1031 2510 veste
1059 2457 1260 2522 gloriae,
1288 2471 1379 2521 per
1403 2455 1726 2526 mediterra-

184 2540 268 2578 tira
291 2529 531 2596 fugiens,
564 2525 714 2581 solus
732 2530 880 2579 venit
899 2527 1270 2591 Antiochiam,
1291 2540 1563 2578 summam
1595 2525 1734 2577 iule-

175 2597 420 2649 licitateiu
453 2599 521 2652 de
554 2598 784 2650 interitu
819 2598 905 2650 sui
940 2599 1218 2650 exercitus
1248 2606 1604 2649 consecutura.

234 2665 296 2720 Et
322 2669 424 2735 qui
472 2669 803 2736 promiserat
851 2667 1116 2719 Romanis
1150 2681 1208 2719 se
1255 2664 1732 2736 tribotum_rest~i-

177 2745 313 2788 tuere
342 2733 426 2788 'de
473 2733 800 2805 captivitate
846 2736 1368 2805 Hierosolymorum,
1405 2733 1736 2800 praedicabat

177 2822 303 2858 nunc
362 2803 739 2874 pretectorein
798 2805 966 2858 Deum
1022 2806 1222 2859 habere
1280 2803 1524 2866 Judaaos,
1553 2813 1610 2855 et
1664 2806 1733 2856 ob

179 2891 338 2941 ipsum
397 2877 832 2929 invulnerabiles
877 2890 1020 2939 esse,
1075 2889 1142 2929 eo
1167 2876 1316 2943 quod
1365 2884 1735 2939 sequerentur
1783 2930 1797 2939 ,

176 2951 303 3012 leges
337 2947 413 2998 ab
459 2950 578 3014 ipso
599 2950 949 3000 constitutas.

777 3061 1002 3117 CAPUT
1047 3060 1139 3115 IX.

235 3154 438 3209 Eodem
469 3165 717 3224 tempore
741 3155 1045 3210 Antiochus
1078 3154 1375 3207 inhoneste
1407 3153 1690 3208 reverteba
1710 3181 1731 3191 -

175 3232 250 3277 tur
276 3228 341 3279 de
382 3227 630 3279 Perside.

233 3296 542 3349 lutraverat
569 3297 719 3348 enim
754 3295 807 3348 iii
836 3310 984 3354 eam,
1012 3309 1134 3362 qua:
1166 3292 1372 3346 dicitur
1404 3293 1731 3361 Persepolis,

175 3373 222 3416 et
248 3375 481 3418 tentavit
507 3369 814 3433 exspoliare
845 3368 1126 3433 templum,
1163 3373 1217 3417 et
1245 3365 1519 3416 civitatein
1549 3379 1736 3430 oppri-

172 3451 310 3486 mere
344 3453 358 3486 :
418 3436 512 3488 sed
557 3436 913 3488 multitudine
949 3437 1014 3486 ad
1050 3451 1200 3485 arma
1250 3444 1643 3492 concurrente,
1682 3435 1734 3487 in

173 3509 336 3572 togam
379 3505 530 3558 versi
581 3517 758 3560 sunt:
800 3515 856 3558 ct
909 3506 980 3557 ita
1027 3506 1258 3573 contigit
1303 3514 1360 3556 ut
1427 3507 1735 3557 Antiochus

174 3588 284 3638 post
313 3579 504 3643 fugam
535 3580 772 3642 turpiter
807 3576 1034 3628 rediret.

235 3647 297 3697 L’t
347 3650 767 3716 cum_veiiisset
814 3651 957 3716 circa
1003 3643 1356 3716 Ecbatanam,
1415 3648 1734 3716 recognovit

173 3730 281 3780 qua:
302 3730 433 3784 erga
466 3714 797 3768 Nicanorem
831 3725 888 3768 et
918 3714 1269 3766 Timotheum
1294 3724 1444 3783 gesta
1477 3714 1626 3770 sunt.

236 3785 420 3839 hiatus
475 3794 657 3837 autem
697 3786 748 3836 in
799 3786 902 3845 ira,
944 3784 1316 3837 arbitrabatur
1365 3801 1425 3838 se
1481 3787 1735 3854 injuriain

175 3853 382 3909 iliorum
417 3857 517 3924 qui
551 3869 614 3907 se
639 3855 981 3923 fugaverant,
1022 3867 1181 3923 posse
1211 3854 1268 3906 iii
1315 3853 1738 3910 Judaeosretor-

172 3940 376 3988 uiuere:
417 3928 656 3992 ideoque
680 3927 845 3993 jussit
879 3925 1071 3991 agitari
1120 3937 1344 3977 currum
1389 3939 1575 3989 suum,
1616 3931 1737 3980 sine

172 3997 579 4049 intermissione
620 4009 786 4062 agens
817 3996 942 4055 iter,
987 3994 1201 4047 caelesti
1235 4008 1359 4046 eum
1393 3996 1602 4062 judicio
1622 4010 1738 4065 per-

173 4075 409 4132 urgente,
471 4079 540 4118 eo
571 4067 716 4133 quod
766 4067 839 4118 ita
873 4066 1107 4132 superbe
1139 4069 1356 4116 locutos
1379 4075 1464 4118 est
1508 4082 1567 4118 se
1609 4080 1738 4120 ven-

171 4143 339 4188 iurqu
360 4136 820 4204 Hierosolymam,
850 4143 905 4187 et
928 4134 1235 4203 congeriem
1265 4134 1500 4205 sepulcri
1525 4135 1739 4190 Judaeu-

169 4221 278 4257 ruui
305 4223 430 4259 eam
462 4209 606 4257 tactu
618 4221 761 4258 rum.

228 4279 332 4328 Sed
361 4277 461 4344 qui
494 4289 750 4328 universa
779 4273 1047 4342 conspicit
1074 4272 1340 4329 Dominus
1365 4272 1512 4331 Deus
1539 4278 1732 4340 Israel,

167 4357 434 4411 percussit
485 4360 613 4399 eum
672 4351 956 4399 insanabili
1003 4353 1060 4396 et
1111 4345 1376 4400 iiiVisibili
1444 4350 1619 4416 plaga.
1668 4348 1734 4403 Ut

1307 247 1535 308 LIBER
1577 249 1601 309 Ι
1645 247 1904 312 MACHA
1918 253 2277 317 BEORUM.

1015 1740 1126 1827 qui
1166 1740 1232 1810 in
1259 1740 1456 1812 inultis
1499 1755 1721 1810 Judaros
1752 1740 1798 1801 Β

3287 260 3390 324 546

1916 362 1994 436 Et
2016 364 2108 432 qui
2138 363 2301 431 paulo
2331 370 2458 416 ante
2497 361 2680 417 sidera
2713 362 2838 418 (ιωΙὶ
2873 365 3190 436 contingere
3217 384 3276 424 se
3303 388 3395 427 ar-

1839 431 2322 503 liitrabatur,eum
2366 448 2528 486 nemo
2575 442 2786 501 poterat
2832 431 3395 503 propter'intoleraii-

1835 501 1962 554 tiam
1998 503 2185 556 fetoris
2223 513 2460 570 portare.

1908 570 2049 642 l-liuc
2086 571 2250 640 igitur
2294 574 2461 640 cmpit
2497 588 2565 625 ex
2598 572 2746 639 gravi
2801 573 3062 640 superbia
3100 577 3394 642 deductus.

1833 639 1898 692 ad
1933 639 2263 709 agnitionem
2290 639 2610 719 siiivenire,
2642 643 2822 719 divina
2867 639 3181 719 admonitus
3217 639 3395 719 plaga,

1833 724 1927 782 per
1955 720 2227 782 momenta
2261 709 2471 778 singula
2501 712 2785 766 doloribus
2817 714 2933 766 suis
2968 709 3265 782 aogmcnia
3297 709 3391 772 Ea?

1834 779 2135 844 pientibos.

1901 848 2120 922 Etcum
2153 864 2253 902 nec
2283 851 2398 917 ipse
2429 849 2544 922 jam,
2570 850 2797 904 fetorem
2827 865 2986 904 suum
3015 853 3157 906 ferre
3191 864 3397 922 posset,

1834 917 1905 969 ita
1937 918 2013 969 ait
2051 933 2064 969 :
2095 918 2312 972 Justom
2353 917 2441 974 est
2467 921 2745 975 subditum
2781 935 2901 974 esse
2933 923 3064 986 Deo,
3104 936 3159 978 et
3190 917 3398 979 incrta;

1831 987 1936 1056 lein
1972 1003 2076 1040 non
2115 991 2264 1056 paria
2298 989 2408 1042 Deo
2440 993 2669 1054 sentire.

1901 1055 2434 1132 Orabat’au‘temhic
2465 1061 2726 1113 scelestos
2759 1059 3066 1124 Dominum,
3097 1079 3124 1114 a
3151 1079 3260 1132 quo
3286 1080 3395 1118 non

1832 1136 1981 1180 esset
2015 1129 2451 1182 misericordiam
2481 1141 2903 1182 consecuturus.

1906 1196 1972 1249 Et
2031 1199 2333 1258 civitatem,
2387 1199 2454 1251 ad
2508 1214 2668 1265 quam
2718 1199 2983 1252 festinans
3021 1202 3294 1266 veniebat,
3339 1213 3400 1258 tit

1831 1282 1948 1318 eam
1986 1269 2050 1343 ad
2086 1269 2260 1320 solum
2297 1269 2619 1343 deduceret,
2641 1284 2713 1343 ac
2747 1271 3062 1337 sepulcrum
3101 1284 3394 1343 congesto-

1832 1350 1955 1389 rum
1983 1336 2208 1407 faceret,
2243 1351 2391 1407 nunc
2417 1349 2567 1407 optat
2594 1336 2824 1392 liberaui
2851 1343 3106 1395 reddere.

1900 1407 1966 1457 Et
2003 1406 2110 1476 [ΑΙ.
2147 1414 2252 1481 lac.
2289 1405 2640 1481 EllJlltla’OS,
2668 1425 2802 1475 quos
2833 1425 2934 1481 nec
2965 1413 3244 1478 sepultura
3276 1415 3398 1481 qui-

1830 1473 1953 1527 dem
2005 1473 2063 1529 se
2128 1477 2322 1544 dignos
2362 1473 2722 1538 'liabitoruiii,
2775 1479 2869 1532 sed
2931 1473 3126 1534 avibus
3157 1498 3220 1536 ac
3265 1473 3400 1538 feris

1829 1545 2170 1612 diripiendos
2200 1547 2550 1609 traditurum,
2587 1558 2642 1599 et
2683 1564 2805 1600 cum
2841 1551 3085 1615 parvulis
3130 1553 3396 1604 extermi-

1830 1627 2083 1666 natorom
2141 1616 2372 1679 dixerat,
2441 1618 2678 1684 aequales
2753 1633 2900 1671 nunc
2965 1621 3402 1676 Atheniensibus

1831 1685 2100 1753 facturum
2131 1686 2437 1753 pollicetur.

1843 1791 1850 1803 ι
1901 1752 2187 1829 Templum
2225 1757 2388 1829 etiam
2420 1766 2695 1829 sanctum,
2740 1759 2884 1824 quod
2943 1762 3094 1825 prius
3132 1763 3404 1829 exspolia-

1835 1824 2281 1891 verat,.opliuiis
2335 1825 2494 1878 donis
2540 1840 2884 1888 ornatui-nm,
2931 1824 2984 1881 et
3025 1824 3243 1883 sancta'
3275 1848 3400 1887 vasa

1833 1892 2346 1960 inultiplicaturuin,
2422 1905 2476 1948 et
2551 1897 2893 1962 pertinentes
2977 1901 3041 1951 ad
3127 1903 3401 1956 sacrilicia

1833 1973 2089 2033 sumptus
2116 1964 2184 2017 de
2217 1965 2523 2018 redditibus
2562 1965 2679 2018 suis
2713 1978 3114 2033 prwstituruin.

1904 2032 2079 2100 Super
2110 2034 2244 2098 haec,
2273 2044 2330 2087 et
2377 2033 2623 2087 Judaeum
2653 2032 2724 2088 se,
2759 2040 3030 2099 l'utiiruiii,
3076 2047 3132 2092 et
3183 2055 3400 2094 omnem

1833 2099 2014 2175 locum
2072 2112 2229 2156 terra:
2272 2105 2808 2172 perainbulaturum,
2862 2119 2917 2159 et
2973 2111 3398 2175 praedicatorum

1833 2170 1929 2224 Dei
1966 2170 2311 2239 potestatem.

1898 2241 2175 2316 $ed_non
2226 2244 2571 2316 cessantibus
2626 2244 2916 2316 doloribus
2981 2246 3405 2316 (supervenerat

1831 2311 1979 2387 enim
2017 2313 2082 2387 .in
2130 2328 2275 2387 _eu_m_
2312 2315 2519 2387 justum
2574 2316 2667 2368 Dei
2723 2311 3036 2386 judicium),
3076 2311 3406 2387 'desperaiis

1833 2381 2056 2458 scripsit
2078 2381 2144 2435 ad
2175 2382 2392 2458 .liidaaos
2421 2385 2474 2436 in
2509 2381 3161 2453 niodutii’deprecaiionis
3192 2381 3403 2458 episto-

1836 2451 1940 2502 lam
1977 2451 2093 2504 haec
2120 2455 2494 2506 continentem
2539 2470 2553 2506 :

1905 2519 2140 2588 Optimis
2190 2524 2402 2576 civibus
2449 2524 2650 2578 Jodaais
2702 2526 2992 2594 plurimam
3036 2529 3294 2592 salutem,
3347 2537 3403 2584 et

1838 2591 1978 2643 bene
2019 2595 2221 2655 Valere,
2257 2603 2454 2647 etesse
2493 2591 2714 2662 felices,
2741 2613 2834 2651 rex
2854 2608 2912 2651 et
2932 2603 3186 2666 princeps
3209 2600 3402 2653 Antio-

1836 2668 2004 2714 chus.‘
3063 2701 3070 2706 -

1910 2730 1964 2783 Si
2001 2733 2141 2784 bene
2179 2732 2387 2797 t'nletis,
2421 2742 2478 2788 et
2532 2735 2626 2788 lilii
2680 2739 2871 2801 vesrri,
2914 2744 2970 2789 et
3025 2753 3085 2790 ex
3130 2741 3402 2794 sententia

1838 2803 1991 2875 vobis
2025 2813 2220 2875 cuncta
2252 2815 2405 2875 sunt,
2433 2807 2694 2858 maximas
2725 2808 2936 2874 agimus
2968 2809 3186 2875 gratias.

1900 2871 1967 2922 Et
2013 2887 2112 2941 ego
2144 2873 2197 2923 iii
2249 2873 2568 2927 infirmitate
2613 2871 3165 2939 coost'itotusftestri
3215 2888 3402 2932 autem

1839 2955 2050 2993 memor
2084 2943 2338 3010 benigne,
2373 2959 2626 2997 reversus
2666 2947 2733 2999 de
2763 2946 3007 3000 Persidis
3035 2948 3193 3012 locis,
3230 2959 3286 3001 et
3320 2953 3402 3001 in-

1842 3012 2099 3064 liriiiitate
2156 3013 2305 3078 gravi
2354 3014 2769 3082 apprehensus,
2830 3032 3200 3071 necessarium
3268 3021 3399 3072 duxi

1761 3090 1808 3153 ρ
1841 3084 2246 3153 μιᾳ-εοιιιιιιιιιιί
2281 3083 2515 3137 utilitate
2543 3100 2734 3138 curam
2766 3088 2967 3139 habere
3001 3105 3016 3142 :

1911 3151 2032 3204 Non
2081 3152 2820 3227 desiierausinemetipsum,
2851 3157 2945 3210 sed
2975 3173 3128 3227 spem
3177 3160 3403 3214 multam

1841 3219 2048 3274 habens
2073 3221 2371 3290 effugiendi
2399 3219 2794 3281 inﬁrmitatem.

1905 3291 2228 3368 Respiciens
2259 3303 2440 3368 autem
2501 3297 2750 3368 quodet
2797 3306 2951 3364 pater
2987 3313 3163 3359 meus.
3200 3301 3402 3368 quibus

1841 3362 2181 3429 temporibus
2211 3365 2265 3414 in
2309 3362 2448 3418 locis
2491 3362 2872 3433 superioribus
2921 3368 3156 3423 docebat
3184 3362 3404 3425 exerci-

1841 3442 1978 3509 tum,
2005 3433 2250 3512 ostendit
2273 3435 2366 3500 qui
2401 3443 2524 3502 post
2547 3452 2604 3488 se
2630 3438 2934 3505 susciperet
2969 3439 3082 3509 [ιιι.
3115 3441 3403 3512 suscipiet]

1841 3508 2205 3570 principatum
2237 3515 2254 3556 :

1919 3569 1986 3624 Ut
2025 3569 2076 3624 si
2124 3573 2256 3639 quid
2315 3575 2651 3629 contrarium
2700 3577 3001 3640 accideret,
3032 3587 3126 3629 aut
3183 3578 3406 3634 diliicile

1840 3643 2213 3716 nuntiaretur,
2244 3644 2484 3698 scientes
2513 3648 2593 3707 hi,
2631 3649 2724 3714 qui
2764 3665 2815 3698 iu
2872 3647 3187 3716 regionibus
3223 3665 3400 3716 erant,

1839 3714 1929 3762 cui
1964 3723 2111 3766 esset
2157 3726 2337 3765 reruni
2379 3729 2593 3768 summa
2645 3714 3077 3782 derelicta,'u0ii
3112 3714 3405 3773 turbaren-

1841 3787 1950 3833 tur.

1911 3852 1990 3905 Ad
2019 3852 2152 3928 hinc,
2180 3853 2552 3928 considerans
2579 3855 2646 3909 de
2678 3855 2929 3924 proximo
2963 3867 3213 3924 potentes
3239 3874 3404 3928 quos-

1841 3934 1969 3988 que,
2006 3932 2062 3974 et
2089 3925 2298 3978 vicinos
2322 3929 2663 3994 temporibus
2692 3929 3036 3994 insidiantes,
3060 3943 3115 3984 et
3145 3925 3403 3982 eventum

1839 4001 2242 4060 exSpcctantes,
2288 3996 2570 4064 designavi
2625 3998 2796 4048 lilium
2843 4012 3025 4051 meum
3073 4002 3401 4053 Antiochum

1841 4075 2044 4138 regem,
2090 4079 2252 4132 quem
2285 4081 2428 4134 saepe
2479 4081 2771 4120 recurrens
2826 4067 2880 4118 in
2918 4073 3199 4136 superiora
3239 4085 3403 4138 regna

1841 4135 2028 4186 multis
2059 4143 2297 4209 vestrum
2329 4138 2782 4191 commendabam
2816 4153 2831 4189 :
2862 4147 2917 4190 et
2955 4135 3149 4209 scripsi
3189 4142 3257 4192 ad
3275 4135 3401 4192 eum

1840 4216 1963 4269 qua:
1993 4205 2236 4271 subjecta
2265 4215 2416 4260 sunt.

1913 4271 2022 4325 Oro
2050 4275 2235 4342 itaque
2265 4291 2380 4341 vos,
2418 4283 2475 4331 et
2516 4286 2645 4344 peto
2699 4290 2968 4335 memores
3012 4279 3403 4334 beneficiorum

1842 4348 2061 4419 publice
2093 4355 2146 4396 et
2184 4349 2462 4419 privatim,
2498 4358 2556 4400 ut
2593 4349 2972 4419 unusquisque
3004 4363 3294 4405 conservet
3343 4355 3406 4402 li-

165 4417 302 4468 enim
340 4419 524 4469 finivit
560 4417 707 4468 hunc
758 4419 933 4484 ipsum
981 4429 1318 4480 sermonem,
1370 4414 1735 4486 apprehendit
1767 4429 1811 4485 υ
1841 4414 1963 4486 del}!
1995 4419 2060 4486 ad
2088 4429 2173 4466 me
2197 4424 2254 4467 et
2281 4416 2345 4468 ad
2372 4416 2539 4470 ﬁliuni
2575 4414 2776 4469 nicum}

165 4502 280 4538 eum
305 4489 470 4540 dolor
500 4487 656 4539 dirus
702 4490 997 4549 viscerum,
1034 4495 1091 4538 et
1138 4502 1322 4542 amara
1379 4489 1730 4544 interiiorum

166 4566 458 4610 tormenta.

233 4628 294 4679 tt
356 4627 586 4695 quidem
651 4629 787 4682 satis
846 4628 1014 4696 juste,
1071 4627 1272 4697 quippe
1311 4629 1406 4699 qui
1440 4629 1628 4684 multis
1675 4638 1731 4684 et

165 4701 313 4749 novis
349 4702 701 4751 cruciatibus
745 4700 975 4753 aliorum
1021 4710 1259 4752 torserat
1311 4708 1540 4764 viscera,
1600 4701 1730 4755 lieet

165 4774 247 4820 itle
271 4769 437 4821 nullo
469 4772 633 4822 modo
665 4786 694 4821 a
728 4784 826 4822 sua
855 4770 1060 4822 malitia
1095 4781 1359 4824 cessaret.

229 4838 412 4906 Super
453 4840 557 4892 hoc
579 4848 760 4912 autem
795 4841 1052 4907 superbia
1087 4841 1349 4906 repletus,
1382 4840 1563 4910 ignem
1611 4842 1731 4912 spi-

165 4922 280 4960 rans
311 4912 505 4961 animo
549 4925 604 4961 in
655 4908 892 4974 Judaos,
940 4917 998 4962 et
1046 4917 1369 4978 praecipiens
1409 4908 1726 4967 'accelei'ari

163 4983 467 5046 negotium,
497 4980 726 5047 contigit
773 4982 924 5034 illum
962 4981 1168 5046 impetu
1202 4992 1422 5034 euntem
1455 4984 1523 5034 de
1561 4998 1727 5036 curru

161 5060 376 5112 cauere,
405 5060 468 5101 et
489 5055 637 5119 gravi
672 5065 919 5119 corporis
941 5051 1220 5103 collisione
1249 5053 1496 5104 membra
1513 5057 1721 5106 vexari.

221 5119 381 5187 Isque
415 5136 511 5188 qui
561 5120 667 5173 sibi
701 5121 988 5173 videbatur
1037 5123 1201 5174 etiam
1254 5121 1514 5175 lluctibos
1561 5126 1730 5177 maris

159 5190 456 5257 imperare,
495 5205 658 5258 supra
706 5193 1004 5244 humanum
1049 5194 1271 5243 modum
1324 5194 1586 5260 superbia
1643 5210 1728 5246 rc-

159 5265 358 5328 pletus,
384 5276 446 5315 et
497 5263 767 5314 montium
820 5264 1140 5315 altitudines
1176 5261 1230 5314 iu
1278 5273 1482 5316 statera
1516 5278 1725 5332 appen-

159 5339 312 5394 dere,
367 5346 520 5384 nonc
569 5332 894 5386 humiliatus
932 5338 999 5387 ad
1045 5336 1367 5398 terraiu,.in
1419 5334 1722 5401 gestator-io

159 5402 511 5468 portabatur,
544 5404 889 5458 manifestam
917 5405 1013 5458 Dei
1048 5405 1306 5458 virtutem
1329 5409 1382 5457 in
1423 5409 1725 5472 senietipSo

155 5483 475 5525 contestans
512 5488 526 5527 ζ

221 5546 300 5598 lia
343 5556 407 5596 ut
442 5546 514 5597 de
543 5559 773 5614 corpore
803 5545 953 5616 impii
1004 5561 1219 5603 vermes
1263 5546 1618 5612 scaturirent,
1665 5561 1729 5600 ac

156 5617 389 5668 viventis
422 5617 482 5667 iii
531 5621 812 5671 doloribus
839 5632 1030 5673 carnes
1061 5635 1181 5690 ejus
1214 5618 1518 5683 ellloerent,
1551 5619 1726 5674 odore

152 5690 312 5740 etiam
349 5690 510 5743 illzus
538 5700 593 5742 et
621 5690 794 5741 fetore
815 5700 1090 5748 exercitos
1121 5700 1468 5762 gravaretur.

1903 4483 2132 4537 Conlido
2155 4488 2305 4539 enim
2340 4501 2466 4539 eum
2492 4491 2739 4541 modeste
2771 4497 2825 4541 et
2857 4489 3094 4544 humane
3122 4499 3404 4554 acturum,

1832 4562 2252 4626 etsequeutcni
2308 4560 2646 4626 υιορυδιιυιιι
2680 4575 2886 4624 meum,
2953 4573 3007 4615 et
3053 4575 3404 4614 Communem

1833 4624 1990 4678 vobis
2020 4634 2159 4679 tore.

1893 4694 2066 4764 lgitor
2102 4697 2411 4763 homicida,
2440 4706 2495 4752 et
2516 4697 2873 4768 blasphemus
2911 4701 3145 4770 pessime
3181 4715 3408 4771 percus-

1832 4778 1949 4841 sus,
1982 4775 2042 4841 et
2078 4779 2137 4823 ut
2162 4773 2275 4836 ipse
2303 4772 2440 4824 alios
2473 4779 2820 4841 tractaverat,
2848 4788 3072 4841 peregre
3098 4790 3150 4826 in
3202 4786 3406 4827 monti-

1833 4837 1933 4889 bus
1961 4838 2263 4892 miserabili
2289 4843 2442 4894 obitu
2473 4842 2581 4893 vita
2614 4837 2976 4896 foiictusest.

1901 4905 2294 4964 Transferebat
2342 4922 2526 4964 autem
2574 4928 2772 4979 corpus
2825 4913 3112 4982 Pliiiippus
3147 4913 3408 4966 collucta-

1831 4991 1970 5029 neos
2000 4981 2120 5048 ejus
2154 4991 2170 5032 ε
2200 4983 2316 5047 qui,
2352 4993 2604 5035 metuens
2639 4983 2809 5033 litium
2850 4981 3134 5048 Antiochi,
3164 4987 3233 5037 ad
3279 4985 3410 5039 l’to-

1834 5051 2080 5102 lenia-um
2116 5050 2542 5105 Philometoreui
2569 5056 2620 5104 iii
2645 5052 2936 5122 aEgyptom
2968 5064 3123 5108 abiit.

2354 5166 2580 5221 CAPUT
2621 5167 2691 5223 Χ.

1900 5260 2244 5314 llacliabarus
2271 5269 2481 5325 autem,
2515 5271 2571 5316 et
2601 5263 2841 5332 quicum
2875 5277 2942 5318 eo
2960 5273 3137 5325 erant,
3178 5260 3409 5312 Domino

1832 5349 1889 5386 se
1925 5342 2264 5400 protegente,
2315 5335 2578 5402 templum
2611 5334 2832 5402 quidem
2880 5346 2936 5389 et
3002 5343 3274 5387 civ.t.itcm
3311 5348 3408 5382 lC“

1831 5413 1998 5456 ειιυιι.

1939 5419 1998 5456 ιι.

1898 5419 2053 5525 pAras
2085 5483 2290 5537 autem,
2317 5488 2457 5543 quas
2488 5473 2808 5546 alienigenae
2841 5491 2935 5544 per
2962 5473 3167 5540 plateas
3192 5482 3411 5524 exstru.

1832 5552 2046 5610 xerunt,
2078 5546 2575 5614 itemque-delubra
2607 5547 2903 5600 demolitus
2932 5552 3037 5605 est,

1913 5615 1981 5668 Et
2011 5611 2247 5685 purgato
2281 5616 2504 5684 templo,
2542 5615 2688 5668 aliud
2729 5617 2899 5668 altare
2933 5615 3220 5685 fecerunt:
3260 5622 3314 5665 et
3347 5611 3416 5664 de

1834 5683 2024 5759 ignitis
2062 5687 2335 5755 lapidibus
2385 5683 2508 5753 igne
2550 5694 2848 5753 concepto,
2897 5683 3165 5740 sacriticia
3198 5695 3415 5740 obtine-
