3840 6176
728 197 941 235 ιμιγὲεηεμξη
954 195 977 210 '-

146 255 223 327 ιιι
616 202 627 210 ί
971 206 977 210 ’
1244 257 1482 320 LIBER
1524 255 1549 315 ι
1591 253 2228 317 ιιιιιῑιιιιιιιιεοιιυιιι.

2508 186 2515 191 .
2533 184 2583 195 ιμ-
2622 183 2627 187 ο

3252 252 3357 318 550

195 374 327 429 Ibant
368 372 533 442 igitur
569 373 830 441 prompti,
875 371 941 425 de
979 371 1119 426 cmlo
1152 372 1422 427 habentes
1454 373 1675 443 adjuto-
1705 372 1752 429 Α
1780 369 2154 443 conferentes,
2190 379 2246 424 ut
2279 370 2668 443 decernamus,
2700 367 2843 423 sicut
2870 366 3123 438 congruit
3159 368 3315 424 vobis
3343 390 3356 427 :

144 461 249 508 rem,
277 453 328 497 et
360 446 716 498 miserantem
745 459 911 513 super
939 458 1037 497 eos
1074 445 1386 497 hominum.

196 516 411 569 Leonum
436 526 619 567 autem
652 530 805 568 more
834 516 1041 581 impetu
1071 514 1346 567 irruentes
1377 515 1428 566 in
1466 513 1672 573 hostes.

143 592 511 654 prostraverunt
551 599 616 637 ex
663 583 744 638 eis
784 583 1037 638 undecim
1090 585 1257 638 millia
1314 583 1583 653 peditum,
1620 594 1675 639 et

140 656 344 723 equitnm
378 654 525 707 mille
555 663 869 708 sescentos.

197 725 466 780 Universos
530 734 712 778 autem
746 726 802 777 in
856 725 1034 789 fugam
1092 733 1431 781 verterunt:
1485 724 1673 791 plures

142 807 283 851 autem
307 809 371 848 ex
401 796 483 848 eis
520 795 790 848 vulnerati
824 796 955 850 nudi
989 806 1307 849 evaserunt.
1343 794 1448 849 Sed
1483 804 1538 847 et
1558 793 1675 861 ipse

145 868 292 935 Lysias
326 866 563 933 turpiter
597 866 811 933 fugiens
835 867 1031 921 evasit.

197 937 247 990 Et
278 935 401 1002 quia
435 950 545 988 non
597 935 911 990 insensatus
942 945 1080 997 erat,
1116 950 1304 989 secum
1348 936 1462 1004 ipse
1509 951 1675 1003 repu-

145 1018 252 1067 tans,
280 1005 472 1058 factam
499 1020 625 1069 erga
666 1021 725 1059 se
754 1006 1198 1067 diminutionem,
1254 1016 1309 1059 et
1366 1006 1676 1069 intelligens

146 1078 333 1130 invictos
365 1090 489 1129 esse
537 1075 820 1139 Hebraeos,
876 1077 1274 1145 omnipotentis
1318 1076 1411 1131 Dei
1468 1076 1675 1129 auxilio

146 1148 414 1210 innitentes,
445 1146 593 1200 misit
622 1146 688 1199 ad
718 1162 815 1201 eos
846 1166 861 1201 :

198 1216 536 1284 Promisitque
566 1232 626 1270 se
658 1231 1057 1272 consensurum
1090 1217 1347 1272 omnibus
1386 1233 1508 1285 qua:
1530 1220 1675 1288 jiista

147 1296 256 1349 sunt,
285 1294 337 1340 et
370 1301 551 1356 regem
582 1288 994 1354 compnlsurnm
1027 1289 1264 1342 anticum
1313 1288 1453 1341 lieri.

198 1357 375 1409 Annuit
425 1368 608 1411 autem
666 1356 1015 1412 Machameus
1065 1359 1325 1423 precibus
1385 1356 1583 1427 Lysiae,
1620 1358 1675 1411 in

146 1428 359 1479 omnibus
389 1428 615 1481 utilitati
652 1431 948 1482 consulens
1002 1446 1016 1482 :
1079 1436 1136 1482 et
1171 1444 1515 1495 quaecunque
1569 1428 1679 1483 Ma-

146 1499 355 1551 i-liaba'us
409 1497 633 1567 scripsit
690 1497 867 1568 Lysiae
923 1499 992 1554 de
1051 1499 1281 1563 iudicis,
1313 1514 1376 1552 ea
1420 1514 1515 1553 rex
1547 1514 1679 1553 con-

147 1578 271 1621 ςεςδιι
290 1584 305 1620 ἓ

201 1639 307 1711 Nam
343 1650 504 1693 erant
530 1638 749 1707 scripta:
780 1639 983 1695 Judaais
1014 1641 1258 1710 epistola:
1286 1657 1317 1695 a
1363 1641 1523 1711 Lysia
1554 1643 1677 1711 qui-

1780 455 1881 493 iios
1911 442 2058 493 enim
2088 442 2435 495 Antiochiam
2469 441 2810 493 accedimus.

1855 512 2090 578 ideoque
2143 512 2401 565 festinate
2467 512 2812 575 rescribere,
2870 517 2931 564 ut
2978 524 3075 566 nos
3130 525 3351 580 quoque

1780 596 2022 635 setamus
2057 581 2213 647 cujus
2249 584 2382 633 estis
2417 582 2732 634 voluntalis.

1850 650 1996 703 Bene
2020 652 2214 703 valete.
2252 654 2406 703 Anno
2431 651 2733 703 centesimo
2764 650 3181 719 quadragesimo
3203 662 3359 707 ecta.

1779 736 1866 782 vo,
1898 721 2087 787 quinta
2126 721 2337 775 decima
2369 721 2457 774 die
2492 722 2694 773 mensis
2722 719 3004 774 Xziiithici.

2371 836 2596 893 CAPUT
2648 835 2764 890 XII.

1850 932 1947 986 His
1979 932 2136 986 factis
2161 930 2526 1000 pactionibus,
2554 929 2740 999 Lysias
2765 929 3023 1002 pergebat
3050 929 3114 983 ad
3144 946 3350 1002 regem,

1778 1004 1948 1058 Jiidaii
1982 999 2173 1057 autem,
2200 1002 2552 1069 agricultura:
2584 1014 2808 1067 operam
2839 999 3063 1052 dabant.

1852 1074 1958 1128 Sed
1986 1074 2060 1135 hi,
2086 1072 2178 1139 qui
2210 1068 2917 1132 resederant,Timotheus,
2949 1078 3003 1120 et
3033 1072 3355 1139 Apollonius

1779 1144 1999 1214 Gennaei
2059 1144 2223 1203 lilius,
2272 1143 2367 1214 sed
2421 1150 2476 1193 et
2510 1140 2891 1214 Hieronymus,
2945 1148 2999 1192 et
3038 1143 3354 1214 llenioplion

1779 1230 1947 1281 super
1984 1213 2105 1273 hos,
2167 1222 2221 1265 et
2255 1211 2494 1264 Nicanor
2524 1209 2892 1279 Cypriarclies
2942 1225 3051 1262 non
3100 1209 3357 1273 sinebant

1781 1300 1877 1340 eos
1915 1284 1967 1337 in
2000 1283 2223 1337 silentio
2252 1296 2433 1350 agere,
2460 1291 2516 1335 et
2550 1284 2756 1348 quiete.

1849 1354 2082 1422 Joppitie
2134 1367 2264 1405 vero
2296 1349 2400 1422 tale
2439 1351 2719 1422 quoddam
2777 1349 3038 1417 ﬂagitium
3079 1365 3361 1422 perpeti-3-

1782 1420 2315 1492 runtiirogaverunt
2346 1420 2583 1483 Judaaos,
2616 1436 2739 1473 cuni
2770 1422 2971 1488 quibus
3012 1420 3359 1492 habitabant,

1780 1496 2078 1548 ascendere
2119 1494 2373 1560 scaphas.
2409 1506 2547 1557 qu:is
2603 1500 2950 1557 paraverant,
3010 1508 3132 1544 cum
3173 1499 3359 1549 uxori-

1782 1567 1907 1625 bus,
1946 1574 2000 1617 et
2037 1564 2183 1626 ﬁliis,
2216 1562 2371 1631 quasi
2400 1562 2565 1614 iiullis
2592 1560 2897 1613 inimicitiis
2928 1561 3074 1613 inter
3101 1579 3194 1617 eos
3230 1568 3360 1619 sub-

1779 1636 2107 1705 iacentibus.

146 1709 391 1786 denihnnc
421 1698 659 1786 iiioduin'
673 1716 1025 1767 continentes
1048 1698 1073 1766 ἐ
1116 1711 1304 1781 Lysias
1337 1698 1543 1781 populo
1573 1698 1676 1766 ilu-
1714 1728 1758 1786 Β
1779 1698 1797 1705 ⁷
1830 1704 2176 1786 Secundum
2203 1715 2521 1786 ,οοηιιῐξψιθ
2568 1698 2752 1786 ίξαίιιξβ
2784 1698 3069 1786 decretum
3094 1703 3356 1786 εἷγῖιῇηῖε,

146 1782 339 1831 deorum
370 1781 632 1833 salutem.

195 1850 428 1914 Joannes,
463 1860 521 1903 et
542 1850 841 1911 Abesalon,
869 1851 964 1920 qui
996 1851 1147 1906 missi
1184 1851 1407 1907 fuerant
1431 1868 1462 1907 a
1490 1852 1673 1919 vobis,

150 1922 379 1992 tradentes
403 1921 633 1988 scripta,
666 1922 1017 1992 postulabant
1072 1932 1129 1976 ut
1160 1936 1245 1987 ea,
1274 1937 1395 1991 quae
1426 1939 1524 1992 per
1555 1923 1678 1980 illos

147 1989 579 2057 significabantur,
610 1990 919 2060 implerem.

196 2060 737 2131 Quaecunquejgitur
786 2062 898 2129 regi
944 2070 1242 2129 potuerunt
1292 2061 1551 2131 perferri,
1582 2078 1682 2117 ex-

152 2120 274 2271 iosiii]
296 2145 309 2183 ;
343 2140 398 2184 et
427 2120 667 2198 quie’rh
695 2120 1071 2199 permitte-bat,
1102 2120 1377 2187 concessit
1406 2130 1519 2213 [Αἰ.
1539 2120 1681 2188 ’ροη-

155 2212 252 2251 :essi
282 2238 294 2252 .

155 2212 294 2252 388511.

202 2268 439 2339 Si'igitur
490 2268 544 2323 in
597 2270 832 2338 negotiis
893 2270 1053 2326 fidem
1105 2271 1592 2339 conservaveritis,
1627 2283 1684 2327 et

149 2338 366 2409 deinceps
396 2342 671 2394 bonorum
704 2341 860 2397 vobis
888 2357 1052 2396 causa
1075 2356 1199 2396 esse
1228 2344 1474 2397 tentabo.

202 2410 261 2481 De
303 2411 512 2465 caeteris
544 2421 726 2463 autem
766 2427 861 2479 per
890 2410 1104 2481 singula
1144 2412 1310 2465 verbo
1340 2413 1593 2468 mandavi
1626 2422 1683 2468 et

147 2479 240 2531 istis
264 2484 300 2548 ι,
320 2492 372 2534 et
404 2480 494 2535 his
536 2481 632 2549 qui
667 2495 698 2533 a
736 2497 821 2536 uie
854 2479 1008 2537 missi
1040 2492 1189 2545 sunt,
1220 2483 1461 2551 colloqui
1496 2485 1684 2539 vobis-

145 2564 265 2605 cum.

202 2620 326 2674 Bene
342 2622 539 2675 valete.
554 2622 713 2693 Anno
725 2621 1028 2678 centesimo
1044 2623 1465 2693 quadragesimo
1485 2635 1683 2686 octavo

146 2693 316 2763 mensis
339 2693 608 2757 Dioscori,
639 2692 728 2763 die
762 2693 1021 2747 vicesima
1053 2708 1109 2747 et
1138 2692 1351 2763 quarta.

202 2760 344 2829 lli-gis
370 2774 554 2816 autem
586 2762 818 2831 epistola
855 2766 956 2817 ista
981 2760 1332 2820 continebat:
1353 2765 1464 2819 ltcx
1489 2764 1685 2819 Antio-

146 2828 258 2903 chus
276 2828 456 2903 Lysiae
492 2828 646 2886 fratri
681 2834 936 2889 salutem.

204 2900 344 2956 Patre
376 2914 567 2957 nostro
608 2904 752 2957 inter
782 2905 915 2961 deos
966 2905 1249 2969 translato,
1306 2920 1407 2960 nos
1431 2905 1683 2962 volentes

144 2986 241 3033 eos,
265 2973 350 3039 qui
380 2984 509 3046 sunt
547 2975 798 3046 ingregno
822 2988 1030 3037 nostro.
1066 2978 1186 3031 sine
1216 2979 1453 3030 tumultu
1497 2992 1680 3046 agere,

142 3050 189 3093 et
213 3046 361 3115 rebus
389 3044 505 3098 suis
538 3044 803 3115 adhibere
832 3046 1196 3115 diligentiam,

202 3114 504 3167 Audit-imus
557 3112 776 3187 Judaeos
815 3112 1308 3172 non'consensisse
1340 3117 1483 3187 patri
1536 3132 1681 3181 meo,

145 3192 198 3235 ut
220 3186 638 3238 transferrentur
663 3185 730 3238 ad
785 3188 950 3240 ritum
983 3185 1463 3251 ‘Graecorunifsed
1496 3196 1685 3243 tenere

142 3253 260 3328 Velle
302 3269 454 3307 suum
486 3256 869 3328 institutum,
905 3271 969 3311 ac
1021 3268 1308 3327 preptcrea
1342 3259 1618 3328 pOstularc
1653 3273 1685 3312 a

140 3323 281 3395 nobis
299 3324 521 3379 concedi
554 3326 659 3379 sibi
689 3326 935 3395 legitima
958 3323 1079 3382 sua.

204 3392 441 3448 Voleiites
480 3396 647 3464 igitur
679 3392 842 3469 hanc
893 3412 1113 3467 quoque
1168 3406 1383 3469 gentem
1441 3400 1683 3468 quietam

136 3478 239 3537 esse
267 3502 283 3527 ,
323 3477 627 3521 Statueiites
670 3467 1075 3536 jiidieavimus,
1136 3467 1400 3538 templum
1465 3467 1683 3525 restitui

137 3536 252 3597 iiiis,
291 3544 344 3610 iit
382 3538 612 3604 agerent
640 3538 944 3593 secundum
975 3554 1200 3595 suorum
1239 3536 1509 3610 majorum
1549 3556 1686 3594 cou-

136 3606 475 3659 suetudinem.

197 3676 329 3730 Bene
354 3678 521 3745 igitur
563 3676 777 3744 feceris,
831 3680 877 3734 si
918 3679 1132 3734 miseris
1160 3679 1226 3732 ad
1264 3696 1383 3746 eos,
1411 3689 1464 3735 et
1492 3682 1683 3737 dexte-

136 3760 233 3819 ram
264 3747 477 3819 dederis
509 3766 527 3803 :
565 3760 643 3811 ut,
681 3751 895 3819 cognita
928 3759 1117 3803 nostra
1176 3752 1456 3805 voluntate
1477 3792 1492 3816 ,
1540 3754 1685 3807 bono

135 3818 450 3890 aiiiniosiiit,
486 3830 539 3874 et
568 3818 897 3875 utilitatibus
929 3820 1167 3890 propriis
1202 3821 1539 3877 deserviant.

190 3888 265 3953 Ad
292 3889 506 3943 ludens
536 3905 665 3943 vero
707 3892 849 3960 regis
877 3888 1110 3960 epistola
1145 3891 1265 3943 talis
1290 3903 1409 3945 eiat
1439 3907 1453 3945 :

192 3960 301 4012 ltex
333 3960 638 4015 Antiochus
692 3964 906 4015 senatui
956 3961 1298 4023 ludii-orum,
1358 3974 1413 4017 et
1468 3963 1685 4018 caeteris

128 4029 317 4083 ludatis
341 4031 597 4085 salutem.

190 4102 241 4152 Si
274 4102 482 4166 valetis,
521 4104 601 4155 sic
623 4099 757 4156 estis
781 4110 838 4155 ut
866 4102 1121 4157 volumus
1150 4115 1167 4154 :
1198 4102 1295 4156 sed
1325 4111 1382 4159 et
1411 4102 1512 4172 ipsi
1544 4104 1685 4161 bene

131 4184 379 4226 valemus.

186 4244 331 4293 Adiit
370 4258 470 4296 nos
494 4240 794 4305 Menelaus,
819 4242 1032 4307 dicens,
1060 4242 1199 4296 velle
1227 4257 1321 4298 vos
1345 4243 1685 4301 descendere

126 4314 444 4382 δώδεκα-οε,
474 4316 570 4381 qui
596 4324 723 4366 sunt
749 4316 891 4382 apud
916 4329 1033 4366 nos.

188 4380 281 4434 His
313 4380 616 4452 igitur,qni
645 4380 955 4437 commeant
985 4398 1159 4453 usque
1184 4384 1253 4438 ad
1276 4384 1434 4450 diem
1472 4386 1686 4442 tricesi-

126 4466 265 4505 iiium
298 4468 501 4509 mensis
531 4453 813 4516 Xaiiiliici,
854 4455 1049 4511 damus
1081 4461 1301 4509 dextras
1340 4460 1678 4511 securitatis.

191 4527 259 4576 tt
313 4524 486 4577 Judzi
543 4532 771 4577 utantur
810 4525 970 4586 cibis,
1014 4536 1069 4581 et
1101 4527 1315 4595 legibus
1363 4528 1500 4588 suis,
1534 4528 1680 4581 sicut

119 4605 169 4646 ei
222 4597 417 4661 prius;
476 4605 532 4649 et
567 4609 728 4647 nemo
762 4610 953 4649 eorum
1008 4599 1121 4650 ullo
1172 4602 1336 4650 modo
1370 4598 1678 4650 molestiam

122 4674 347 4737 patiatur
387 4666 455 4719 de
487 4666 571 4717 bis
638 4680 757 4732 qua:
782 4681 877 4737 per
912 4669 1275 4737 ignorantiam
1306 4678 1458 4735 gesta
1490 4677 1639 4721 sunt.

182 4734 428 4789 Misimus
455 4746 639 4789 autem
692 4745 747 4789 et
796 4734 1092 4803 Meiilauiu,
1145 4739 1238 4807 qui
1284 4734 1380 4794 vos
1430 4737 1679 4809 alloqua-

118 4818 219 4856 tur.

142 4944 151 4951 ἢ
187 4876 390 4953 Valete.
450 4878 611 4930 Anno
643 4877 1414 4953 centesimoquadragesimo
1462 4894 1679 4953 octavo,

116 4944 368 5001 hiiihici
403 4962 607 5001 iiieiiSis
646 4949 833 5015 quinta
860 4944 1075 5004 decima
1105 4944 1218 5006 die.

180 5020 446 5093 alia-runt
474 5030 659 5071 autent
700 5030 862 5072 etiam
887 5020 1116 5076 Romani
1154 5024 1464 5093 epistolam,
1512 5026 1588 5082 ita
1623 5042 1683 5082 sc

112 5084 404 5142 habentem
428 5105 445 5142 ζ

176 5164 419 5223 Quintus
442 5157 752 5238 Memmius,
775 5168 831 5213 et
854 5159 1010 5215 Titus
1024 5161 1277 5222 Manilius
1294 5165 1461 5238 legati
1489 5165 1684 5223 Roma-

105 5243 335 5294 norum,
366 5236 567 5300 populo
592 5230 904 5284 Judaeoruui
934 5239 1189 5289 salutem.

141 5371 147 5375 ἢ
176 5302 253 5352 De
286 5310 390 5364 his,
428 5317 550 5369 qua:
580 5300 767 5371 Lysias
796 5314 1063 5370 cognatus
1102 5308 1248 5377 regis
1274 5309 1550 5363 concessit
1577 5324 1672 5365 vo-

98 5367 209 5431 bis,
236 5381 299 5424 et
331 5389 425 5425 nos
447 5367 851 5427 cuiiceSsiuius.

176 5443 257 5495 De
282 5447 496 5518 quibus
512 5451 693 5495 autem
718 5447 798 5518 ad,
814 5447 1277 5518 regenijudicavit
1298 5448 1675 5518 referendum,

96 5521 402 5566 wulcstiui
433 5516 674 5582 aliquem
729 5515 963 5583 mittite,
1008 5515 1325 5591 diligentius
1380 5521 1526 5576 inter
1578 5515 1677 5576 vos

1790 1783 1847 1829 et
1892 1775 2025 1842 ipsis
2056 1772 2557 1839 acquiescentibus,
2595 1772 2857 1838 pacisque
2892 1784 3059 1824 causa
3095 1773 3230 1827 nihil
3264 1772 3362 1829 su-

1790 1857 2040 1912 specium
2088 1842 2683 1913 habentibus,cum_iii
2740 1842 2909 1894 altum
2940 1845 3362 1913 processissent,

1790 1911 2211 1968 subnierserunt
2243 1926 2351 1965 non
2387 1912 2569 1965 minus
2595 1911 2902 1965 ducentos:

1860 1986 2033 2050 Quam
2068 1983 2445 2037 crudelitatem
2476 1982 2645 2035 Judas
2680 1981 2733 2033 iii
2765 1996 2877 2035 sua:
2899 1984 3078 2051 gentis
3110 1982 3364 2043 homines

1793 2054 2012 2119 factum,
2050 2065 2107 2108 ut
2129 2052 2403 2122 cognovit,
2435 2051 2693 2121 prxcepii
2726 2052 2878 2116 viris,
2916 2055 3007 2122 qui
3039 2066 3198 2110 erant
3231 2073 3357 2113 cum

1797 2126 1916 2192 ipso
1948 2143 1963 2178 :
2004 2134 2061 2178 et
2095 2126 2348 2177 invocato
2369 2124 2521 2192 justo
2545 2122 2731 2192 judice
2767 2122 2897 2185 Deo,

1870 2195 2028 2249 Venit
2056 2196 2320 2247 adversus
2350 2191 3014 2268 iiiterlectoreslratrum,
3052 2206 3108 2251 et
3141 2208 3360 2268 portum

1793 2267 2015 2337 quidem
2052 2275 2218 2337 noctu
2265 2263 2572 2337 succendit,
2606 2265 2839 2337 scaphas
2857 2268 3088 2330 exussit,
3128 2263 3225 2322 eos
3265 2290 3367 2323 au-

1796 2333 1927 2396 tcin.
1964 2340 2055 2404 qui
2082 2336 2150 2389 ab
2178 2336 2301 2405 igne
2333 2333 2669 2402 refugerant,
2688 2334 2880 2405 gladio
2903 2340 3154 2403 peremit.

1865 2412 1931 2463 Et
1960 2422 2082 2460 cum
2117 2404 2233 2459 haec
2265 2406 2339 2459 ita
2388 2408 2631 2476 egisset,
2663 2404 2915 2457 discessit
2958 2411 3114 2476 quasi
3167 2408 3363 2466 iterum

1792 2491 2140 2538 reversurus,
2166 2486 2221 2529 et
2250 2477 2539 2528 universos
2564 2474 2815 2542 Joppitas
2837 2474 3241 2534 eradicaturiis.

1864 2549 1969 2603 Sed
1999 2562 2123 2601 cum
2158 2545 2525 2614 cognovisset,
2560 2553 2615 2598 et
2651 2560 2769 2605 eos,
2804 2546 2898 2611 qui
2926 2558 3087 2607 erant
3115 2549 3363 2614 Janiniie,

1799 2619 1942 2673 velle
1972 2618 2091 2686 pari
2128 2620 2292 2669 modo
2320 2619 2498 2668 lacere
2529 2614 2899 2668 habitantibus
2927 2632 3112 2671 secum
3143 2620 3367 2681 Jndzcis.

1860 2686 2115 2742 Jamiiitis
2142 2701 2360 2755 quoque
2390 2695 2547 2738 nocte
2568 2686 2911 2752 supervenit,
2932 2698 2987 2740 et
3003 2698 3218 2755 portum
3242 2706 3367 2745 cum

1792 2759 2026 2813 navibus
2068 2757 2354 2810 succendit
2386 2756 2523 2827 :ita
2559 2765 2617 2806 ut
2670 2757 2853 2806 lumen
2903 2756 3047 2825 ignis
3073 2775 3362 2827 appareret

1798 2826 2193 2897 Hierosolymis
2215 2843 2243 2879 a
2269 2825 2461 2897 stadiis
2496 2826 2748 2879 ducentis
2773 2825 3153 2894 quadraginta.

1862 2899 1992 2953 lude
2027 2896 2152 2952 com
2200 2898 2309 2967 jam
2344 2896 2617 2949 abiissent
2650 2910 2845 2949 novem
2880 2898 3095 2962 stadiis,
3144 2910 3199 2953 et
3258 2900 3363 2955 iter

1791 2967 2039 3023 facerent
2098 2968 2164 3020 ad
2223 2967 2570 3021 Timotheum
2607 3004 2621 3027 ,
2673 2967 3067 3020 commiserunt
3125 2984 3250 3025 cum
3294 2988 3362 3028 eo

1794 3041 2003 3093 Arabes
2031 3038 2275 3107 quinque
2308 3036 2477 3109 millia
2504 3038 2635 3109 rviri,
2675 3046 2731 3089 et
2755 3040 2969 3106 equites
2992 3040 3300 3109 quingenti,

1864 3109 2114 3178 Cumque
2160 3123 2337 3177 pugna
2374 3108 2549 3181 valida
2596 3108 2771 3181 heret,
2805 3111 3086 3181 etauxilio
3118 3108 3210 3165 Dei
3238 3128 3365 3181 pro-

1790 3197 1948 3249 spere
2003 3182 2280 3243 eeSsisset,
2334 3178 2541 3232 residui
2576 3179 2785 3234 Arabes
2831 3180 2981 3241 victi.
3034 3178 3296 3249 petebant
3334 3199 3367 3238 a

1788 3251 1928 3306 Juda
1981 3255 2262 3305 dexteram
2311 3249 2417 3301 sibi
2466 3249 2604 3314 dari,
2640 3251 3026 3313 promittentes
3073 3268 3133 3305 se
3162 3268 3367 3321 pascua

1790 3324 2039 3384 daturos,
2071 3328 2125 3374 et
2150 3323 2203 3374 in
2226 3323 2439 3374 exteris
2467 3321 2801 3388 prol‘uturos.

1865 3392 2035 3446 Judas
2061 3403 2267 3454 autem,
2294 3390 2597 3462 arbitratus
2618 3406 2744 3447 vere
2774 3396 2826 3445 iii
2849 3391 3037 3446 multis
3059 3409 3155 3448 eos
3182 3392 3370 3462 utiles,

1793 3464 2046 3533 promisit
2074 3477 2262 3530 paceni
2287 3479 2300 3514 :
2327 3459 2647 3530 dextrisque
2673 3466 2939 3533 acceptis,
2969 3468 3274 3519 discessere
3300 3459 3369 3519 ad

1792 3537 2147 3588 tabernacula
2179 3548 2300 3585 sua.

1857 3608 2157 3673 Aggi-essus
2194 3612 2279 3656 est
2313 3610 2495 3657 autem
2528 3614 2583 3657 et
2611 3604 2888 3659 civitatem
2942 3607 3236 3674 quamdam
3269 3606 3367 3659 llr-

1792 3690 1933 3728 niani
1967 3677 2225 3741 pontibus
2252 3676 2532 3740 murisque
2566 3677 3011 3743 cii'cuiiiscptaiii,
3045 3691 3166 3744 qua:
3198 3692 3226 3727 a
3252 3685 3369 3729 tur-

1789 3746 1875 3799 bis
1899 3744 2252 3797 habitabatur
2279 3755 2522 3813 gentium
2554 3747 3012 3813 pi-oiiiiscuaruiii,
3045 3748 3134 3799 cui
3162 3762 3366 3799 nomen

1788 3817 2049 3884 Casphiii.

1857 3888 1924 3938 lli
1950 3900 2097 3952 vero,
2121 3887 2211 3956 qui
2239 3885 2388 3940 intus
2409 3894 2587 3951 erant,
2612 3884 2952 3940 conﬁdentes
2982 3885 3035 3939 in
3068 3888 3365 3944 stabilitate

1793 3972 2100 4018 murorum,
2127 3966 2182 4011 et
2202 3966 2470 4026 apparatu
2495 3958 2903 4028 alimoniarum,
2934 3961 3223 4013 remissius
3241 3976 3365 4028 age-

1791 4029 1925 4080 bant
1951 4066 1965 4089 ,
2007 4031 2310 4081 maledictis
2354 4029 2686 4082 lacessentes
2728 4026 2927 4082 Judain
2954 4067 2971 4092 ,
3024 4040 3079 4083 et
3113 4026 3365 4099 blasphe-

1790 4111 2024 4162 iuantes,
2055 4115 2118 4152 ac
2151 4099 2443 4167 loquentes
2468 4114 2591 4167 qua:
2618 4105 2697 4153 las
2724 4114 2833 4151 non
2871 4109 2976 4154 est.

1862 4171 2207 4223 llachabacus
2237 4182 2443 4231 autem,
2473 4180 2723 4223 invocato
2747 4185 2946 4239 magno
2974 4174 3162 4226 mundi
3199 4171 3361 4226 Prin-

1789 4241 1910 4313 cipe
1935 4280 1949 4304 ,
1988 4244 2080 4308 qui
2133 4257 2253 4294 suic
2282 4246 2580 4313 arietibus,
2618 4255 2673 4293 et
2704 4252 2974 4295 iiiactiiiiis
3027 4246 3365 4313 teiiipoubus

1790 4308 1916 4364 Jesu
1948 4314 2309 4379 praicipitavit
2335 4308 2576 4371 Jericlio,
2612 4312 2772 4362 ii‘iuit
2797 4314 3053 4367 ferociter
3088 4308 3295 4367 inuris:

1864 4382 1931 4434 Et
1958 4393 2115 4449 capta
2146 4384 2375 4436 civitate
2415 4398 2516 4450 per
2550 4382 2765 4434 Domini
2798 4384 3157 4446 voluntatem,
3199 4386 3366 4438 innu-

1711 4440 1765 4501 Β
1790 4440 2084 4506 ιιιειείιυιιὲε
2110 4456 2287 4505 ωεάθε
2306 4440 2463 4525 leci't,
2496 4454 2570 4505 ita
2604 4465 2661 4504 ut
2689 4453 2947 4520 adjaceiis
2970 4440 3221 4525 stagnum
3248 4466 3363 4508 sta-

1787 4525 1901 4577 dioi
1917 4540 2009 4576 iiut
2034 4525 2269 4577 duorum
2299 4524 2633 4589 latitudinis,
2655 4540 2919 4593 sanguine
2941 4525 3360 4581 iiiterlcctoruiii

1788 4595 1959 4648 liuere
1996 4597 2294 4648 videretur.

1864 4666 1992 4719 lude
2050 4667 2421 4718 discesserunt
2462 4664 2636 4738 stadia
2691 4665 3035 4737 septingenta
3087 4669 3363 4738 quinqua-

1788 4736 1958 4809 ginta,
1991 4746 2049 4789 et
2080 4751 2347 4809 venerunt
2378 4754 2430 4790 in
2457 4736 2700 4793 Characa
2726 4741 2795 4790 ad
2835 4736 2933 4794 eos
2980 4742 3074 4809 qui
3106 4736 3368 4795 dicuntur

1787 4808 1825 4861 'l'
1841 4810 2092 4872 ubiaiia-i,
2115 4808 2334 4861 Jiidxos
2358 4825 2371 4860 :

1861 4881 1924 4931 lat
1952 4876 2299 4954 Timotheum
2335 4879 2555 4947 quidem
2589 4880 2640 4931 in
2676 4879 2794 4954 illis»
2813 4880 2947 4935 locis
2981 4897 3088 4936 non
3117 4900 3370 4954 compre-

1790 4952 2122 5023 henderunt,
2150 4949 2411 5023 nulloque
2434 4960 2652 5019 negotio
2676 4952 2916 5018 perfecto
2950 4949 3366 5023 regressus-em,

1791 5021 1987 5092 relicto
2020 5022 2074 5072 iii
2107 5022 2345 5087 quodam
2376 5028 2496 5075 loco
2526 5024 2846 5075 lirinissimo
2879 5021 3156 5092 praesidio.

1867 5091 2163 5163 Dusitlieus
2206 5100 2414 5154 autem,
2453 5102 2507 5145 et
2535 5092 2841 5160 Sesipater,
2881 5091 2980 5163 qui
3014 5107 3174 5151 erant
3201 5098 3371 5151 duces

1795 5178 1919 5217 cum
1946 5162 2276 5225 Machabaw,
2302 5174 2655 5229 peremerunt
2682 5179 2711 5216 a
2742 5162 3034 5221 Timotheo
3063 5171 3283 5223 relictos
3312 5185 3366 5221 iii

1794 5234 2069 5304 praesidio,
2106 5237 2293 5285 decem
2327 5234 2497 5286 millia
2521 5236 2691 5295 viros,

1862 5308 1933 5358 At
1960 5304 2323 5365 Machameus,
2349 5306 2619 5358 ordinatis
2642 5308 2853 5362 circum
2884 5326 2944 5366 se
2974 5324 3068 5363 sex
3102 5310 3368 5370 millibus,

1791 5385 1847 5431 et
1894 5384 2209 5430 constitutis
2244 5390 2341 5443 per
2387 5378 2666 5442 cohortes,
2708 5382 2973 5435 adversus
3021 5380 3370 5433 Timotheum

1794 5459 2082 5517 processu,
2115 5449 2409 5519 habentem
2441 5463 2631 5501 secum
2685 5460 2904 5504 centum
2959 5452 3150 5519 viginti
3207 5451 3377 5503 iutilia

1792 5519 2060 5590 peditum,
2093 5518 2455 5587 equitumque
2490 5520 2602 5574 duo
2639 5523 2805 5575 millia
2839 5518 3197 5592 quingentos.

165 5656 559 5741 ‘ﬁ’uculas‘el
592 5660 701 5713 istis
754 5661 950 5731 vulgati
995 5663 1089 5719 alii
1131 5663 1257 5719 libri
1298 5674 1501 5731 tacent,
1550 5678 1670 5734 quze

1821 5674 1839 5719 t
1912 5675 2095 5721 tamen
2151 5667 2207 5722 in
2271 5665 2482 5731 Greece,
2527 5666 2739 5729 τούτοις
2794 5682 2855 5718 τε
2908 5666 3002 5719 καὶ
3068 5665 3180 5728 τοῖς
3246 5665 3375 5736 παρ’

82 5728 250 5795 ἐξλθδῦ.
295 5749 361 5784 κ.
392 5749 441 5784 τι
478 5734 528 5784 λα
