3840 6176
491 238 592 302 ibi

1397 240 1931 306 S.11lERONY.\Il
1985 240 2250 303 DIVINA
2317 234 2858 296 BIBLIOTHECA.
3571 256 3649 316 δερ

533 355 766 422 Cognito
793 351 1143 425 autemJudae
1169 352 1429 418 adventu,
1463 354 1785 409 Timotheus
1823 353 2040 423 przcmi-
2073 355 2122 412 Α
2149 367 2270 420 qua:
2308 351 2450 404 facta
2494 359 2624 401 sunt
2671 363 2767 417 pro
2817 347 3057 416 peccat's
3095 361 3297 415 eorum,
3343 353 3422 421 qui
3446 369 3656 425 prosit-aii

471 429 543 482 sit
579 426 858 486 mulieres,
889 431 945 476 et
980 423 1140 495 filios,
1193 433 1248 495 et
1296 425 1570 495 reliquum
1607 438 1956 495 apparatum,
1988 425 2042 477 in

472 497 810 565 piwgidium,
852 493 998 561 quod
1049 493 1585 565 Carnionﬂdicitur:
1637 493 1924 549 erateiiiin
1965 495 2047 547 iid—

471 563 860 638 expugnabile,
911 573 963 614 et
1005 575 1233 615 accessu
1271 563 1489 618 diﬂicile
1537 575 1763 638 propter
1797 566 2043 618 lucorum

472 637 790 701 angustias:

542 725 790 792 Cumque
847 730 1048 780 cohors
1077 726 1231 780 Iuda:
1266 726 1443 794 prima
1477 727 1842 795 apparuisset.
1879 727 2044 780 timor

469 796 720 848 hostibus
754 796 1004 849 incussus
1045 805 1148 854 est.
1183 813 1252 850 ex
1293 799 1582 864 prresentia
1617 797 1732 857 Dei,
1784 799 1877 865 qui
1920 799 2049 850 uni-

471 880 622 917 versa
651 866 942 930 conspicit,
967 865 1098 917 etin
1131 868 1310 931 fugam
1334 866 1475 919 versi
1503 879 1631 918 sunt
1660 867 1800 919 alius
1821 867 1888 920 ab
1914 866 2046 930 alio,

470 935 542 985 ita
580 942 636 1007 ut
666 936 834 1007 magis
872 952 899 1007 ξι
933 936 1048 1007 suis
1071 936 1460 1004 dejicerentur,
1497 946 1551 990 et
1587 936 1893 1007 gladiorum
1919 952 2050 990 suo-

471 1020 590 1056 rum
627 1004 826 1059 ictibus
858 1004 1302 1059 debilitarentur.

540 1074 713 1127 Judas
742 1086 922 1127 autem
961 1074 1320 1128 vehementer
1359 1075 1595 1128 instabat
1638 1077 1875 1144 puniens
1912 1093 2045 1145 pro-

470 1143 652 1208 fanos,
694 1154 749 1198 et
803 1145 1097 1211 prostravit
1128 1160 1196 1200 ex
1251 1147 1332 1200 eis
1387 1145 1608 1215 triginta
1642 1143 1839 1201 ίιιιὶιιίίι
1901 1143 2051 1202 viro-

470 1230 616 1266 rum.

541 1305 660 1374 lpse
686 1323 816 1360 vero
858 1307 1185 1360 Timotheus
1223 1307 1416 1360 incidit
1460 1307 1514 1361 in
1551 1317 1734 1376 partes
1781 1309 2049 1373 Dosithei,

472 1387 530 1430 et
593 1377 934 1442 Sosipatris:
987 1389 1042 1430 et
1089 1378 1276 1431 multis
1325 1379 1585 1445 precibus
1629 1379 1944 1447 postulabat
1999 1389 2058 1431 ut

473 1450 627 1500 vivus
676 1450 1064 1507 dimitteretur,
1117 1463 1182 1499 eo
1224 1448 1368 1515 quod
1412 1449 1710 1502 multorum
1750 1463 1814 1502 ex
1847 1449 2054 1504 Judieis

476 1527 728 1589 parentes
761 1519 1022 1589 haberet,
1058 1534 1120 1572 ac
1167 1518 1383 1583 fratres,
1426 1534 1566 1586 quos
1594 1529 1768 1573 morte
1799 1519 1920 1589 ejus
1955 1522 2051 1573 de-

474 1587 580 1654 cipi
617 1587 883 1641 eveniret.

545 1657 754 1709 Etcum
782 1659 938 1710 fidem
970 1659 1207 1712 dedisset
1237 1659 1615 1712 restituturum
1646 1674 1704 1712 se
1735 1673 1831 1713 eos
1857 1673 2054 1712 secuna

475 1725 605 1799 dum
640 1728 1025 1799 constitutum,
1058 1729 1284 1782 illaesum
1312 1743 1438 1782 eum
1471 1729 1802 1782 dimiserunt
1829 1739 2052 1799 propter

478 1797 708 1849 fratrum
737 1797 990 1850 salutem.

553 1867 721 1920 Judas
747 1877 930 1920 autem
964 1883 1222 1935 egressus
1245 1874 1328 1922 est
1357 1867 1424 1922 ad
1455 1867 1719 1934 Caruiou,
1743 1867 2053 1925 interfectis

479 1937 669 2005 viginti
705 1940 947 2004 quinque
983 1939 1246 1991 millibus.

550 2010 678 2060 Post
714 2007 908 2059 horum
945 2007 1147 2072 fugam,
1180 2017 1234 2061 et
1269 2023 1483 2072 necem,
1541 2009 1712 2063 movit
1748 2010 2055 2063 exercitum

481 2077 546 2129 ad
581 2076 801 2144 Eplirou
861 2078 1136 2130 civitatem
1180 2081 1472 2143 munitam,
1525 2080 1580 2131 in
1613 2096 1718 2148 qua
1763 2079 2059 2132 multitudo

482 2150 826 2200 diversarum
859 2149 1104 2216 gentium
1142 2149 1421 2201 habitabat
1449 2165 1464 2205 :
1504 2160 1557 2201 et
1587 2150 1798 2202 robusti
1829 2151 2060 2218 juvenes

483 2234 582 2286 pro
615 2219 788 2269 muris
818 2221 1206 2288 consistentes,
1249 2219 1466 2271 fortiter
1519 2222 1902 2288 repugnabant
1933 2236 1946 2271 :
2005 2221 2057 2271 in

485 2289 589 2341 hac
618 2295 801 2340 autem
835 2287 1102 2340 machina:
1131 2289 1334 2352 multae,
1377 2297 1433 2342 et
1467 2287 1702 2342 telorum
1737 2299 1856 2343 erat
1895 2305 2062 2358 appa-

485 2368 656 2410 ratus.

554 2449 660 2502 Srd
712 2463 836 2501 cum
869 2449 1310 2522 Omnipotﬁeutem
1368 2451 1746 2515 invocassent,
1779 2451 1869 2520 qui
1905 2462 2059 2522 pote-

486 2528 627 2572 state
671 2534 767 2571 sua
807 2535 950 2571 vires
991 2521 1230 2574 hostium
1264 2522 1582 2589 confringit,
1619 2521 2062 2590 ceperurit’civi-

487 2599 654 2664 tiiiein
689 2609 700 2641 :
751 2599 803 2642 et
833 2606 896 2642 ex
926 2591 1027 2651 eis,
1062 2595 1154 2658 qui
1189 2592 1338 2646 intus
1366 2601 1545 2654 erant,
1577 2592 1769 2660 viginti
1816 2595 2062 2664 quinque

487 2661 654 2711 millia
695 2671 1132 2727 prostraverunt.

562 2729 781 2804 Indead
823 2733 1108 2804 civitatein
1134 2730 1466 2804 Scytharum
1506 2735 1782 2799 abierunt,
1823 2750 1942 2804 qua:
1993 2735 2062 2789 ab

483 2799 842 2869 Jerosolymis
870 2803 1143 2854 sexcentis
1175 2799 1366 2856 stadiis
1401 2803 1612 2858 aberat.

553 2873 1004 2943 Contr-stantibus
1033 2882 1215 2925 autem
1259 2874 1364 2936 his,
1399 2873 1490 2940 qui
1530 2875 1672 2943 apud
1713 2875 2065 2943 Scythopoli-

485 2954 569 2994 tas
595 2952 774 3002 erant,
803 2941 1027 3002 .Iiidicis,
1055 2943 1200 3009 quod
1229 2943 1462 3011 benigne
1493 2941 1670 3000 ab'eis
1702 2941 2060 3008 haberentur,

2160 432 2310 475 sunt.

2221 491 2287 545 Et
2317 491 2458 545 facta
2507 489 2822 550 collatione,
2873 487 3163 541 duodecim
3216 491 3366 544 millia
3420 493 3660 555 draclimas

2158 563 2370 630 argenti
2446 561 2596 613 misit
2635 559 3064 632 l-lierosolyinam
3127 559 3301 632 oﬂ'erri
3357 577 3444 629 pro
3473 572 3666 632 peccatis

2160 629 2502 685 mortuorum
2540 629 2893 690 sacrificium,
2920 629 3059 682 bene
3091 635 3146 682 et
3174 629 3406 698 religiose
3433 629 3490 688 de
3517 650 3666 692 resur-

2162 701 2406 755 rectione
2438 701 2708 769 cogitans.

2235 769 2370 840 (Nisi
2420 767 2564 826 enim
2617 782 2734 840 eos,
2776 767 2868 838 qui
2902 767 3266 840 ceciderant,
3317 784 3665 830 resurrecturus

2160 837 2434 907 speraret,
2472 837 2812 908 superfluum
2865 837 3143 892 videretur
3215 849 3268 893 et
3315 857 3492 897 vanum
3540 861 3668 900 orare

2163 926 2263 978 pro
2294 911 2574 973 mortuis.)

2232 981 2297 1034 Et
2327 981 2454 1049 quia
2485 978 2867 1035 considerabat
2894 979 3041 1048 quod
3078 978 3155 1051 _hi
3233 981 3318 1047 qui
3362 995 3474 1035 cum
3510 985 3672 1051 pietate

2161 1049 2553 1125 dormitionem
2589 1059 2938 1118 acceperant,
2979 1049 3238 1118 optimam
3272 1049 3668 1125 haberentrcpo-

2163 1121 2323 1174 sitam
2358 1121 2588 1189 gratiam
2624 1138 2638 1174 :

2233 1189 2430 1244 Sancta
2465 1205 2616 1256 ergo,
2657 1201 2713 1245 et
2746 1189 2986 1263 salubris
3008 1199 3092 1263 est
3119 1192 3369 1260 cogitatio
3405 1209 3493 1263 pro
3516 1193 3670 1248 defun-

2160 1262 2265 1314 ctis
2293 1275 2549 1326 exorare,
2585 1269 2645 1314 ut
2677 1278 2705 1315 a
2731 1261 2973 1330 peccatis
3010 1262 3310 1315 solvantur.

2755 1373 2980 1429 CAPUT
3010 1373 3148 1428 Xlll.

2233 1471 2393 1523 Anno
2433 1466 3203 1538 centesimowquailragesimo
3267 1483 3424 1532 nono,
3469 1471 3677 1538 cognovit

2159 1541 2330 1596 Judas
2363 1537 2698 1591 Antiochum
2739 1537 3068 1606 Eupatorem
3099 1537 3285 1591 venire
3314 1554 3430 1592 cum
3471 1537 3678 1594 multitu-

2164 1613 2294 1665 dine
2326 1608 2597 1662 adversus
2630 1607 2898 1662 Jtiilzeam.

2093 1691 2132 1749 Β
2235 1681 2303 1733 Et
2336 1693 2460 1732 cum
2489 1691 2555 1729 eo
2588 1678 2804 1749 Lysiam
2837 1684 3275 1749 procuratorem,
3302 1688 3356 1732 et
3381 1680 3679 1747 praepositum

2164 1751 2536 1818 negotiorum.
2566 1764 2755 1801 secum
2797 1747 3088 1801 habentem
3121 1749 3364 1817 peditum
3393 1760 3584 1802 centum
3608 1749 3684 1800 de-

2163 1837 2280 1874 cem
2311 1817 2502 1879 millia,
2527 1827 2581 1870 et
2604 1819 2852 1886 equitum
2883 1819 3129 1885 quinque
3156 1820 3322 1871 millia
3354 1820 3455 1887 [AL
3489 1830 3581 1871 tar.
3604 1818 3682 1887 et],

2160 1889 2489 1958 elephantos
2527 1888 2719 1953 viginti
2753 1887 2914 1953 duos,
2951 1903 3155 1942 currus
3187 1905 3309 1942 cum
3369 1888 3575 1943 falcibus
3595 1898 3684 1942 tre-

2165 1969 2382 2014 CCIIIOS.

2226 2026 2585 2083 Commiscuit
2615 2035 2796 2079 autem
2837 2042 2896 2080 se
2927 2026 3035 2079 illis
3071 2035 3131 2080 et
3172 2027 3441 2081 Menelaus
3478 2036 3564 2080 :et
3587 2040 3684 2080 cum

2165 2100 2334 2152 multa
2376 2096 2588 2150 fallacia
2640 2097 3045 2164 deprecabatur
3087 2099 3439 2159 Antiochum,
3479 2113 3572 2150 non
3615 2111 3691 2164 pro

2165 2168 2353 2238 patriae
2387 2168 2586 2232 salute,
2617 2170 2713 2220 sed
2752 2182 2978 2235 sperans
3035 2183 3097 2221 se
3134 2169 3394 2222 constitui
3424 2170 3473 2220 in
3526 2167 3692 2232 princi-

2206 2249 2378 2290 atum.

2206 2255 2378 2290 atum.

2165 2255 2199 2308 Ρ
2238 2307 2344 2362 Sed
2378 2321 2470 2359 rex
2514 2321 2704 2373 regum
2755 2306 3039 2359 suscitavit
3099 2306 3316 2361 animos
3367 2305 3602 2362 Antiochi
3648 2306 3691 2356 in

2165 2388 2508 2444 peccatorem
2545 2392 2560 2429 :
2595 2385 2653 2429 et.
2705 2386 3031 2443 suggerente
3065 2376 3228 2445 Lysia
3263 2377 3424 2432 hunc
3447 2392 3552 2431 esse
3589 2389 3692 2428 caii-

2164 2463 2279 2501 sam
2331 2450 2574 2501 omnium
2610 2447 2900 2507 malorum,
2929 2446 3096 2512 jussit
3139 2453 3223 2515 (ut
3255 2451 3336 2501 eis
3372 2457 3454 2501 est
3499 2460 3694 2498 Cutt8ue-

2168 2518 2322 2586 tudo)
2353 2516 2760 2585 apprehensum
2799 2515 2853 2569 in
2886 2518 3079 2570 eodem
3115 2517 3239 2570 loco
3269 2519 3467 2572 necari.

2236 2584 2368 2641 Erat
2397 2584 2583 2639 autem
2634 2587 2688 2638 in
2729 2589 2923 2638 eodem
2982 2587 3108 2640 loco
3147 2587 3319 2641 turris
3343 2584 3693 2655 quinquaginta

2165 2659 2507 2719 cubitorum,
2532 2667 2810 2724 aggestuin
2845 2656 3090 2726 undique
3122 2658 3335 2710 habens
3363 2659 3584 2721 cineris;
3605 2655 3700 2706 haec

2167 2737 2532 2801 prospectum
2563 2726 2802 2801 habebat
2827 2727 2908 2801 n_
2930 2742 3199 2801 praeceps.
3305 2797 3333 2801 __
3667 2793 3674 2801 Ι

2238 2798 2367 2850 Inde
2400 2799 2454 2850 iii
2489 2798 2729 2850 cinerem
2755 2797 2911 2866 dejici
2941 2798 3112 2866 jussit
3170 2797 3512 2866 sacrilegum,
3554 2797 3702 2848 omni-

2169 2867 2271 2922 bus
2305 2884 2429 2921 eum
2467 2867 2904 2935 propellentibus
2939 2873 3004 2919 ad
3040 2869 3360 2920 interitum.

2237 2939 2307 2992 Et
2342 2938 2432 2990 tali
2462 2933 2583 3004 lege
2605 2938 3080 3007 praevaricatorem
3133 2939 3275 3007 legis
3305 2938 3528 3002 contigit
3567 2933 3700 2998 iuori,

482 3023 648 3091 etiam
679 3013 1019 3080 temporibus
1051 3006 1388 3066 infelicitatis
1419 3015 1563 3082 quod
1593 3017 1840 3069 modeste
1870 3006 2056 3070 secum
2086 3029 2132 3091 ο
2168 3019 2458 3091 ηυειωῐιθιιθ
2480 3009 2610 3091 Idari
2644 3006 2975 3091 menelaum.

486 3082 700 3150 egerint
734 3100 747 3133 :

559 3151 774 3204 Gratias
797 3161 1020 3220 agentes
1047 3152 1145 3215 eis,
1175 3163 1231 3207 et
1256 3154 1532 3208 exhortati
1565 3156 1728 3208 etiam
1759 3155 1825 3209 de
1857 3164 2057 3209 caetero

482 3237 609 3288 erga
645 3236 817 3288 genus
851 3238 1010 3275 suum
1043 3222 1308 3292 benignos
1347 3238 1492 3285 esse,
1527 3235 1798 3278 venerunt
1836 3225 2057 3280 Jcroso-

482 3292 711 3362 lyiiiaiii,
738 3291 826 3344 die
855 3293 1089 3345 solemni
1123 3291 1555 3362 se’ptiinaiiaruiii
1593 3298 1832 3349 instante
1865 3312 1880 3347 :

552 3361 618 3414 Et
672 3371 795 3436 post
844 3361 1198 3436 ({entecosten
1251 3362 1505 3416 abierunt
1560 3375 1752 3418 contra
1802 3363 2058 3436 Geigiam

482 3434 833 3502 pragposiium
872 3432 1138 3485 lituinasae.

553 3501 732 3554 Esivit
779 3511 959 3555 autem
1010 3516 1132 3554 cuin
1193 3502 1470 3572 peditibus
1513 3504 1691 3560 tribus
1721 3506 1966 3560 millibus
2003 3517 2059 3561 et

481 3572 763 3642 equitibus
787 3574 1224 3641 quadringentis.

553 3643 765 3706 Quibus
795 3642 1127 3711 congressis,
1164 3645 1611 3716 contigitpaucos
1643 3661 1802 3700 ruere
1843 3645 2058 3701 Juda-o-

485 3727 628 3767 rum.

559 3783 848 3856 Dositheus
891 3799 1022 3838 vero
1055 3786 1278 3854 quidam
1313 3786 1381 3840 de
1423 3785 1717 3841 Baceiioris
1749 3801 1941 3856 eques,
1976 3788 2058 3840 vir

483 3855 660 3914 fortis,
686 3855 939 3924 Gorgiam
967 3859 1184 3910 tenebat
1211 3873 1226 3914 :
1259 3867 1312 3910 et
1337 3873 1458 3912 cum
1484 3859 1644 3911 vellet
1674 3855 1825 3911 illum
1859 3871 2057 3926 Capere

483 3929 691 3990 vivum,
728 3939 897 3993 eques
931 3926 1152 3992 quidam
1182 3928 1250 3980 de
1283 3926 1592 3981 Thracibus
1624 3928 1784 3980 irruit
1817 3931 1872 3980 in
1905 3943 2056 3992 eum,

486 3998 887 4067 humerumque
917 4010 1038 4061 eius
1070 3999 1396 4067 amputavit,
1425 4010 1588 4067 atque
1624 3999 1692 4050 ita
1722 3997 1949 4067 Gorgias
1975 4000 2056 4052 ef-

482 4067 620 4135 fugit
651 4065 705 4117 in
725 4064 971 4133 Maresa.

548 4141 618 4189 At
651 4136 776 4208 illis,
805 4139 894 4204 qui
926 4151 1049 4208 cum
1087 4135 1280 4190 Esdriu
1310 4146 1486 4208 erant,
1519 4137 1730 4192 diutius
1765 4138 2059 4208 pugnanti-

482 4207 588 4262 bus
616 4215 673 4259 et
719 4205 983 4279 fatigatis,
1016 4207 1288 4279 invocavit
1323 4207 1492 4263 Judas
1520 4205 1811 4262 Dominum
1844 4205 2060 4279 adjuto-

485 4293 622 4342 rem,
658 4285 712 4330 et
737 4275 932 4328 ducem
960 4278 1085 4330 belli
1113 4279 1233 4331 fieri
1260 4298 1276 4331 :

557 4346 829 4420 Incipiens
861 4361 995 4400 voce
1033 4349 1230 4420 patria,
1267 4357 1480 4420 etcum
1513 4350 1728 4420 hymnis
1759 4350 2056 4404 clamorem

481 4418 770 4479 extollens,
805 4419 983 4486 fugam
1021 4417 1235 4488 Gorgiae
1279 4417 1834 4474 inilitibus'iiieussit.
1887 4420 2060 4475 Judas

484 4498 692 4550 autem,
723 4488 958 4541 collecto
989 4494 1260 4554 exercitu,
1307 4492 1456 4543 venit
1494 4495 1544 4542 in
1581 4493 1857 4544 civitatem
1890 4493 2059 4545 θύοι-

485 4560 590 4612 lam
623 4573 636 4611 :
667 4568 742 4620 et,
773 4571 897 4610 cum
925 4563 1155 4626 septima
1185 4563 1303 4612 dies
1327 4562 1727 4628 superveniret,
1756 4564 2058 4615 secundum

485 4628 940 4681 consuetudinem
967 4631 1254 4696 pumicati,
1292 4632 1344 4682 iii
1379 4637 1568 4684 eodem
1599 4631 1720 4684 loco
1752 4631 2057 4684 Sabbatuni

485 4707 738 4767 egerunt.

561 4769 625 4821 Et
655 4767 909 4835 sequenti
933 4766 1022 4840 die
1047 4768 1196 4821 venit
1226 4784 1353 4822 cum
1384 4770 1498 4823 suis
1527 4769 1718 4829 Judas,
1745 4779 1802 4822 ut
1828 4786 2058 4840 corpora

488 4849 890 4911 prostratorum
924 4838 1161 4911 tolleret,
1198 4852 1254 4893 et
1287 4855 1412 4893 cum
1464 4841 1784 4910 parentibus
1831 4838 2062 4911 poneret

489 4926 541 4962 in
573 4910 839 4977 sepulcris
873 4909 1135 4976 paternis.

559 4980 889 5031 invenerunt
921 4989 1104 5032 autem
1147 4980 1249 5033 sub
1288 4981 1486 5035 tunicis
1525 4981 1940 5036 interfectorum
1993 4982 2061 5035 de

489 5051 732 5120 donariis
761 5049 1055 5113 idolorum,
1105 5067 1224 5118 quae
1253 5055 1394 5120 apud
1426 5051 1700 5106 Jainitiain
1733 5057 1977 5115 luerunt,
2031 5069 2060 5105 a

487 5124 687 5190 quibus
719 5119 802 5173 lex
844 5120 1100 5188 prohibet
1137 5119 1353 5176 Judaios
1386 5139 1401 5176 :
1437 5125 1692 5178 omnibus
1721 5139 1853 5192 ergo
1891 5124 2061 5176 inani-

490 5199 686 5245 Iustum
741 5194 944 5244 factum
999 5202 1126 5256 est,
1185 5197 1254 5246 ob
1309 5195 1452 5249 hanc
1513 5210 1734 5248 cauSam
1785 5209 1884 5246 eos
1936 5210 2061 5248 cor-

487 5276 681 5316 ruisse.

555 5337 760 5386 Unities
816 5332 1030 5406 itaque
1063 5333 1466 5388 benedixeruiit
1523 5335 1730 5403 justum
1785 5334 2056 5406 judicium

491 5405 729 5463 Domini,
763 5406 857 5471 qui
882 5405 1092 5457 occulta
1125 5409 1331 5458 fecerat
1361 5409 1670 5459 nianitesia.

556 5479 734 5543 Atque
765 5477 836 5526 ita
875 5475 938 5526 ad
969 5489 1158 5541 preces
1193 5477 1464 5540 conversi,
1501 5486 1830 5536 rogaverunt
1880 5485 1938 5529 ut
1974 5477 2056 5540 id,

488 5549 635 5614 quod
678 5548 879 5597 factum
915 5554 1054 5605 erat,
1105 5548 1365 5597 delictum
1420 5549 1681 5599 oblivioni
1721 5550 2056 5600 traderetur.

489 5629 560 5668 Λι
605 5631 735 5667 vero
798 5617 1126 5668 l'ot'ti'ssiiiius
1169 5615 1337 5669 Jiidas
1404 5617 1730 5669 hortabatur
1792 5619 2056 5685 pupulum

490 5699 820 5740 conservare
859 5702 916 5738 se
970 5685 1087 5740 sine
1125 5697 1371 5756 peccato,
1403 5689 1503 5741 sub
1557 5689 1732 5741 oculis
1783 5698 2056 5752 videntes,

2242 3079 2308 3132 Et
2361 3078 2582 3145 quidem
2625 3079 2761 3130 satis
2805 3077 2953 3145 juste
2982 3092 2998 3129 :
3032 3092 3169 3131 nam
3228 3080 3360 3146 quia
3406 3077 3562 3131 multa
3607 3089 3707 3142 erga

2166 3165 2316 3202 aram
2379 3149 2471 3199 Dei
2525 3146 2726 3199 delicta
2764 3147 3069 3217 commisit,
3113 3149 3278 3216 cujus
3339 3149 3493 3217 ignis,
3528 3158 3576 3200 et
3596 3147 3710 3199 cinis

2165 3229 2285 3273 erat
2340 3226 2598 3280 sanctus,
2656 3217 2775 3285 ipse
2832 3215 2886 3270 in
2947 3219 3162 3272 cineris
3222 3215 3399 3272 morte
3460 3218 3711 3271 damnatus

2167 3299 2274 3344 est.

2232 3357 2338 3412 Sed
2395 3373 2488 3426 rex
2532 3365 2715 3412 mente
2742 3356 3043 3416 effrenatus
3102 3360 3394 3424 veniebat,
3425 3358 3706 3427 nequiorem

2167 3444 2227 3484 se
2262 3437 2417 3496 patre
2447 3443 2549 3483 suo
2577 3429 2782 3482 Judaeis
2807 3441 3171 3484 ostensurus.

2229 3500 2442 3564 Quibus
2470 3499 2639 3553 Judas
2681 3500 2934 3568 cognitis,
3002 3501 3277 3570 praecepit
3326 3501 3522 3569 populo
3560 3506 3611 3549 ut
3647 3496 3716 3547 dic

2165 3586 2229 3625 ac
2259 3580 2422 3623 nocte
2453 3570 2746 3622 Dominum
2787 3572 3140 3635 invocarent,
3173 3573 3294 3639 qui,
3325 3574 3465 3625 sicut
3509 3581 3711 3635 semper,

2165 3652 2222 3695 et
2263 3653 2410 3693 nunc
2447 3641 2732 3710 adjuvaret
2770 3656 2866 3694 eos
2902 3657 2914 3690 :

2233 3710 2446 3779 Quippe
2495 3707 2591 3779 qui
2641 3710 2778 3778 lege,
2815 3721 2869 3765 et
2927 3711 3128 3780 patria,
3183 3723 3490 3780 sanctoque
3542 3707 3710 3772 templo

2166 3785 2371 3851 privari
2408 3791 2729 3852 vererentur
2760 3797 2774 3834 :
2808 3796 2873 3835 ac
2908 3786 3204 3850 populum.
3249 3786 3345 3852 qui
3393 3796 3558 3851 nuper
3607 3791 3714 3846 peiu-

2165 3853 2339 3905 Iulum
2366 3851 2729 3924 respirasset,
2774 3866 2844 3905 ne
2899 3855 3114 3908 sineret
3159 3851 3506 3924 blasphemis
3557 3860 3717 3903 rursus

2167 3923 2488 3995 nationibus
2519 3921 2703 3995 subdi.
2779 3991 2789 3995 _
2895 3992 2905 3995 _
2941 3991 2990 3995 Η
3034 3991 3049 3995 _
3126 3993 3133 3995 Α
3275 3921 3308 3995 γ’
3685 3987 3692 3995 _

2231 3993 2500 4046 Omnibus
2537 3991 2724 4059 itaque
2747 3991 2908 4044 simul
2940 3991 2992 4044 id
3027 3991 3398 4055 facientibus,
3427 4004 3481 4046 et
3523 3991 3718 4058 petenti-

2168 4065 2270 4116 bus
2303 4079 2330 4113 a
2363 4061 2594 4114 Domino
2621 4063 3054 4115 misericordiam
3095 4082 3230 4116 cum
3267 4064 3400 4118 ﬂetu
3433 4063 3720 4128 etjcjquIS.

2167 4149 2263 4202 per
2289 4133 2529 4186 triduum
2562 4133 2883 4184 continuum
2915 4136 3243 4201 prostratis,
3277 4137 3525 4188 hortatus
3558 4139 3725 4184 esteus

2166 4203 2338 4257 Judas
2403 4212 2462 4255 ut
2492 4217 2550 4255 se
2588 4213 2984 4270 praepararent.

2236 4276 2358 4344 Ipse
2389 4289 2518 4325 vero
2559 4289 2684 4326 cum
2729 4276 3047 4326 senioribus
3096 4277 3376 4344 cogitavit
3406 4275 3551 4343 prius
3582 4284 3721 4334 quam

2167 4361 2264 4400 rex
2295 4347 2612 4398 admoveret
2642 4346 2945 4396 exercitum
2977 4347 3042 4397 ad
3076 4345 3364 4408 Judaeum,
3392 4353 3447 4398 et
3484 4346 3725 4397 obtineret

2093 4391 2134 4446 θ
2164 4391 2467 4476 civitatein,
2497 4415 2669 4477 exire,
2697 4425 2752 4468 et
2780 4416 3245 4484 Douiinijudicio
3274 4391 3611 4471 committere
3632 4412 3730 4464 cti-

2167 4497 2280 4541 tum
2312 4501 2412 4538 rei.

2240 4558 2382 4610 [laus
2445 4556 2628 4622 itaque
2685 4563 3013 4621 potestatein
3079 4557 3348 4611 omnium
3403 4556 3513 4610 Deo
3572 4549 3728 4607 mundi

2163 4629 2419 4690 creatori,
2441 4635 2497 4680 et
2522 4625 2841 4679 exhortatus
2872 4640 3004 4678 suos
3071 4637 3136 4679 ut
3167 4628 3402 4682 fortiter
3426 4626 3730 4680 dimicarent,

2163 4711 2218 4752 et
2252 4713 2426 4766 usque
2459 4699 2523 4749 ad
2565 4711 2795 4748 mortem
2830 4713 2927 4765 pro
2967 4697 3224 4766 legibus,
3271 4701 3498 4766 templo,
3525 4700 3726 4747 civitate.

2170 4771 2364 4836 patria,
2412 4780 2466 4820 et
2511 4768 2725 4820 civibus
2754 4777 2984 4832 starent,
3021 4783 3186 4822 circa
3233 4770 3434 4822 Modin
3467 4778 3730 4822 exercitum

2167 4851 2523 4912 consti_ttttt._
2738 4910 2746 4912 _
2820 4911 2830 4912 ί
3583 4910 3593 4912 _
3673 4903 3682 4912 θ

2238 4909 2302 4961 lat
2328 4910 2454 4961 dato
2483 4907 2636 4976 sig..o
2664 4910 2780 4963 suis
2813 4911 2906 4965 Dei
2941 4914 3223 4980 victoria‘,
3248 4914 3551 4984 juvenibus
3575 4907 3728 4980 fortis-

2166 4981 2322 5032 simis
2376 4985 2588 5054 eiectis,
2621 4993 2785 5054 nocte
2837 4999 3142 5051 aggressus
3201 4981 3396 5040 aulam
3455 4988 3736 5054 regiaiii.tlt

2167 5064 2363 5104 castris
2413 5053 2688 5104 interfecit
2741 5051 2884 5104 viros
2937 5067 3196 5120 quatuor
3258 5059 3457 5117 milita,
3507 5051 3558 5106 et
3592 5062 3734 5102 niaxi-

2168 5137 2316 5174 nium
2355 5121 2778 5188 elephantorum
2810 5137 2933 5176 cum
2979 5124 3068 5177 his
3105 5127 3212 5196 qui
3267 5122 3597 5198 superpositi
3644 5124 3738 5168 lu:-

2169 5203 2292 5245 I'atit
2324 5208 2339 5244 :

2237 5265 2574 5332 Summaque
2610 5275 2759 5319 metu
2823 5280 2888 5318 ac
2921 5268 3374 5334 perturbatione
3415 5265 3638 5319 hostium
3663 5271 3737 5308 ca'

2165 5342 2279 5412 str_a_
2313 5336 2604 5404 replentes,
2631 5337 2807 5412 rebus
2843 5350 3118 5412 prospere
3159 5352 3363 5408 μεως,
3392 5340 3689 5412 animum,”

2240 5402 2580 5458 litic'autein
2626 5402 3103 5461 factum'esfdie
3151 5402 3561 5471 iitucesceiite,
3617 5402 3743 5470 at'iu‘

2169 5486 2329 5530 vante
2359 5492 2484 5529 eum
2519 5478 2735 5529 Domini
2767 5477 3152 5546 protectione.

2239 5547 2344 5599 Sed
2381 5563 2498 5610 rex,
2525 5560 2750 5616 accepto
2778 5556 2939 5616 gustu
2972 5550 3244 5604 audacia:
3275 5549 3618 5612 Judaeorum,
3648 5552 3744 5598 arte

2167 5617 2538 5670 tlill'tcttltaleiu
2574 5620 2818 5672 locorum
2864 5622 3146 5674 leiilalial.

2240 5687 2302 5740 Et
2357 5689 2656 5754 Beihe'urae,
2713 5706 2833 5760 quae
2892 5697 3007 5744 erat
3071 5689 3418 5748 Judxoruiu
3465 5686 3744 5764 praesidium
