3840 6176
171 330 267 393 553

1291 333 1522 392 LIBER
1570 334 1625 392 Il
1668 331 1921 396 MACIIA
1938 328 2287 389 B/EORUM.

3290 328 3398 393 55$

171 442 461 512 munitum,
514 449 702 512 castra,
726 440 1082 506 admovebat,
1114 440 1207 497 sed
1263 442 1577 512 fugabatur,
1622 444 1725 496 im-
1756 450 1804 506 Α
1832 447 1992 504 dirct,
2027 440 2225 511 quique
2272 454 2427 495 suam
2484 437 2790 508 portionem
2836 437 3004 507 signis
3049 436 3404 498 evidentibus

169 511 441 583 pingebat.
475 511 872 583 minorabatur.

230 579 325 634 llis
376 589 583 641 autem,
630 581 723 649 qui
768 582 914 634 intus
969 589 1148 642 erant.
1184 580 1353 635 ludas
1414 586 1726 639 necessaria

171 650 428 706 mittebat.

232 718 767 790 Enuntiavit_autem
802 720 1059 790 mysteria
1118 720 1373 774 hostibus
1433 721 1729 777 Rhodocns

170 791 376 859 quidam
419 790 488 841 de
547 787 771 841 Judaico
803 787 1067 860 eiercitu,
1109 790 1204 860 qui
1250 791 1551 858 requisitos
1582 808 1731 846 com—

173 860 471 927 prehensus
506 867 612 920 est,
652 868 707 910 et
736 858 1047 913 conclusus.

236 929 436 1000 l_tcruin
471 943 567 1000 rex
598 941 908 1000 sermonem
948 928 1142 1000 habuit
1177 929 1245 983 ad
1280 946 1397 999 eos,
1431 934 1524 1000 qui
1573 945 1732 989 erant

173 999 217 1051 in
246 998 534 1067 Betlisuris
566 1014 579 1048 :
608 996 853 1067 dextram
879 997 1066 1052 dedit:
1094 1002 1307 1067 accepit
1337 1019 1350 1054 :
1380 996 1514 1056 abiit
1549 1022 1562 1057 :

230 1066 519 1119 Commisit
576 1080 699 1119 cum
746 1063 883 1119 Juda
917 1082 933 1123 :
963 1063 1256 1136 superatus
1289 1083 1393 1124 εει.
1431 1072 1498 1127 Ut
1546 1082 1729 1127 autem

172 1136 416 1204 cognovit
447 1135 742 1189 rebellasse
776 1135 1082 1209 Philippum
1114 1139 1439 1199 Antiochiae.
1474 1146 1566 1209 qui
1603 1144 1731 1196 reli-

173 1218 279 1259 ctus
310 1213 431 1257 erat
477 1219 643 1270 super
673 1206 912 1273 negotia,
945 1220 1124 1261 mente
1172 1206 1580 1273 consternatus,
1630 1215 1729 1265 Ju-

175 1278 306 1347 dzos
341 1276 667 1347 deprecans,
702 1274 1068 1347 subditusque
1106 1278 1207 1339 eis,
1237 1279 1386 1347 jurat
1431 1282 1497 1333 de
1554 1284 1735 1335 omni-

175 1345 289 1404 bus,
354 1343 558 1410 quibus
591 1343 798 1407 justum
836 1344 1013 1397 visum
1064 1354 1149 1398 est
1181 1365 1193 1398 :
1227 1343 1285 1399 et
1343 1351 1734 1405 reconciliatus

176 1414 363 1466 obtulit
397 1413 754 1474 sacrificium,
781 1414 1073 1468 honoravit
1105 1418 1392 1484 templum,
1423 1426 1479 1472 et
1508 1436 1733 1473 munera

175 1495 345 1550 posuit
374 1498 389 1534 :

232 1574 598 1628 Machameum
663 1575 1007 1644 amplexatus
1070 1585 1174 1642 est,
1236 1588 1289 1631 et
1347 1578 1475 1633 fecit
1526 1595 1650 1633 eum
1704 1596 1731 1633 a

179 1644 504 1698 Ptoleniaide
538 1659 711 1714 usque
755 1647 822 1699 ad
871 1645 1148 1701 Gerrenos
1194 1648 1386 1702 ducem
1424 1660 1479 1703 et
1530 1650 1736 1719 princi-

238 1730 303 1766 m.

176 1730 303 1854 {xliii
329 1795 515 1838 autem
559 1784 705 1837 venit
736 1784 1154 1846 Ptoletnaidam,
1193 1787 1435 1854 graviter
1485 1787 1733 1843 ferebant

176 1849 536 1925 Ptolemenses
575 1855 829 1925 amicitia:
880 1849 1325 1920 conventionem,
1364 1858 1731 1925 indignantes.

177 1922 403 1993 uejorte
448 1926 629 1979 l'mdus
667 1924 1058 1993 irrumperent.

238 1990 390 2047 Tunc
437 1994 687 2047 ascendit
721 1990 910 2062 Lysias
955 1995 1212 2057 tribunal,
1268 2008 1325 2052 et
1353 1998 1604 2066 exposuit
1652 2013 1735 2050 ra-

180 2059 391 2136 tionem,
444 2076 497 2116 et
526 2059 783 2131 populum
812 2067 1042 2136 sedat/it.
1081 2059 1470 2136 regressusque
1517 2078 1601 2120 est
1628 2070 1737 2119 An-

181 2133 427 2211 tiochiam
465 2153 477 2186 ;
516 2143 572 2187 et
601 2136 706 2187 boc
735 2134 895 2188 modo
922 2138 1064 2203 regis
1099 2133 1395 2205 profectio,
1432 2149 1487 2191 et
1529 2138 1736 2191 reditus

182 2210 457 2268 processit.

741 2291 975 2349 CAPUT
1017 2293 1155 2349 XIV.

238 2402 337 2457 Sed
374 2416 501 2473 post
529 2406 753 2481 triennii
802 2416 1026 2481 tempus
1050 2409 1307 2477 cognovit
1336 2410 1524 2473 ludas,
1557 2422 1611 2465 et
1642 2413 1737 2481 qui

176 2487 287 2526 cum
320 2490 388 2527 eo
404 2487 593 2538 erant,
632 2477 963 2531 Demetrium
995 2477 1207 2535 Seleuci
1234 2495 1357 2532 cum
1385 2477 1737 2536 multitudine

176 2546 362 2619 valida,
400 2555 453 2596 et
486 2547 738 2608 navibus,
762 2563 860 2616 per
890 2558 1108 2617 portum
1152 2548 1390 2619 Tripolis
1416 2554 1735 2606 ascendisse

179 2613 237 2665 ad
269 2614 384 2665 loca
418 2627 756 2682 opportuna.

235 2682 296 2734 Et
336 2686 587 2758 l8ll0i5§8
642 2686 897 2758 regiones
954 2688 1217 2742 adversus
1269 2689 1624 2758 Antiochum,
1681 2700 1737 2745 et

174 2753 351 2805 ducem
382 2754 505 2822 ejus
531 2752 767 2824 Lysiam.

230 2824 474 2875 Alcimus
515 2836 699 2877 autent
746 2829 991 2895 quidam.
1020 2826 1112 2895 qui
1174 2842 1423 2883 summus
1472 2832 1736 2888 sacerdos

173 2889 361 2969 fuerat,
396 2896 495 2969 sed
529 2889 839 2969 voluntarie
868 2889 1257 2969 coinquinatus
1282 2909 1365 2951 est
1396 2902 1734 2969 temporibus

173 2964 593 3027 commixtionis,
649 2964 1025 3022 causiderans
1061 2967 1209 3018 nullo
1259 2970 1421 3021 modo
1469 2964 1571 3024 sibi
1613 2987 1733 3027 esse

173 3032 422 3096 salutem,
458 3049 636 3101 neque
665 3050 944 3092 accessum
982 3041 1047 3087 ad
1081 3038 1274 3101 altare,

243 3102 400 3177 \_'enit
436 3107 504 3155 ad
544 3119 724 3177 regem
754 3106 1091 3161 Demetrium
1118 3108 1419 3161 centesimo
1457 3109 1729 3177 quinqua-

172 3172 365 3237 gesimo
389 3174 821 3248 aiino,_ollereiis
860 3180 908 3231 ei
940 3192 1198 3248 coronam
1248 3172 1490 3236 auream:
1523 3188 1577 3230 et
1600 3172 1725 3248 pal-

171 3257 322 3303 mam,
358 3258 528 3309 super
559 3244 673 3296 liaic
708 3255 763 3296 et
814 3248 1032 3309 thallos,
1061 3246 1154 3313 qui
1204 3249 1386 3314 templi
1422 3264 1542 3302 esse
1576 3244 1729 3304 vide-

173 3313 382 3382 bantur.
418 3314 486 3366 Et
520 3314 635 3379 ipsa
673 3317 894 3382 quidem
923 3319 1011 3369 die
1045 3317 1219 3368 siluit.

229 3381 474 3451 Tempus
494 3397 679 3436 autem
697 3381 1065 3453 opportunum
1089 3387 1380 3439 dementiae
1394 3402 1503 3439 suae
1515 3398 1728 3454 nactus,

168 3464 499 3527 convocatus
526 3470 557 3505 a
587 3454 869 3527 Demetrio
900 3462 964 3509 ad
1001 3459 1314 3527 consilium,
1347 3470 1400 3510 et
1428 3470 1731 3527 interroga-

172 3532 249 3573 tus
274 3525 485 3589 quibus
524 3524 687 3576 rebus
728 3536 782 3576 et
813 3528 1056 3579 consiliis
1088 3524 1257 3578 Judzm
1294 3528 1619 3579 niterentur.

236 3590 545 3659 Respondit
578 3632 591 3644 .
632 3594 757 3660 Ipsi,
792 3599 883 3664 qui
942 3601 1199 3650 dicuntur
1247 3596 1471 3649 Assidau
1508 3594 1727 3659 Judaeu-

170 3676 303 3724 rum,
338 3674 547 3727 quibus
597 3677 793 3731 prmest
831 3666 998 3719 .Itidas
1048 3666 1406 3725 Maeliana-iis,
1456 3667 1593 3719 bella
1632 3685 1732 3721 nu-

172 3742 351 3793 triuut,
387 3748 444 3787 et
466 3738 766 3789 seditiones
796 3746 1037 3799 movent,
1071 3751 1173 3789 nec
1196 3739 1479 3803 patiuntur
1503 3752 1727 3805 regnum

170 3815 278 3853 esse
307 3815 582 3869 qnictutlt.

219 3871 352 3923 Nam
400 3884 458 3924 et
500 3890 601 3940 ego
644 3874 992 3929 defraudatus
1033 3885 1320 3943 parentum
1369 3876 1538 3945 gloria
1584 3877 1729 3948 (dico

166 3952 335 3993 autem
374 3959 602 3995 summo
632 3949 986 4006 SaCerdotio),
1022 3950 1126 3997 liuc
1160 3949 1303 3998 veni.

228 4010 415 4064 Primo
446 4020 672 4081 quidem
711 4017 1041 4068 utilitatibus
1070 4016 1210 4083 regis
1262 4016 1422 4071 tidem
1477 4032 1726 4081 servans,

164 4092 400 4134 secundo
428 4095 614 4136 autem
655 4098 816 4138 etiam
846 4086 957 4155 [AL
995 4099 1096 4136 ωε.
1128 4085 1316 4156 etiam]
1348 4088 1560 4141 civibus
1595 4103 1727 4139 con-

164 4164 344 4204 sulens
376 4169 392 4205 :
425 4171 553 4205 tiam
608 4156 824 4207 illorum
869 4167 1132 4222 pravitate
1185 4172 1499 4211 universum
1556 4172 1727 4224 genus

162 4232 402 4274 nostrum
445 4241 555 4275 non
591 4230 812 4278 minime
837 4239 1084 4279 vertatur.

226 4298 331 4343 bed
363 4312 492 4355 oro,
525 4296 611 4347 liis
634 4298 879 4364 singulis,
916 4314 948 4349 υ
984 4313 1095 4358 rex,
1123 4300 1379 4365 cognitis.
1410 4308 1463 4353 et
1491 4299 1720 4370 regioni,

159 4372 209 4415 et
242 4380 459 4439 generi
486 4371 788 4417 secundum
826 4370 1217 4421 humanitatem
1253 4382 1400 4422 tuam
1445 4373 1726 4439 pervulga-

161 4446 259 4503 tam
284 4438 551 4487 omnibus
587 4451 853 4503 prospice.

215 4484 1209 4577 Nam.“quaiiidiu'superestJudas,
1240 4511 1577 4579 impossibile
1616 4522 1723 4575 est,
1760 4484 1805 4538 Β

157 4586 341 4640 paceni
380 4592 507 4627 esse
538 4579 795 4643 negotiis.

213 4643 447 4695 Talibus
514 4660 695 4697 autem
737 4650 803 4699 ab
854 4649 958 4703 lioc
1009 4649 1191 4714 dictis,
1221 4659 1276 4704 et
1315 4652 1495 4704 οωιωὶ
1538 4652 1724 4718 amici,

155 4712 431 4766 hOstitiier
465 4731 524 4767 se
562 4722 824 4770 habentes
862 4723 1124 4773 adversus
1172 4712 1393 4784 ludam,
1426 4712 1727 4775 iiiﬂatmiia;

156 4796 347 4836 verunt
390 4786 756 4839 Demetrium.

218 4854 319 4916 Qui
353 4865 545 4909 statim
571 4856 895 4931 _l\tc_anorein
930 4861 1281 4931 praepositum
1310 4862 1727 4930 elephantorum

156 4926 345 4976 ducem
376 4936 535 4979 misit
569 4928 621 4977 in
657 4926 900 4984 Judaeum
930 4926 947 4984 Ξ

216 4994 372 5047 Datis
430 4998 736 5065 mandatis,
772 5011 829 5053 ut
856 5004 1033 5072 ipsum
1082 5004 1299 5071 quidem
1332 5002 1526 5055 ludam
1564 5017 1727 5070 cape-

151 5077 229 5122 ret
264 5081 279 5119 :
310 5081 413 5119 eos
443 5082 600 5130 vero,
631 5076 724 5133 qui
772 5086 895 5124 cum
934 5075 1025 5125 illo
1064 5083 1240 5133 erant,
1279 5074 1641 5139 dispergeret,
1676 5085 1731 5126 et

151 5140 521 5193 constitueret
554 5142 821 5195 Alcimum
864 5143 1087 5196 maximi
1121 5142 1304 5210 templi
1328 5157 1603 5195 summum
1641 5159 1729 5197 sa-

149 5214 463 5262 cerdotetu.

214 5303 374 5357 Tunc
424 5313 641 5372 gentes,
701 5319 822 5373 qua:
874 5303 943 5359 de
997 5304 1150 5359 Iuda:
1200 5304 1453 5373 fugerant
1510 5304 1727 5367 Judain,

143 5378 412 5441 gregatim
444 5391 509 5427 se
560 5374 814 5428 Nicanori
850 5375 1171 5438 miscebant,
1207 5376 1480 5441 miserias,
1508 5386 1561 5428 et
1615 5378 1729 5428 cla-

149 5454 241 5495 des
274 5446 605 5498 Judaeorum
643 5448 1043 5514 prosperitates
1071 5460 1252 5499 rerum
1289 5461 1511 5500 suarum
1538 5446 1730 5500 existi-

148 5527 388 5567 litantes.

214 5608 430 5661 Audito
456 5605 643 5672 itaque
672 5602 842 5657 Judzi
879 5604 1168 5659 Nicanoris
1199 5604 1460 5671 adventu,
1486 5617 1540 5661 et
1594 5623 1729 5661 con-

146 5690 307 5730 ventu
353 5688 673 5737 nationum,
710 5680 987 5744 conSpersi
1047 5688 1193 5730 tetra
1252 5682 1518 5743 rogabant
1580 5696 1728 5741 cum,

142 5750 231 5819 qui
266 5747 554 5819 populum
573 5760 732 5797 suum
755 5749 1061 5813 constituit,
1090 5760 1150 5801 ut
1176 5750 1231 5800 in
1253 5760 1517 5804 aeternum
1544 5759 1728 5805 custo-

463 5842 739 5904 PnnoL.
780 5842 1008 5908 XXIX.

1873 525 2088 568 rtitcatt.

1834 532 2206 650 priiliigelraute
2245 592 2425 633 autem
2462 579 2645 650 duce,
2676 577 2859 650 statim
2925 577 3052 631 inde
3086 590 3401 646 moverunt,

1834 648 2328 718 conveneruntque
2358 650 2423 702 ad
2465 649 2746 703 castellum
2785 648 3009 701 Dessau.

1906 723 2092 775 Simon
2123 735 2252 773 vero
2297 719 2465 771 frater
2495 720 2645 772 ,Ιυόίε
2674 719 3025 771 commiserat
3067 734 3190 771 cum
3242 718 3408 773 Nica-

1835 808 1967 846 nore
2004 810 2018 847 :
2059 792 2152 841 sed
2208 791 2542 842 conterritus
2590 798 2674 842 est
2711 788 2996 856 repentino
3024 792 3263 841 adventu
3306 792 3405 843 ad-

1836 866 2232 913 Versariorunt.

1905 932 2137 983 Nicanor
2175 938 2374 991 tamen,
2408 926 2636 978 audiens
2676 924 2935 979 virtutem
2989 926 3249 979 comitum
3310 928 3405 981 Ju-

1835 1001 1935 1061 tlie,
1960 1010 2014 1051 et
2048 999 2212 1049 animi
2250 996 2703 1063 magnitudinem,
2736 1011 2897 1063 quam
2936 1011 3031 1060 pro
3060 998 3245 1060 patria:
3279 1013 3405 1051 cer-

1839 1069 2136 1122 taminibus
2176 1068 2469 1121 habebant.
2498 1065 2761 1133 sanguine
2787 1065 3055 1133 judicium
3081 1064 3258 1119 facere
3296 1083 3406 1122 nie-

1840 1145 2045 1191 luebat.

1908 1208 2274 1272 Quamobrem
2329 1205 2585 1271 priemisit
2644 1203 3014 1264 Posidonium,
3062 1216 3116 1255 et
3154 1204 3407 1261 Tlieodo.

1836 1278 1977 1330 sitim
2027 1276 2133 1347 [ΑΙ.
2170 1273 2577 1344 'l'lieodotinin].
2622 1283 2677 1325 et
2737 1274 3038 1337 Mtl'cllllalll,
3100 1286 3155 1326 ut
3208 1274 3407 1331 darent

1837 1349 2077 1407 dextras,
2109 1356 2271 1413 atque
2295 1349 2635 1410 acciperent.

1909 1418 1970 1467 Et
2008 1433 2130 1467 cum
2160 1412 2248 1466 diu
2296 1416 2363 1467 de
2423 1415 2505 1465 liis
2542 1412 2835 1466 consilium
2892 1420 3167 1479 ageretur,
3203 1425 3257 1467 ct
3291 1416 3407 1479 ipse

1838 1486 1947 1538 dux
1978 1486 2042 1537 ad
2071 1485 2473 1538 multitudinem
2520 1485 2815 1543 retulisset,
2854 1485 3103 1535 omnium
3158 1499 3259 1536 una
3302 1485 3409 1539 fuit

1838 1556 2109 1608 sententia
2152 1555 2409 1606 amicitiis
2437 1570 2703 1606 anntiere.

1909 1625 2099 1690 Itaque
2163 1625 2304 1675 diem
2348 1627 2771 1685 coiisntuerunt,
2818 1637 2923 1690 qua
2986 1630 3201 1676 secreto
3261 1624 3407 1677 inter

1839 1709 1896 1746 se
1927 1703 2171 1760 agerent,
2201 1703 2256 1746 et
2287 1693 2517 1760 singulis
2564 1695 2709 1745 sella:
2746 1693 2969 1760 prolata:
3015 1701 3166 1754 sunt,
3192 1703 3250 1747 et
3306 1709 3407 1762 po-

1839 1763 1978 1817 sitae.

1912 1832 2377 1901 Prrecepitautem
2418 1830 2585 1885 Judas
2625 1841 2862 1885 armatos
2885 1846 3007 1886 esse
3036 1830 3170 1885 locis
3208 1848 3409 1902 oppor-

1845 1902 2011 1973 tunis,
2062 1918 2128 1956 ne
2168 1903 2308 1955 forte
2366 1904 2433 1954 ali
2490 1903 2738 1973 hostibus
2773 1913 2992 1968 repente
3046 1902 3168 1954 ntali
3199 1906 3405 1973 aliquid

1838 1972 2079 2024 oriretur
2113 1989 2130 2025 :
2165 1983 2219 2026 et
2242 1986 2543 2039 congruum
2582 1972 2914 2038 colloquium
2942 1974 3206 2025 fecerunt.

1911 2041 2224 2113 Morabatur
2253 2052 2434 2094 autern
2479 2040 2718 2095 Nicanor
2745 2041 3120 2110 Jerosolymis.
3152 2042 3396 2113 nihilque

1840 2111 2029 2178 inique
2064 2112 2274 2177 agebat,
2316 2125 2616 2180 gregesque
2677 2113 2984 2173 turbarum,
3019 2125 3139 2178 qua:
3174 2111 3405 2181 congreo

1838 2193 1974 2249 gata:
2017 2181 2491 2249 literant,diimsit.

1908 2249 2155 2303 Habebat
2174 2260 2355 2303 autem
2390 2248 2581 2302 Judam
2608 2264 2826 2318 semper
2850 2253 3074 2303 charum
3097 2264 3163 2302 ex
3193 2252 3398 2319 animo,

1839 2329 1895 2371 et
1922 2329 2039 2370 erat
2071 2320 2189 2371 viro
2225 2321 2533 2373 inclinatus.

1911 2388 2246 2460 ltogavitque
2298 2405 2422 2442 eum
2451 2392 2652 2443 ducere
2711 2404 2958 2451 uxorein,
2996 2388 3244 2457 filiosque
3273 2408 3404 2460 pro.

1838 2470 2047 2531 creare.
2077 2458 2302 2529 Nuptias
2331 2460 2481 2524 fecit,
2530 2460 2711 2527 quiete
2753 2469 2887 2528 egit,
2929 2458 3403 2531 cominnniterquc

1840 2527 2113 2581 vivebant.

1908 2598 2150 2650 Alcimus
2200 2605 2407 2661 autem,
2462 2596 2656 2650 videns
2714 2596 3036 2650 cliaritatein
3073 2598 3290 2653 illorum
3331 2604 3401 2656 ad

1839 2664 2095 2724 invicem.
2126 2677 2183 2720 et
2215 2678 2630 2725 contentiones.
2665 2668 2811 2718 venit
2840 2670 2906 2719 ad
2952 2668 3305 2728 Demetrium.
3347 2681 3403 2723 et

1838 2736 2091 2790 dicebat:
2124 2736 2452 2789 Nicanorem
2494 2738 2658 2803 rebus
2709 2736 2903 2788 alienis
2961 2738 3246 2803 assentire,
3300 2738 3401 2793 Ju-

1837 2804 2069 2873 dauique
2094 2807 2243 2874 regni
2279 2806 2650 2858 insidiatorem
2692 2819 3065 2859 successorem
3097 2809 3203 2861 sibi
3231 2810 3403 2865 desti-

1836 2888 2019 2929 113888.

1910 2944 2093 3012 Itaque
2133 2959 2224 2997 rex
2253 2952 2623 3012 exasperatus,
2650 2954 2703 2995 et
2736 2943 2992 3014 pessimis
3015 2945 3181 3014 hujus
3215 2950 3403 3002 critnl-

1836 3014 2147 3087 nationibus
2179 3015 2447 3087 irritatus,
2500 3012 3013 3087 scripsitNicanori,
3037 3012 3249 3082 dicens,
3278 3035 3401 3087 gra-

1836 3084 1978 3153 viter
2006 3084 2225 3151 quidem
2292 3099 2350 3136 se
2388 3086 2533 3136 ferre
2583 3089 2651 3136 de
2696 3085 2949 3138 amicitiae
2989 3084 3399 3153 conventione;

1758 3147 1799 3203 C
1828 3147 2035 3220 jubere
2086 3164 2265 3206 tamen
2301 3154 2666 3209 Machameum
2699 3156 2863 3205 citius
2904 3160 3148 3209 vinctum
3186 3147 3401 3213 mittere

1830 3223 2206 3276 Antiochiam.

1900 3292 2109 3355 Quibus
2143 3293 2397 3362 cognitis,
2426 3292 2661 3347 Nicanor
2689 3294 3167 3361 consternabatur,
3198 3305 3252 3352 et
3273 3314 3399 3363 gra-

1829 3361 1969 3413 viter
1996 3361 2232 3425 ferebat,
2262 3366 2307 3417 si
2334 3380 2418 3424 ea,
2447 3380 2568 3431 quae
2621 3377 3014 3431 convenerant,
3068 3368 3217 3419 irrita
3248 3361 3393 3419 is..-

1831 3441 1935 3492 ret,
1969 3435 2102 3484 tiiliil
2139 3436 2297 3485 la‘sns
2330 3448 2360 3485 a
2401 3435 2537 3486 viro.

1902 3503 2007 3554 Sed
2036 3504 2159 3569 quia
2199 3508 2311 3571 regi
2359 3505 2617 3557 resistere
2651 3520 2757 3558 non
2793 3515 3028 3572 poterat,
3069 3509 3397 3572 opportuni-

1831 3579 1997 3643 tatem
2025 3576 2371 3643 observabat,
2420 3590 2527 3641 qua
2564 3590 2893 3643 praeceptum
2925 3579 3235 3642 perimeret.

1898 3642 1966 3693 At
2024 3641 2385 3707 Machabicus,
2434 3645 2626 3695 videns
2684 3641 2871 3698 secum
2922 3641 3195 3697 austerius
3234 3660 3396 3714 agere

1831 3709 2175 3770 Nicanorem.
2218 3724 2271 3764 et
2298 3724 2618 3765 consuetum
2646 3729 2937 3766 occursum
2969 3719 3207 3767 ferocius
3240 3709 3391 3768 eitii»

1829 3780 2068 3843 benteiu,
2097 3783 2400 3851 intelligens
2436 3798 2541 3834 non
2578 3798 2645 3834 ex
2697 3786 2840 3835 bono
2866 3799 2986 3836 esse
3018 3794 3393 3838 austeritatem

1830 3854 2011 3921 istam,
2044 3854 2231 3917 paucis
2260 3868 2487 3905 suorum
2522 3854 2896 3921 congregatis,
2941 3856 3241 3907 occultavit
3271 3871 3329 3907 se
3364 3872 3395 3908 a

1831 3918 2126 3975 Nicanore.

1898 3992 2051 4052 Quod
2080 4006 2204 4045 cum
2236 3991 2327 4065 ille
2378 3992 2651 4065 cognovit
2683 3991 2899 4044 fortiter
2946 4008 3005 4046 se
3042 4007 3071 4044 a
3107 3993 3238 4047 viro‘
3259 4013 3398 4065 pra:-

1827 4072 2089 4121 ventum,
2170 4064 2316 4116 venit
2388 4068 2451 4114 ad
2515 4063 2811 4114 maximum
2870 4072 2926 4116 et
2989 4063 3395 4121 sanctissimtiic

1833 4131 2094 4196 templum
2121 4149 2133 4191 ;
2158 4142 2213 4184 et
2236 4132 2624 4184 Sacerdotibus
2648 4134 2839 4184 solitas
2870 4134 3076 4184 hostias
3113 4132 3393 4190 οίῐεωιιιιο

1829 4202 1953 4259 lius,
1977 4200 2141 4267 jussit
2177 4202 2277 4254 sibi
2317 4204 2460 4255 tradi
2492 4218 2689 4253 Vlt‘tlllt.

1899 4272 2109 4333 Quibus
2156 4273 2618 4339 cunijurauicntu
2672 4272 2998 4331 dicentibus.
3061 4273 3271 4327 nescire
3334 4292 3395 4330 se

1830 4339 1923 4391 ubi
1974 4354 2118 4395 esset
2160 4357 2250 4409 qui
2289 4344 2660 4409 quierebatur,
2692 4344 2995 4394 extendens
3048 4359 3266 4397 manum
3326 4352 3395 4401 ad

1832 4414 2120 4476 templum.

1906 4481 2141 4544 Juravit,
2174 4480 2363 4535 dicens
2387 4499 2401 4533 :
2423 4478 2535 4533 Nisi
2564 4479 2760 4533 Judain
2800 4481 2930 4532 milii
2956 4480 3194 4534 vinctum
3226 4488 3395 4539 tradi-

1831 4553 2042 4612 deritis,
2082 4554 2223 4604 istud
2259 4554 2344 4604 Dei
2382 4551 2565 4604 fanum
2601 4558 2651 4603 in
2708 4554 2984 4619 planitiem
3016 4555 3301 4621 deducant,
3336 4569 3393 4611 et

1830 4627 1999 4676 altare
2025 4622 2300 4684 effodiam.
2342 4631 2398 4675 et
2431 4623 2691 4689 templum
2724 4626 2828 4673 lioc
2862 4624 3059 4673 Libero
3094 4630 3231 4687 patri
3265 4643 3393 4679 cuu-

1828 4694 2071 4748 secrabo.

1898 4764 1967 4817 Et
1994 4766 2077 4815 bis
2108 4764 2268 4817 dictis
2297 4763 2455 4818 abiit.
2493 4762 2819 4817 Sacerdotes
2850 4769 3033 4815 autem
3070 4764 3399 4829 protenden-

1831 4843 1912 4887 tes
1946 4850 2137 4886 manus
2193 4837 2245 4886 in
2276 4838 2500 4895 cmluin,
2536 4835 2860 4897 invocabant
2916 4847 3065 4890 eum.
3106 4836 3199 4901 qui
3250 4850 3397 4887 sem-

1830 4920 1926 4973 per
1957 4918 2323 4972 propugnator
2357 4914 2501 4956 esset
2532 4915 2709 4973 geiitis
2764 4906 3033 4969 ipsorum,
3063 4902 3180 4956 btet:
3210 4904 3397 4959 diceti-

1833 4987 1912 5026 tes
1949 4991 1964 5028 ζ

1900 5044 2013 5109 Tu,
2076 5043 2299 5098 Domine
2358 5044 2778 5105 universorum,
2830 5043 2923 5110 qui
2988 5041 3193 5095 nullius
3250 5043 3396 5098 indi-

1831 5128 1944 5179 ges,
1999 5115 2215 5167 voluisti
2275 5114 2533 5182 templum
2576 5112 2928 5165 habitationis
2986 5122 3094 5164 tuae
3158 5114 3276 5167 ﬂeri
3338 5116 3397 5168 in

1830 5185 2013 5238 nobis.

1901 5254 1966 5308 Et
1990 5269 2151 5314 nunc.
2177 5260 2365 5307 sancte
2387 5261 2699 5305 sanctorum
2724 5252 2966 5306 omnium
2989 5250 3238 5315 Domine,
3258 5266 3363 5305 con
3379 5280 3395 5290 -

1831 5338 1985 5378 serva
2009 5326 2066 5377 in
2115 5335 2378 5378 :etcrnutn
2414 5323 2754 5389 impollutam
2800 5324 3022 5376 domum
3052 5324 3231 5383 istam,
3269 5336 3392 5389 qui:

1831 5411 2008 5462 nuper
2048 5396 2305 5448 mundata
2336 5402 2440 5447 est.

1903 5460 2097 5517 Razias
2120 5478 2301 5517 autem
2328 5463 2550 5530 quidam
2582 5465 2648 5517 de
2678 5462 2991 5516 senioribus
3022 5460 3090 5513 ab
3114 5460 3390 5530 Jerosoly-

1833 5535 1936 5588 mis
1971 5538 2182 5589 delatus
2234 5543 2317 5587 est
2348 5535 2625 5597 Nicanori,
2658 5535 2741 5586 vir
2790 5543 2996 5584 amator
3041 5532 3299 5593 civitatis,
3331 5542 3388 5582 et

1832 5607 1970 5659 bene
2022 5607 2252 5658 audiens
2296 5606 2436 5672 :qui
2474 5619 2571 5673 pro
2615 5604 2813 5655 atlectu
2863 5612 3015 5671 pater
3071 5599 3389 5654 Judzeoruiu

1833 5678 2231 5744 appellabatur.

1904 5740 2003 5802 llic
2043 5750 2227 5801 multis
2260 5743 2596 5812 temporibus
2648 5740 3001 5797 continentia:
3051 5745 3398 5814 propositum

3011 5834 3076 5895 l8
