  <div class='ocr_page' id='page_1' title='image "/cluster/home/n/w/nwhite01/storage/ocr_20150623/29/hvd.32044096580519/302.png"; bbox 0 0 3880 6168; ppageno 0'>
   <div class='ocr_carea' id='block_1_1' title="bbox 189 266 345 343">
    <p class='ocr_par' dir='ltr' id='par_1_1' title="bbox 189 266 345 343">
     <span class='ocr_line' id='line_1_1' title="bbox 189 266 345 343; baseline -0.013 0"><span class='ocrx_word' id='word_1_1' title='bbox 189 276 275 343; x_wconf 84' lang='lat'><strong>573</strong></span> <span class='ocrx_word' id='word_1_2' title='bbox 322 266 345 275; x_wconf 48' lang='grc'><em>“</em></span> 
     </span>
    </p>
   </div>
   <div class='ocr_carea' id='block_1_2' title="bbox 458 399 1799 456">
    <p class='ocr_par' dir='ltr' id='par_1_2' title="bbox 458 399 1799 456">
     <span class='ocr_line' id='line_1_2' title="bbox 458 399 1799 456; baseline 0 -9"><span class='ocrx_word' id='word_1_3' title='bbox 458 406 707 447; x_wconf 67' lang='lat' dir='ltr'><strong>tomus.</strong></span> <span class='ocrx_word' id='word_1_4' title='bbox 960 415 971 456; x_wconf 91' lang='lat'><strong><em>|</em></strong></span> <span class='ocrx_word' id='word_1_5' title='bbox 1218 407 1463 447; x_wconf 73' lang='lat' dir='ltr'><strong>JOANNES.</strong></span> <span class='ocrx_word' id='word_1_6' title='bbox 1710 399 1722 456; x_wconf 94' lang='grc' dir='ltr'><strong>Ι</strong></span> <span class='ocrx_word' id='word_1_7' title='bbox 1750 399 1799 456; x_wconf 71' lang='grc' dir='ltr'><strong>Α</strong></span> 
     </span>
    </p>
   </div>
   <div class='ocr_carea' id='block_1_3' title="bbox 356 481 1400 547">
    <p class='ocr_par' dir='ltr' id='par_1_3' title="bbox 356 481 1400 547">
     <span class='ocr_line' id='line_1_3' title="bbox 356 481 1400 547; baseline -0.011 1"><span class='ocrx_word' id='word_1_8' title='bbox 356 491 524 547; x_wconf 81' lang='lat' dir='ltr'><strong>CLVII</strong></span> <span class='ocrx_word' id='word_1_9' title='bbox 961 481 971 547; x_wconf 92' lang='grc' dir='ltr'><strong>Ι</strong></span> <span class='ocrx_word' id='word_1_10' title='bbox 1113 481 1400 536; x_wconf 83' lang='lat' dir='ltr'><strong>CLXXVII</strong></span> 
     </span>
    </p>
   </div>
   <div class='ocr_carea' id='block_1_4' title="bbox 355 415 1376 683">
    <p class='ocr_par' dir='ltr' id='par_1_4' title="bbox 355 415 1376 683">
     <span class='ocr_line' id='line_1_4' title="bbox 458 415 1376 447; baseline -0.002 0"><span class='ocrx_word' id='word_1_11' title='bbox 458 415 707 447; x_wconf 66' lang='lat' dir='ltr'><strong>mamma.</strong></span> <span class='ocrx_word' id='word_1_12' title='bbox 1218 415 1376 446; x_wconf 63' lang='lat' dir='ltr'><strong>manu</strong></span> 
     </span>
     <span class='ocr_line' id='line_1_5' title="bbox 356 481 1373 547; baseline -0.013 1"><span class='ocrx_word' id='word_1_13' title='bbox 356 491 524 547; x_wconf 77' lang='lat' dir='ltr'><strong>CLVII</strong></span> <span class='ocrx_word' id='word_1_14' title='bbox 1113 481 1373 536; x_wconf 77' lang='lat' dir='ltr'><strong>CLXXVI</strong></span> 
     </span>
     <span class='ocr_line' id='line_1_6' title="bbox 355 415 1376 683; baseline -0.012 -65"><span class='ocrx_word' id='word_1_15' title='bbox 355 562 505 618; x_wconf 79' lang='lat' dir='ltr'><strong>CLIX</strong></span> <span class='ocrx_word' id='word_1_16' title='bbox 960 415 971 683; x_wconf 72' lang='grc' dir='ltr'><strong>Ι</strong></span> <span class='ocrx_word' id='word_1_17' title='bbox 1118 553 1376 606; x_wconf 74' lang='lat' dir='ltr'><strong>CLXXIX</strong></span> 
     </span>
     <span class='ocr_line' id='line_1_7' title="bbox 358 622 1375 683; baseline -0.008 0"><span class='ocrx_word' id='word_1_18' title='bbox 358 633 557 683; x_wconf 81' lang='lat' dir='ltr'><strong>CLXIII</strong></span> <span class='ocrx_word' id='word_1_19' title='bbox 1115 622 1375 675; x_wconf 76' lang='lat' dir='ltr'><strong>CLXXXI</strong></span> 
     </span>
    </p>
   </div>
   <div class='ocr_carea' id='block_1_5' title="bbox 358 622 1375 689">
    <p class='ocr_par' dir='ltr' id='par_1_5' title="bbox 358 622 1375 689">
     <span class='ocr_line' id='line_1_8' title="bbox 358 622 1375 689; baseline -0.014 0"><span class='ocrx_word' id='word_1_20' title='bbox 358 633 557 689; x_wconf 83' lang='lat' dir='ltr'><strong>CLXIII</strong></span> <span class='ocrx_word' id='word_1_21' title='bbox 960 622 970 689; x_wconf 76' lang='grc'><strong>1</strong></span> <span class='ocrx_word' id='word_1_22' title='bbox 1115 622 1375 675; x_wconf 78' lang='lat' dir='ltr'><strong>CLXXXI</strong></span> 
     </span>
    </p>
   </div>
   <div class='ocr_carea' id='block_1_6' title="bbox 356 692 1425 760">
    <p class='ocr_par' dir='ltr' id='par_1_6' title="bbox 356 692 1425 760">
     <span class='ocr_line' id='line_1_9' title="bbox 356 692 1425 760; baseline -0.015 -1"><span class='ocrx_word' id='word_1_23' title='bbox 356 704 531 760; x_wconf 89' lang='lat' dir='ltr'><strong>CLXV</strong></span> <span class='ocrx_word' id='word_1_24' title='bbox 960 692 971 760; x_wconf 86' lang='grc' dir='ltr'><strong>Ι</strong></span> <span class='ocrx_word' id='word_1_25' title='bbox 1114 692 1425 745; x_wconf 87' lang='lat' dir='ltr'><strong>CLXXXIX</strong></span> 
     </span>
    </p>
   </div>
   <div class='ocr_carea' id='block_1_7' title="bbox 356 762 1276 850">
    <p class='ocr_par' dir='ltr' id='par_1_7' title="bbox 356 762 1276 850">
     <span class='ocr_line' id='line_1_10' title="bbox 356 762 1276 850; baseline -0.003 0"><span class='ocrx_word' id='word_1_26' title='bbox 356 795 580 850; x_wconf 81' lang='lat' dir='ltr'><strong>Cvan</strong></span> <span class='ocrx_word' id='word_1_27' title='bbox 958 762 968 850; x_wconf 85' lang='grc' dir='ltr'><strong>Ι</strong></span> <span class='ocrx_word' id='word_1_28' title='bbox 1112 762 1276 816; x_wconf 52' lang='lat' dir='ltr'><strong>ex“</strong></span> 
     </span>
    </p>
   </div>
   <div class='ocr_carea' id='block_1_8' title="bbox 349 858 1321 921">
    <p class='ocr_par' dir='ltr' id='par_1_8' title="bbox 349 858 1321 921">
     <span class='ocr_line' id='line_1_11' title="bbox 349 858 1321 921; baseline -0.008 0"><span class='ocrx_word' id='word_1_29' title='bbox 349 867 553 921; x_wconf 88' lang='lat' dir='ltr'><strong>CLXIX</strong></span> <span class='ocrx_word' id='word_1_30' title='bbox 957 858 968 921; x_wconf 86' lang='lat' dir='ltr'><strong>I</strong></span> <span class='ocrx_word' id='word_1_31' title='bbox 1111 858 1321 915; x_wconf 81' lang='lat' dir='ltr'><strong>CXCIII</strong></span> 
     </span>
    </p>
   </div>
   <div class='ocr_carea' id='block_1_9' title="bbox 351 931 1295 992">
    <p class='ocr_par' dir='ltr' id='par_1_9' title="bbox 351 931 1295 992">
     <span class='ocr_line' id='line_1_12' title="bbox 351 931 1295 992; baseline -0.01 0"><span class='ocrx_word' id='word_1_32' title='bbox 351 937 551 992; x_wconf 86' lang='lat' dir='ltr'><strong>CLXXI</strong></span> <span class='ocrx_word' id='word_1_33' title='bbox 958 931 967 992; x_wconf 86' lang='grc' dir='ltr'><strong>Ι</strong></span> <span class='ocrx_word' id='word_1_34' title='bbox 1113 931 1295 985; x_wconf 84' lang='lat' dir='ltr'><strong>CXCV</strong></span> 
     </span>
    </p>
   </div>
   <div class='ocr_carea' id='block_1_10' title="bbox 352 1007 1200 1068">
    <p class='ocr_par' dir='ltr' id='par_1_10' title="bbox 352 1007 1200 1068">
     <span class='ocr_line' id='line_1_13' title="bbox 352 1007 1200 1068; baseline -0.008 -5"><span class='ocrx_word' id='word_1_35' title='bbox 352 1007 605 1063; x_wconf 74' lang='lat' dir='ltr'><strong>CLXXIII</strong></span> <span class='ocrx_word' id='word_1_36' title='bbox 956 1007 968 1068; x_wconf 83' lang='lat' dir='ltr'><strong>l</strong></span> <span class='ocrx_word' id='word_1_37' title='bbox 1118 1014 1200 1068; x_wconf 66' lang='lat' dir='ltr'><strong>cc</strong></span> 
     </span>
    </p>
   </div>
   <div class='ocr_carea' id='block_1_11' title="bbox 1162 272 2395 336">
    <p class='ocr_par' dir='ltr' id='par_1_11' title="bbox 1162 272 2395 336">
     <span class='ocr_line' id='line_1_14' title="bbox 1162 272 2395 336; baseline 0.002 -2"><span class='ocrx_word' id='word_1_38' title='bbox 1162 272 1673 335; x_wconf 79' lang='lat' dir='ltr'><strong>EVANGELIUM</strong></span> <span class='ocrx_word' id='word_1_39' title='bbox 1715 275 1873 335; x_wconf 87' lang='lat' dir='ltr'><strong>SEC.</strong></span> <span class='ocrx_word' id='word_1_40' title='bbox 1920 274 2395 336; x_wconf 71' lang='lat' dir='ltr'><strong>lllA&#39;l‘TI-IIEUM.</strong></span> 
     </span>
    </p>
   </div>
   <div class='ocr_carea' id='block_1_12' title="bbox 1834 920 1996 991">
    <p class='ocr_par' dir='ltr' id='par_1_12' title="bbox 1835 920 1996 991">
     <span class='ocr_line' id='line_1_15' title="bbox 1835 920 1996 991; baseline -0.012 1"><span class='ocrx_word' id='word_1_41' title='bbox 1835 920 1996 991; x_wconf 86' lang='lat' dir='ltr'><strong>L___</strong></span> 
     </span>
    </p>
   </div>
   <div class='ocr_carea' id='block_1_13' title="bbox 2098 389 3383 525">
    <p class='ocr_par' dir='ltr' id='par_1_13' title="bbox 2098 389 3383 525">
     <span class='ocr_line' id='line_1_16' title="bbox 2098 389 3095 525; baseline -0.008 -78"><span class='ocrx_word' id='word_1_42' title='bbox 2098 406 2345 447; x_wconf 70' lang='lat' dir='ltr'><strong>JOANNBS.</strong></span> <span class='ocrx_word' id='word_1_43' title='bbox 2597 389 2607 525; x_wconf 58' lang='grc' dir='ltr'><strong>Ι</strong></span> <span class='ocrx_word' id='word_1_44' title='bbox 2862 400 3095 441; x_wconf 67' lang='grc' dir='ltr'><strong>ιολΝιιιε</strong></span> 
     </span>
     <span class='ocr_line' id='line_1_17' title="bbox 2098 389 3383 525; baseline 0 0"><span class='ocrx_word' id='word_1_45' title='bbox 2098 489 2125 525; x_wconf 90' lang='lat' dir='ltr'><strong>ll</strong></span> <span class='ocrx_word' id='word_1_46' title='bbox 2760 478 3015 525; x_wconf 68' lang='lat' dir='ltr'><strong>CCXVIII</strong></span> <span class='ocrx_word' id='word_1_47' title='bbox 3373 389 3383 525; x_wconf 61' lang='grc' dir='ltr'>ὶ</span> 
     </span>
    </p>
   </div>
   <div class='ocr_carea' id='block_1_14' title="bbox 1996 478 3017 543">
    <p class='ocr_par' dir='ltr' id='par_1_14' title="bbox 1996 478 3017 543">
     <span class='ocr_line' id='line_1_18' title="bbox 1996 478 3017 543; baseline -0.011 0"><span class='ocrx_word' id='word_1_48' title='bbox 1996 488 2127 543; x_wconf 88' lang='lat' dir='ltr'><strong>CCII</strong></span> <span class='ocrx_word' id='word_1_49' title='bbox 2598 478 2607 543; x_wconf 83' lang='lat' dir='ltr'><strong>l</strong></span> <span class='ocrx_word' id='word_1_50' title='bbox 2760 478 3017 535; x_wconf 82' lang='lat' dir='ltr'><strong>CCXVIII</strong></span> 
     </span>
    </p>
   </div>
   <div class='ocr_carea' id='block_1_15' title="bbox 1996 550 2951 613">
    <p class='ocr_par' dir='ltr' id='par_1_15' title="bbox 1996 550 2951 613">
     <span class='ocr_line' id='line_1_19' title="bbox 1996 550 2951 613; baseline -0.01 -1"><span class='ocrx_word' id='word_1_51' title='bbox 1996 559 2128 613; x_wconf 86' lang='lat' dir='ltr'><strong>CCV</strong></span> <span class='ocrx_word' id='word_1_52' title='bbox 2600 550 2607 613; x_wconf 86' lang='lat' dir='ltr'><strong>I</strong></span> <span class='ocrx_word' id='word_1_53' title='bbox 2764 550 2951 603; x_wconf 82' lang='lat' dir='ltr'><strong>CCXX</strong></span> 
     </span>
    </p>
   </div>
   <div class='ocr_carea' id='block_1_16' title="bbox 1995 618 3024 683">
    <p class='ocr_par' dir='ltr' id='par_1_16' title="bbox 1995 618 3024 683">
     <span class='ocr_line' id='line_1_20' title="bbox 1995 618 3024 683; baseline -0.014 -1"><span class='ocrx_word' id='word_1_54' title='bbox 1995 626 2178 683; x_wconf 86' lang='lat' dir='ltr'><strong>CCVII</strong></span> <span class='ocrx_word' id='word_1_55' title='bbox 2600 618 2607 683; x_wconf 89' lang='lat' dir='ltr'><strong>I</strong></span> <span class='ocrx_word' id='word_1_56' title='bbox 2765 618 3024 675; x_wconf 84' lang='lat' dir='ltr'><strong>CCXXIV</strong></span> 
     </span>
    </p>
   </div>
   <div class='ocr_carea' id='block_1_17' title="bbox 1996 686 3022 752">
    <p class='ocr_par' dir='ltr' id='par_1_17' title="bbox 1996 686 3022 752">
     <span class='ocr_line' id='line_1_21' title="bbox 1996 686 3022 752; baseline -0.01 -1"><span class='ocrx_word' id='word_1_57' title='bbox 1996 699 2133 752; x_wconf 87' lang='lat' dir='ltr'><strong>CCX</strong></span> <span class='ocrx_word' id='word_1_58' title='bbox 2601 686 2608 752; x_wconf 90' lang='lat' dir='ltr'><strong>I</strong></span> <span class='ocrx_word' id='word_1_59' title='bbox 2762 686 3022 743; x_wconf 86' lang='lat' dir='ltr'><strong>CCXXVI</strong></span> 
     </span>
    </p>
   </div>
   <div class='ocr_carea' id='block_1_18' title="bbox 1996 756 3044 821">
    <p class='ocr_par' dir='ltr' id='par_1_18' title="bbox 1996 756 3044 821">
     <span class='ocr_line' id='line_1_22' title="bbox 1996 756 3044 821; baseline -0.011 0"><span class='ocrx_word' id='word_1_60' title='bbox 1996 768 2180 821; x_wconf 83' lang='lat' dir='ltr'><strong>CCXII</strong></span> <span class='ocrx_word' id='word_1_61' title='bbox 2601 756 2610 821; x_wconf 83' lang='lat' dir='ltr'><strong>l</strong></span> <span class='ocrx_word' id='word_1_62' title='bbox 2763 756 3044 813; x_wconf 84' lang='lat' dir='ltr'><strong>CCXXVII</strong></span> 
     </span>
    </p>
   </div>
   <div class='ocr_carea' id='block_1_19' title="bbox 1998 827 3001 893">
    <p class='ocr_par' dir='ltr' id='par_1_19' title="bbox 1998 827 3001 893">
     <span class='ocr_line' id='line_1_23' title="bbox 1998 827 3001 893; baseline -0.011 -2"><span class='ocrx_word' id='word_1_63' title='bbox 1998 838 2212 893; x_wconf 82' lang='lat' dir='ltr'><strong>CCXIV</strong></span> <span class='ocrx_word' id='word_1_64' title='bbox 2603 827 2612 893; x_wconf 90' lang='lat' dir='ltr'><strong>I</strong></span> <span class='ocrx_word' id='word_1_65' title='bbox 2764 827 3001 885; x_wconf 81' lang='lat' dir='ltr'><strong>CCXXX</strong></span> 
     </span>
    </p>
   </div>
   <div class='ocr_carea' id='block_1_20' title="bbox 1996 897 3043 963">
    <p class='ocr_par' dir='ltr' id='par_1_20' title="bbox 1996 897 3043 963">
     <span class='ocr_line' id='line_1_24' title="bbox 1996 897 3043 963; baseline -0.011 0"><span class='ocrx_word' id='word_1_66' title='bbox 1996 907 2204 963; x_wconf 87' lang='lat' dir='ltr'><strong>CCXVI</strong></span> <span class='ocrx_word' id='word_1_67' title='bbox 2604 897 2612 961; x_wconf 87' lang='grc'><strong>1</strong></span> <span class='ocrx_word' id='word_1_68' title='bbox 2762 897 3043 956; x_wconf 84' lang='lat' dir='ltr'><strong>CCXXXII</strong></span> 
     </span>
    </p>
   </div>
   <div class='ocr_carea' id='block_1_21' title="bbox 3376 808 3387 972">
    <p class='ocr_par' dir='ltr' id='par_1_21' title="bbox 3376 808 3387 972">
     <span class='ocr_line' id='line_1_25' title="bbox 3376 808 3387 972; baseline 0 0"><span class='ocrx_word' id='word_1_69' title='bbox 3376 808 3387 972; x_wconf 72' lang='grc' dir='ltr'><em>ι</em></span> 
     </span>
    </p>
   </div>
   <div class='ocr_carea' id='block_1_22' title="bbox 1834 920 3162 997">
    <p class='ocr_par' dir='ltr' id='par_1_22' title="bbox 1835 920 3043 988">
     <span class='ocr_line' id='line_1_26' title="bbox 1835 920 3043 988; baseline -0.017 -16"><span class='ocrx_word' id='word_1_70' title='bbox 1835 920 1844 988; x_wconf 86' lang='lat' dir='ltr'><strong>l</strong></span> <span class='ocrx_word' id='word_1_71' title='bbox 1996 920 2204 963; x_wconf 56' lang='lat' dir='ltr'><strong>UUKVI</strong></span> <span class='ocrx_word' id='word_1_72' title='bbox 2605 920 2612 961; x_wconf 92' lang='lat' dir='ltr'>I</span> <span class='ocrx_word' id='word_1_73' title='bbox 2762 920 3043 956; x_wconf 66' lang='lat' dir='ltr'><strong>hhAAAII</strong></span> 
     </span>
    </p>
   </div>
   <div class='ocr_carea' id='block_1_23' title="bbox 2204 920 2762 985">
    <p class='ocr_par' dir='ltr' id='par_1_23' title="bbox 2204 973 2762 985">
     <span class='ocr_line' id='line_1_27' title="bbox 2204 973 2762 985; baseline -0.004 2"><span class='ocrx_word' id='word_1_74' title='bbox 2204 973 2762 985; x_wconf 59' lang='lat'><strong>_—__.__—-——‘_-</strong></span> 
     </span>
    </p>
   </div>
   <div class='ocr_carea' id='block_1_24' title="bbox 3168 967 3373 979">
    <p class='ocr_par' dir='ltr' id='par_1_24' title="bbox 3168 967 3373 979">
     <span class='ocr_line' id='line_1_28' title="bbox 3168 967 3373 979; baseline -0.015 0"><span class='ocrx_word' id='word_1_75' title='bbox 3168 967 3373 979; x_wconf 74' lang='lat'><strong>.————-</strong></span> 
     </span>
    </p>
   </div>
   <div class='ocr_carea' id='block_1_25' title="bbox 1833 1001 3408 1084">
    <p class='ocr_par' dir='ltr' id='par_1_25' title="bbox 1833 1001 3408 1084">
     <span class='ocr_line' id='line_1_29' title="bbox 1833 1001 3408 1084; baseline -0.011 -17"><span class='ocrx_word' id='word_1_76' title='bbox 1833 1014 2066 1084; x_wconf 74' lang='lat' dir='ltr'><strong>Explicit</strong></span> <span class='ocrx_word' id='word_1_77' title='bbox 2098 1014 2281 1067; x_wconf 80' lang='lat' dir='ltr'><strong>Canon</strong></span> <span class='ocrx_word' id='word_1_78' title='bbox 2308 1012 2357 1065; x_wconf 77' lang='grc' dir='ltr'><strong>Χ</strong></span> <span class='ocrx_word' id='word_1_79' title='bbox 2389 1014 2443 1066; x_wconf 86' lang='lat' dir='ltr'><strong>in</strong></span> <span class='ocrx_word' id='word_1_80' title='bbox 2470 1028 2570 1068; x_wconf 84' lang='lat' dir='ltr'><strong>auo</strong></span> <span class='ocrx_word' id='word_1_81' title='bbox 2598 1008 2790 1077; x_wconf 79' lang='lat' dir='ltr'><strong>singuli</strong></span> <span class='ocrx_word' id='word_1_82' title='bbox 2819 1005 3152 1075; x_wconf 71' lang='lat' dir='ltr'><strong>evangelista</strong></span> <span class='ocrx_word' id='word_1_83' title='bbox 3179 1001 3408 1068; x_wconf 80' lang='lat' dir='ltr'><strong>praprie.</strong></span> 
     </span>
    </p>
   </div>
   <div class='ocr_carea' id='block_1_26' title="bbox 1102 1146 2415 1195">
    <p class='ocr_par' dir='ltr' id='par_1_26' title="bbox 1102 1146 2415 1195">
     <span class='ocr_line' id='line_1_30' title="bbox 1102 1146 2415 1195; baseline -0.008 0"><span class='ocrx_word' id='word_1_84' title='bbox 1102 1192 1105 1195; x_wconf 94' lang='lat'><strong>.</strong></span> <span class='ocrx_word' id='word_1_85' title='bbox 1155 1147 1530 1192; x_wconf 74' lang='lat' dir='ltr'><strong>EXPLICIUNT</strong></span> <span class='ocrx_word' id='word_1_86' title='bbox 1566 1148 1854 1193; x_wconf 79' lang='lat' dir='ltr'><strong>CANONES</strong></span> <span class='ocrx_word' id='word_1_87' title='bbox 1892 1146 2415 1192; x_wconf 74' lang='lat' dir='ltr'><strong>EVANGELIORUM.</strong></span> 
     </span>
    </p>
   </div>
   <div class='ocr_carea' id='block_1_27' title="bbox 1644 1400 1925 1460">
    <p class='ocr_par' dir='ltr' id='par_1_27' title="bbox 1644 1400 1925 1460">
     <span class='ocr_line' id='line_1_31' title="bbox 1644 1400 1925 1460; baseline -0.011 0"><span class='ocrx_word' id='word_1_88' title='bbox 1644 1400 1925 1460; x_wconf 82' lang='lat' dir='ltr'><strong>INCIPIT</strong></span> 
     </span>
    </p>
   </div>
   <div class='ocr_carea' id='block_1_28' title="bbox 371 1516 3240 1668">
    <p class='ocr_par' dir='ltr' id='par_1_28' title="bbox 371 1516 3240 1668">
     <span class='ocr_line' id='line_1_32' title="bbox 371 1516 3240 1668; baseline -0.009 -2"><span class='ocrx_word' id='word_1_89' title='bbox 371 1552 1297 1668; x_wconf 84' lang='lat' dir='ltr'><strong>EVANGELIUM</strong></span> <span class='ocrx_word' id='word_1_90' title='bbox 1389 1549 1639 1661; x_wconf 87' lang='lat' dir='ltr'><strong>SEC</strong></span> <span class='ocrx_word' id='word_1_91' title='bbox 1668 1548 2168 1661; x_wconf 85' lang='lat' dir='ltr'><strong>UNDUM</strong></span> <span class='ocrx_word' id='word_1_92' title='bbox 2278 1547 2466 1656; x_wconf 85' lang='lat' dir='ltr'><strong>MA</strong></span> <span class='ocrx_word' id='word_1_93' title='bbox 2489 1538 3139 1652; x_wconf 60' lang='lat' dir='ltr'><strong>TTHZEUM</strong></span> <span class='ocrx_word' id='word_1_94' title='bbox 3178 1516 3240 1640; x_wconf 60' lang='grc'><strong>⁸.</strong></span> 
     </span>
    </p>
   </div>
   <div class='ocr_carea' id='block_1_29' title="bbox 244 1849 3412 1955">
    <p class='ocr_par' dir='ltr' id='par_1_29' title="bbox 244 1849 3412 1955">
     <span class='ocr_line' id='line_1_33' title="bbox 244 1849 3412 1955; baseline -0.007 -30"><span class='ocrx_word' id='word_1_95' title='bbox 244 1868 382 1944; x_wconf 72' lang='grc' dir='ltr'><strong>[ϐαρ.</strong></span> <span class='ocrx_word' id='word_1_96' title='bbox 408 1868 447 1924; x_wconf 94' lang='lat' dir='ltr'><strong>l.</strong></span> <span class='ocrx_word' id='word_1_97' title='bbox 483 1885 525 1925; x_wconf 81' lang='grc' dir='ltr'>ι.</span> <span class='ocrx_word' id='word_1_98' title='bbox 552 1868 638 1939; x_wconf 77' lang='lat'><strong>3.]</strong></span> <span class='ocrx_word' id='word_1_99' title='bbox 698 1868 861 1922; x_wconf 89' lang='lat' dir='ltr'><strong>Liber</strong></span> <span class='ocrx_word' id='word_1_100' title='bbox 911 1866 1280 1937; x_wconf 72' lang='lat' dir='ltr'><strong>generationis</strong></span> <span class='ocrx_word' id='word_1_101' title='bbox 1338 1867 1471 1921; x_wconf 80' lang='lat' dir='ltr'><strong>Jesu</strong></span> <span class='ocrx_word' id='word_1_102' title='bbox 1522 1864 1728 1921; x_wconf 87' lang='lat' dir='ltr'><strong>Christi</strong></span> <span class='ocrx_word' id='word_1_103' title='bbox 1765 1873 1805 1927; x_wconf 76' lang='grc' dir='ltr'><strong><em>Β</em></strong></span> <span class='ocrx_word' id='word_1_104' title='bbox 1888 1867 1926 1955; x_wconf 39' lang='grc'><strong>“[</strong></span> <span class='ocrx_word' id='word_1_105' title='bbox 1949 1883 2004 1928; x_wconf 90' lang='lat' dir='ltr'><strong>u,</strong></span> <span class='ocrx_word' id='word_1_106' title='bbox 2038 1864 2148 1934; x_wconf 72' lang='lat'><strong>10.]</strong></span> <span class='ocrx_word' id='word_1_107' title='bbox 2180 1864 2388 1919; x_wconf 82' lang='lat' dir='ltr'><strong>Omnes</strong></span> <span class='ocrx_word' id='word_1_108' title='bbox 2417 1864 2598 1930; x_wconf 77' lang='lat' dir='ltr'><strong>itaque</strong></span> <span class='ocrx_word' id='word_1_109' title='bbox 2630 1856 3018 1929; x_wconf 81' lang='lat' dir='ltr'><strong>generationes</strong></span> <span class='ocrx_word' id='word_1_110' title='bbox 3042 1855 3110 1906; x_wconf 88' lang='lat' dir='ltr'><strong>ab</strong></span> <span class='ocrx_word' id='word_1_111' title='bbox 3141 1849 3412 1904; x_wconf 78' lang='lat' dir='ltr'><strong>Abraham</strong></span> 
     </span>
    </p>
   </div>
   <div class='ocr_carea' id='block_1_30' title="bbox 195 1957 1732 2026">
    <p class='ocr_par' dir='ltr' id='par_1_30' title="bbox 195 1957 1732 2026">
     <span class='ocr_line' id='line_1_34' title="bbox 195 1957 1732 2026; baseline -0.004 -12"><span class='ocrx_word' id='word_1_112' title='bbox 195 1960 266 2014; x_wconf 83' lang='lat' dir='ltr'><strong>ﬁlii</strong></span> <span class='ocrx_word' id='word_1_113' title='bbox 290 1959 463 2023; x_wconf 88' lang='lat' dir='ltr'><strong>David,</strong></span> <span class='ocrx_word' id='word_1_114' title='bbox 521 1959 621 2012; x_wconf 87' lang='lat' dir='ltr'><strong>lilii</strong></span> <span class='ocrx_word' id='word_1_115' title='bbox 658 1960 953 2012; x_wconf 76' lang='lat' dir='ltr'><strong>Abraham.</strong></span> <span class='ocrx_word' id='word_1_116' title='bbox 1015 1958 1290 2011; x_wconf 80' lang='lat' dir='ltr'><strong>Abraham</strong></span> <span class='ocrx_word' id='word_1_117' title='bbox 1321 1958 1512 2026; x_wconf 79' lang='lat' dir='ltr'><strong>genuit</strong></span> <span class='ocrx_word' id='word_1_118' title='bbox 1560 1957 1732 2010; x_wconf 80' lang='lat' dir='ltr'><strong>Isaac.</strong></span> 
     </span>
    </p>
   </div>
   <div class='ocr_carea' id='block_1_31' title="bbox 193 2046 1740 2118">
    <p class='ocr_par' dir='ltr' id='par_1_31' title="bbox 193 2046 1740 2118">
     <span class='ocr_line' id='line_1_35' title="bbox 193 2046 1740 2118; baseline -0.004 -14"><span class='ocrx_word' id='word_1_119' title='bbox 193 2052 315 2107; x_wconf 83' lang='lat' dir='ltr'><strong>Isaac</strong></span> <span class='ocrx_word' id='word_1_120' title='bbox 358 2063 537 2104; x_wconf 85' lang='lat' dir='ltr'><strong>autem</strong></span> <span class='ocrx_word' id='word_1_121' title='bbox 590 2049 781 2118; x_wconf 79' lang='lat' dir='ltr'><strong>genuit</strong></span> <span class='ocrx_word' id='word_1_122' title='bbox 827 2048 1022 2102; x_wconf 81' lang='lat' dir='ltr'><strong>Jacob.</strong></span> <span class='ocrx_word' id='word_1_123' title='bbox 1083 2047 1255 2101; x_wconf 84' lang='lat' dir='ltr'><strong>Jacob</strong></span> <span class='ocrx_word' id='word_1_124' title='bbox 1308 2055 1492 2101; x_wconf 87' lang='lat' dir='ltr'><strong>autem</strong></span> <span class='ocrx_word' id='word_1_125' title='bbox 1550 2046 1740 2115; x_wconf 85' lang='lat' dir='ltr'><strong>genuit</strong></span> 
     </span>
    </p>
   </div>
   <div class='ocr_carea' id='block_1_32' title="bbox 191 2140 1737 2211">
    <p class='ocr_par' dir='ltr' id='par_1_32' title="bbox 191 2140 1737 2211">
     <span class='ocr_line' id='line_1_36' title="bbox 191 2140 1737 2211; baseline -0.004 -14"><span class='ocrx_word' id='word_1_126' title='bbox 191 2144 346 2198; x_wconf 84' lang='lat' dir='ltr'><strong>Jdam</strong></span> <span class='ocrx_word' id='word_1_127' title='bbox 371 2155 423 2195; x_wconf 90' lang='lat' dir='ltr'><strong>et</strong></span> <span class='ocrx_word' id='word_1_128' title='bbox 454 2144 660 2195; x_wconf 75' lang='lat' dir='ltr'><strong>fratres</strong></span> <span class='ocrx_word' id='word_1_129' title='bbox 685 2144 825 2207; x_wconf 89' lang='lat' dir='ltr'><strong>ejus.</strong></span> <span class='ocrx_word' id='word_1_130' title='bbox 880 2141 1049 2194; x_wconf 84' lang='lat' dir='ltr'><strong>Judas</strong></span> <span class='ocrx_word' id='word_1_131' title='bbox 1076 2151 1260 2193; x_wconf 88' lang='lat' dir='ltr'><strong>autem</strong></span> <span class='ocrx_word' id='word_1_132' title='bbox 1293 2141 1480 2211; x_wconf 90' lang='lat' dir='ltr'><strong>genuit</strong></span> <span class='ocrx_word' id='word_1_133' title='bbox 1510 2140 1737 2200; x_wconf 85' lang='lat' dir='ltr'><strong>Phares.</strong></span> 
     </span>
    </p>
   </div>
   <div class='ocr_carea' id='block_1_33' title="bbox 190 2231 1736 2302">
    <p class='ocr_par' dir='ltr' id='par_1_33' title="bbox 190 2231 1736 2302">
     <span class='ocr_line' id='line_1_37' title="bbox 190 2231 1736 2302; baseline -0.003 -12"><span class='ocrx_word' id='word_1_134' title='bbox 190 2236 418 2291; x_wconf 84' lang='lat' dir='ltr'><strong>etZaram</strong></span> <span class='ocrx_word' id='word_1_135' title='bbox 452 2235 520 2290; x_wconf 91' lang='lat' dir='ltr'><strong>de</strong></span> <span class='ocrx_word' id='word_1_136' title='bbox 555 2235 820 2288; x_wconf 80' lang='lat' dir='ltr'><strong>Thamar.</strong></span> <span class='ocrx_word' id='word_1_137' title='bbox 865 2231 1075 2288; x_wconf 79' lang='lat' dir='ltr'><strong>Phares</strong></span> <span class='ocrx_word' id='word_1_138' title='bbox 1106 2240 1289 2286; x_wconf 86' lang='lat' dir='ltr'><strong>autem</strong></span> <span class='ocrx_word' id='word_1_139' title='bbox 1321 2235 1512 2302; x_wconf 88' lang='lat' dir='ltr'><strong>genuit</strong></span> <span class='ocrx_word' id='word_1_140' title='bbox 1538 2232 1736 2286; x_wconf 86' lang='lat' dir='ltr'><strong>Esron.</strong></span> 
     </span>
    </p>
   </div>
   <div class='ocr_carea' id='block_1_34' title="bbox 191 2326 1738 2395">
    <p class='ocr_par' dir='ltr' id='par_1_34' title="bbox 191 2326 1738 2395">
     <span class='ocr_line' id='line_1_38' title="bbox 191 2326 1738 2395; baseline -0.001 -15"><span class='ocrx_word' id='word_1_141' title='bbox 191 2328 331 2381; x_wconf 79' lang='lat' dir='ltr'><strong>Esron</strong></span> <span class='ocrx_word' id='word_1_142' title='bbox 356 2340 531 2381; x_wconf 85' lang='lat' dir='ltr'><strong>autem</strong></span> <span class='ocrx_word' id='word_1_143' title='bbox 578 2327 769 2395; x_wconf 89' lang='lat' dir='ltr'><strong>genuit</strong></span> <span class='ocrx_word' id='word_1_144' title='bbox 827 2327 1014 2380; x_wconf 84' lang='lat' dir='ltr'><strong>Aram.</strong></span> <span class='ocrx_word' id='word_1_145' title='bbox 1072 2330 1234 2379; x_wconf 83' lang='lat' dir='ltr'><strong>Aram</strong></span> <span class='ocrx_word' id='word_1_146' title='bbox 1292 2336 1478 2379; x_wconf 78' lang='lat' dir='ltr'><strong>autent</strong></span> <span class='ocrx_word' id='word_1_147' title='bbox 1550 2326 1738 2393; x_wconf 77' lang='lat' dir='ltr'><strong>genuit</strong></span> 
     </span>
    </p>
   </div>
   <div class='ocr_carea' id='block_1_35' title="bbox 189 2413 1739 2485">
    <p class='ocr_par' dir='ltr' id='par_1_35' title="bbox 189 2413 1739 2485">
     <span class='ocr_line' id='line_1_39' title="bbox 189 2413 1739 2485; baseline -0.001 -16"><span class='ocrx_word' id='word_1_148' title='bbox 189 2417 470 2470; x_wconf 78' lang='lat' dir='ltr'><strong>Aminadab.</strong></span> <span class='ocrx_word' id='word_1_149' title='bbox 493 2415 807 2471; x_wconf 80' lang='lat' dir='ltr'><strong>Aminadah</strong></span> <span class='ocrx_word' id='word_1_150' title='bbox 834 2427 1014 2470; x_wconf 86' lang='lat' dir='ltr'><strong>autem</strong></span> <span class='ocrx_word' id='word_1_151' title='bbox 1040 2417 1231 2485; x_wconf 78' lang='lat' dir='ltr'><strong>genuit</strong></span> <span class='ocrx_word' id='word_1_152' title='bbox 1274 2413 1542 2468; x_wconf 87' lang='lat' dir='ltr'><strong>Naasson.</strong></span> <span class='ocrx_word' id='word_1_153' title='bbox 1569 2414 1739 2467; x_wconf 86' lang='lat' dir='ltr'><strong>Naas-</strong></span> 
     </span>
    </p>
   </div>
   <div class='ocr_carea' id='block_1_36' title="bbox 189 2506 1739 2577">
    <p class='ocr_par' dir='ltr' id='par_1_36' title="bbox 189 2506 1739 2577">
     <span class='ocr_line' id='line_1_40' title="bbox 189 2506 1739 2577; baseline 0 -16"><span class='ocrx_word' id='word_1_154' title='bbox 189 2519 460 2563; x_wconf 68' lang='lat' dir='ltr'><strong>sonantem</strong></span> <span class='ocrx_word' id='word_1_155' title='bbox 490 2518 685 2577; x_wconf 86' lang='lat' dir='ltr'><strong>genuit</strong></span> <span class='ocrx_word' id='word_1_156' title='bbox 738 2508 979 2562; x_wconf 87' lang='lat' dir='ltr'><strong>Salmou.</strong></span> <span class='ocrx_word' id='word_1_157' title='bbox 1028 2506 1249 2561; x_wconf 88' lang='lat' dir='ltr'><strong>Salmon</strong></span> <span class='ocrx_word' id='word_1_158' title='bbox 1308 2517 1491 2561; x_wconf 82' lang='lat' dir='ltr'><strong>autem</strong></span> <span class='ocrx_word' id='word_1_159' title='bbox 1549 2507 1739 2575; x_wconf 81' lang='lat' dir='ltr'><strong>genuit</strong></span> 
     </span>
    </p>
   </div>
   <div class='ocr_carea' id='block_1_37' title="bbox 188 2598 1734 2671">
    <p class='ocr_par' dir='ltr' id='par_1_37' title="bbox 188 2598 1734 2671">
     <span class='ocr_line' id='line_1_41' title="bbox 188 2598 1734 2671; baseline 0.001 -17"><span class='ocrx_word' id='word_1_160' title='bbox 188 2601 303 2654; x_wconf 87' lang='lat' dir='ltr'><strong>Booz</strong></span> <span class='ocrx_word' id='word_1_161' title='bbox 336 2603 400 2657; x_wconf 80' lang='lat' dir='ltr'><strong>de</strong></span> <span class='ocrx_word' id='word_1_162' title='bbox 434 2602 652 2656; x_wconf 76' lang='lat' dir='ltr'><strong>Ilahab.</strong></span> <span class='ocrx_word' id='word_1_163' title='bbox 680 2601 822 2655; x_wconf 84' lang='lat' dir='ltr'><strong>Booz</strong></span> <span class='ocrx_word' id='word_1_164' title='bbox 849 2614 1033 2654; x_wconf 85' lang='lat' dir='ltr'><strong>autem</strong></span> <span class='ocrx_word' id='word_1_165' title='bbox 1067 2603 1257 2671; x_wconf 81' lang='lat' dir='ltr'><strong>genuit</strong></span> <span class='ocrx_word' id='word_1_166' title='bbox 1288 2599 1438 2654; x_wconf 68' lang='grc' dir='ltr'><strong>Οἱ)θά</strong></span> <span class='ocrx_word' id='word_1_167' title='bbox 1471 2614 1539 2653; x_wconf 82' lang='lat' dir='ltr'><strong>ex</strong></span> <span class='ocrx_word' id='word_1_168' title='bbox 1564 2598 1734 2655; x_wconf 83' lang='lat' dir='ltr'><strong>Ruth.</strong></span> 
     </span>
    </p>
   </div>
   <div class='ocr_carea' id='block_1_38' title="bbox 188 2687 1724 2762">
    <p class='ocr_par' dir='ltr' id='par_1_38' title="bbox 188 2687 1724 2762">
     <span class='ocr_line' id='line_1_42' title="bbox 188 2687 1724 2762; baseline -0.002 -15"><span class='ocrx_word' id='word_1_169' title='bbox 188 2692 309 2748; x_wconf 81' lang='lat' dir='ltr'><strong>Obed</strong></span> <span class='ocrx_word' id='word_1_170' title='bbox 328 2705 500 2748; x_wconf 86' lang='lat' dir='ltr'><strong>autem</strong></span> <span class='ocrx_word' id='word_1_171' title='bbox 528 2696 725 2761; x_wconf 81' lang='lat' dir='ltr'><strong>genuit</strong></span> <span class='ocrx_word' id='word_1_172' title='bbox 749 2694 921 2750; x_wconf 81' lang='lat' dir='ltr'><strong>Jesse.</strong></span> <span class='ocrx_word' id='word_1_173' title='bbox 946 2695 1098 2749; x_wconf 71' lang='lat' dir='ltr'><strong>Iesse</strong></span> <span class='ocrx_word' id='word_1_174' title='bbox 1119 2703 1305 2747; x_wconf 90' lang='lat' dir='ltr'><strong>autem</strong></span> <span class='ocrx_word' id='word_1_175' title='bbox 1338 2692 1528 2762; x_wconf 89' lang='lat' dir='ltr'><strong>genuit</strong></span> <span class='ocrx_word' id='word_1_176' title='bbox 1556 2687 1724 2745; x_wconf 86' lang='lat' dir='ltr'><strong>David</strong></span> 
     </span>
    </p>
   </div>
   <div class='ocr_carea' id='block_1_39' title="bbox 188 2785 1736 2857">
    <p class='ocr_par' dir='ltr' id='par_1_39' title="bbox 188 2785 1736 2857">
     <span class='ocr_line' id='line_1_43' title="bbox 188 2785 1736 2857; baseline -0.001 -18"><span class='ocrx_word' id='word_1_177' title='bbox 188 2803 360 2857; x_wconf 83' lang='lat' dir='ltr'><strong>regem.</strong></span> <span class='ocrx_word' id='word_1_178' title='bbox 422 2788 601 2843; x_wconf 79' lang='lat' dir='ltr'><strong>David</strong></span> <span class='ocrx_word' id='word_1_179' title='bbox 631 2797 812 2841; x_wconf 89' lang='lat' dir='ltr'><strong>autem</strong></span> <span class='ocrx_word' id='word_1_180' title='bbox 850 2803 941 2840; x_wconf 82' lang='lat' dir='ltr'><strong>rex</strong></span> <span class='ocrx_word' id='word_1_181' title='bbox 967 2787 1160 2857; x_wconf 86' lang='lat' dir='ltr'><strong>genuit</strong></span> <span class='ocrx_word' id='word_1_182' title='bbox 1187 2785 1534 2839; x_wconf 85' lang='lat' dir='ltr'><strong>Salomonem</strong></span> <span class='ocrx_word' id='word_1_183' title='bbox 1568 2800 1632 2837; x_wconf 81' lang='lat' dir='ltr'><strong>ex</strong></span> <span class='ocrx_word' id='word_1_184' title='bbox 1670 2799 1736 2837; x_wconf 90' lang='lat' dir='ltr'><strong>ea</strong></span> 
     </span>
    </p>
   </div>
   <div class='ocr_carea' id='block_1_40' title="bbox 186 2878 1733 2948">
    <p class='ocr_par' dir='ltr' id='par_1_40' title="bbox 186 2878 1733 2948">
     <span class='ocr_line' id='line_1_44' title="bbox 186 2878 1733 2948; baseline -0.002 -16"><span class='ocrx_word' id='word_1_185' title='bbox 186 2895 283 2948; x_wconf 72' lang='lat' dir='ltr'><strong>quae</strong></span> <span class='ocrx_word' id='word_1_186' title='bbox 307 2882 399 2934; x_wconf 82' lang='lat' dir='ltr'><strong>l’uit</strong></span> <span class='ocrx_word' id='word_1_187' title='bbox 453 2880 624 2935; x_wconf 80' lang='lat' dir='ltr'><strong>Uriae.</strong></span> <span class='ocrx_word' id='word_1_188' title='bbox 689 2880 947 2933; x_wconf 86' lang='lat' dir='ltr'><strong>Salomon</strong></span> <span class='ocrx_word' id='word_1_189' title='bbox 996 2888 1177 2931; x_wconf 83' lang='lat' dir='ltr'><strong>autent</strong></span> <span class='ocrx_word' id='word_1_190' title='bbox 1231 2878 1421 2947; x_wconf 83' lang='lat' dir='ltr'><strong>genuit</strong></span> <span class='ocrx_word' id='word_1_191' title='bbox 1470 2878 1733 2931; x_wconf 80' lang='lat' dir='ltr'><strong>Rohoam.</strong></span> 
     </span>
    </p>
   </div>
   <div class='ocr_carea' id='block_1_41' title="bbox 187 2966 1739 3043">
    <p class='ocr_par' dir='ltr' id='par_1_41' title="bbox 187 2966 1739 3043">
     <span class='ocr_line' id='line_1_45' title="bbox 187 2966 1739 3043; baseline -0.005 -17"><span class='ocrx_word' id='word_1_192' title='bbox 187 2972 395 3027; x_wconf 78' lang='lat' dir='ltr'><strong>Boboam</strong></span> <span class='ocrx_word' id='word_1_193' title='bbox 420 2984 610 3028; x_wconf 88' lang='lat' dir='ltr'><strong>autem</strong></span> <span class='ocrx_word' id='word_1_194' title='bbox 640 2974 829 3043; x_wconf 84' lang='lat' dir='ltr'><strong>genuit</strong></span> <span class='ocrx_word' id='word_1_195' title='bbox 860 2972 1075 3025; x_wconf 78' lang='lat' dir='ltr'><strong>Ahiam.</strong></span> <span class='ocrx_word' id='word_1_196' title='bbox 1141 2972 1305 3024; x_wconf 81' lang='lat' dir='ltr'><strong>Abias</strong></span> <span class='ocrx_word' id='word_1_197' title='bbox 1329 2980 1513 3023; x_wconf 86' lang='lat' dir='ltr'><strong>autem</strong></span> <span class='ocrx_word' id='word_1_198' title='bbox 1545 2966 1739 3037; x_wconf 91' lang='lat' dir='ltr'><strong>genuit</strong></span> 
     </span>
    </p>
   </div>
   <div class='ocr_carea' id='block_1_42' title="bbox 187 3062 1734 3137">
    <p class='ocr_par' dir='ltr' id='par_1_42' title="bbox 187 3062 1734 3137">
     <span class='ocr_line' id='line_1_46' title="bbox 187 3062 1734 3137; baseline -0.006 -16"><span class='ocrx_word' id='word_1_199' title='bbox 187 3068 287 3125; x_wconf 63' lang='grc' dir='ltr'><strong>ΑΩ.</strong></span> <span class='ocrx_word' id='word_1_200' title='bbox 342 3072 443 3123; x_wconf 82' lang='lat' dir='ltr'><strong>Asa</strong></span> <span class='ocrx_word' id='word_1_201' title='bbox 478 3080 671 3123; x_wconf 87' lang='lat' dir='ltr'><strong>autem</strong></span> <span class='ocrx_word' id='word_1_202' title='bbox 695 3068 882 3137; x_wconf 84' lang='lat' dir='ltr'><strong>genuit</strong></span> <span class='ocrx_word' id='word_1_203' title='bbox 912 3064 1197 3135; x_wconf 83' lang='lat' dir='ltr'><strong>Josaphat.</strong></span> <span class='ocrx_word' id='word_1_204' title='bbox 1253 3062 1517 3132; x_wconf 76' lang='lat' dir='ltr'><strong>Josaphat</strong></span> <span class='ocrx_word' id='word_1_205' title='bbox 1553 3069 1734 3116; x_wconf 87' lang='lat' dir='ltr'><strong>autem</strong></span> 
     </span>
    </p>
   </div>
   <div class='ocr_carea' id='block_1_43' title="bbox 186 3152 1737 3229">
    <p class='ocr_par' dir='ltr' id='par_1_43' title="bbox 186 3152 1737 3229">
     <span class='ocr_line' id='line_1_47' title="bbox 186 3152 1737 3229; baseline -0.005 -16"><span class='ocrx_word' id='word_1_206' title='bbox 186 3161 342 3229; x_wconf 74' lang='lat' dir='ltr'><strong>genuit</strong></span> <span class='ocrx_word' id='word_1_207' title='bbox 366 3159 576 3216; x_wconf 78' lang='lat' dir='ltr'><strong>Joram.</strong></span> <span class='ocrx_word' id='word_1_208' title='bbox 641 3161 824 3216; x_wconf 87' lang='lat' dir='ltr'><strong>Joram</strong></span> <span class='ocrx_word' id='word_1_209' title='bbox 856 3168 1037 3212; x_wconf 86' lang='lat' dir='ltr'><strong>autem</strong></span> <span class='ocrx_word' id='word_1_210' title='bbox 1069 3157 1261 3226; x_wconf 79' lang='lat' dir='ltr'><strong>genuit</strong></span> <span class='ocrx_word' id='word_1_211' title='bbox 1312 3155 1523 3210; x_wconf 91' lang='lat' dir='ltr'><strong>Oziam.</strong></span> <span class='ocrx_word' id='word_1_212' title='bbox 1578 3152 1737 3208; x_wconf 75' lang='lat' dir='ltr'><strong>Ozias</strong></span> 
     </span>
    </p>
   </div>
   <div class='ocr_carea' id='block_1_44' title="bbox 185 3248 1736 3324">
    <p class='ocr_par' dir='ltr' id='par_1_44' title="bbox 185 3248 1736 3324">
     <span class='ocr_line' id='line_1_48' title="bbox 185 3248 1736 3324; baseline -0.006 -18"><span class='ocrx_word' id='word_1_213' title='bbox 185 3264 334 3307; x_wconf 82' lang='lat' dir='ltr'><strong>autem</strong></span> <span class='ocrx_word' id='word_1_214' title='bbox 350 3256 537 3324; x_wconf 83' lang='lat' dir='ltr'><strong>genuit</strong></span> <span class='ocrx_word' id='word_1_215' title='bbox 557 3252 839 3308; x_wconf 85' lang='lat' dir='ltr'><strong>Joatham.</strong></span> <span class='ocrx_word' id='word_1_216' title='bbox 859 3252 1111 3307; x_wconf 69' lang='lat' dir='ltr'><strong>Joatham</strong></span> <span class='ocrx_word' id='word_1_217' title='bbox 1134 3258 1314 3303; x_wconf 83' lang='lat' dir='ltr'><strong>autem</strong></span> <span class='ocrx_word' id='word_1_218' title='bbox 1333 3248 1736 3316; x_wconf 82' lang='lat' dir='ltr'><strong>genuitAchaz.</strong></span> 
     </span>
    </p>
   </div>
   <div class='ocr_carea' id='block_1_45' title="bbox 186 3342 1738 3415">
    <p class='ocr_par' dir='ltr' id='par_1_45' title="bbox 186 3342 1738 3415">
     <span class='ocr_line' id='line_1_49' title="bbox 186 3342 1738 3415; baseline -0.004 -18"><span class='ocrx_word' id='word_1_219' title='bbox 186 3346 337 3401; x_wconf 81' lang='lat' dir='ltr'><strong>Achaz</strong></span> <span class='ocrx_word' id='word_1_220' title='bbox 365 3358 545 3402; x_wconf 84' lang='lat' dir='ltr'><strong>autem</strong></span> <span class='ocrx_word' id='word_1_221' title='bbox 580 3346 778 3415; x_wconf 84' lang='lat' dir='ltr'><strong>genuit</strong></span> <span class='ocrx_word' id='word_1_222' title='bbox 804 3345 1117 3399; x_wconf 84' lang='lat' dir='ltr'><strong>Ezechiam.</strong></span> <span class='ocrx_word' id='word_1_223' title='bbox 1146 3342 1411 3395; x_wconf 84' lang='lat' dir='ltr'><strong>Ezechias</strong></span> <span class='ocrx_word' id='word_1_224' title='bbox 1435 3350 1614 3393; x_wconf 87' lang='lat' dir='ltr'><strong>autem</strong></span> <span class='ocrx_word' id='word_1_225' title='bbox 1644 3353 1738 3407; x_wconf 50' lang='lat' dir='ltr'><strong>ge.</strong></span> 
     </span>
    </p>
   </div>
   <div class='ocr_carea' id='block_1_46' title="bbox 185 3435 1738 3502">
    <p class='ocr_par' dir='ltr' id='par_1_46' title="bbox 185 3435 1738 3502">
     <span class='ocr_line' id='line_1_50' title="bbox 185 3435 1738 3502; baseline -0.006 -11"><span class='ocrx_word' id='word_1_226' title='bbox 185 3441 284 3492; x_wconf 87' lang='lat' dir='ltr'><strong>nuit</strong></span> <span class='ocrx_word' id='word_1_227' title='bbox 336 3440 644 3494; x_wconf 80' lang='lat' dir='ltr'><strong>Manassen.</strong></span> <span class='ocrx_word' id='word_1_228' title='bbox 710 3440 995 3491; x_wconf 84' lang='lat' dir='ltr'><strong>Manasscs</strong></span> <span class='ocrx_word' id='word_1_229' title='bbox 1062 3445 1245 3488; x_wconf 87' lang='lat' dir='ltr'><strong>autem</strong></span> <span class='ocrx_word' id='word_1_230' title='bbox 1298 3436 1487 3502; x_wconf 82' lang='lat' dir='ltr'><strong>genuit</strong></span> <span class='ocrx_word' id='word_1_231' title='bbox 1542 3435 1738 3484; x_wconf 83' lang='lat' dir='ltr'><strong>Amon.</strong></span> 
     </span>
    </p>
   </div>
   <div class='ocr_carea' id='block_1_47' title="bbox 188 3522 1743 3603">
    <p class='ocr_par' dir='ltr' id='par_1_47' title="bbox 188 3522 1743 3603">
     <span class='ocr_line' id='line_1_51' title="bbox 188 3522 1743 3603; baseline -0.007 -18"><span class='ocrx_word' id='word_1_232' title='bbox 188 3534 331 3585; x_wconf 62' lang='lat' dir='ltr'><strong>Annon</strong></span> <span class='ocrx_word' id='word_1_233' title='bbox 360 3542 543 3587; x_wconf 89' lang='lat' dir='ltr'><strong>autem</strong></span> <span class='ocrx_word' id='word_1_234' title='bbox 576 3533 773 3603; x_wconf 84' lang='lat' dir='ltr'><strong>genuit</strong></span> <span class='ocrx_word' id='word_1_235' title='bbox 800 3531 1028 3584; x_wconf 77' lang='lat' dir='ltr'><strong>Josiam.</strong></span> <span class='ocrx_word' id='word_1_236' title='bbox 1088 3527 1265 3582; x_wconf 78' lang='lat' dir='ltr'><strong>Josias</strong></span> <span class='ocrx_word' id='word_1_237' title='bbox 1311 3534 1492 3578; x_wconf 83' lang='lat' dir='ltr'><strong>autem</strong></span> <span class='ocrx_word' id='word_1_238' title='bbox 1550 3522 1743 3592; x_wconf 86' lang='lat' dir='ltr'><strong>genuit</strong></span> 
     </span>
    </p>
   </div>
   <div class='ocr_carea' id='block_1_48' title="bbox 186 3614 1741 3690">
    <p class='ocr_par' dir='ltr' id='par_1_48' title="bbox 186 3614 1741 3690">
     <span class='ocr_line' id='line_1_52' title="bbox 186 3614 1741 3690; baseline -0.008 -14"><span class='ocrx_word' id='word_1_239' title='bbox 186 3624 498 3690; x_wconf 83' lang='lat' dir='ltr'><strong>lechoniam,</strong></span> <span class='ocrx_word' id='word_1_240' title='bbox 534 3634 594 3678; x_wconf 85' lang='lat' dir='ltr'><strong>et</strong></span> <span class='ocrx_word' id='word_1_241' title='bbox 625 3624 826 3677; x_wconf 84' lang='lat' dir='ltr'><strong>fratres</strong></span> <span class='ocrx_word' id='word_1_242' title='bbox 852 3622 973 3689; x_wconf 83' lang='lat' dir='ltr'><strong>ejus</strong></span> <span class='ocrx_word' id='word_1_243' title='bbox 1003 3622 1059 3673; x_wconf 87' lang='lat' dir='ltr'><strong>in</strong></span> <span class='ocrx_word' id='word_1_244' title='bbox 1107 3616 1590 3685; x_wconf 79' lang='lat' dir='ltr'><strong>transmigratione</strong></span> <span class='ocrx_word' id='word_1_245' title='bbox 1642 3614 1741 3665; x_wconf 84' lang='lat' dir='ltr'><strong>Ba-</strong></span> 
     </span>
    </p>
   </div>
   <div class='ocr_carea' id='block_1_49' title="bbox 188 3706 1743 3787">
    <p class='ocr_par' dir='ltr' id='par_1_49' title="bbox 188 3706 1743 3787">
     <span class='ocr_line' id='line_1_53' title="bbox 188 3706 1743 3787; baseline -0.005 -20"><span class='ocrx_word' id='word_1_246' title='bbox 188 3715 389 3785; x_wconf 73' lang='lat' dir='ltr'><strong>bylonis.</strong></span> <span class='ocrx_word' id='word_1_247' title='bbox 454 3720 525 3772; x_wconf 88' lang='lat' dir='ltr'><strong>Et</strong></span> <span class='ocrx_word' id='word_1_248' title='bbox 556 3727 686 3787; x_wconf 88' lang='lat' dir='ltr'><strong>post</strong></span> <span class='ocrx_word' id='word_1_249' title='bbox 722 3713 1259 3782; x_wconf 84' lang='lat' dir='ltr'><strong>transmigrationem</strong></span> <span class='ocrx_word' id='word_1_250' title='bbox 1312 3710 1603 3779; x_wconf 78' lang='lat' dir='ltr'><strong>Babylonis</strong></span> <span class='ocrx_word' id='word_1_251' title='bbox 1653 3706 1743 3759; x_wconf 85' lang='lat' dir='ltr'><strong>Je-</strong></span> 
     </span>
    </p>
   </div>
   <div class='ocr_carea' id='block_1_50' title="bbox 185 3799 1746 3881">
    <p class='ocr_par' dir='ltr' id='par_1_50' title="bbox 185 3799 1746 3881">
     <span class='ocr_line' id='line_1_54' title="bbox 185 3799 1746 3881; baseline -0.006 -20"><span class='ocrx_word' id='word_1_252' title='bbox 185 3810 385 3864; x_wconf 85' lang='lat' dir='ltr'><strong>chonias</strong></span> <span class='ocrx_word' id='word_1_253' title='bbox 409 3814 607 3881; x_wconf 86' lang='lat' dir='ltr'><strong>genuit</strong></span> <span class='ocrx_word' id='word_1_254' title='bbox 638 3808 934 3863; x_wconf 86' lang='lat' dir='ltr'><strong>Salathiel.</strong></span> <span class='ocrx_word' id='word_1_255' title='bbox 1005 3804 1271 3859; x_wconf 90' lang='lat' dir='ltr'><strong>Salathiel</strong></span> <span class='ocrx_word' id='word_1_256' title='bbox 1315 3812 1496 3855; x_wconf 83' lang='lat' dir='ltr'><strong>autent</strong></span> <span class='ocrx_word' id='word_1_257' title='bbox 1552 3799 1746 3870; x_wconf 82' lang='lat' dir='ltr'><strong>genuit</strong></span> 
     </span>
    </p>
   </div>
   <div class='ocr_carea' id='block_1_51' title="bbox 186 3893 1744 3966">
    <p class='ocr_par' dir='ltr' id='par_1_51' title="bbox 186 3893 1744 3966">
     <span class='ocr_line' id='line_1_55' title="bbox 186 3893 1744 3966; baseline -0.006 -13"><span class='ocrx_word' id='word_1_258' title='bbox 186 3900 482 3956; x_wconf 83' lang='lat' dir='ltr'><strong>Zorobabel.</strong></span> <span class='ocrx_word' id='word_1_259' title='bbox 513 3901 825 3955; x_wconf 86' lang='lat' dir='ltr'><strong>Zorobabel</strong></span> <span class='ocrx_word' id='word_1_260' title='bbox 848 3909 1029 3952; x_wconf 87' lang='lat' dir='ltr'><strong>autem</strong></span> <span class='ocrx_word' id='word_1_261' title='bbox 1059 3897 1249 3966; x_wconf 79' lang='lat' dir='ltr'><strong>genuit</strong></span> <span class='ocrx_word' id='word_1_262' title='bbox 1295 3893 1498 3947; x_wconf 86' lang='lat' dir='ltr'><strong>Abind.</strong></span> <span class='ocrx_word' id='word_1_263' title='bbox 1565 3893 1744 3945; x_wconf 80' lang='lat' dir='ltr'><strong>Abiud</strong></span> 
     </span>
    </p>
   </div>
   <div class='ocr_carea' id='block_1_52' title="bbox 185 3986 1741 4066">
    <p class='ocr_par' dir='ltr' id='par_1_52' title="bbox 185 3986 1741 4066">
     <span class='ocr_line' id='line_1_56' title="bbox 185 3986 1741 4066; baseline -0.006 -19"><span class='ocrx_word' id='word_1_264' title='bbox 185 4005 344 4049; x_wconf 88' lang='lat' dir='ltr'><strong>autem</strong></span> <span class='ocrx_word' id='word_1_265' title='bbox 367 3997 560 4066; x_wconf 87' lang='lat' dir='ltr'><strong>genuit</strong></span> <span class='ocrx_word' id='word_1_266' title='bbox 584 3994 843 4048; x_wconf 80' lang='lat' dir='ltr'><strong>Eliacim.</strong></span> <span class='ocrx_word' id='word_1_267' title='bbox 895 3992 1121 4045; x_wconf 85' lang='lat' dir='ltr'><strong>Eliacim</strong></span> <span class='ocrx_word' id='word_1_268' title='bbox 1149 3997 1331 4041; x_wconf 78' lang='lat' dir='ltr'><strong>autent</strong></span> <span class='ocrx_word' id='word_1_269' title='bbox 1357 3986 1550 4054; x_wconf 80' lang='lat' dir='ltr'><strong>genuit</strong></span> <span class='ocrx_word' id='word_1_270' title='bbox 1576 3987 1741 4038; x_wconf 85' lang='lat' dir='ltr'><strong>Azor.</strong></span> 
     </span>
    </p>
   </div>
   <div class='ocr_carea' id='block_1_53' title="bbox 184 4077 1748 4157">
    <p class='ocr_par' dir='ltr' id='par_1_53' title="bbox 184 4077 1748 4157">
     <span class='ocr_line' id='line_1_57' title="bbox 184 4077 1748 4157; baseline -0.008 -17"><span class='ocrx_word' id='word_1_271' title='bbox 184 4089 308 4141; x_wconf 74' lang='grc' dir='ltr'><strong>Διοι-</strong></span> <span class='ocrx_word' id='word_1_272' title='bbox 353 4099 535 4143; x_wconf 86' lang='lat' dir='ltr'><strong>autem</strong></span> <span class='ocrx_word' id='word_1_273' title='bbox 598 4087 793 4157; x_wconf 87' lang='lat' dir='ltr'><strong>genuit</strong></span> <span class='ocrx_word' id='word_1_274' title='bbox 855 4084 1053 4138; x_wconf 88' lang='lat' dir='ltr'><strong>Sadoc.</strong></span> <span class='ocrx_word' id='word_1_275' title='bbox 1111 4082 1286 4134; x_wconf 83' lang='lat' dir='ltr'><strong>Sadoc</strong></span> <span class='ocrx_word' id='word_1_276' title='bbox 1328 4094 1507 4133; x_wconf 86' lang='lat' dir='ltr'><strong>autem</strong></span> <span class='ocrx_word' id='word_1_277' title='bbox 1562 4077 1748 4147; x_wconf 85' lang='lat' dir='ltr'><strong>genuit</strong></span> 
     </span>
    </p>
   </div>
   <div class='ocr_carea' id='block_1_54' title="bbox 184 4172 1745 4247">
    <p class='ocr_par' dir='ltr' id='par_1_54' title="bbox 184 4172 1745 4247">
     <span class='ocr_line' id='line_1_58' title="bbox 184 4172 1745 4247; baseline -0.008 -14"><span class='ocrx_word' id='word_1_278' title='bbox 184 4181 374 4235; x_wconf 79' lang='lat' dir='ltr'><strong>Achim.</strong></span> <span class='ocrx_word' id='word_1_279' title='bbox 437 4182 637 4235; x_wconf 72' lang='lat' dir='ltr'><strong>Achim</strong></span> <span class='ocrx_word' id='word_1_280' title='bbox 674 4189 863 4233; x_wconf 88' lang='lat' dir='ltr'><strong>autem</strong></span> <span class='ocrx_word' id='word_1_281' title='bbox 890 4178 1081 4247; x_wconf 84' lang='lat' dir='ltr'><strong>genuit</strong></span> <span class='ocrx_word' id='word_1_282' title='bbox 1110 4175 1291 4228; x_wconf 87' lang='lat' dir='ltr'><strong>Eliud.</strong></span> <span class='ocrx_word' id='word_1_283' title='bbox 1359 4172 1513 4226; x_wconf 87' lang='lat' dir='ltr'><strong>Eliud</strong></span> <span class='ocrx_word' id='word_1_284' title='bbox 1563 4178 1745 4224; x_wconf 90' lang='lat' dir='ltr'><strong>autem</strong></span> 
     </span>
    </p>
   </div>
   <div class='ocr_carea' id='block_1_55' title="bbox 187 4261 1750 4341">
    <p class='ocr_par' dir='ltr' id='par_1_55' title="bbox 187 4261 1750 4341">
     <span class='ocr_line' id='line_1_59' title="bbox 187 4261 1750 4341; baseline -0.008 -15"><span class='ocrx_word' id='word_1_285' title='bbox 187 4277 350 4341; x_wconf 71' lang='lat' dir='ltr'><strong>genuit</strong></span> <span class='ocrx_word' id='word_1_286' title='bbox 385 4276 638 4328; x_wconf 84' lang='lat' dir='ltr'><strong>Eleazar.</strong></span> <span class='ocrx_word' id='word_1_287' title='bbox 677 4271 903 4325; x_wconf 85' lang='lat' dir='ltr'><strong>Eleazar</strong></span> <span class='ocrx_word' id='word_1_288' title='bbox 933 4281 1114 4323; x_wconf 87' lang='lat' dir='ltr'><strong>autem</strong></span> <span class='ocrx_word' id='word_1_289' title='bbox 1141 4263 1591 4337; x_wconf 78' lang='lat' dir='ltr'><strong>genuittllathan.</strong></span> <span class='ocrx_word' id='word_1_290' title='bbox 1638 4261 1750 4313; x_wconf 76' lang='lat' dir='ltr'><strong>Ma-</strong></span> 
     </span>
    </p>
   </div>
   <div class='ocr_carea' id='block_1_56' title="bbox 188 4353 1750 4436">
    <p class='ocr_par' dir='ltr' id='par_1_56' title="bbox 188 4353 1750 4436">
     <span class='ocr_line' id='line_1_60' title="bbox 188 4353 1750 4436; baseline -0.007 -20"><span class='ocrx_word' id='word_1_291' title='bbox 188 4366 296 4419; x_wconf 83' lang='lat' dir='ltr'><strong>than</strong></span> <span class='ocrx_word' id='word_1_292' title='bbox 322 4377 504 4420; x_wconf 88' lang='lat' dir='ltr'><strong>autem</strong></span> <span class='ocrx_word' id='word_1_293' title='bbox 529 4366 729 4436; x_wconf 89' lang='lat' dir='ltr'><strong>genuit</strong></span> <span class='ocrx_word' id='word_1_294' title='bbox 761 4361 949 4416; x_wconf 85' lang='lat' dir='ltr'><strong>Jacob.</strong></span> <span class='ocrx_word' id='word_1_295' title='bbox 976 4359 1144 4415; x_wconf 84' lang='lat' dir='ltr'><strong>Jacnb</strong></span> <span class='ocrx_word' id='word_1_296' title='bbox 1178 4368 1359 4411; x_wconf 84' lang='lat' dir='ltr'><strong>autem</strong></span> <span class='ocrx_word' id='word_1_297' title='bbox 1421 4356 1612 4425; x_wconf 83' lang='lat' dir='ltr'><strong>genuit</strong></span> <span class='ocrx_word' id='word_1_298' title='bbox 1659 4353 1750 4407; x_wconf 81' lang='lat' dir='ltr'><strong>Jo-</strong></span> 
     </span>
    </p>
   </div>
   <div class='ocr_carea' id='block_1_57' title="bbox 188 4446 1748 4527">
    <p class='ocr_par' dir='ltr' id='par_1_57' title="bbox 188 4446 1748 4527">
     <span class='ocr_line' id='line_1_61' title="bbox 188 4446 1748 4527; baseline -0.007 -17"><span class='ocrx_word' id='word_1_299' title='bbox 188 4459 302 4527; x_wconf 75' lang='lat' dir='ltr'><strong>seph</strong></span> <span class='ocrx_word' id='word_1_300' title='bbox 341 4461 522 4512; x_wconf 81' lang='lat' dir='ltr'><strong>virum</strong></span> <span class='ocrx_word' id='word_1_301' title='bbox 567 4457 774 4522; x_wconf 68' lang='lat' dir='ltr'><strong>Mariae,</strong></span> <span class='ocrx_word' id='word_1_302' title='bbox 802 4457 870 4509; x_wconf 86' lang='lat' dir='ltr'><strong>de</strong></span> <span class='ocrx_word' id='word_1_303' title='bbox 900 4468 1007 4524; x_wconf 85' lang='lat' dir='ltr'><strong>qua</strong></span> <span class='ocrx_word' id='word_1_304' title='bbox 1054 4461 1216 4506; x_wconf 84' lang='lat' dir='ltr'><strong>natus</strong></span> <span class='ocrx_word' id='word_1_305' title='bbox 1275 4459 1361 4504; x_wconf 90' lang='lat' dir='ltr'><strong>est</strong></span> <span class='ocrx_word' id='word_1_306' title='bbox 1412 4449 1592 4511; x_wconf 74' lang='lat' dir='ltr'><strong>Iesus,</strong></span> <span class='ocrx_word' id='word_1_307' title='bbox 1655 4446 1748 4515; x_wconf 82' lang='lat' dir='ltr'><strong>qui</strong></span> 
     </span>
    </p>
   </div>
   <div class='ocr_carea' id='block_1_58' title="bbox 186 4551 705 4605">
    <p class='ocr_par' dir='ltr' id='par_1_58' title="bbox 186 4551 705 4605">
     <span class='ocr_line' id='line_1_62' title="bbox 186 4551 705 4605; baseline 0 -4"><span class='ocrx_word' id='word_1_308' title='bbox 186 4564 389 4605; x_wconf 75' lang='lat' dir='ltr'><strong>vocatur</strong></span> <span class='ocrx_word' id='word_1_309' title='bbox 420 4551 705 4604; x_wconf 81' lang='lat' dir='ltr'><strong>Christus.</strong></span> 
     </span>
    </p>
   </div>
   <div class='ocr_carea' id='block_1_59' title="bbox 245 4682 1751 4753">
    <p class='ocr_par' dir='ltr' id='par_1_59' title="bbox 245 4682 1751 4753">
     <span class='ocr_line' id='line_1_63' title="bbox 245 4682 1751 4753; baseline -0.009 -11"><span class='ocrx_word' id='word_1_310' title='bbox 245 4688 261 4717; x_wconf 79' lang='grc'>³</span> <span class='ocrx_word' id='word_1_311' title='bbox 281 4686 525 4741; x_wconf 77' lang='lat' dir='ltr'><strong>Solidum</strong></span> <span class='ocrx_word' id='word_1_312' title='bbox 557 4698 800 4753; x_wconf 78' lang='lat' dir='ltr'><strong>quatuor</strong></span> <span class='ocrx_word' id='word_1_313' title='bbox 834 4682 1250 4750; x_wconf 84' lang='lat' dir='ltr'><strong>Evangeliorum</strong></span> <span class='ocrx_word' id='word_1_314' title='bbox 1278 4686 1591 4753; x_wconf 71' lang='lat' dir='ltr'><strong>contextum</strong></span> <span class='ocrx_word' id='word_1_315' title='bbox 1621 4692 1751 4730; x_wconf 90' lang='lat' dir='ltr'><strong>con-</strong></span> 
     </span>
    </p>
   </div>
   <div class='ocr_carea' id='block_1_60' title="bbox 187 4748 1754 4825">
    <p class='ocr_par' dir='ltr' id='par_1_60' title="bbox 187 4748 1754 4825">
     <span class='ocr_line' id='line_1_64' title="bbox 187 4748 1754 4825; baseline -0.008 -16"><span class='ocrx_word' id='word_1_316' title='bbox 187 4759 393 4811; x_wconf 71' lang='lat' dir='ltr'><strong>tulimus</strong></span> <span class='ocrx_word' id='word_1_317' title='bbox 423 4748 908 4825; x_wconf 75' lang='lat' dir='ltr'><strong>expendunusque</strong></span> <span class='ocrx_word' id='word_1_318' title='bbox 934 4748 1006 4805; x_wconf 86' lang='lat' dir='ltr'><strong>ad</strong></span> <span class='ocrx_word' id='word_1_319' title='bbox 1038 4762 1168 4825; x_wconf 77' lang='lat' dir='ltr'><strong>tres,</strong></span> <span class='ocrx_word' id='word_1_320' title='bbox 1196 4768 1334 4820; x_wconf 83' lang='lat' dir='ltr'><strong>quos</strong></span> <span class='ocrx_word' id='word_1_321' title='bbox 1372 4765 1437 4801; x_wconf 80' lang='lat' dir='ltr'><strong>ex</strong></span> <span class='ocrx_word' id='word_1_322' title='bbox 1488 4748 1754 4816; x_wconf 77' lang='lat' dir='ltr'><strong>llierony-</strong></span> 
     </span>
    </p>
   </div>
   <div class='ocr_carea' id='block_1_61' title="bbox 186 4821 1749 4895">
    <p class='ocr_par' dir='ltr' id='par_1_61' title="bbox 186 4821 1749 4895">
     <span class='ocr_line' id='line_1_65' title="bbox 186 4821 1749 4895; baseline -0.007 -16"><span class='ocrx_word' id='word_1_323' title='bbox 186 4830 345 4881; x_wconf 85' lang='lat' dir='ltr'><strong>miana</strong></span> <span class='ocrx_word' id='word_1_324' title='bbox 376 4821 836 4895; x_wconf 74' lang='lat' dir='ltr'><strong>interpretatione</strong></span> <span class='ocrx_word' id='word_1_325' title='bbox 887 4823 1134 4895; x_wconf 77' lang='lat' dir='ltr'><strong>invenire</strong></span> <span class='ocrx_word' id='word_1_326' title='bbox 1187 4821 1749 4895; x_wconf 78' lang='lat' dir='ltr'><strong>potuimusomnium</strong></span> 
     </span>
    </p>
   </div>
   <div class='ocr_carea' id='block_1_62' title="bbox 186 4889 1751 4967">
    <p class='ocr_par' dir='ltr' id='par_1_62' title="bbox 186 4889 1751 4967">
     <span class='ocr_line' id='line_1_66' title="bbox 186 4889 1751 4967; baseline -0.006 -17"><span class='ocrx_word' id='word_1_327' title='bbox 186 4889 589 4967; x_wconf 69' lang='lat' dir='ltr'><strong>antiquissimos</strong></span> <span class='ocrx_word' id='word_1_328' title='bbox 612 4897 835 4948; x_wconf 80' lang='lat' dir='ltr'><strong>codices</strong></span> <span class='ocrx_word' id='word_1_329' title='bbox 859 4910 990 4945; x_wconf 77' lang='lat' dir='ltr'><strong>mss.</strong></span> <span class='ocrx_word' id='word_1_330' title='bbox 1021 4896 1079 4967; x_wconf 72' lang='lat' dir='ltr'><strong>in</strong></span> <span class='ocrx_word' id='word_1_331' title='bbox 1100 4889 1707 4967; x_wconf 44' lang='lat' dir='ltr'><strong>Vatieauabibhontheca</strong></span> <span class='ocrx_word' id='word_1_332' title='bbox 1738 4903 1751 4940; x_wconf 91' lang='lat'><strong>:</strong></span> 
     </span>
    </p>
   </div>
   <div class='ocr_carea' id='block_1_63' title="bbox 186 4956 1759 5035">
    <p class='ocr_par' dir='ltr' id='par_1_63' title="bbox 186 4956 1759 5035">
     <span class='ocr_line' id='line_1_67' title="bbox 186 4956 1759 5035; baseline -0.008 -15"><span class='ocrx_word' id='word_1_333' title='bbox 186 4956 398 5035; x_wconf 62' lang='lat' dir='ltr'><strong>quorum</strong></span> <span class='ocrx_word' id='word_1_334' title='bbox 417 4972 533 5021; x_wconf 90' lang='lat' dir='ltr'><strong>duo</strong></span> <span class='ocrx_word' id='word_1_335' title='bbox 564 4970 781 5019; x_wconf 58' lang='lat' dir='ltr'><strong>caeteris</strong></span> <span class='ocrx_word' id='word_1_336' title='bbox 808 4963 1214 5030; x_wconf 66' lang='lat' dir='ltr'><strong>praastautiores</strong></span> <span class='ocrx_word' id='word_1_337' title='bbox 1235 4960 1510 5035; x_wconf 81' lang='lat' dir='ltr'><strong>omnibus,</strong></span> <span class='ocrx_word' id='word_1_338' title='bbox 1533 4956 1759 5035; x_wconf 75' lang='lat' dir='ltr'><strong>fuerunt</strong></span> 
     </span>
    </p>
   </div>
   <div class='ocr_carea' id='block_1_64' title="bbox 188 5028 1757 5107">
    <p class='ocr_par' dir='ltr' id='par_1_64' title="bbox 188 5028 1757 5107">
     <span class='ocr_line' id='line_1_68' title="bbox 188 5028 1757 5107; baseline -0.007 -18"><span class='ocrx_word' id='word_1_339' title='bbox 188 5028 297 5089; x_wconf 77' lang='lat' dir='ltr'><strong>oluu</strong></span> <span class='ocrx_word' id='word_1_340' title='bbox 326 5039 550 5107; x_wconf 72' lang='lat' dir='ltr'><strong>Regina:</strong></span> <span class='ocrx_word' id='word_1_341' title='bbox 576 5028 906 5095; x_wconf 72' lang='lat' dir='ltr'><strong>SueCUrum,</strong></span> <span class='ocrx_word' id='word_1_342' title='bbox 935 5048 1080 5085; x_wconf 88' lang='lat' dir='ltr'><strong>nunc</strong></span> <span class='ocrx_word' id='word_1_343' title='bbox 1106 5032 1350 5107; x_wconf 75' lang='lat' dir='ltr'><strong>numeris</strong></span> <span class='ocrx_word' id='word_1_344' title='bbox 1374 5030 1512 5107; x_wconf 58' lang='lat' dir='ltr'><strong>ilict</strong></span> <span class='ocrx_word' id='word_1_345' title='bbox 1546 5028 1607 5078; x_wconf 68' lang='lat'><strong>14</strong></span> <span class='ocrx_word' id='word_1_346' title='bbox 1625 5043 1757 5093; x_wconf 74' lang='lat' dir='ltr'><strong>pra:-</strong></span> 
     </span>
    </p>
   </div>
   <div class='ocr_carea' id='block_1_65' title="bbox 188 5098 1751 5171">
    <p class='ocr_par' dir='ltr' id='par_1_65' title="bbox 188 5098 1751 5171">
     <span class='ocr_line' id='line_1_69' title="bbox 188 5098 1751 5171; baseline -0.008 -12"><span class='ocrx_word' id='word_1_347' title='bbox 188 5098 445 5169; x_wconf 64' lang='lat' dir='ltr'><strong>notantuF,</strong></span> <span class='ocrx_word' id='word_1_348' title='bbox 479 5118 655 5168; x_wconf 73' lang='lat' dir='ltr'><strong>atque</strong></span> <span class='ocrx_word' id='word_1_349' title='bbox 686 5109 827 5157; x_wconf 87' lang='lat' dir='ltr'><strong>hunc</strong></span> <span class='ocrx_word' id='word_1_350' title='bbox 857 5103 1153 5171; x_wconf 75' lang='lat' dir='ltr'><strong>quiueinad</strong></span> <span class='ocrx_word' id='word_1_351' title='bbox 1177 5098 1628 5171; x_wconf 67' lang='lat' dir='ltr'><strong>Veuccslaiusum</strong></span> <span class='ocrx_word' id='word_1_352' title='bbox 1667 5111 1751 5147; x_wconf 81' lang='lat' dir='ltr'><strong>cx-</strong></span> 
     </span>
    </p>
   </div>
   <div class='ocr_carea' id='block_1_66' title="bbox 187 5164 1744 5231">
    <p class='ocr_par' dir='ltr' id='par_1_66' title="bbox 187 5164 1744 5231">
     <span class='ocr_line' id='line_1_70' title="bbox 187 5164 1744 5231; baseline -0.008 -2"><span class='ocrx_word' id='word_1_353' title='bbox 187 5180 374 5231; x_wconf 74' lang='lat' dir='ltr'><strong>stitisse</strong></span> <span class='ocrx_word' id='word_1_354' title='bbox 392 5164 443 5231; x_wconf 84' lang='lat' dir='ltr'><strong>iu</strong></span> <span class='ocrx_word' id='word_1_355' title='bbox 466 5164 624 5230; x_wconf 73' lang='lat' dir='ltr'><strong>calce</strong></span> <span class='ocrx_word' id='word_1_356' title='bbox 644 5164 970 5227; x_wconf 45' lang='lat' dir='ltr'><strong>admone-tur</strong></span> <span class='ocrx_word' id='word_1_357' title='bbox 995 5190 1007 5224; x_wconf 91' lang='lat'>:</span> <span class='ocrx_word' id='word_1_358' title='bbox 1034 5173 1226 5223; x_wconf 61' lang='lat' dir='ltr'><strong>tertius</strong></span> <span class='ocrx_word' id='word_1_359' title='bbox 1246 5164 1744 5227; x_wconf 52' lang='lat' dir='ltr'><strong>veterisVaticana‘,</strong></span> 
     </span>
    </p>
   </div>
   <div class='ocr_carea' id='block_1_67' title="bbox 189 5237 1747 5317">
    <p class='ocr_par' dir='ltr' id='par_1_67' title="bbox 189 5237 1747 5317">
     <span class='ocr_line' id='line_1_71' title="bbox 189 5237 1747 5317; baseline -0.008 -18"><span class='ocrx_word' id='word_1_360' title='bbox 189 5249 593 5317; x_wconf 82' lang='lat' dir='ltr'><strong>Inajuscuiis,ut</strong></span> <span class='ocrx_word' id='word_1_361' title='bbox 641 5258 858 5302; x_wconf 70' lang='lat' dir='ltr'><strong>vocant.</strong></span> <span class='ocrx_word' id='word_1_362' title='bbox 902 5244 1118 5317; x_wconf 77' lang='lat' dir='ltr'><strong>litteris,</strong></span> <span class='ocrx_word' id='word_1_363' title='bbox 1150 5246 1490 5317; x_wconf 67' lang='lat' dir='ltr'><strong>iisque-auro</strong></span> <span class='ocrx_word' id='word_1_364' title='bbox 1533 5237 1747 5288; x_wconf 74' lang='lat' dir='ltr'><strong>intectis</strong></span> 
     </span>
    </p>
   </div>
   <div class='ocr_carea' id='block_1_68' title="bbox 187 5308 1751 5381">
    <p class='ocr_par' dir='ltr' id='par_1_68' title="bbox 187 5308 1751 5381">
     <span class='ocr_line' id='line_1_72' title="bbox 187 5308 1751 5381; baseline -0.01 -10"><span class='ocrx_word' id='word_1_365' title='bbox 187 5308 421 5373; x_wconf 69' lang='lat' dir='ltr'><strong>exaratos</strong></span> <span class='ocrx_word' id='word_1_366' title='bbox 441 5308 529 5373; x_wconf 62' lang='lat' dir='ltr'><strong>eat</strong></span> <span class='ocrx_word' id='word_1_367' title='bbox 558 5326 718 5370; x_wconf 85' lang='lat' dir='ltr'><strong>totus</strong></span> <span class='ocrx_word' id='word_1_368' title='bbox 749 5330 845 5367; x_wconf 68' lang='lat' dir='ltr'><strong>:cx</strong></span> <span class='ocrx_word' id='word_1_369' title='bbox 866 5313 1075 5381; x_wconf 83' lang='lat' dir='ltr'><strong>argenti</strong></span> <span class='ocrx_word' id='word_1_370' title='bbox 1098 5326 1317 5379; x_wconf 75' lang='lat' dir='ltr'><strong>quoque</strong></span> <span class='ocrx_word' id='word_1_371' title='bbox 1343 5308 1567 5369; x_wconf 80' lang='lat' dir='ltr'><strong>lamina,</strong></span> <span class='ocrx_word' id='word_1_372' title='bbox 1590 5316 1751 5381; x_wconf 71' lang='lat' dir='ltr'><strong>atque</strong></span> 
     </span>
    </p>
   </div>
   <div class='ocr_carea' id='block_1_69' title="bbox 186 5375 1752 5455">
    <p class='ocr_par' dir='ltr' id='par_1_69' title="bbox 186 5375 1752 5455">
     <span class='ocr_line' id='line_1_73' title="bbox 186 5375 1752 5455; baseline -0.009 -14"><span class='ocrx_word' id='word_1_373' title='bbox 186 5396 338 5442; x_wconf 84' lang='lat' dir='ltr'><strong>ebore</strong></span> <span class='ocrx_word' id='word_1_374' title='bbox 384 5391 623 5455; x_wconf 76' lang='lat' dir='ltr'><strong>antiquo</strong></span> <span class='ocrx_word' id='word_1_375' title='bbox 666 5390 892 5451; x_wconf 81' lang='lat' dir='ltr'><strong>ligurato</strong></span> <span class='ocrx_word' id='word_1_376' title='bbox 923 5375 1242 5450; x_wconf 63' lang='lat' dir='ltr'><strong>Coopcrtus,</strong></span> <span class='ocrx_word' id='word_1_377' title='bbox 1292 5393 1470 5455; x_wconf 40' lang='lat' dir='ltr'><strong>quem&quot;</strong></span> <span class='ocrx_word' id='word_1_378' title='bbox 1498 5395 1592 5444; x_wconf 85' lang='lat' dir='ltr'><strong>pro</strong></span> <span class='ocrx_word' id='word_1_379' title='bbox 1626 5375 1752 5427; x_wconf 80' lang='lat' dir='ltr'><strong>libri</strong></span> 
     </span>
    </p>
   </div>
   <div class='ocr_carea' id='block_1_70' title="bbox 186 5447 1751 5530">
    <p class='ocr_par' dir='ltr' id='par_1_70' title="bbox 186 5447 1751 5530">
     <span class='ocr_line' id='line_1_74' title="bbox 186 5447 1751 5530; baseline -0.008 -19"><span class='ocrx_word' id='word_1_380' title='bbox 186 5461 435 5530; x_wconf 77' lang='lat' dir='ltr'><strong>elegantia</strong></span> <span class='ocrx_word' id='word_1_381' title='bbox 456 5447 766 5513; x_wconf 60' lang='lat' dir='ltr'><strong>ostentant.</strong></span> <span class='ocrx_word' id='word_1_382' title='bbox 786 5447 1054 5530; x_wconf 66' lang='lat' dir='ltr'><strong>Caeterum</strong></span> <span class='ocrx_word' id='word_1_383' title='bbox 1074 5463 1130 5504; x_wconf 85' lang='lat' dir='ltr'><strong>et</strong></span> <span class='ocrx_word' id='word_1_384' title='bbox 1153 5456 1308 5530; x_wconf 73' lang='lat' dir='ltr'><strong>bona:</strong></span> <span class='ocrx_word' id='word_1_385' title='bbox 1331 5450 1422 5502; x_wconf 84' lang='lat' dir='ltr'><strong>ille</strong></span> <span class='ocrx_word' id='word_1_386' title='bbox 1446 5447 1622 5515; x_wconf 79' lang='lat' dir='ltr'><strong>frugis</strong></span> <span class='ocrx_word' id='word_1_387' title='bbox 1644 5458 1751 5525; x_wconf 72' lang='lat' dir='ltr'><strong>est.</strong></span> 
     </span>
    </p>
   </div>
   <div class='ocr_carea' id='block_1_71' title="bbox 189 5520 1752 5598">
    <p class='ocr_par' dir='ltr' id='par_1_71' title="bbox 189 5520 1752 5598">
     <span class='ocr_line' id='line_1_75' title="bbox 189 5520 1752 5598; baseline -0.01 -15"><span class='ocrx_word' id='word_1_388' title='bbox 189 5520 389 5585; x_wconf 60' lang='lat' dir='ltr'><strong>tametsi</strong></span> <span class='ocrx_word' id='word_1_389' title='bbox 412 5545 522 5583; x_wconf 84' lang='lat' dir='ltr'><strong>non</strong></span> <span class='ocrx_word' id='word_1_390' title='bbox 541 5529 695 5598; x_wconf 81' lang='lat' dir='ltr'><strong>ejus,</strong></span> <span class='ocrx_word' id='word_1_391' title='bbox 745 5541 864 5593; x_wconf 74' lang='lat' dir='ltr'><strong>qua:</strong></span> <span class='ocrx_word' id='word_1_392' title='bbox 911 5528 1085 5598; x_wconf 83' lang='lat' dir='ltr'><strong>vulgo</strong></span> <span class='ocrx_word' id='word_1_393' title='bbox 1115 5520 1392 5598; x_wconf 70' lang='lat' dir='ltr'><strong>creditur,</strong></span> <span class='ocrx_word' id='word_1_394' title='bbox 1445 5520 1752 5598; x_wconf 69' lang='lat' dir='ltr'><strong>vetustatis.</strong></span> 
     </span>
    </p>
   </div>
   <div class='ocr_carea' id='block_1_72' title="bbox 188 5585 1754 5655">
    <p class='ocr_par' dir='ltr' id='par_1_72' title="bbox 188 5585 1754 5655">
     <span class='ocr_line' id='line_1_76' title="bbox 188 5585 1754 5655; baseline -0.01 -2"><span class='ocrx_word' id='word_1_395' title='bbox 188 5600 385 5655; x_wconf 74' lang='lat' dir='ltr'><strong>Alicubi</strong></span> <span class='ocrx_word' id='word_1_396' title='bbox 410 5585 593 5654; x_wconf 47' lang='lat' dir='ltr'><strong>etiam.</strong></span> <span class='ocrx_word' id='word_1_397' title='bbox 612 5599 671 5650; x_wconf 85' lang='lat' dir='ltr'><strong>in</strong></span> <span class='ocrx_word' id='word_1_398' title='bbox 694 5585 976 5649; x_wconf 72' lang='lat' dir='ltr'><strong>consilium</strong></span> <span class='ocrx_word' id='word_1_399' title='bbox 1003 5585 1354 5645; x_wconf 70' lang='lat' dir='ltr'><strong>adhibuimus</strong></span> <span class='ocrx_word' id='word_1_400' title='bbox 1376 5606 1439 5640; x_wconf 71' lang='lat' dir='ltr'><strong>ex</strong></span> <span class='ocrx_word' id='word_1_401' title='bbox 1456 5588 1645 5640; x_wconf 88' lang='lat' dir='ltr'><strong>eadem</strong></span> <span class='ocrx_word' id='word_1_402' title='bbox 1667 5585 1754 5638; x_wconf 82' lang='lat' dir='ltr'><strong>Bi-</strong></span> 
     </span>
    </p>
   </div>
   <div class='ocr_carea' id='block_1_73' title="bbox 190 5661 1752 5733">
    <p class='ocr_par' dir='ltr' id='par_1_73' title="bbox 190 5661 1752 5733">
     <span class='ocr_line' id='line_1_77' title="bbox 190 5661 1752 5733; baseline -0.008 -11"><span class='ocrx_word' id='word_1_403' title='bbox 190 5666 445 5729; x_wconf 82' lang='lat' dir='ltr'><strong>bliotheca</strong></span> <span class='ocrx_word' id='word_1_404' title='bbox 488 5668 748 5726; x_wconf 82' lang='lat' dir='ltr'><strong>codicem</strong></span> <span class='ocrx_word' id='word_1_405' title='bbox 771 5668 1072 5721; x_wconf 78' lang='lat' dir='ltr'><strong>Palatinum</strong></span> <span class='ocrx_word' id='word_1_406' title='bbox 1095 5661 1489 5733; x_wconf 73' lang='lat' dir='ltr'><strong>praegrandem,</strong></span> <span class='ocrx_word' id='word_1_407' title='bbox 1524 5671 1752 5711; x_wconf 86' lang='lat' dir='ltr'><strong>numero</strong></span> 
     </span>
    </p>
   </div>
   <div class='ocr_carea' id='block_1_74' title="bbox 1844 1946 3415 2025">
    <p class='ocr_par' dir='ltr' id='par_1_74' title="bbox 1844 1946 3415 2025">
     <span class='ocr_line' id='line_1_78' title="bbox 1844 1946 3415 2025; baseline -0.011 -12"><span class='ocrx_word' id='word_1_408' title='bbox 1844 1946 2017 2025; x_wconf 64' lang='lat' dir='ltr'><strong>usque</strong></span> <span class='ocrx_word' id='word_1_409' title='bbox 2051 1959 2116 2011; x_wconf 85' lang='lat' dir='ltr'><strong>ad</strong></span> <span class='ocrx_word' id='word_1_410' title='bbox 2144 1958 2311 2011; x_wconf 82' lang='lat' dir='ltr'><strong>David</strong></span> <span class='ocrx_word' id='word_1_411' title='bbox 2345 1954 2728 2023; x_wconf 82' lang='lat' dir='ltr'><strong>generationes</strong></span> <span class='ocrx_word' id='word_1_412' title='bbox 2764 1946 3181 2019; x_wconf 77' lang='lat' dir='ltr'><strong>quatuorileeim</strong></span> <span class='ocrx_word' id='word_1_413' title='bbox 3230 1961 3244 1997; x_wconf 91' lang='lat'><strong>:</strong></span> <span class='ocrx_word' id='word_1_414' title='bbox 3293 1954 3349 1997; x_wconf 92' lang='lat' dir='ltr'><strong>et</strong></span> <span class='ocrx_word' id='word_1_415' title='bbox 3384 1956 3415 1994; x_wconf 88' lang='lat' dir='ltr'><strong>a</strong></span> 
     </span>
    </p>
   </div>
   <div class='ocr_carea' id='block_1_75' title="bbox 1846 2037 3421 2119">
    <p class='ocr_par' dir='ltr' id='par_1_75' title="bbox 1846 2037 3421 2119">
     <span class='ocr_line' id='line_1_79' title="bbox 1846 2037 3421 2119; baseline -0.011 -15"><span class='ocrx_word' id='word_1_416' title='bbox 1846 2051 2011 2105; x_wconf 83' lang='lat' dir='ltr'><strong>David</strong></span> <span class='ocrx_word' id='word_1_417' title='bbox 2055 2067 2227 2119; x_wconf 84' lang='lat' dir='ltr'><strong>usque</strong></span> <span class='ocrx_word' id='word_1_418' title='bbox 2259 2050 2325 2102; x_wconf 87' lang='lat' dir='ltr'><strong>ad</strong></span> <span class='ocrx_word' id='word_1_419' title='bbox 2354 2045 2884 2113; x_wconf 85' lang='lat' dir='ltr'><strong>transmigrationem</strong></span> <span class='ocrx_word' id='word_1_420' title='bbox 2914 2037 3226 2107; x_wconf 85' lang='lat' dir='ltr'><strong>Babylonis,</strong></span> <span class='ocrx_word' id='word_1_421' title='bbox 3255 2049 3421 2104; x_wconf 78' lang='lat' dir='ltr'><strong>gene-</strong></span> 
     </span>
    </p>
   </div>
   <div class='ocr_carea' id='block_1_76' title="bbox 1842 2126 3422 2212">
    <p class='ocr_par' dir='ltr' id='par_1_76' title="bbox 1842 2126 3422 2212">
     <span class='ocr_line' id='line_1_80' title="bbox 1842 2126 3422 2212; baseline -0.013 -13"><span class='ocrx_word' id='word_1_422' title='bbox 1842 2144 2083 2199; x_wconf 85' lang='lat' dir='ltr'><strong>rationes</strong></span> <span class='ocrx_word' id='word_1_423' title='bbox 2101 2140 2515 2212; x_wconf 84' lang='lat' dir='ltr'><strong>quatuordecim</strong></span> <span class='ocrx_word' id='word_1_424' title='bbox 2544 2155 2555 2189; x_wconf 87' lang='lat'><strong>:</strong></span> <span class='ocrx_word' id='word_1_425' title='bbox 2586 2146 2642 2190; x_wconf 91' lang='lat' dir='ltr'><strong>et</strong></span> <span class='ocrx_word' id='word_1_426' title='bbox 2673 2151 2700 2187; x_wconf 93' lang='lat' dir='ltr'><strong>a</strong></span> <span class='ocrx_word' id='word_1_427' title='bbox 2736 2129 3213 2197; x_wconf 83' lang='lat' dir='ltr'><strong>transmigratioue</strong></span> <span class='ocrx_word' id='word_1_428' title='bbox 3242 2126 3422 2194; x_wconf 78' lang='lat' dir='ltr'><strong>Baby-</strong></span> 
     </span>
    </p>
   </div>
   <div class='ocr_carea' id='block_1_77' title="bbox 1842 2222 3421 2302">
    <p class='ocr_par' dir='ltr' id='par_1_77' title="bbox 1842 2222 3421 2302">
     <span class='ocr_line' id='line_1_81' title="bbox 1842 2222 3421 2302; baseline -0.013 -13"><span class='ocrx_word' id='word_1_429' title='bbox 1842 2236 1985 2290; x_wconf 87' lang='lat' dir='ltr'><strong>lonis</strong></span> <span class='ocrx_word' id='word_1_430' title='bbox 2050 2249 2223 2302; x_wconf 85' lang='lat' dir='ltr'><strong>usque</strong></span> <span class='ocrx_word' id='word_1_431' title='bbox 2255 2232 2321 2284; x_wconf 90' lang='lat' dir='ltr'><strong>ad</strong></span> <span class='ocrx_word' id='word_1_432' title='bbox 2350 2230 2654 2291; x_wconf 82' lang='lat' dir='ltr'><strong>Christum,</strong></span> <span class='ocrx_word' id='word_1_433' title='bbox 2719 2222 3104 2293; x_wconf 88' lang='lat' dir='ltr'><strong>generationes</strong></span> <span class='ocrx_word' id='word_1_434' title='bbox 3150 2224 3421 2287; x_wconf 71' lang='lat' dir='ltr'><strong>quatuor-</strong></span> 
     </span>
    </p>
   </div>
   <div class='ocr_carea' id='block_1_78' title="bbox 1840 2328 2039 2382">
    <p class='ocr_par' dir='ltr' id='par_1_78' title="bbox 1840 2328 2039 2382">
     <span class='ocr_line' id='line_1_82' title="bbox 1840 2328 2039 2382; baseline -0.02 0"><span class='ocrx_word' id='word_1_435' title='bbox 1840 2328 2039 2382; x_wconf 82' lang='lat' dir='ltr'><strong>decim.</strong></span> 
     </span>
    </p>
   </div>
   <div class='ocr_carea' id='block_1_79' title="bbox 1911 2407 3420 2489">
    <p class='ocr_par' dir='ltr' id='par_1_79' title="bbox 1911 2407 3420 2489">
     <span class='ocr_line' id='line_1_83' title="bbox 1911 2407 3420 2489; baseline -0.011 -18"><span class='ocrx_word' id='word_1_436' title='bbox 1911 2418 2028 2489; x_wconf 83' lang='lat' dir='ltr'><strong>[m,</strong></span> <span class='ocrx_word' id='word_1_437' title='bbox 2062 2417 2116 2469; x_wconf 82' lang='grc'><strong>5.</strong></span> <span class='ocrx_word' id='word_1_438' title='bbox 2147 2413 2597 2487; x_wconf 82' lang='lat' dir='ltr'><strong>]Christiautem</strong></span> <span class='ocrx_word' id='word_1_439' title='bbox 2629 2408 2911 2480; x_wconf 87' lang='lat' dir='ltr'><strong>generatio</strong></span> <span class='ocrx_word' id='word_1_440' title='bbox 2958 2407 3040 2460; x_wconf 86' lang='lat' dir='ltr'><strong>sic</strong></span> <span class='ocrx_word' id='word_1_441' title='bbox 3072 2413 3190 2460; x_wconf 89' lang='lat' dir='ltr'><strong>erat</strong></span> <span class='ocrx_word' id='word_1_442' title='bbox 3225 2421 3242 2457; x_wconf 85' lang='lat'><strong>:</strong></span> <span class='ocrx_word' id='word_1_443' title='bbox 3294 2418 3420 2457; x_wconf 89' lang='lat' dir='ltr'><strong>cum</strong></span> 
     </span>
    </p>
   </div>
   <div class='ocr_carea' id='block_1_80' title="bbox 1841 2483 3525 2578">
    <p class='ocr_par' dir='ltr' id='par_1_80' title="bbox 1841 2483 3525 2578">
     <span class='ocr_line' id='line_1_84' title="bbox 1841 2483 3525 2578; baseline -0.015 -11"><span class='ocrx_word' id='word_1_444' title='bbox 1841 2483 1987 2567; x_wconf 73' lang='lat' dir='ltr'><strong>esset</strong></span> <span class='ocrx_word' id='word_1_445' title='bbox 2014 2483 2348 2578; x_wconf 72' lang='lat' dir='ltr'><strong>desponsata</strong></span> <span class='ocrx_word' id='word_1_446' title='bbox 2386 2514 2559 2567; x_wconf 87' lang='lat' dir='ltr'><strong>mater</strong></span> <span class='ocrx_word' id='word_1_447' title='bbox 2588 2502 2707 2572; x_wconf 86' lang='lat' dir='ltr'><strong>ejus</strong></span> <span class='ocrx_word' id='word_1_448' title='bbox 2762 2500 2930 2553; x_wconf 81' lang='lat' dir='ltr'><strong>Maria</strong></span> <span class='ocrx_word' id='word_1_449' title='bbox 2982 2496 3212 2565; x_wconf 83' lang='lat' dir='ltr'><strong>Joseph,</strong></span> <span class='ocrx_word' id='word_1_450' title='bbox 3270 2504 3423 2546; x_wconf 85' lang='lat' dir='ltr'><strong>ante—</strong></span> <span class='ocrx_word' id='word_1_451' title='bbox 3517 2483 3525 2491; x_wconf 88' lang='grc'><em>’</em></span> 
     </span>
    </p>
   </div>
   <div class='ocr_carea' id='block_1_81' title="bbox 1840 2585 3423 2673">
    <p class='ocr_par' dir='ltr' id='par_1_81' title="bbox 1840 2585 3423 2673">
     <span class='ocr_line' id='line_1_85' title="bbox 1840 2585 3423 2673; baseline -0.012 -17"><span class='ocrx_word' id='word_1_452' title='bbox 1840 2619 2002 2673; x_wconf 78' lang='lat' dir='ltr'><strong>quam</strong></span> <span class='ocrx_word' id='word_1_453' title='bbox 2044 2601 2430 2661; x_wconf 86' lang='lat' dir='ltr'><strong>convenirent,</strong></span> <span class='ocrx_word' id='word_1_454' title='bbox 2465 2598 2684 2649; x_wconf 86' lang='lat' dir='ltr'><strong>inventa</strong></span> <span class='ocrx_word' id='word_1_455' title='bbox 2714 2604 2796 2647; x_wconf 89' lang='lat' dir='ltr'><strong>est</strong></span> <span class='ocrx_word' id='word_1_456' title='bbox 2833 2594 2885 2645; x_wconf 94' lang='lat' dir='ltr'><strong>in</strong></span> <span class='ocrx_word' id='word_1_457' title='bbox 2912 2601 3069 2645; x_wconf 84' lang='lat' dir='ltr'><strong>utero</strong></span> <span class='ocrx_word' id='word_1_458' title='bbox 3108 2590 3314 2641; x_wconf 88' lang='lat' dir='ltr'><strong>habens</strong></span> <span class='ocrx_word' id='word_1_459' title='bbox 3353 2585 3423 2638; x_wconf 90' lang='lat' dir='ltr'><strong>de</strong></span> 
     </span>
    </p>
   </div>
   <div class='ocr_carea' id='block_1_82' title="bbox 1840 2679 3420 2766">
    <p class='ocr_par' dir='ltr' id='par_1_82' title="bbox 1840 2679 3420 2766">
     <span class='ocr_line' id='line_1_86' title="bbox 1840 2679 3420 2766; baseline -0.015 -14"><span class='ocrx_word' id='word_1_460' title='bbox 1840 2696 2045 2766; x_wconf 84' lang='lat' dir='ltr'><strong>Spiritu</strong></span> <span class='ocrx_word' id='word_1_461' title='bbox 2075 2702 2287 2747; x_wconf 88' lang='lat' dir='ltr'><strong>sancto.</strong></span> <span class='ocrx_word' id='word_1_462' title='bbox 2354 2689 2467 2761; x_wconf 86' lang='lat' dir='ltr'><strong>[tv,</strong></span> <span class='ocrx_word' id='word_1_463' title='bbox 2505 2686 2632 2758; x_wconf 78' lang='lat'><strong>10.]</strong></span> <span class='ocrx_word' id='word_1_464' title='bbox 2680 2686 2882 2753; x_wconf 80' lang='lat' dir='ltr'><strong>Joseph</strong></span> <span class='ocrx_word' id='word_1_465' title='bbox 2921 2693 3105 2735; x_wconf 89' lang='lat' dir='ltr'><strong>autem</strong></span> <span class='ocrx_word' id='word_1_466' title='bbox 3160 2682 3241 2733; x_wconf 80' lang='lat' dir='ltr'><strong>vir</strong></span> <span class='ocrx_word' id='word_1_467' title='bbox 3281 2679 3420 2747; x_wconf 80' lang='lat' dir='ltr'><strong>ejus.</strong></span> 
     </span>
    </p>
   </div>
   <div class='ocr_carea' id='block_1_83' title="bbox 1838 2767 3423 2855">
    <p class='ocr_par' dir='ltr' id='par_1_83' title="bbox 1838 2767 3423 2855">
     <span class='ocr_line' id='line_1_87' title="bbox 1838 2767 3423 2855; baseline -0.015 -11"><span class='ocrx_word' id='word_1_468' title='bbox 1838 2804 1961 2844; x_wconf 89' lang='lat' dir='ltr'><strong>cum</strong></span> <span class='ocrx_word' id='word_1_469' title='bbox 1998 2795 2143 2841; x_wconf 83' lang='lat' dir='ltr'><strong>esset</strong></span> <span class='ocrx_word' id='word_1_470' title='bbox 2168 2787 2369 2855; x_wconf 86' lang='lat' dir='ltr'><strong>justus.</strong></span> <span class='ocrx_word' id='word_1_471' title='bbox 2430 2792 2486 2835; x_wconf 87' lang='lat' dir='ltr'><strong>et</strong></span> <span class='ocrx_word' id='word_1_472' title='bbox 2511 2780 2680 2835; x_wconf 87' lang='lat' dir='ltr'><strong>nollet</strong></span> <span class='ocrx_word' id='word_1_473' title='bbox 2714 2793 2835 2832; x_wconf 84' lang='lat' dir='ltr'><strong>eam</strong></span> <span class='ocrx_word' id='word_1_474' title='bbox 2870 2776 3181 2836; x_wconf 86' lang='lat' dir='ltr'><strong>traducere,</strong></span> <span class='ocrx_word' id='word_1_475' title='bbox 3246 2767 3423 2822; x_wconf 77' lang='lat' dir='ltr'><strong>voluit</strong></span> 
     </span>
    </p>
   </div>
   <div class='ocr_carea' id='block_1_84' title="bbox 1840 2865 3422 2938">
    <p class='ocr_par' dir='ltr' id='par_1_84' title="bbox 1840 2865 3422 2938">
     <span class='ocr_line' id='line_1_88' title="bbox 1840 2865 3422 2938; baseline -0.017 0"><span class='ocrx_word' id='word_1_476' title='bbox 1840 2884 2054 2938; x_wconf 82' lang='lat' dir='ltr'><strong>occulte</strong></span> <span class='ocrx_word' id='word_1_477' title='bbox 2084 2879 2363 2934; x_wconf 88' lang='lat' dir='ltr'><strong>dimittere</strong></span> <span class='ocrx_word' id='word_1_478' title='bbox 2396 2890 2538 2929; x_wconf 86' lang='lat' dir='ltr'><strong>eam.</strong></span> <span class='ocrx_word' id='word_1_479' title='bbox 2608 2871 2730 2925; x_wconf 67' lang='lat' dir='ltr'><strong>Haec</strong></span> <span class='ocrx_word' id='word_1_480' title='bbox 2782 2884 2962 2923; x_wconf 84' lang='lat' dir='ltr'><strong>autem</strong></span> <span class='ocrx_word' id='word_1_481' title='bbox 3008 2882 3073 2921; x_wconf 88' lang='lat' dir='ltr'><strong>eo</strong></span> <span class='ocrx_word' id='word_1_482' title='bbox 3123 2865 3422 2929; x_wconf 75' lang='lat' dir='ltr'><strong>cogitante,</strong></span> 
     </span>
    </p>
   </div>
   <div class='ocr_carea' id='block_1_85' title="bbox 1839 2956 3414 3041">
    <p class='ocr_par' dir='ltr' id='par_1_85' title="bbox 1839 2956 3414 3041">
     <span class='ocr_line' id='line_1_89' title="bbox 1839 2956 3414 3041; baseline -0.016 -12"><span class='ocrx_word' id='word_1_483' title='bbox 1839 2988 1969 3029; x_wconf 90' lang='lat' dir='ltr'><strong>ecce</strong></span> <span class='ocrx_word' id='word_1_484' title='bbox 2004 2973 2234 3041; x_wconf 85' lang='lat' dir='ltr'><strong>angelus</strong></span> <span class='ocrx_word' id='word_1_485' title='bbox 2264 2966 2478 3023; x_wconf 86' lang='lat' dir='ltr'><strong>Domini</strong></span> <span class='ocrx_word' id='word_1_486' title='bbox 2509 2964 2764 3033; x_wconf 87' lang='lat' dir='ltr'><strong>apparuit</strong></span> <span class='ocrx_word' id='word_1_487' title='bbox 2788 2962 2842 3014; x_wconf 90' lang='lat' dir='ltr'><strong>in</strong></span> <span class='ocrx_word' id='word_1_488' title='bbox 2872 2958 3079 3013; x_wconf 82' lang='lat' dir='ltr'><strong>somnis</strong></span> <span class='ocrx_word' id='word_1_489' title='bbox 3097 2957 3168 3020; x_wconf 84' lang='lat' dir='ltr'><strong>ei,</strong></span> <span class='ocrx_word' id='word_1_490' title='bbox 3188 2956 3414 3008; x_wconf 79' lang='lat' dir='ltr'><strong>dicens:</strong></span> 
     </span>
    </p>
   </div>
   <div class='ocr_carea' id='block_1_86' title="bbox 1837 3046 3422 3136">
    <p class='ocr_par' dir='ltr' id='par_1_86' title="bbox 1837 3046 3422 3136">
     <span class='ocr_line' id='line_1_90' title="bbox 1837 3046 3422 3136; baseline -0.02 -12"><span class='ocrx_word' id='word_1_491' title='bbox 1837 3068 2036 3136; x_wconf 79' lang='lat' dir='ltr'><strong>Joseph</strong></span> <span class='ocrx_word' id='word_1_492' title='bbox 2089 3065 2163 3119; x_wconf 84' lang='lat' dir='ltr'><strong>iiIi</strong></span> <span class='ocrx_word' id='word_1_493' title='bbox 2215 3062 2404 3126; x_wconf 84' lang='lat' dir='ltr'><strong>David,</strong></span> <span class='ocrx_word' id='word_1_494' title='bbox 2462 3059 2572 3113; x_wconf 90' lang='lat' dir='ltr'><strong>noli</strong></span> <span class='ocrx_word' id='word_1_495' title='bbox 2638 3059 2832 3111; x_wconf 90' lang='lat' dir='ltr'><strong>limere</strong></span> <span class='ocrx_word' id='word_1_496' title='bbox 2891 3052 3140 3118; x_wconf 79' lang='lat' dir='ltr'><strong>accipere</strong></span> <span class='ocrx_word' id='word_1_497' title='bbox 3199 3046 3422 3100; x_wconf 81' lang='lat' dir='ltr'><strong>Mariam</strong></span> 
     </span>
    </p>
   </div>
   <div class='ocr_carea' id='block_1_87' title="bbox 1843 3136 3425 3229">
    <p class='ocr_par' dir='ltr' id='par_1_87' title="bbox 1843 3136 3425 3229">
     <span class='ocr_line' id='line_1_91' title="bbox 1843 3136 3425 3229; baseline -0.018 -15"><span class='ocrx_word' id='word_1_498' title='bbox 1843 3160 2131 3229; x_wconf 88' lang='lat' dir='ltr'><strong>conjugem</strong></span> <span class='ocrx_word' id='word_1_499' title='bbox 2166 3164 2312 3209; x_wconf 90' lang='lat' dir='ltr'><strong>tuam</strong></span> <span class='ocrx_word' id='word_1_500' title='bbox 2346 3172 2359 3207; x_wconf 88' lang='lat'><strong>:</strong></span> <span class='ocrx_word' id='word_1_501' title='bbox 2434 3151 2581 3220; x_wconf 81' lang='lat' dir='ltr'><strong>quod</strong></span> <span class='ocrx_word' id='word_1_502' title='bbox 2643 3149 2787 3203; x_wconf 89' lang='lat' dir='ltr'><strong>enim</strong></span> <span class='ocrx_word' id='word_1_503' title='bbox 2815 3147 2867 3198; x_wconf 90' lang='lat' dir='ltr'><strong>in</strong></span> <span class='ocrx_word' id='word_1_504' title='bbox 2899 3160 2961 3197; x_wconf 88' lang='lat' dir='ltr'><strong>ea</strong></span> <span class='ocrx_word' id='word_1_505' title='bbox 3013 3151 3199 3194; x_wconf 88' lang='lat' dir='ltr'><strong>natum</strong></span> <span class='ocrx_word' id='word_1_506' title='bbox 3224 3148 3326 3194; x_wconf 84' lang='lat' dir='ltr'><strong>cst.</strong></span> <span class='ocrx_word' id='word_1_507' title='bbox 3359 3136 3425 3185; x_wconf 82' lang='lat' dir='ltr'><strong>de</strong></span> 
     </span>
    </p>
   </div>
   <div class='ocr_carea' id='block_1_88' title="bbox 1848 3228 3426 3325">
    <p class='ocr_par' dir='ltr' id='par_1_88' title="bbox 1848 3228 3426 3325">
     <span class='ocr_line' id='line_1_92' title="bbox 1848 3228 3426 3325; baseline -0.02 -15"><span class='ocrx_word' id='word_1_508' title='bbox 1848 3254 2055 3325; x_wconf 83' lang='lat' dir='ltr'><strong>Spiritu</strong></span> <span class='ocrx_word' id='word_1_509' title='bbox 2082 3260 2271 3307; x_wconf 74' lang='lat' dir='ltr'><strong>sancto</strong></span> <span class='ocrx_word' id='word_1_510' title='bbox 2295 3256 2398 3302; x_wconf 84' lang='lat' dir='ltr'><strong>est.</strong></span> <span class='ocrx_word' id='word_1_511' title='bbox 2432 3244 2611 3299; x_wconf 87' lang='lat' dir='ltr'><strong>Pariet</strong></span> <span class='ocrx_word' id='word_1_512' title='bbox 2644 3250 2823 3295; x_wconf 86' lang='lat' dir='ltr'><strong>autem</strong></span> <span class='ocrx_word' id='word_1_513' title='bbox 2860 3237 3027 3289; x_wconf 84' lang='lat' dir='ltr'><strong>ﬁlium</strong></span> <span class='ocrx_word' id='word_1_514' title='bbox 3079 3251 3093 3286; x_wconf 90' lang='lat'>:</span> <span class='ocrx_word' id='word_1_515' title='bbox 3128 3246 3176 3285; x_wconf 80' lang='lat' dir='ltr'><strong>et</strong></span> <span class='ocrx_word' id='word_1_516' title='bbox 3204 3228 3426 3282; x_wconf 83' lang='lat' dir='ltr'><strong>vocabis</strong></span> 
     </span>
    </p>
   </div>
   <div class='ocr_carea' id='block_1_89' title="bbox 1848 3324 3431 3415">
    <p class='ocr_par' dir='ltr' id='par_1_89' title="bbox 1848 3324 3431 3415">
     <span class='ocr_line' id='line_1_93' title="bbox 1848 3324 3431 3415; baseline -0.021 -12"><span class='ocrx_word' id='word_1_517' title='bbox 1848 3324 2048 3403; x_wconf 86' lang='lat' dir='ltr'><strong>nomen</strong></span> <span class='ocrx_word' id='word_1_518' title='bbox 2082 3346 2205 3415; x_wconf 83' lang='lat' dir='ltr'><strong>ejus</strong></span> <span class='ocrx_word' id='word_1_519' title='bbox 2232 3341 2417 3396; x_wconf 80' lang='lat' dir='ltr'><strong>Jesum</strong></span> <span class='ocrx_word' id='word_1_520' title='bbox 2449 3356 2461 3391; x_wconf 93' lang='lat'>:</span> <span class='ocrx_word' id='word_1_521' title='bbox 2490 3340 2602 3405; x_wconf 89' lang='lat' dir='ltr'><strong>ipse</strong></span> <span class='ocrx_word' id='word_1_522' title='bbox 2628 3335 2770 3387; x_wconf 88' lang='lat' dir='ltr'><strong>enim</strong></span> <span class='ocrx_word' id='word_1_523' title='bbox 2800 3330 3010 3384; x_wconf 85' lang='lat' dir='ltr'><strong>salvum</strong></span> <span class='ocrx_word' id='word_1_524' title='bbox 3044 3324 3204 3378; x_wconf 82' lang='lat' dir='ltr'><strong>faciet</strong></span> <span class='ocrx_word' id='word_1_525' title='bbox 3256 3337 3431 3391; x_wconf 81' lang='lat' dir='ltr'><strong>popu-</strong></span> 
     </span>
    </p>
   </div>
   <div class='ocr_carea' id='block_1_90' title="bbox 1848 3420 3423 3503">
    <p class='ocr_par' dir='ltr' id='par_1_90' title="bbox 1848 3420 3423 3503">
     <span class='ocr_line' id='line_1_94' title="bbox 1848 3420 3423 3503; baseline -0.02 -7"><span class='ocrx_word' id='word_1_526' title='bbox 1848 3442 1963 3496; x_wconf 89' lang='lat' dir='ltr'><strong>lum</strong></span> <span class='ocrx_word' id='word_1_527' title='bbox 2014 3454 2174 3494; x_wconf 89' lang='lat' dir='ltr'><strong>suum</strong></span> <span class='ocrx_word' id='word_1_528' title='bbox 2218 3451 2246 3490; x_wconf 90' lang='lat' dir='ltr'><strong>a</strong></span> <span class='ocrx_word' id='word_1_529' title='bbox 2296 3430 2535 3503; x_wconf 87' lang='lat' dir='ltr'><strong>peccatis</strong></span> <span class='ocrx_word' id='word_1_530' title='bbox 2595 3440 2811 3480; x_wconf 90' lang='lat' dir='ltr'><strong>eorum.</strong></span> <span class='ocrx_word' id='word_1_531' title='bbox 2874 3420 2987 3473; x_wconf 91' lang='lat' dir='ltr'><strong>Iloc</strong></span> <span class='ocrx_word' id='word_1_532' title='bbox 3019 3430 3200 3472; x_wconf 84' lang='lat' dir='ltr'><strong>autem</strong></span> <span class='ocrx_word' id='word_1_533' title='bbox 3253 3425 3423 3468; x_wconf 87' lang='lat' dir='ltr'><strong>totum</strong></span> 
     </span>
    </p>
   </div>
   <div class='ocr_carea' id='block_1_91' title="bbox 1848 3507 3427 3593">
    <p class='ocr_par' dir='ltr' id='par_1_91' title="bbox 1848 3507 3427 3593">
     <span class='ocr_line' id='line_1_95' title="bbox 1848 3507 3427 3593; baseline -0.02 -5"><span class='ocrx_word' id='word_1_534' title='bbox 1848 3534 2056 3588; x_wconf 80' lang='lat' dir='ltr'><strong>factum</strong></span> <span class='ocrx_word' id='word_1_535' title='bbox 2090 3538 2194 3593; x_wconf 85' lang='lat' dir='ltr'><strong>est,</strong></span> <span class='ocrx_word' id='word_1_536' title='bbox 2219 3536 2280 3579; x_wconf 94' lang='lat' dir='ltr'><strong>ut</strong></span> <span class='ocrx_word' id='word_1_537' title='bbox 2306 3521 2704 3590; x_wconf 82' lang='lat' dir='ltr'><strong>aditnplcretur</strong></span> <span class='ocrx_word' id='word_1_538' title='bbox 2735 3514 2881 3583; x_wconf 82' lang='lat' dir='ltr'><strong>quod</strong></span> <span class='ocrx_word' id='word_1_539' title='bbox 2908 3515 3111 3565; x_wconf 89' lang='lat' dir='ltr'><strong>dictum</strong></span> <span class='ocrx_word' id='word_1_540' title='bbox 3144 3520 3227 3561; x_wconf 61' lang='lat' dir='ltr'><strong>est</strong></span> <span class='ocrx_word' id='word_1_541' title='bbox 3259 3523 3285 3559; x_wconf 88' lang='lat' dir='ltr'><strong>a</strong></span> <span class='ocrx_word' id='word_1_542' title='bbox 3325 3507 3427 3558; x_wconf 85' lang='lat' dir='ltr'><strong>Do-</strong></span> 
     </span>
    </p>
   </div>
   <div class='ocr_carea' id='block_1_92' title="bbox 1851 3598 3423 3689">
    <p class='ocr_par' dir='ltr' id='par_1_92' title="bbox 1851 3598 3423 3689">
     <span class='ocr_line' id='line_1_96' title="bbox 1851 3598 3423 3689; baseline -0.018 -12"><span class='ocrx_word' id='word_1_543' title='bbox 1851 3624 2002 3677; x_wconf 89' lang='lat' dir='ltr'><strong>mino</strong></span> <span class='ocrx_word' id='word_1_544' title='bbox 2068 3635 2166 3689; x_wconf 89' lang='lat' dir='ltr'><strong>per</strong></span> <span class='ocrx_word' id='word_1_545' title='bbox 2222 3617 2544 3683; x_wconf 81' lang='lat' dir='ltr'><strong>Prophetam</strong></span> <span class='ocrx_word' id='word_1_546' title='bbox 2586 3610 2858 3663; x_wconf 87' lang='lat' dir='ltr'><strong>dicentem</strong></span> <span class='ocrx_word' id='word_1_547' title='bbox 2919 3621 2936 3658; x_wconf 88' lang='lat'><strong>:</strong></span> <span class='ocrx_word' id='word_1_548' title='bbox 3007 3601 3144 3655; x_wconf 88' lang='lat' dir='ltr'><strong>Ecce</strong></span> <span class='ocrx_word' id='word_1_549' title='bbox 3190 3601 3338 3666; x_wconf 79' lang='lat' dir='ltr'><strong>virgo</strong></span> <span class='ocrx_word' id='word_1_550' title='bbox 3371 3598 3423 3649; x_wconf 90' lang='lat' dir='ltr'><strong>iu</strong></span> 
     </span>
    </p>
   </div>
   <div class='ocr_carea' id='block_1_93' title="bbox 1852 3688 3429 3769">
    <p class='ocr_par' dir='ltr' id='par_1_93' title="bbox 1852 3688 3429 3769">
     <span class='ocr_line' id='line_1_97' title="bbox 1852 3688 3429 3769; baseline -0.019 -3"><span class='ocrx_word' id='word_1_551' title='bbox 1852 3726 2010 3766; x_wconf 84' lang='lat' dir='ltr'><strong>utero</strong></span> <span class='ocrx_word' id='word_1_552' title='bbox 2071 3688 2318 3769; x_wconf 84' lang='lat' dir='ltr'><strong>habebit,</strong></span> <span class='ocrx_word' id='word_1_553' title='bbox 2380 3712 2432 3755; x_wconf 89' lang='lat' dir='ltr'><strong>et</strong></span> <span class='ocrx_word' id='word_1_554' title='bbox 2462 3701 2637 3769; x_wconf 88' lang='lat' dir='ltr'><strong>pariet</strong></span> <span class='ocrx_word' id='word_1_555' title='bbox 2670 3698 2838 3749; x_wconf 85' lang='lat' dir='ltr'><strong>[ilium</strong></span> <span class='ocrx_word' id='word_1_556' title='bbox 2878 3710 2891 3745; x_wconf 89' lang='lat'><strong>:</strong></span> <span class='ocrx_word' id='word_1_557' title='bbox 2949 3700 3004 3744; x_wconf 88' lang='lat' dir='ltr'><strong>ct</strong></span> <span class='ocrx_word' id='word_1_558' title='bbox 3041 3688 3429 3743; x_wconf 76' lang='lat' dir='ltr'><strong>vocabnntno-</strong></span> 
     </span>
    </p>
   </div>
   <div class='ocr_carea' id='block_1_94' title="bbox 1852 3774 3425 3869">
    <p class='ocr_par' dir='ltr' id='par_1_94' title="bbox 1852 3774 3425 3869">
     <span class='ocr_line' id='line_1_98' title="bbox 1852 3774 3425 3869; baseline -0.021 -11"><span class='ocrx_word' id='word_1_559' title='bbox 1852 3820 1976 3858; x_wconf 84' lang='lat' dir='ltr'><strong>tuen</strong></span> <span class='ocrx_word' id='word_1_560' title='bbox 2003 3801 2125 3869; x_wconf 83' lang='lat' dir='ltr'><strong>ejus</strong></span> <span class='ocrx_word' id='word_1_561' title='bbox 2155 3793 2500 3851; x_wconf 85' lang='lat' dir='ltr'><strong>Emmanuel.</strong></span> <span class='ocrx_word' id='word_1_562' title='bbox 2543 3787 2690 3858; x_wconf 86' lang='lat' dir='ltr'><strong>quod</strong></span> <span class='ocrx_word' id='word_1_563' title='bbox 2722 3798 2806 3839; x_wconf 83' lang='lat' dir='ltr'><strong>est</strong></span> <span class='ocrx_word' id='word_1_564' title='bbox 2842 3785 3281 3849; x_wconf 80' lang='lat' dir='ltr'><strong>interpretatum,</strong></span> <span class='ocrx_word' id='word_1_565' title='bbox 3314 3774 3425 3827; x_wconf 82' lang='lat' dir='ltr'><strong>No-</strong></span> 
     </span>
    </p>
   </div>
   <div class='ocr_carea' id='block_1_95' title="bbox 1854 3871 3425 3950">
    <p class='ocr_par' dir='ltr' id='par_1_95' title="bbox 1854 3871 3425 3950">
     <span class='ocr_line' id='line_1_99' title="bbox 1854 3871 3425 3950; baseline -0.023 0"><span class='ocrx_word' id='word_1_566' title='bbox 1854 3897 2065 3950; x_wconf 80' lang='lat' dir='ltr'><strong>biscum</strong></span> <span class='ocrx_word' id='word_1_567' title='bbox 2099 3890 2264 3943; x_wconf 82' lang='lat' dir='ltr'><strong>Deus.</strong></span> <span class='ocrx_word' id='word_1_568' title='bbox 2331 3885 2639 3948; x_wconf 80' lang='lat' dir='ltr'><strong>Exsurgens</strong></span> <span class='ocrx_word' id='word_1_569' title='bbox 2678 3888 2858 3930; x_wconf 84' lang='lat' dir='ltr'><strong>autem</strong></span> <span class='ocrx_word' id='word_1_570' title='bbox 2894 3871 3091 3938; x_wconf 81' lang='lat' dir='ltr'><strong>.loseph</strong></span> <span class='ocrx_word' id='word_1_571' title='bbox 3142 3885 3168 3921; x_wconf 89' lang='lat' dir='ltr'><strong>a</strong></span> <span class='ocrx_word' id='word_1_572' title='bbox 3211 3879 3425 3927; x_wconf 87' lang='lat' dir='ltr'><strong>somno,</strong></span> 
     </span>
    </p>
   </div>
   <div class='ocr_carea' id='block_1_96' title="bbox 1854 3957 3431 4049">
    <p class='ocr_par' dir='ltr' id='par_1_96' title="bbox 1854 3957 3431 4049">
     <span class='ocr_line' id='line_1_100' title="bbox 1854 3957 3431 4049; baseline -0.022 -6"><span class='ocrx_word' id='word_1_573' title='bbox 1854 3988 1981 4043; x_wconf 81' lang='lat' dir='ltr'><strong>fecit</strong></span> <span class='ocrx_word' id='word_1_574' title='bbox 2011 3986 2152 4039; x_wconf 85' lang='lat' dir='ltr'><strong>sicut</strong></span> <span class='ocrx_word' id='word_1_575' title='bbox 2180 3978 2440 4049; x_wconf 70' lang='lat' dir='ltr'><strong>praecepit</strong></span> <span class='ocrx_word' id='word_1_576' title='bbox 2463 3976 2510 4028; x_wconf 89' lang='lat' dir='ltr'><strong>ei</strong></span> <span class='ocrx_word' id='word_1_577' title='bbox 2550 3990 2576 4025; x_wconf 90' lang='lat' dir='ltr'><strong>a</strong></span> <span class='ocrx_word' id='word_1_578' title='bbox 2597 3971 2790 4040; x_wconf 75' lang='lat' dir='ltr'><strong>ngelus</strong></span> <span class='ocrx_word' id='word_1_579' title='bbox 2822 3964 3059 4026; x_wconf 85' lang='lat' dir='ltr'><strong>Domini,</strong></span> <span class='ocrx_word' id='word_1_580' title='bbox 3126 3971 3182 4015; x_wconf 91' lang='lat' dir='ltr'><strong>et</strong></span> <span class='ocrx_word' id='word_1_581' title='bbox 3215 3957 3431 4025; x_wconf 85' lang='lat' dir='ltr'><strong>accepit</strong></span> 
     </span>
    </p>
   </div>
   <div class='ocr_carea' id='block_1_97' title="bbox 1854 4052 3433 4147">
    <p class='ocr_par' dir='ltr' id='par_1_97' title="bbox 1854 4052 3433 4147">
     <span class='ocr_line' id='line_1_101' title="bbox 1854 4052 3433 4147; baseline -0.02 -14"><span class='ocrx_word' id='word_1_582' title='bbox 1854 4080 2140 4147; x_wconf 79' lang='lat' dir='ltr'><strong>conjugein</strong></span> <span class='ocrx_word' id='word_1_583' title='bbox 2174 4087 2326 4126; x_wconf 90' lang='lat' dir='ltr'><strong>suam</strong></span> <span class='ocrx_word' id='word_1_584' title='bbox 2350 4110 2363 4121; x_wconf 93' lang='lat'><strong>.</strong></span> <span class='ocrx_word' id='word_1_585' title='bbox 2393 4068 2460 4121; x_wconf 92' lang='lat' dir='ltr'><strong>Et</strong></span> <span class='ocrx_word' id='word_1_586' title='bbox 2494 4080 2604 4119; x_wconf 90' lang='lat' dir='ltr'><strong>non</strong></span> <span class='ocrx_word' id='word_1_587' title='bbox 2638 4057 3004 4131; x_wconf 84' lang='lat' dir='ltr'><strong>cognoscebat</strong></span> <span class='ocrx_word' id='word_1_588' title='bbox 3069 4052 3178 4125; x_wconf 74' lang='grc' dir='ltr'><strong>[Αἰ.</strong></span> <span class='ocrx_word' id='word_1_589' title='bbox 3231 4065 3433 4120; x_wconf 82' lang='lat' dir='ltr'><strong>cogno-</strong></span> 
     </span>
    </p>
   </div>
   <div class='ocr_carea' id='block_1_98' title="bbox 1857 4143 3433 4240">
    <p class='ocr_par' dir='ltr' id='par_1_98' title="bbox 1857 4143 3433 4240">
     <span class='ocr_line' id='line_1_102' title="bbox 1857 4143 3433 4240; baseline -0.02 -16"><span class='ocrx_word' id='word_1_590' title='bbox 1857 4169 1969 4240; x_wconf 81' lang='lat' dir='ltr'><strong>vit]</strong></span> <span class='ocrx_word' id='word_1_591' title='bbox 1998 4184 2117 4223; x_wconf 88' lang='lat' dir='ltr'><strong>eam</strong></span> <span class='ocrx_word' id='word_1_592' title='bbox 2141 4170 2182 4231; x_wconf 84' lang='grc'><strong>²,</strong></span> <span class='ocrx_word' id='word_1_593' title='bbox 2220 4167 2391 4218; x_wconf 89' lang='lat' dir='ltr'><strong>donec</strong></span> <span class='ocrx_word' id='word_1_594' title='bbox 2418 4158 2632 4228; x_wconf 89' lang='lat' dir='ltr'><strong>peperit</strong></span> <span class='ocrx_word' id='word_1_595' title='bbox 2657 4156 2828 4208; x_wconf 84' lang='lat' dir='ltr'><strong>ﬁlium</strong></span> <span class='ocrx_word' id='word_1_596' title='bbox 2884 4164 3042 4204; x_wconf 89' lang='lat' dir='ltr'><strong>suum</strong></span> <span class='ocrx_word' id='word_1_597' title='bbox 3105 4143 3433 4213; x_wconf 86' lang='lat' dir='ltr'><strong>pritnOgeni-</strong></span> 
     </span>
    </p>
   </div>
   <div class='ocr_carea' id='block_1_99' title="bbox 1860 4248 2982 4319">
    <p class='ocr_par' dir='ltr' id='par_1_99' title="bbox 1860 4248 2982 4319">
     <span class='ocr_line' id='line_1_103' title="bbox 1860 4248 2982 4319; baseline -0.02 -1"><span class='ocrx_word' id='word_1_598' title='bbox 1860 4277 1971 4319; x_wconf 88' lang='lat' dir='ltr'><strong>tum</strong></span> <span class='ocrx_word' id='word_1_599' title='bbox 2008 4279 2024 4315; x_wconf 87' lang='lat'><strong>:</strong></span> <span class='ocrx_word' id='word_1_600' title='bbox 2056 4269 2111 4314; x_wconf 91' lang='lat' dir='ltr'><strong>et</strong></span> <span class='ocrx_word' id='word_1_601' title='bbox 2140 4257 2355 4312; x_wconf 71' lang='lat' dir='ltr'><strong>vocavit</strong></span> <span class='ocrx_word' id='word_1_602' title='bbox 2389 4269 2589 4307; x_wconf 87' lang='lat' dir='ltr'><strong>nomen</strong></span> <span class='ocrx_word' id='word_1_603' title='bbox 2623 4253 2744 4318; x_wconf 82' lang='lat' dir='ltr'><strong>ejus</strong></span> <span class='ocrx_word' id='word_1_604' title='bbox 2773 4248 2982 4301; x_wconf 66' lang='lat' dir='ltr'><strong>desum.</strong></span> 
     </span>
    </p>
   </div>
   <div class='ocr_carea' id='block_1_100' title="bbox 1928 4330 3434 4428">
    <p class='ocr_par' dir='ltr' id='par_1_100' title="bbox 1928 4330 3434 4428">
     <span class='ocr_line' id='line_1_104' title="bbox 1928 4330 3434 4428; baseline -0.019 -19"><span class='ocrx_word' id='word_1_605' title='bbox 1928 4354 2089 4428; x_wconf 68' lang='grc' dir='ltr'><strong>[ϐαρ.</strong></span> <span class='ocrx_word' id='word_1_606' title='bbox 2124 4348 2240 4421; x_wconf 84' lang='lat' dir='ltr'><strong>IL]</strong></span> <span class='ocrx_word' id='word_1_607' title='bbox 2268 4350 2403 4404; x_wconf 90' lang='lat' dir='ltr'><strong>Cum</strong></span> <span class='ocrx_word' id='word_1_608' title='bbox 2437 4362 2563 4413; x_wconf 77' lang='lat' dir='ltr'><strong>ergo</strong></span> <span class='ocrx_word' id='word_1_609' title='bbox 2591 4352 2752 4397; x_wconf 88' lang='lat' dir='ltr'><strong>natus</strong></span> <span class='ocrx_word' id='word_1_610' title='bbox 2806 4348 2952 4394; x_wconf 91' lang='lat' dir='ltr'><strong>esset</strong></span> <span class='ocrx_word' id='word_1_611' title='bbox 2998 4336 3162 4391; x_wconf 81' lang='lat' dir='ltr'><strong>Jcsus</strong></span> <span class='ocrx_word' id='word_1_612' title='bbox 3195 4337 3248 4386; x_wconf 92' lang='lat' dir='ltr'><strong>in</strong></span> <span class='ocrx_word' id='word_1_613' title='bbox 3273 4330 3434 4384; x_wconf 86' lang='lat' dir='ltr'><strong>Beth-</strong></span> 
     </span>
    </p>
   </div>
   <div class='ocr_carea' id='block_1_101' title="bbox 1856 4421 3434 4505">
    <p class='ocr_par' dir='ltr' id='par_1_101' title="bbox 1856 4421 3434 4505">
     <span class='ocr_line' id='line_1_105' title="bbox 1856 4421 3434 4505; baseline -0.019 -2"><span class='ocrx_word' id='word_1_614' title='bbox 1856 4421 2042 4503; x_wconf 63' lang='lat' dir='ltr'><strong>lelient</strong></span> <span class='ocrx_word' id='word_1_615' title='bbox 2066 4442 2265 4505; x_wconf 79' lang='lat' dir='ltr'><strong>Juda&#39;,</strong></span> <span class='ocrx_word' id='word_1_616' title='bbox 2317 4443 2372 4495; x_wconf 89' lang='lat' dir='ltr'><strong>in</strong></span> <span class='ocrx_word' id='word_1_617' title='bbox 2428 4438 2622 4493; x_wconf 86' lang='lat' dir='ltr'><strong>diebus</strong></span> <span class='ocrx_word' id='word_1_618' title='bbox 2650 4432 2883 4488; x_wconf 79' lang='lat' dir='ltr'><strong>Herodis</strong></span> <span class='ocrx_word' id='word_1_619' title='bbox 2920 4430 3083 4498; x_wconf 87' lang='lat' dir='ltr'><strong>regis,</strong></span> <span class='ocrx_word' id='word_1_620' title='bbox 3136 4439 3263 4481; x_wconf 83' lang='lat' dir='ltr'><strong>ecce</strong></span> <span class='ocrx_word' id='word_1_621' title='bbox 3293 4421 3434 4488; x_wconf 69' lang='lat' dir='ltr'><strong>magi</strong></span> 
     </span>
    </p>
   </div>
   <div class='ocr_carea' id='block_1_102' title="bbox 1787 4520 3437 4617">
    <p class='ocr_par' dir='ltr' id='par_1_102' title="bbox 1787 4520 3437 4617">
     <span class='ocr_line' id='line_1_106' title="bbox 1787 4520 3437 4617; baseline -0.014 -20"><span class='ocrx_word' id='word_1_622' title='bbox 1787 4565 1831 4617; x_wconf 77' lang='grc' dir='ltr'><strong>ι)</strong></span> <span class='ocrx_word' id='word_1_623' title='bbox 1858 4542 1927 4596; x_wconf 83' lang='lat' dir='ltr'><strong>ab</strong></span> <span class='ocrx_word' id='word_1_624' title='bbox 1957 4540 2181 4595; x_wconf 91' lang='lat' dir='ltr'><strong>Oriente</strong></span> <span class='ocrx_word' id='word_1_625' title='bbox 2208 4542 2478 4589; x_wconf 89' lang='lat' dir='ltr'><strong>venerunt</strong></span> <span class='ocrx_word' id='word_1_626' title='bbox 2504 4533 2559 4586; x_wconf 92' lang='lat' dir='ltr'><strong>in</strong></span> <span class='ocrx_word' id='word_1_627' title='bbox 2620 4528 3075 4597; x_wconf 81' lang='lat' dir='ltr'><strong>Hierosolymam,</strong></span> <span class='ocrx_word' id='word_1_628' title='bbox 3139 4520 3386 4574; x_wconf 85' lang='lat' dir='ltr'><strong>dicentes</strong></span> <span class='ocrx_word' id='word_1_629' title='bbox 3418 4532 3437 4574; x_wconf 70' lang='grc' dir='ltr'>ξ</span> 
     </span>
    </p>
   </div>
   <div class='ocr_carea' id='block_1_103' title="bbox 1850 4652 3440 4741">
    <p class='ocr_par' dir='ltr' id='par_1_103' title="bbox 1850 4652 3440 4741">
     <span class='ocr_line' id='line_1_107' title="bbox 1850 4652 3440 4741; baseline -0.018 -11"><span class='ocrx_word' id='word_1_630' title='bbox 1850 4678 1883 4731; x_wconf 82' lang='grc'><strong>5</strong></span> <span class='ocrx_word' id='word_1_631' title='bbox 1913 4675 2263 4741; x_wconf 88' lang='lat' dir='ltr'><strong>inscriptum,</strong></span> <span class='ocrx_word' id='word_1_632' title='bbox 2281 4679 2446 4738; x_wconf 89' lang='lat' dir='ltr'><strong>atque</strong></span> <span class='ocrx_word' id='word_1_633' title='bbox 2469 4681 2593 4741; x_wconf 83' lang='lat' dir='ltr'><strong>eum</strong></span> <span class='ocrx_word' id='word_1_634' title='bbox 2618 4666 2773 4719; x_wconf 69' lang='lat' dir='ltr'><strong>bonae</strong></span> <span class='ocrx_word' id='word_1_635' title='bbox 2791 4661 3013 4741; x_wconf 70' lang='lat' dir='ltr'><strong>quidem</strong></span> <span class='ocrx_word' id='word_1_636' title='bbox 3032 4652 3440 4712; x_wconf 81' lang='lat' dir='ltr'><strong>emendationis</strong></span> 
     </span>
    </p>
   </div>
   <div class='ocr_carea' id='block_1_104' title="bbox 1850 4733 3439 4805">
    <p class='ocr_par' dir='ltr' id='par_1_104' title="bbox 1850 4733 3439 4805">
     <span class='ocr_line' id='line_1_108' title="bbox 1850 4733 3439 4805; baseline -0.016 -8"><span class='ocrx_word' id='word_1_637' title='bbox 1850 4761 1905 4799; x_wconf 77' lang='lat' dir='ltr'><strong>et</strong></span> <span class='ocrx_word' id='word_1_638' title='bbox 1938 4733 2100 4805; x_wconf 64' lang='lat' dir='ltr'><strong>noue,</strong></span> <span class='ocrx_word' id='word_1_639' title='bbox 2132 4742 2226 4797; x_wconf 89' lang='lat' dir='ltr'><strong>sed</strong></span> <span class='ocrx_word' id='word_1_640' title='bbox 2256 4733 2430 4793; x_wconf 70' lang='lat' dir='ltr'><strong>aetatis</strong></span> <span class='ocrx_word' id='word_1_641' title='bbox 2472 4737 2643 4790; x_wconf 90' lang='lat' dir='ltr'><strong>multo</strong></span> <span class='ocrx_word' id='word_1_642' title='bbox 2670 4733 3014 4805; x_wconf 77' lang='lat' dir='ltr'><strong>recentioris,</strong></span> <span class='ocrx_word' id='word_1_643' title='bbox 3053 4737 3109 4780; x_wconf 90' lang='lat' dir='ltr'><strong>et</strong></span> <span class='ocrx_word' id='word_1_644' title='bbox 3133 4736 3439 4805; x_wconf 56' lang='lat' dir='ltr'><strong>quiescen-</strong></span> 
     </span>
    </p>
   </div>
   <div class='ocr_carea' id='block_1_105' title="bbox 1851 4794 3432 4873">
    <p class='ocr_par' dir='ltr' id='par_1_105' title="bbox 1851 4794 3432 4873">
     <span class='ocr_line' id='line_1_109' title="bbox 1851 4794 3432 4873; baseline -0.017 -5"><span class='ocrx_word' id='word_1_645' title='bbox 1990 4794 2380 4867; x_wconf 68' lang='lat' dir='ltr'><strong>duodecimum</strong></span> <span class='ocrx_word' id='word_1_646' title='bbox 2412 4809 2501 4861; x_wconf 79' lang='lat' dir='ltr'><strong>vix</strong></span> <span class='ocrx_word' id='word_1_647' title='bbox 2533 4807 2784 4873; x_wconf 87' lang='lat' dir='ltr'><strong>attingat.</strong></span> <span class='ocrx_word' id='word_1_648' title='bbox 2812 4802 3219 4873; x_wconf 85' lang='lat' dir='ltr'><strong>Dicitur_porro</strong></span> <span class='ocrx_word' id='word_1_649' title='bbox 3238 4794 3301 4873; x_wconf 67' lang='lat' dir='ltr'><strong>in</strong></span> <span class='ocrx_word' id='word_1_650' title='bbox 3325 4794 3432 4843; x_wconf 84' lang='lat' dir='ltr'><strong>Ab-</strong></span> 
     </span>
    </p>
   </div>
   <div class='ocr_carea' id='block_1_106' title="bbox 1857 4865 3437 4949">
    <p class='ocr_par' dir='ltr' id='par_1_106' title="bbox 1857 4865 3437 4949">
     <span class='ocr_line' id='line_1_110' title="bbox 1857 4865 3437 4949; baseline -0.018 -11"><span class='ocrx_word' id='word_1_651' title='bbox 1857 4865 2092 4938; x_wconf 11' lang='lat' dir='ltr'><strong>liaﬁiiaVS.</strong></span> <span class='ocrx_word' id='word_1_652' title='bbox 2145 4882 2434 4949; x_wconf 86' lang='lat' dir='ltr'><strong>Epternaci</strong></span> <span class='ocrx_word' id='word_1_653' title='bbox 2494 4865 2702 4949; x_wconf 45' lang='lat' dir='ltr'><strong>textus&quot;</strong></span> <span class='ocrx_word' id='word_1_654' title='bbox 2741 4873 2956 4949; x_wconf 80' lang='lat' dir='ltr'><strong>haberi.</strong></span> <span class='ocrx_word' id='word_1_655' title='bbox 3012 4865 3437 4932; x_wconf 67' lang='lat' dir='ltr'><strong>Evangeliornni</strong></span> 
     </span>
    </p>
   </div>
   <div class='ocr_carea' id='block_1_107' title="bbox 1856 4945 3439 5020">
    <p class='ocr_par' dir='ltr' id='par_1_107' title="bbox 1856 4945 3439 5020">
     <span class='ocr_line' id='line_1_111' title="bbox 1856 4945 3439 5020; baseline -0.016 -12"><span class='ocrx_word' id='word_1_656' title='bbox 1856 4945 2272 5020; x_wconf 70' lang='lat' dir='ltr'><strong>antiquissimus</strong></span> <span class='ocrx_word' id='word_1_657' title='bbox 2305 4948 2591 5020; x_wconf 69' lang='lat' dir='ltr'><strong>Saxpnicis</strong></span> <span class='ocrx_word' id='word_1_658' title='bbox 2647 4945 2874 5020; x_wconf 76' lang='lat' dir='ltr'><strong>litteris.</strong></span> <span class='ocrx_word' id='word_1_659' title='bbox 2927 4947 3319 5020; x_wconf 73' lang='lat' dir='ltr'><strong>corre_c_tusque</strong></span> <span class='ocrx_word' id='word_1_660' title='bbox 3371 4946 3439 4984; x_wconf 80' lang='lat' dir='ltr'><strong>ex</strong></span> 
     </span>
    </p>
   </div>
   <div class='ocr_carea' id='block_1_108' title="bbox 1858 5008 3436 5091">
    <p class='ocr_par' dir='ltr' id='par_1_108' title="bbox 1858 5008 3436 5091">
     <span class='ocr_line' id='line_1_112' title="bbox 1858 5008 3436 5091; baseline -0.015 -16"><span class='ocrx_word' id='word_1_661' title='bbox 1858 5008 2198 5091; x_wconf 65' lang='lat' dir='ltr'><strong>anmgrapho</strong></span> <span class='ocrx_word' id='word_1_662' title='bbox 2238 5024 2356 5089; x_wconf 76' lang='lat' dir='ltr'><strong>ipso</strong></span> <span class='ocrx_word' id='word_1_663' title='bbox 2480 5012 2819 5091; x_wconf 76' lang='lat' dir='ltr'><strong>Hieronymi,</strong></span> <span class='ocrx_word' id='word_1_664' title='bbox 2858 5020 3019 5062; x_wconf 82' lang='lat' dir='ltr'><strong>utest</strong></span> <span class='ocrx_word' id='word_1_665' title='bbox 3056 5008 3130 5088; x_wconf 75' lang='lat' dir='ltr'><strong>ibi</strong></span> <span class='ocrx_word' id='word_1_666' title='bbox 3192 5012 3436 5091; x_wconf 69' lang='lat' dir='ltr'><strong>notatum</strong></span> 
     </span>
    </p>
   </div>
   <div class='ocr_carea' id='block_1_109' title="bbox 1865 5074 3434 5147">
    <p class='ocr_par' dir='ltr' id='par_1_109' title="bbox 1865 5074 3434 5147">
     <span class='ocr_line' id='line_1_113' title="bbox 1865 5074 3434 5147; baseline -0.018 0"><span class='ocrx_word' id='word_1_667' title='bbox 1865 5097 1915 5147; x_wconf 89' lang='lat' dir='ltr'><strong>in</strong></span> <span class='ocrx_word' id='word_1_668' title='bbox 1951 5074 2309 5146; x_wconf 47' lang='lat' dir='ltr'><strong>carlce‘libri‘;</strong></span> <span class='ocrx_word' id='word_1_669' title='bbox 2340 5108 2358 5140; x_wconf 73' lang='grc' dir='ltr'>ι</span> <span class='ocrx_word' id='word_1_670' title='bbox 2401 5074 2811 5144; x_wconf 70' lang='lat' dir='ltr'><strong>l’roemeudavi,</strong></span> <span class='ocrx_word' id='word_1_671' title='bbox 2840 5093 2895 5133; x_wconf 85' lang='lat' dir='ltr'><strong>ut</strong></span> <span class='ocrx_word' id='word_1_672' title='bbox 2930 5080 3104 5147; x_wconf 80' lang='lat' dir='ltr'><strong>posui,</strong></span> <span class='ocrx_word' id='word_1_673' title='bbox 3132 5074 3434 5147; x_wconf 80' lang='lat' dir='ltr'><strong>Secundum</strong></span> 
     </span>
    </p>
   </div>
   <div class='ocr_carea' id='block_1_110' title="bbox 1861 5140 3433 5222">
    <p class='ocr_par' dir='ltr' id='par_1_110' title="bbox 1861 5140 3433 5222">
     <span class='ocr_line' id='line_1_114' title="bbox 1861 5140 3433 5222; baseline -0.017 -5"><span class='ocrx_word' id='word_1_674' title='bbox 2282 5140 2623 5211; x_wconf 60' lang='lat' dir='ltr'><strong>Bibliotheca</strong></span> <span class='ocrx_word' id='word_1_675' title='bbox 2681 5140 2874 5222; x_wconf 69' lang='lat' dir='ltr'><strong>Eugipi</strong></span> <span class='ocrx_word' id='word_1_676' title='bbox 2931 5140 3057 5218; x_wconf 64' lang='grc' dir='ltr'><strong>’(δίε)</strong></span> <span class='ocrx_word' id='word_1_677' title='bbox 3092 5140 3433 5222; x_wconf 61' lang='lat' dir='ltr'><strong>presbyteri:</strong></span> 
     </span>
    </p>
   </div>
   <div class='ocr_carea' id='block_1_111' title="bbox 1856 5209 3435 5303">
    <p class='ocr_par' dir='ltr' id='par_1_111' title="bbox 1856 5209 3435 5303">
     <span class='ocr_line' id='line_1_115' title="bbox 1856 5209 3435 5303; baseline -0.017 -17"><span class='ocrx_word' id='word_1_678' title='bbox 1856 5209 2231 5303; x_wconf 49' lang='lat' dir='ltr'><strong>iuéiu&#39;ﬁnﬂn</strong></span> <span class='ocrx_word' id='word_1_679' title='bbox 2511 5209 2953 5303; x_wconf 18' lang='lat' dir='ltr'><strong>Ssllie‘roniini.‘</strong></span> <span class='ocrx_word' id='word_1_680' title='bbox 3009 5209 3308 5291; x_wconf 66' lang='lat' dir='ltr'><strong>indictione</strong></span> <span class='ocrx_word' id='word_1_681' title='bbox 3352 5209 3435 5303; x_wconf 43' lang='grc' dir='ltr'><strong>’ξι</strong></span> 
     </span>
    </p>
   </div>
   <div class='ocr_carea' id='block_1_112' title="bbox 1860 5277 3434 5372">
    <p class='ocr_par' dir='ltr' id='par_1_112' title="bbox 1860 5277 3434 5372">
     <span class='ocr_line' id='line_1_116' title="bbox 1860 5277 3434 5372; baseline -0.017 -18"><span class='ocrx_word' id='word_1_682' title='bbox 1860 5277 1982 5372; x_wconf 66' lang='lat' dir='ltr'><strong>post</strong></span> <span class='ocrx_word' id='word_1_683' title='bbox 2039 5304 2383 5355; x_wconf 82' lang='lat' dir='ltr'><strong>consulatum</strong></span> <span class='ocrx_word' id='word_1_684' title='bbox 2447 5277 2627 5351; x_wconf 67' lang='lat' dir='ltr'><strong>Basilii</strong></span> <span class='ocrx_word' id='word_1_685' title='bbox 2669 5294 2729 5350; x_wconf 83' lang='lat' dir='ltr'><strong>V.</strong></span> <span class='ocrx_word' id='word_1_686' title='bbox 2785 5277 2847 5348; x_wconf 62' lang='grc' dir='ltr'><strong>(ἶ.</strong></span> <span class='ocrx_word' id='word_1_687' title='bbox 2884 5307 3027 5345; x_wconf 88' lang='lat' dir='ltr'><strong>anno</strong></span> <span class='ocrx_word' id='word_1_688' title='bbox 3066 5287 3296 5352; x_wconf 76' lang='lat' dir='ltr'><strong>septimo</strong></span> <span class='ocrx_word' id='word_1_689' title='bbox 3336 5277 3434 5330; x_wconf 82' lang='lat' dir='ltr'><strong>dc-</strong></span> 
     </span>
    </p>
   </div>
   <div class='ocr_carea' id='block_1_113' title="bbox 1858 5390 2078 5427">
    <p class='ocr_par' dir='ltr' id='par_1_113' title="bbox 1858 5390 2078 5427">
     <span class='ocr_line' id='line_1_117' title="bbox 1858 5390 2078 5427; baseline -0.027 0"><span class='ocrx_word' id='word_1_690' title='bbox 1858 5390 2022 5427; x_wconf 75' lang='lat' dir='ltr'><strong>CllllU.</strong></span> <span class='ocrx_word' id='word_1_691' title='bbox 2061 5390 2078 5421; x_wconf 74' lang='grc' dir='ltr'><strong><em>ι</em></strong></span> 
     </span>
    </p>
   </div>
   <div class='ocr_carea' id='block_1_114' title="bbox 1929 5418 3432 5509">
    <p class='ocr_par' dir='ltr' id='par_1_114' title="bbox 1929 5418 3432 5509">
     <span class='ocr_line' id='line_1_118' title="bbox 1929 5418 3432 5509; baseline -0.019 -12"><span class='ocrx_word' id='word_1_692' title='bbox 2148 5441 2376 5509; x_wconf 84' lang='lat' dir='ltr'><strong>aliquot,</strong></span> <span class='ocrx_word' id='word_1_693' title='bbox 2404 5441 2471 5491; x_wconf 83' lang='lat' dir='ltr'><strong>Et</strong></span> <span class='ocrx_word' id='word_1_694' title='bbox 2510 5454 2614 5491; x_wconf 84' lang='lat' dir='ltr'><strong>non</strong></span> <span class='ocrx_word' id='word_1_695' title='bbox 2671 5433 2906 5505; x_wconf 74' lang='lat' dir='ltr'><strong>cognovit</strong></span> <span class='ocrx_word' id='word_1_696' title='bbox 2958 5431 3253 5509; x_wconf 34' lang='lat' dir='ltr'><strong>eumn-etc:</strong></span> <span class='ocrx_word' id='word_1_697' title='bbox 3283 5418 3432 5472; x_wconf 89' lang='lat' dir='ltr'><strong>Idem</strong></span> 
     </span>
    </p>
   </div>
   <div class='ocr_carea' id='block_1_115' title="bbox 1859 5494 3431 5582">
    <p class='ocr_par' dir='ltr' id='par_1_115' title="bbox 1859 5494 3431 5582">
     <span class='ocr_line' id='line_1_119' title="bbox 1859 5494 3431 5582; baseline -0.018 -15"><span class='ocrx_word' id='word_1_698' title='bbox 1859 5494 2153 5582; x_wconf 10' lang='lat' dir='ltr'><strong>legituriin</strong></span> <span class='ocrx_word' id='word_1_699' title='bbox 2198 5494 2912 5565; x_wconf 66' lang='lat' dir='ltr'><strong>textuCommentariorum</strong></span> <span class='ocrx_word' id='word_1_700' title='bbox 2972 5501 3023 5551; x_wconf 91' lang='lat' dir='ltr'><strong>iu</strong></span> <span class='ocrx_word' id='word_1_701' title='bbox 3094 5494 3431 5547; x_wconf 77' lang='lat' dir='ltr'><strong>Mattha-utn.</strong></span> 
     </span>
    </p>
   </div>
   <div class='ocr_carea' id='block_1_116' title="bbox 1894 5587 1904 5613">
    <p class='ocr_par' dir='ltr' id='par_1_116' title="bbox 1894 5587 1904 5613">
     <span class='ocr_line' id='line_1_120' title="bbox 1894 5587 1904 5613; baseline 0 0"><span class='ocrx_word' id='word_1_702' title='bbox 1894 5587 1904 5613; x_wconf 76' lang='grc' dir='ltr'>ι</span> 
     </span>
    </p>
   </div>
   <div class='ocr_carea' id='block_1_117' title="bbox 1857 5587 3439 5726">
    <p class='ocr_par' dir='ltr' id='par_1_117' title="bbox 1857 5587 3439 5726">
     <span class='ocr_line' id='line_1_121' title="bbox 1894 5587 1904 5613; baseline 0 0"><span class='ocrx_word' id='word_1_703' title='bbox 1894 5587 1904 5613; x_wconf 78' lang='grc' dir='ltr'>ι</span> 
     </span>
     <span class='ocr_line' id='line_1_122' title="bbox 1857 5587 3439 5726; baseline -0.018 -16"><span class='ocrx_word' id='word_1_704' title='bbox 1857 5587 2203 5726; x_wconf 45' lang='grc' dir='ltr'><strong>δήξιῖιῖθείιιιιε</strong></span> <span class='ocrx_word' id='word_1_705' title='bbox 2244 5668 2343 5709; x_wconf 81' lang='lat' dir='ltr'><strong>ms.</strong></span> <span class='ocrx_word' id='word_1_706' title='bbox 2379 5652 2535 5713; x_wconf 87' lang='lat' dir='ltr'><strong>alter,</strong></span> <span class='ocrx_word' id='word_1_707' title='bbox 2562 5647 2715 5702; x_wconf 67' lang='lat' dir='ltr'><strong>Iuda</strong></span> <span class='ocrx_word' id='word_1_708' title='bbox 2748 5694 2757 5705; x_wconf 83' lang='lat'><strong>,</strong></span> <span class='ocrx_word' id='word_1_709' title='bbox 2791 5643 2919 5697; x_wconf 80' lang='lat' dir='ltr'><strong>oliui</strong></span> <span class='ocrx_word' id='word_1_710' title='bbox 2953 5644 3069 5693; x_wconf 86' lang='lat' dir='ltr'><strong>crat</strong></span> <span class='ocrx_word' id='word_1_711' title='bbox 3107 5631 3337 5699; x_wconf 70' lang='lat' dir='ltr'><strong>Judmr,</strong></span> <span class='ocrx_word' id='word_1_712' title='bbox 3379 5636 3439 5683; x_wconf 90' lang='lat' dir='ltr'><strong>ut</strong></span> 
     </span>
    </p>
   </div>
  </div>
