3880 6168
440 290 546 351 575
1412 293 1473 352 S.
1507 289 1942 352 HIERONYMI
1984 293 2245 354 DIVINA
2286 291 2814 352 BIBLIOTHECA.
3565 296 3655 363 5'16

443 402 546 458 Ubi
572 412 656 457 est
686 403 779 474 qui
813 412 973 461 natus
1005 416 1088 460 est
1110 419 1202 459 rex
1235 399 1589 459 Iudaeorum?
1612 403 1856 459 Vidimus
1881 405 2023 459 enim
2055 419 2100 474 Α
2124 392 2368 462 Joannes
2393 406 2634 475 Baptista
2679 403 2980 474 praedicans
3007 402 3059 455 in
3119 402 3324 457 deserto
3366 405 3560 471 ludam,
3600 421 3645 463 et

442 494 656 547 stellam
694 496 812 564 ejus
843 495 897 549 in
927 497 1160 559 oriente,
1201 505 1255 549 et
1282 495 1529 550 venimus
1590 495 1822 551 adorare
1869 511 2024 551 eum.
2131 500 2366 555 dicens:
2401 497 2781 552 Paenitentiam
2858 494 3021 563 agite,
3087 495 3510 564 apprOpinqnavit
3529 500 3650 554 enim

444 586 689 640 Audiens
733 597 911 640 autem
946 587 1190 640 Herodes
1221 602 1334 644 rex.
1374 588 1623 642 turbatus
1653 598 1759 649 est,
1806 598 1860 641 et
1903 602 2023 641 om-

2165 606 2353 660 rgnum
2381 590 2643 643 caelorum
2682 587 2820 658 [νιιι.
2858 584 2950 657 1.]
2992 585 3091 639 llic
3116 594 3196 638 est
3218 586 3376 648 enim,
3405 589 3487 655 qui
3509 588 3657 648 dictus

447 676 535 729 nis
566 676 951 747 litorosolyma
976 692 1098 729 cum
1138 678 1252 732 illo.
1305 679 1373 731 Et
1434 694 1773 747 congregans
1831 694 2023 732 omnes
2128 692 2210 737 est
2237 698 2333 751 per
2358 682 2556 736 Isaiam
2586 680 2904 750 prophetam
2928 678 3197 731 dicentem
3227 694 3241 736 :
3267 677 3371 731 Vox
3412 680 3658 736 clamantis

447 769 724 837 principes
754 769 1120 831 sacerdotum,
1152 780 1207 823 et
1243 771 1453 823 scribas
1506 772 1714 839 populi,
1776 772 2022 824 sciscita-
2133 774 2186 829 in
2216 775 2469 828 deserto:
2498 774 2690 827 Parare
2712 774 2855 825 viam
2886 770 3095 824 Domini
3132 786 3146 821 :
3173 778 3338 823 rectas
3361 770 3505 825 facite
3522 775 3656 826 senti.

448 858 607 909 batur
635 859 702 911 ab
732 859 809 912 eis
846 860 935 912 ubi
964 861 1216 916 Christus
1253 873 1591 917 nasceretur.
1626 863 1700 933 [v,
1727 862 1822 935 7.]
1852 864 1920 917 At
1945 864 2021 917 illi
2133 874 2215 919 tas
2235 866 2374 936 ejus.
2405 864 2423 937 [
2449 881 2522 929 ιχ,
2549 863 2635 935 6.]
2670 863 2786 929 Ipse
2811 872 2993 916 autem
3048 859 3287 916 Joannes
3325 863 3534 917 habebat
3585 880 3659 918 ve-
3736 924 3741 933 .

449 947 770 1003 dixeruntei
802 966 815 1002 :
841 950 896 1003 In
923 952 1235 1007 Bethlehem
1264 952 1439 1007 Jutlte.
1464 954 1553 1007 Sic
1583 954 1727 1008 enim
1755 956 2021 1025 scriptum
2132 960 2451 1012 stimentum
2495 958 2561 1011 de
2593 957 2719 1026 pilis
2748 955 3100 1016 camelorum,
3135 962 3188 1007 et
3218 971 3396 1007 zonam
3423 955 3657 1023 pelliceam

450 1047 534 1091 est
557 1054 652 1106 per
686 1040 1014 1110 Prophetam
1046 1063 1059 1100 :
1102 1046 1166 1097 Et
1194 1057 1272 1107 tu,
1322 1046 1638 1099 Bethlehem
1670 1057 1814 1099 terra
1841 1046 1978 1099 Jnda
2008 1063 2026 1100 :
2135 1052 2279 1103 circa
2309 1050 2524 1103 lumbos
2549 1061 2721 1101 suos:
2756 1062 2880 1101 esca
2912 1058 3091 1100 autem
3128 1046 3246 1112 ejus
3295 1056 3406 1097 erat
3450 1045 3656 1107 locusta.

454 1143 796 1198 nequaquam
827 1134 1050 1188 minima
1077 1151 1136 1189 es
1168 1137 1220 1189 in
1251 1140 1589 1205 principibus
1619 1139 1782 1201 Juda,
1846 1155 1913 1192 ex
1978 1150 2030 1193 te
2131 1152 2185 1195 et
2209 1142 2313 1194 mel
2344 1142 2614 1194 silvestre.
2647 1139 2803 1193 Tunc
2830 1118 3050 1193 exhibet
3072 1137 3137 1191 ad
3166 1152 3285 1191 eum
3310 1135 3658 1207 Hierosolyma,

452 1226 597 1274 enim
626 1225 771 1277 exiet
804 1228 936 1288 dux,
987 1227 1077 1294 qui
1112 1237 1261 1296 regat
1294 1231 1553 1298 populum
1622 1247 1800 1284 meum
1841 1233 2027 1285 lsracl.
2132 1241 2187 1285 et
2208 1232 2387 1286 omnis
2417 1231 2626 1296 Judaea,
2647 1240 2702 1284 et
2724 1231 2903 1284 omnis
2936 1230 3083 1298 regio
3112 1229 3256 1283 circa
3275 1228 3584 1283 Iordanem:
3617 1238 3660 1283 et

456 1309 551 1381 [V1,
588 1313 699 1385 10.]
752 1316 906 1371 Tunc
940 1317 1204 1383 Herodes,
1229 1323 1364 1374 clam
1403 1323 1608 1377 vocatis
1658 1324 1847 1392 magi;
1903 1324 2033 1377 dili-

2165 1322 2567 1392 taptizabantur
2632 1322 2700 1375 ab
2751 1338 2818 1376 eo
2845 1322 2899 1375 in
2929 1320 3195 1382 Iordane,
3226 1321 3531 1373 conﬁtentes
3561 1337 3663 1388 pec-

455 1415 644 1471 genter
676 1407 868 1461 didicit
892 1410 957 1462 ab
980 1410 1058 1463 eis
1090 1423 1303 1479 tempus
1355 1415 1543 1475 stellis,
1607 1430 1730 1483 qua:
1780 1417 2034 1484 apparuit
2133 1424 2251 1469 cata
2285 1430 2403 1469 sua.
2440 1414 2450 1485 Ι
2485 1432 2537 1479 x,
2570 1416 2623 1469 5.
2651 1413 2670 1485 ]
2694 1415 2897 1470 Videtis
2921 1423 3101 1468 autem
3155 1414 3350 1466 multos
3400 1413 3657 1467 Pharisaeo-

458 1498 537 1549 eis
570 1514 584 1551 :
640 1509 694 1552 et
723 1501 940 1555 mittens
964 1503 1084 1557 illos
1112 1505 1162 1557 in
1204 1505 1544 1569 Bethlehem,
1593 1506 1730 1560 dixit
1763 1526 1774 1561 :
1849 1508 1948 1572 Ite,
1978 1517 2033 1561 et
2135 1507 3094 1569 rum,etSadduc:eorum.venientes
3110 1506 3175 1559 ad
3196 1506 3501 1574 baptismum
3516 1522 3665 1564 suum.

460 1589 790 1659 interrogate
818 1594 1109 1665 diligenter
1135 1600 1201 1652 de
1240 1614 1431 1667 puero,
1456 1611 1510 1653 et
1536 1616 1659 1653 cum
1690 1602 2030 1664 inveneritis,
2138 1598 2281 1652 dixit
2309 1601 2391 1652 eis
2430 1615 2443 1651 :
2469 1599 2765 1664 Progenies
2793 1601 3127 1666 viperarum.
3160 1598 3282 1665 quis
3324 1598 3668 1650 demonstravit

463 1685 772 1738 renuntiate
798 1687 955 1753 mihi,
1017 1701 1073 1743 ut
1105 1700 1157 1744 et
1191 1708 1292 1760 ego
1346 1694 1571 1746 veniens
1604 1693 1826 1746 adorem
1882 1709 2031 1749 eum.
2072 1756 2108 1760 _
2142 1689 2298 1743 vobis
2330 1689 2516 1757 fugere
2544 1706 2573 1741 τι
2608 1700 2830 1742 velllura
2857 1689 2933 1741 ira
2957 1688 3017 1740 ’ἲ
3078 1687 3262 1742 Facile
3322 1703 3444 1756 ergo
3470 1688 3665 1741 Ῐτυίεῑυηι

463 1772 561 1836 Qui
595 1790 714 1828 cum
739 1778 1016 1834 audissent
1048 1756 1252 1851 regem,
1282 1782 1531 1837 abierunt
1563 1800 1577 1842 ;
1627 1793 1828 1839 etecce
1859 1786 2040 1848 stella,
2069 1756 2116 1813 Β
2146 1780 2366 1848 dignum
2398 1779 2750 1848 paenitentiae.
2815 1780 2877 1831 Et
2900 1795 2967 1831 ne
2993 1779 3171 1831 velitis
3202 1779 3377 1830 dicere
3402 1779 3523 1829 intra
3541 1793 3621 1829 vos
3655 1796 3666 1831 :

465 1882 626 1931 quam
660 1870 910 1923 viderant
939 1874 990 1925 in
1022 1873 1266 1940 Oriente,
1295 1877 1654 1931 antecedebat
1688 1892 1804 1939 eos.
1868 1893 2041 1948 usque
2149 1871 2363 1924 Ρίὶῑτθηι
2396 1870 2992 1967 ιιθδθίῖιυεῇλδωιξθίξλ
3030 1869 3162 1967 PES"
3199 1868 3533 1967 enim-vom“
3562 1883 3672 1967 Quo.

464 1958 594 2011 dum
629 1961 856 2016 veniens
890 1973 1059 2018 staret
1087 1980 1275 2034 supra,
1303 1968 1393 2020 ubi
1419 1978 1539 2022 erat
1571 1985 1727 2037 puer.
1781 1969 2042 2025 Videntes
2147 1964 2290 2016 "iam
2326 1972 2516 2029 Ροίθηδ
2551 1970 2634 2014 εει
2665 1962 2808 2014 Deus
2843 1960 2911 2013 de
2938 1959 3215 2027 lapidibus
3277 1959 3395 2012 ίθίίδ
3447 1958 3671 2011 “scum

465 2056 646 2103 autem
680 2052 916 2116 stellam,
975 2056 1147 2124 gavisi
1204 2066 1334 2111 sunt
1362 2058 1565 2128 gaudio
1600 2076 1797 2127 magno
1861 2061 2039 2114 valde.
2148 2056 2289 2108 filios
2319 2054 2574 2107 Abrahae.
2611 2052 2726 2107 Jatn
2759 2054 2905 2105 enim
2942 2051 3156 2106 securis
3191 2051 3257 2105 ad
3290 2052 3513 2106 radicem
3545 2052 3672 2150 arbo-

467 2139 535 2194 Et
563 2142 829 2198 intrantes
850 2146 1095 2212 domum,
1117 2149 1446 2204 invenerunt
1472 2168 1701 2220 puerum
1726 2168 1849 2205 cum
1873 2153 2042 2208 Maria
2148 2162 2267 2201 rum
2300 2148 2474 2214 POSita
2504 2155 2610 2200 est.
2647 2144 2838 2198 omnis
2869 2158 3001 2210 ergo
3030 2144 3220 2208 arbor,
3273 2157 3389 2211 qua!
3447 2157 3541 2195 ηοη
3570 2141 3671 2194 fac"

471 2246 646 2287 matre
674 2236 811 2304 ejus,
843 2247 896 2290 et
925 2240 1274 2307 procidentes
1306 2243 1673 2297 adoraverunt
1718 2260 1846 2298 eum
1912 2261 1925 2299 :
1990 2256 2045 2299 et

472 2326 677 2394 apertis
707 2328 976 2383 thesauris
1005 2333 1141 2394 suis,
1176 2334 1496 2387 obtulerunt
1534 2340 1587 2389 cl
1651 2352 1899 2395 munera.
1951 2354 2047 2391 au-

472 2430 618 2477 rum,
678 2417 825 2483 thus,
866 2430 921 2473 et
954 2424 1256 2491 myrrham.
1316 2425 1381 2478 Et
1412 2442 1680 2496 responso
1734 2439 1959 2500 accepto
1994 2430 2046 2484 in

472 2508 704 2567 somnis.
764 2525 832 2563 ne
864 2512 1106 2567 redirent
1142 2517 1207 2570 ad
1242 2514 1533 2583 Herodem,
1572 2534 1671 2587 per
1701 2520 1861 2574 aliam
1908 2523 2047 2575 viam

473 2596 678 2649 reversi
701 2610 828 2651 sunt
856 2599 910 2652 in
939 2602 1211 2668 regionem
1248 2619 1424 2659 suam.
1487 2607 1591 2671 Qui
1635 2623 1760 2661 cum
1793 2611 2052 2665 recessis-

472 2698 616 2752 sent,
636 2704 764 2743 eccc
778 2691 997 2760 angelus
1020 2694 1232 2748 Domini
1255 2700 1509 2765 apparuit
1531 2701 1583 2751 in
1603 2700 1809 2754 somnis
1826 2700 2049 2769 Joseph,

474 2776 663 2833 dicens
691 2792 710 2835 :
739 2779 933 2851 Surge,
965 2794 1020 2837 et
1050 2786 1237 2855 accipe
1265 2804 1493 2857 puerum
1550 2799 1604 2845 et
1657 2803 1884 2846 matrem
1908 2795 2050 2860 ejus,

476 2877 532 2919 et
562 2867 689 2937 fuge
717 2870 771 2923 in
800 2870 1117 2944 Egyptum,
1153 2888 1208 2930 et
1239 2890 1357 2933 esto
1392 2881 1463 2935 ibi
1494 2898 1666 2951 usque
1712 2885 1837 2937 dum
1872 2886 2049 2939 dicant

480 2956 601 3013 tibi.
635 2960 900 3017 Futurum
934 2975 1018 3019 est
1040 2968 1207 3028 enim,
1236 2980 1295 3022 ut
1319 2968 1561 3026 Herodes
1584 2978 1792 3043 quaerat
1822 2992 2047 3044 puermu

2146 2239 2386 2296 fructum
2420 2239 2647 2300 bonum,
2676 2235 2982 2298 excidetur,
3021 2234 3151 2288 etin
3219 2235 3393 2303 ignem
3445 2233 3672 2285 mittetur.

2151 2329 2250 2402 [χι.
2273 2329 2361 2403 1.]
2396 2330 2507 2399 Ego
2554 2327 2774 2397 quidem
2808 2327 3022 2396 baptizo
3046 2340 3146 2379 vos
3196 2326 3252 2379 in
3280 2339 3414 2394 aqua
3441 2324 3490 2376 in
3534 2322 3675 2390 poeni-

2148 2424 2374 2479 tentiam
2410 2442 2423 2477 :
2454 2424 2543 2493 qui
2574 2435 2755 2476 autem
2788 2429 2910 2489 post
2939 2434 3027 2475 me
3056 2428 3321 2472 venturus
3344 2426 3445 2481 est,
3516 2414 3677 2468 fortior

2149 2530 2236 2569 me
2259 2526 2357 2578 est.
2387 2515 2546 2583 cujus
2568 2528 2674 2565 non
2695 2526 2818 2565 sum
2844 2512 3041 2581 dignus
3063 2518 3427 2565 calceamenta
3446 2515 3638 2576 portare
3665 2521 3676 2556 :

2151 2608 2265 2677 ipse
2320 2622 2417 2660 vos
2472 2604 2776 2674 baptizabit
2834 2605 2887 2656 in
2950 2602 3163 2671 Spiritu
3215 2610 3421 2665 sancto,
3466 2608 3517 2652 et
3565 2602 3675 2662 igni.

2153 2700 2339 2771 [xu,5.
2366 2709 2383 2769 j
2407 2697 2581 2766 Cujus
2612 2696 2976 2751 ventilabrum
3001 2695 3056 2749 in
3090 2710 3259 2748 manu
3292 2708 3389 2747 sua
3426 2709 3438 2745 :
3502 2700 3545 2743 et
3581 2703 3683 2756 per-

2151 2794 2439 2848 mundahit
2486 2808 2668 2848 aream
2701 2809 2854 2847 suam
2915 2808 2929 2847 :
2974 2803 3031 2845 et
3075 2787 3432 2860 congregabit
3479 2784 3681 2838 triticum

2152 2902 2312 2939 suum
2350 2887 2401 2938 in
2430 2886 2707 2947 horreum,
2736 2886 2919 2952 paleas
2944 2892 3129 2936 autem
3160 2876 3686 2946 comlmretigniinex-

2153 2979 2478 3046 stinguibili.
2539 2978 2679 3049 [ξιιμ
2716 2975 2825 3048 10.]
2885 2976 3040 3031 Tunc
3070 2975 3223 3029 venit
3271 2967 3679 3027 JesusaGalilzea

480 3048 547 3100 ad
574 3054 911 3116 perdendutu
941 3071 1090 3110 eum.
1110 3060 1212 3124 Qui
1239 3076 1576 3133 consurgens
1595 3068 1808 3135 accepit
1828 3085 2052 3136 puerum
2082 3091 2124 3146 ο
2159 3070 2211 3123 in
2237 3048 2631 3124 Jordanemiad
2665 3068 2956 3130 Joannem,
3007 3076 3067 3120 ut
3116 3066 3485 3136 baptizaretur
3530 3059 3587 3112 ab
3616 3072 3685 3108 eo.

479 3151 531 3192 et
566 3151 790 3195 matrem
841 3146 959 3214 ejus
984 3158 1164 3212 nocte,
1211 3156 1599 3209 etsecessitin
1652 3157 1969 3228 :Egyptutn,
1998 3171 2056 3217 et

482 3241 599 3283 erat
635 3233 706 3285 ibi
742 3250 912 3304 usque
934 3242 999 3292 ad
1023 3242 1231 3296 obitum
1253 3243 1484 3300 Herodis
1520 3265 1533 3302 :
1564 3260 1621 3302 ut
1644 3254 2051 3322 adimpleretur

484 3323 629 3389 quod
658 3325 862 3379 dictum
892 3338 976 3382 est
1023 3345 1053 3383 a
1084 3332 1314 3388 Domino
1344 3352 1444 3405 per
1495 3341 1817 3410 Pr0phctam
1868 3346 2056 3400 dicen-

488 3421 597 3464 tem
632 3429 646 3467 :
674 3414 747 3468 Ex
769 3416 999 3487 Egypto
1017 3424 1207 3476 vocavi
1230 3425 1400 3479 ﬁlium
1425 3432 1793 3487 meum.‘l‘unc
1816 3434 2057 3492 Herodes

488 3501 677 3557 videns
700 3507 956 3572 quoniam
1011 3510 1206 3567 illusus
1263 3520 1689 3589 essetamagis,
1755 3523 1925 3578 iratus
1973 3536 2057 3581 est

488 3593 662 3658 valde,
690 3604 742 3649 et
768 3600 990 3655 tnittens
1040 3604 1242 3658 occidit
1270 3622 1460 3662 omnes
1488 3626 1688 3677 pueros
1744 3616 1836 3684 qui
1898 3628 2059 3673 erant

489 3684 544 3737 itt
573 3685 910 3754 Bethlehem,
943 3705 997 3746 et
1024 3693 1078 3748 in
1116 3698 1373 3751 omnibus
1393 3702 1597 3756 finibus
1625 3707 1764 3774 ejus,
1792 3724 1819 3760 a
1847 3710 2055 3765 bimattt

489 3786 544 3829 et
568 3776 730 3838 infra,
770 3784 1072 3837 secundum
1105 3795 1325 3855 tempus
1347 3792 1489 3858 quod
1511 3798 1841 3862 exquisierat
1888 3816 1917 3851 a
1940 3815 2057 3852 ma-

491 3868 614 3937 gis:
655 3880 785 3925 tunc
817 3874 1172 3943 adimpletum
1206 3893 1288 3933 est
1328 3883 1470 3951 quod
1504 3887 1707 3939 dictum
1749 3898 1833 3941 cst
1854 3904 1950 3958 per
1968 3889 2057 3944 Je-

491 3962 717 4015 rcmiam
752 3968 1072 4035 prophetam
1100 3972 1372 4028 dicentem
1406 3991 1422 4030 :
1455 3974 1569 4030 Vox
1602 3979 1655 4031 in
1680 3978 1846 4033 Rama
1872 3983 2059 4036 audita

492 4062 595 4115 est,
627 4056 874 4122 ploratus
908 4069 961 4113 ct
992 4062 1228 4117 ululatus
1261 4068 1499 4120 :nultus‘
1530 4085 1544 4124 :
1590 4072 1794 4125 Rachel
1844 4070 2061 4141 ploran's

494 4145 635 4199 ﬁlios
672 4163 823 4211 suos,
860 4160 915 4204 et
948 4154 1119 4206 noluit
1139 4158 1435 4221 consolari,
1464 4162 1591 4227 quia
1622 4178 1727 4215 non
1763 4177 1910 4217 sunt.
1954 4166 2059 4218 Dev

494 4237 680 4291 functo
707 4253 885 4294 autem
912 4242 1163 4310 Herode,
1197 4265 1324 4301 ecce
1353 4253 1575 4318 angelus
1634 4254 1844 4308 Domini
1899 4271 2063 4324 appa-

497 4331 605 4383 ruit
640 4333 691 4384 in
725 4335 934 4388 somnis
951 4334 1153 4406 Joseph
1182 4338 1234 4391 in
1264 4338 1519 4411 IEgypto,
1551 4343 1739 4398 dicens
1773 4361 1787 4398 :
1863 4346 2058 4415 Surge,

496 4434 551 4476 et
582 4426 764 4492 accipe
789 4441 1039 4493 puerum,
1077 4440 1132 4483 et
1155 4440 1384 4485 matrem
1414 4435 1552 4504 ejus,
1584 4443 1641 4488 et
1666 4435 1802 4490 vade
1834 4440 1887 4491 in
1945 4447 2054 4492 ter-
2085 4422 2136 4484 Ῑ)
2163 4436 2213 4490 ei

499 4533 609 4571 ram
666 4521 882 4575 lsrael:
935 4522 1176 4578 defuncti
1233 4533 1362 4579 sunt
1392 4528 1536 4580 enim
1595 4528 1685 4596 qui
1748 4528 2067 4596 quaerebant

495 4613 731 4667 animam
769 4615 946 4683 pueri.
998 4616 1101 4680 Qui
1137 4632 1495 4688 consurgens,
1566 4622 1783 4690 accepit
1835 4637 2063 4691 puerum

496 4714 552 4759 et
576 4719 803 4761 matrem
830 4710 969 4778 ejus.
997 4720 1053 4763 et
1082 4711 1229 4764 venit
1262 4714 1317 4764 in
1370 4721 1572 4765 terram
1601 4712 1789 4767 lsracl.
1823 4715 2069 4770 Audiens

499 4808 684 4853 autem
717 4801 861 4867 quod
888 4800 1189 4855 Archelaus
1221 4814 1475 4871 regnaret
1502 4805 1555 4858 in
1580 4803 1770 4859 Judaaa
1817 4822 1916 4875 pro
1968 4806 2071 4859 He-

1516 4912 1530 4949 :
1590 4904 1645 4949 et
1673 4895 1992 4950 admonitus
2018 4897 2071 4951 in

502 4983 730 5047 somnis,
762 4983 983 5037 secessit
1011 4984 1063 5037 in
1096 4993 1282 5053 partes
1305 4986 1562 5041 Galilaete.
1585 4989 1651 5042 Et
1677 4991 1903 5043 veniens
1924 4991 2073 5044 habi—

502 5074 639 5126 tavit
665 5074 719 5127 in
752 5075 973 5131 civitate
1030 5092 1151 5146 qua:
1186 5092 1410 5135 vocatur
1441 5081 1711 5136 Nazareth
1754 5099 1770 5143 ;
1803 5084 1878 5153 {ut
1902 5086 2077 5137 adimo

504 5167 746 5249 pleretur
775 5172 918 5239 quod
949 5171 1154 5226 dictum
1187 5185 1271 5228 est
1296 5189 1389 5244 per
1414 5176 1756 5247 Prophetas:
1809 5178 2076 5243 Quoniam

501 4887 634 4941 rode
667 4899 820 4956 patre
851 4904 972 4952 suo,
1036 4891 1220 4944 timuit
1253 4893 1346 4947 illo
1374 4893 1453 4947 ire

504 5261 793 5319 Nazaraeus
822 5265 1123 5320 vocabitur.

573 5352 851 5426 [Cap.lll.
892 5370 987 5420 vn,
1014 5354 1108 5428 5.]
1160 5356 1219 5411 in
1272 5356 1468 5413 diebus
1537 5369 1720 5414 autem
1778 5360 1885 5415 illis
1933 5363 2083 5417 venit

509 5515 561 5565 in
592 5512 780 5568 Cresco
800 5517 897 5584 τῆς
931 5514 1212 5579 Ἰουδαίας,
1247 5533 1352 5584 qua
1381 5517 1446 5571 de
1488 5517 1722 5572 lectione
1749 5517 1950 5572 videsis
1966 5534 2090 5572 san-

513 5594 663 5635 ctum
699 5584 987 5638 Docturem
1023 5587 1076 5639 in
1107 5586 1547 5642 Cornuteutariis.

534 5660 555 5685 ’
630 5651 758 5725 Plus
801 5654 855 5707 itt
898 5654 1087 5725 Graeco
1124 5666 1207 5709 est
1244 5665 1416 5720 textu,
1456 5658 1651 5725 Θρῆνος
1687 5657 1779 5710 καὶ
1812 5655 2091 5724 κλαυθμὸς

518 5721 613 5771 καὶ
638 5720 864 5791 ὀδυρμὸς
897 5724 1062 5788 πολύς
1092 5726 1275 5795 :quod
1297 5720 1557 5793 verteris,
1580 5728 1826 5796 gemitus,
1852 5720 2094 5793 ploratus

2157 3161 2402 3216 Joannes
2440 3171 2621 3214 autem
2654 3159 2981 3229 prohibebat
3008 3173 3163 3219 eum,
3193 3157 3380 3211 dicens
3410 3171 3423 3208 :
3451 3152 3551 3220 Ego
3578 3165 3603 3201 a
3648 3154 3687 3199 le

2160 3252 2335 3306 debeo
2369 3251 2653 3319 baptizari,
2678 3260 2732 3304 et
2761 3260 2815 3303 tu
2868 3251 3022 3303 venis
3051 3250 3120 3303 ad
3180 3247 3310 3302 me?
3377 3240 3688 3312 Respondeas

2160 3355 2341 3399 autem
2372 3345 2554 3409 Jesus,
2588 3344 2724 3397 dixit
2754 3344 2801 3396 ei
2841 3360 2855 3396 :
2884 3341 3015 3395 Sine
3046 3341 3213 3395 modo
3250 3360 3262 3393 :
3295 3340 3373 3393 sic
3402 3336 3534 3390 enim
3565 3331 3690 3384 decet

2160 3453 2262 3491 nos
2293 3435 2516 3504 implere
2545 3450 2763 3487 omnem
2792 3436 3085 3505 justitiam.
3158 3432 3316 3486 Tunc
3346 3427 3542 3481 dimisit
3567 3437 3689 3476 eum.

2112 3569 2114 3571 .
2162 3524 2297 3596 (xlv,
2332 3523 2408 3595 l.]
2434 3525 2747 3593 Baptizatus
2776 3532 2959 3577 autem
2997 3522 3185 3587 Jesus,
3226 3517 3501 3575 confestim
3528 3525 3691 3566 ascen-

2161 3615 2327 3670 ditde
2362 3631 2527 3685 aqua.
2592 3613 2651 3668 Et
2682 3630 2809 3669 ecce
2830 3617 3006 3684 aperti
3033 3624 3167 3668 sunt
3202 3613 3252 3668 ei
3291 3610 3415 3667 cuali
3449 3629 3463 3663 :
3510 3617 3560 3660 et
3589 3602 3694 3656 vidit

2160 3706 2414 3775 spiritum
2455 3706 2543 3759 Dei
2612 3706 3038 3760 descendentem
3098 3706 3245 3758 sicut
3302 3699 3605 3760 columbam,
3650 3701 3693 3744 el

2160 3798 2470 3851 venientem
2498 3813 2663 3867 super
2690 3814 2769 3852 se.
2796 3798 2861 3851 Et
2890 3812 3018 3851 ecce
3049 3813 3155 3850 vox
3188 3798 3257 3851 de
3291 3795 3463 3855 cmlis,
3496 3790 3657 3843 dicens
3684 3800 3695 3836 ε

2165 3889 2264 3943 llic
2325 3900 2411 3944 est
2468 3890 2636 3945 Filius
2690 3905 2846 3945 meus
2884 3890 3142 3956 dilectus,
3191 3890 3246 3943 in
3280 3905 3387 3957 quo
3423 3884 3546 3940 mihi
3577 3893 3695 3935 cout-

2164 3981 2369 4049 placui.

2238 4072 2392 4145 [CGP-
2420 4073 2508 4127 IV.
2546 4090 2636 4135 xv,
2664 4073 2745 4144 2.]
2780 4074 2935 4128 Tunc
2963 4073 3123 4129 Jesus
3148 4075 3348 4127 ductus
3377 4081 3456 4124 est
3477 4070 3525 4121 in
3547 4066 3696 4119 deser-

2165 4171 2279 4216 tum
2313 4182 2341 4215 a
2367 4165 2586 4231 spiritu,
2626 4174 2684 4216 ιιι
2715 4171 3020 4216 tentaretur
3052 4179 3081 4215 a
3111 4164 3359 4216 diabolo.
3398 4159 3522 4231 [ινι.
3551 4152 3618 4224 5.]
3649 4151 3699 4204 El

2165 4265 2289 4305 cum
2331 4252 2638 4322 jejunassct
2673 4256 3032 4323 quadraginta
3064 4254 3288 4319 diebus,
3310 4265 3365 4306 et
3394 4248 3699 4318 quadraginta

2167 4346 2440 4406 noctibus,
2481 4354 2668 4413 postea
2699 4346 2914 4399 esuriit.
2953 4346 3018 4401 Et
3043 4348 3311 4400 accedens
3346 4351 3565 4396 teutator
3593 4334 3703 4389 dixit

2251 4453 2267 4491 :
2325 4436 2381 4492 Si
2408 4437 2580 4493 Filius
2617 4439 2711 4493 Dei
2732 4454 2812 4505 cs,
2840 4439 2929 4492 dic
2981 4439 3273 4508 utlapides
3296 4437 3384 4490 isti
3410 4429 3699 4503 panesliant.

2166 4527 2269 4592 Qui
2306 4530 2641 4596 respondens
2664 4529 2802 4582 dixit
2831 4546 2846 4583 :
2880 4530 3159 4598 Scriptum
3192 4539 3281 4582 est
3328 4545 3343 4582 ι
3381 4526 3491 4581 Non
3513 4524 3563 4578 in
3612 4519 3703 4573 so|o

2169 4633 2309 4687 pane
2338 4618 2473 4671 vivit
2502 4620 2688 4683 homo,
2717 4620 2813 4673 sed
2845 4620 2898 4673 in
2921 4620 3071 4673 omni
3128 4620 3301 4673 verbo
3330 4615 3470 4686 quod
3502 4608 3703 4681 procedit

2171 4710 2238 4765 de
2272 4726 2365 4763 ore
2392 4710 2503 4764 Dei.
2540 4711 2693 4765 Tunc
2715 4712 3011 4780 assumpsit
3038 4726 3167 4764 eum
3205 4708 3463 4764 diabolus
3514 4703 3562 4757 in
3602 4714 3704 4751 san-

2174 4810 2314 4854 ctam
2347 4801 2643 4866 civitatem,
2670 4812 2723 4855 et
2757 4801 2949 4855 statuit
2976 4817 3100 4855 cum
3163 4816 3338 4868 super
3399 4791 3703 4866 pinnaculutn

2178 4893 2382 4961 templi,
2418 4904 2473 4946 et
2507 4894 2642 4945 dixit
2668 4894 2757 4948 ei:
2801 4894 2856 4947 Si
2890 4891 3059 4946 Filius
3090 4893 3181 4945 Dei
3206 4907 3291 4955 es,
3326 4889 3475 4943 mitte
3502 4895 3547 4939 te
3574 4883 3707 4936 deor-

2180 5000 2323 5039 sum.
2365 4985 2639 5054 Scriptum
2677 4996 2760 5039 est
2789 4985 2933 5038 enim
2963 5003 2976 5038 :
3040 4984 3174 5049 Quin
3211 4981 3421 5050 angelis
3446 4977 3552 5031 SUiS
3590 4984 3706 5023 ¹¹¹³¹¹⁸

2181 5079 2328 5132 davit
2383 5079 2452 5133 de
2502 5088 2575 5141 te,
2639 5079 2781 5131 etin
2841 5077 3091 5130 manibus
3134 5075 3336 5128 tollent
3392 5082 3462 5133 te,
3511 5063 3709 5119 neforlc

2184 5171 2427 5224 offendas
2448 5172 2516 5223 ad
2552 5170 2785 5238 lapidem
2811 5170 3001 5238 pedem
3054 5177 3231 5220 tuum.
3301 5165 3393 5217 Ait
3423 5161 3496 5215 illi
3544 5157 3709 5211 Jesus:

2185 5264 2421 5317 Rursum
2462 5264 2725 5332 scriptum
2758 5271 2841 5315 est
2898 5279 2912 5317 :
2987 5259 3102 5315 Non
3164 5257 3405 5312 tentabis
3466 5248 3712 5305 Dominum

2188 5355 2355 5410 Deum
2382 5364 2559 5409 tuutn.
2623 5354 2829 5407 Iterum
2869 5350 3161 5420 assumpsit.
3228 5364 3355 5404 eum
3415 5341 3641 5398 diabolus
3675 5349 3713 5382 ιιι

2191 5516 2408 5593 multus,
2449 5526 2609 5593 elc.__
2792 5584 2803 5593 _
3268 5579 3277 5588 ,
3321 5592 3355 5593 η
3605 5576 3715 5593 ..τ-μ.

2264 5592 2282 5620 ⁸
2311 5576 2469 5650 Tres,
2502 5588 2699 5653 quibus
2730 5584 2956 5649 utimur,
3000 5596 3126 5638 mss.
3163 5579 3280 5648 pari
3303 5585 3561 5632 consensu
3605 5576 3693 5633 pra:

2197 5659 2396 5719 ferunt,
2436 5674 2466 5709 a
2498 5660 2675 5724 futura
2718 5656 2821 5710 ira.
