3880 6168
197 322 278 393 577

1195 311 1699 374 EVANGELIUM
1741 313 1892 376 SEC.
1941 314 2427 375 li‘lAT'I‘lL’EUM.

3315 304 3424 368 578

196 441 408 489 montem
442 427 721 484 excelsum
780 424 938 479 valde
974 437 993 480 ς
1044 432 1099 477 et
1155 423 1401 477 ostendit
1456 424 1507 477 ei
1557 422 1739 476 omnia
1774 428 1815 482 Α
1849 435 2071 492 propter
2101 424 2368 493 justitiam
2423 422 2681 491 quoniam
2710 422 2948 490 ipsorum
2969 428 3293 487 estregnnm
3316 426 3428 473 em‘

196 540 327 595 regna
356 521 570 582 mundi,
606 530 660 573 et
684 519 914 589 gloriam
944 531 1160 579 eorum,
1186 524 1242 569 et
1289 516 1427 569 dixit
1477 516 1527 567 ei
1555 531 1569 568 ε
1625 514 1749 569 llaec

197 616 345 671 omnia
405 615 500 667 tibi
557 613 697 666 dabo
723 652 736 675 ,
779 610 821 663 si
874 608 1076 664 cadens
1099 608 1418 662 adoraveris
1458 623 1563 660 me.
1598 605 1751 660 Tunc

197 710 301 764 dicit
329 707 376 760 ei
412 706 573 760 Jesus
609 704 814 765 :Vade,
843 704 1038 757 Sataua
1078 718 1091 755 ε
1136 702 1400 770 scriptum
1435 711 1517 753 est
1553 700 1697 753 enim
1735 718 1749 755 :

200 800 461 855 Dominum
496 797 663 850 Deum
697 804 847 849 tuum
876 792 1161 857 adorabis,
1198 801 1253 846 et
1278 791 1352 846 illi
1395 791 1495 845 soli
1522 790 1749 845 servies.

201 893 330 965 (tm,
354 890 409 943 6.
442 887 637 959 ]Tunc
678 887 901 954 reliquit
925 900 1050 938 eum
1094 884 1343 937 diabolus
1379 900 1389 935 :
1421 892 1476 937 et
1510 898 1636 937 ecce
1660 899 1756 935 an-

203 986 282 1055 geli
306 989 677 1042 accesserunt,
707 990 759 1031 et
786 979 1166 1033 ministrabant
1194 978 1267 1041 ei,
1300 974 1588 1049 [xvnu,L]
1621 976 1755 1029 Cum

202 1088 355 1130 autem
392 1074 643 1126 audisset
676 1071 831 1125 .Iesus
859 1069 1004 1139 quod
1029 1070 1265 1125 Joannes
1310 1068 1543 1122 traditus
1592 1077 1757 1133 esset,

201 1166 397 1221 secessit
457 1168 508 1217 in
544 1164 867 1217 Galilaeam:
912 1159 1049 1231 Ῐχιχ,
1103 1158 1182 1229 7.]
1232 1170 1283 1211 et
1320 1159 1505 1211 relicta
1539 1157 1760 1211 civitate

206 1256 468 1319 b'azaretb,
508 1256 679 1317 vertit,
713 1265 768 1307 et
799 1252 1102 1306 habitavit‘
1136 1252 1189 1304 in
1222 1249 1605 1318 Capharnaum
1650 1262 1761 1298 ina-

204 1352 377 1413 ritima,
402 1366 454 1401 tu
489 1349 687 1401 finibus
730 1346 974 1398 Zabulon
1001 1353 1056 1396 et
1081 1342 1450 1411 Nepbtbalim,
1508 1350 1565 1392 ut
1594 1339 1761 1391 adim.

202 1446 419 1512 pleretur
454 1439 599 1509 quod
626 1440 832 1491 dictum
864 1448 947 1489 est
981 1450 1077 1503 per
1130 1434 1321 1487 Isaiam
1379 1438 1701 1502 prophetam
1746 1448 1762 1486 :

204 1532 337 1585 Terra
370 1530 633 1589 Zabulon,
661 1536 716 1581 et
749 1536 891 1579 terra
913 1526 1289 1594 Nepbthalim,
1317 1523 1400 1576 via
1422 1523 1589 1577 maris
1615 1534 1767 1577 trans

203 1624 491 1683 .Iordanem,
521 1620 739 1675 Galila‘a
771 1618 1042 1687 gentium,
1109 1617 1343 1686 papulas
1368 1618 1461 1685 qui
1528 1606 1764 1670 sedebal

204 1720 246 1770 in
274 1715 530 1770 tenebris.
562 1714 700 1767 vidit
737 1714 911 1765 lucem
942 1727 1193 1780 magnam
1229 1730 1241 1764 :
1274 1722 1329 1763 et
1361 1711 1683 1764 sedentibus
1710 1714 1761 1760 in

1858 515 2058 567 lorum.
2089 514 2236 586 [χλι.
2258 515 2340 585 5.]
2363 516 2509 568 Beati
2531 516 2662 568 estis
2686 531 2808 567 cum
2845 511 3229 565 maledixcrint
3251 509 3427 570 vobis.

1858 618 1913 660 et
1938 608 2207 676 persecuti
2228 624 2323 661 vos
2348 608 2574 671 fuerint,
2594 616 2646 659 et
2668 606 2902 659 dixerint
2925 619 3085 657 omne
3106 602 3304 656 malum
3337 602 3433 655 ad-

1864 718 2077 754 versum
2116 718 2213 754 vos
2243 701 2585 764 mentientes,
2641 708 2861 767 propter
2904 714 3030 753 me:
3072 698 3322 765 gaudete.
3374 702 3433 747 et

1864 797 2167 854 eXsultate.
2194 796 2453 862 quoniam
2480 810 2688 847 merces
2711 803 2888 846 vestra
2908 793 3125 859 c0piosa
3144 802 3227 843 est
3248 790 3303 842 in
3325 802 3435 842 ca:-

1866 887 1954 941 lis.
1987 889 2077 941 Sic
2097 889 2244 941 enim
2271 888 2542 956 persecuti
2586 895 2715 939 sunt
2747 886 3063 955 prophetas,
3097 883 3189 951 qui
3217 882 3436 933 fuerunt

1865 991 1993 1033 ante
2021 995 2139 1033 vos.
2179 979 2350 1049 μιν,
2380 976 2467 1047 2.]
2517 976 2625 1029 V'os
2676 976 2807 1029 estis
2840 977 2917 1028 sal
2948 985 3130 1028 terra.
3183 972 3335 1037 Quod
3388 970 3431 1020 si

1867 1074 1943 1128 sal
1976 1075 2289 1140 evanuerit,
2341 1074 2397 1126 in
2451 1088 2561 1141 quo
2585 1072 2853 1126 salietur?
2911 1072 2977 1124 ad
3036 1069 3263 1122 nihilum
3294 1066 3435 1118 valet

1873 1167 2035 1229 ultra,
2059 1166 2160 1219 nisi
2190 1176 2245 1217 ut
2288 1165 2541 1217 mittatur
2572 1164 2742 1227 foras,
2772 1172 2824 1216 et
2849 1160 3202 1213 conculcetur
3234 1156 3303 1208 ab
3334 1155 3436 1206 ho-
3500 1166 3505 1191 ι

1873 1258 2134 1311 minibus.
2168 1256 2364 1317 Ixutt.
2396 1255 2477 1328 9...]
2515 1256 2622 1307 Vos
2651 1256 2785 1309 estis
2820 1256 2907 1306 lux
2950 1251 3155 1304 mundi.
3199 1248 3314 1302 Non
3340 1262 3438 1314 po-

1875 1358 1980 1403 test
2013 1350 2201 1403 civitas
2226 1351 2484 1405 abscondi
2517 1364 2681 1418 supra
2721 1356 2959 1399 montem
2993 1344 3191 1411 posita.
3251 1338 3439 1403 Neque

1873 1442 2180 1494 accendunt
2214 1443 2516 1498 lucernam.
2552 1450 2608 1492 et
2659 1446 2868 1507 ponunt
2898 1450 3015 1487 eam
3074 1434 3176 1486 sub
3222 1430 3441 1492 modio;

1876 1534 1970 1587 sed
2026 1549 2193 1601 super
2228 1533 2643 1594 candelabrum,
2685 1538 2744 1583 ut
2790 1530 2973 1582 luceat
3029 1525 3135 1595 [ΑΙ.
3166 1533 3219 1577 et
3274 1519 3443 1591 lucet]

1877 1627 2155 1687 omnibus.
2193 1626 2365 1686 quiin
2407 1626 2569 1679 domo
2594 1634 2743 1676 sunt.
2807 1622 2899 1675 Sic
2936 1619 3117 1672 luceat
3143 1618 3233 1669 lux
3263 1624 3445 1668 vestra

1877 1733 2060 1772 coram
2088 1719 2423 1779 hominibus,
2461 1727 2518 1771 ut
2547 1716 2768 1770 videant
2802 1730 2967 1781 opera
2990 1722 3171 1765 vestra
3198 1710 3360 1770 bona,
3391 1714 3449 1759 et

207 1808 405 1875 regione
455 1807 665 1859 umbra:
714 1805 938 1867 mortis,
996 1804 1086 1856 lux
1135 1812 1255 1856 orta
1292 1803 1491 1857 esteis.
1535 1801 1646 1873 [η.
1676 1800 1758 1871 6.]

1892 1810 2185 1879 εἰοιὶίὶυειιι
2218 1821 2427 1877 patrem
2454 1819 2719 1869 vestrum,
2739 1808 2913 1875 quiin
2934 1806 3087 1859 caelis
3115 1814 3214 1856 est.
3233 1800 3446 1870 [utan

207 1900 393 1956 Exinde
413 1900 585 1968 coepit
616 1898 774 1952 Jesus
802 1897 1117 1965 praedicare,
1160 1905 1214 1948 et
1255 1896 1438 1949 dicere
1499 1910 1513 1950 :
1574 1894 1760 1948 Paeni-

211 1992 405 2047 tentiam
431 1992 575 2061 agite
607 2006 621 2043 :
656 1990 1117 2059 appropinquavit
1139 1989 1283 2041 enim
1310 2003 1536 2057 regnum
1592 1988 1763 2042 caelo-

210 2102 329 2139 rum.
362 2084 672 2138 Ambulaus
711 2093 891 2137 autem
922 2082 1081 2137 Jesus
1109 2081 1262 2151 juxta
1303 2096 1451 2133 mare
1505 2078 1764 2145 Galilate,

212 2177 323 2230 vidit
351 2176 495 2230 duos
522 2175 741 2235 fratres,
797 2173 1101 2235 Simonem,
1170 2173 1260 2238 qui
1289 2179 1516 2223 vocatur
1548 2170 1766 2235 Petrus,

211 2276 254 2320 et
276 2266 544 2320 Andream
596 2265 816 2317 fratrem
860 2265 1002 2333 ejus,
1055 2263 1336 2316 mittentes
1368 2270 1483 2314 rete
1506 2263 1558 2315 in
1596 2276 1763 2328 mare,

213 2370 347 2412 erant
370 2360 519 2411 enim
555 2360 879 2427 piscatores,
909 2354 1042 2425 lui,
1078 2356 1131 2408 2.
1159 2356 1235 2425 jet
1263 2358 1339 2410 ait
1376 2356 1487 2409 illis
1527 2371 1543 2413 :
1577 2356 1770 2412 Venite

214 2460 316 2517 post
333 2460 503 2513 me,et
521 2448 711 2501 faciam
730 2463 827 2501 vos
844 2447 956 2500 fieri
978 2450 1278 2516 piscatores
1296 2447 1683 2501 hominum.At
1700 2448 1772 2501 illi

217 2544 463 2597 continuo
481 2542 687 2596 relictis
706 2541 935 2604 retibus,
978 2543 1147 2593 secuti
1168 2552 1296 2595 sunt
1322 2557 1470 2595 eum.
1510 2539 1668 2612 [XXil,
1693 2540 1775 2612 6.]

212 2632 270 2685 Et
298 2632 602 2700 procedens
628 2633 779 2694 inde,
803 2632 935 2684 vidit
958 2631 1096 2683 alios
1116 2634 1255 2684 duos
1282 2631 1774 2695 fratres,Jacubnnt

212 2723 468 2787 Zebedaei,
525 2733 583 2777 et
636 2723 901 2777 Joannem
954 2720 1179 2775 fratrem
1209 2722 1346 2792 ejus,
1379 2723 1432 2777 iu
1483 2723 1605 2775 navi
1652 2708 1775 2777 cum

213 2810 461 2865 Zebcdaao
497 2824 651 2880 patre
699 2826 911 2872 eorum,
976 2813 1284 2866 reticientes
1339 2813 1471 2865 retia
1530 2829 1667 2866 sua:
1725 2821 1781 2867 et

212 2906 410 2956 vocavit
443 2917 562 2956 eos.
606 2902 687 2955 llli
748 2913 929 2957 autem
977 2904 1163 2956 statim
1224 2904 1432 2957 relictis
1489 2904 1695 2958 retibus
1728 2914 1783 2959 et

213 3004 375 3061 patre,
422 2995 604 3050 secuti
636 3004 763 3047 sunt
824 3009 947 3047 eum
997 2994 1039 3049 ’.
1073 2992 1249 3058 ium,
1279 2992 1355 3066 1.]
1392 2995 1456 3048 Et
1511 2994 1784 3051 circuibat

1877 1884 1989 1974 10.]
2027 1903 2204 1956 Nolite
2262 1914 2455 1971 putare
2496 1902 2754 1970 quoniam
2799 1898 2922 1952 veni
2977 1897 3189 1949 solvere
3229 1893 3446 1961 Legem,

1881 2007 1977 2049 aut
2004 1996 2307 2063 Prophetas
2341 2010 2356 2052 :
2409 2010 2515 2047 non
2549 1994 2672 2047 veni
2708 1993 2941 2052 solvere,
2974 1990 3066 2044 sed
3129 1988 3447 2056 adimplere.

1891 2085 2103 2158 [sum
2139 2084 2218 2158 5.]
2248 2089 2420 2139 Amen
2452 2088 2654 2155 quippe
2681 2084 2804 2138 dico
2836 2082 3012 2143 Vobis,
3042 2082 3219 2133 donec
3272 2088 3453 2131 trans-

1880 2189 1970 2234 eat
1997 2180 2191 2233 cwlum
2216 2189 2272 2232 et
2308 2189 2474 2243 terra,
2514 2180 2623 2231 iota
2661 2192 2853 2240 unum,
2886 2184 2979 2228 aut
3013 2189 3154 2226 unus
3180 2188 3316 2240 apex
3338 2186 3453 2223 non

1883 2274 2237 2342 praeteribita
2288 2271 2631 2336 lege,donce
2680 2268 2867 2323 omnia
2920 2267 3071 2319 fiant.
3121 2264 3305 2335 [xxxv.
3339 2258 3452 2331 10.]

1881 2367 1983 2432 Qui
2016 2382 2147 2435 ergo
2172 2366 2397 2419 solverit
2426 2380 2595 2416 unum
2626 2361 2694 2416 de
2735 2362 3005 2414 mandatis
3048 2357 3169 2411 istis
3192 2355 3452 2418 minimis,

1884 2468 1937 2513 et
1980 2458 2232 2511 docuerit
2284 2458 2361 2510 sic
2404 2457 2653 2508 homines
2682 2497 2695 2518 ,
2749 2452 3012 2506 minimus
3073 2451 3355 2503 v0rabilur
3399 2449 3453 2501 in

1888 2568 2062 2623 regno
2088 2552 2351 2605 caelorum
2391 2552 2521 2618 :qui
2555 2558 2736 2601 autem
2765 2547 2955 2600 fecerit
2980 2555 3034 2598 et
3070 2545 3340 2604 docuerit.
3366 2541 3458 2594 hic

1889 2660 2117 2713 magnus
2170 2641 2459 2696 vocabitur
2508 2643 2560 2693 in
2616 2653 2781 2709 regno
2811 2639 3097 2692 calorum.
3146 2635 3274 2688 Dico
3308 2634 3458 2687 enim

1889 2736 2069 2799 vobis,
2111 2736 2235 2802 quia
2268 2733 2371 2785 nisi
2428 2730 2799 2784 abundaverit
2860 2727 3069 2798 justitia
3127 2736 3307 2779 vestra
3338 2724 3459 2793 plus

1889 2840 2050 2893 quam
2090 2822 2431 2881 Scribarum.
2469 2831 2522 2873 et
2556 2819 2977 2878 Pharisazorum,
3034 2829 3141 2867 non
3189 2812 3461 2865 intrabitis

1892 2917 1944 2971 in
1988 2930 2215 2985 regnum
2248 2915 2539 2968 cmlorum.
2573 2911 2822 2965 Audistis
2853 2910 2976 2977 quia
3008 2908 3212 2961 dictqu
3247 2916 3329 2959 est
3360 2919 3459 2957 an-

1896 3012 2099 3080 tiquis:
2134 3009 2252 3063 Non
2289 3008 2507 3061 occides
2536 3023 2549 3061 :
2577 3004 2668 3073 qui
2698 3013 2879 3056 autem
2900 3001 3187 3061 occiderit,
3212 3014 3337 3052 reus
3355 2999 3465 3051 erit

211 3086 357 3141 Iesus
392 3098 561 3142 totam
596 3087 895 3148 Galilaeam.
923 3087 1131 3140 docens
1175 3088 1229 3139 in
1256 3088 1540 3157 synagogis
1565 3104 1781 3153 eorum,
1819 3128 1858 3183 (ἶ
1888 3104 2096 3174 judicio
2130 3104 2171 3157 δ,
2211 3103 2323 3169 Ego
2349 3110 2531 3153 autem
2580 3099 2704 3151 dico
2757 3097 2935 3158 vobis,
2973 3095 3096 3163 quia
3130 3093 3328 3155 omnis,
3367 3093 3465 3159 qui

213 3191 262 3232 et
291 3184 602 3249 praedicans
630 3181 976 3249 evangelium
1012 3179 1166 3248 regni
1202 3194 1219 3234 :
1247 3188 1300 3233 et
1326 3196 1525 3234 sanans
1569 3195 1787 3234 onmem

218 3278 560 3343 languorem,
600 3285 655 3326 et
684 3289 902 3327 omnem
942 3274 1316 3327 infirmitatem
1356 3274 1408 3326 in
1438 3275 1660 3341 populo.
1728 3272 1793 3325 Et

212 3366 551 3436 abiitOpinio
587 3367 706 3435 ejus
739 3368 795 3420 in
829 3377 994 3421 totam
1017 3366 1253 3429 Syriam,
1282 3377 1337 3419 et
1389 3366 1708 3420 obtulerunt
1740 3383 1790 3422 et

210 3476 392 3517 omnes
435 3462 581 3515 male
608 3461 892 3522 habentes,
924 3459 1089 3513 variis
1150 3460 1525 3528 languoribus.
1567 3469 1622 3514 et
1678 3469 1794 3513 tor-

214 3558 406 3608 mentis
437 3554 900 3623 comprehensos,
928 3563 984 3607 et
1021 3553 1114 3621 qui
1163 3554 1425 3607 daemonia
1493 3552 1789 3614 habebant.

210 3654 258 3697 et
294 3646 597 3709 lunaticos,
628 3654 684 3699 et
726 3646 1077 3715 paralyticos.
1146 3656 1202 3698 et
1266 3647 1481 3698 curavit
1534 3660 1677 3699 eos:
1737 3655 1793 3700 et

212 3752 407 3793 secutae
440 3751 574 3794 sunt
600 3756 724 3792 eum
766 3741 942 3793 turbae
975 3742 1158 3793 multa:
1191 3739 1257 3792 de
1286 3739 1529 3802 Galilwa,
1583 3750 1639 3793 et
1693 3739 1796 3793 De-

210 3834 403 3900 capoli.
434 3834 585 3887 etde
612 3833 1096 3897 llierosulymis,et
1135 3833 1200 3886 de
1225 3832 1434 3891 Iudaea.
1457 3840 1513 3885 et
1538 3832 1606 3885 de
1646 3842 1795 3887 trans

209 3922 531 3978 Jordanetn.

275 4015 442 4087 [Cup.
484 4018 549 4083 V,
590 4032 738 4080 xxiv,
762 4015 877 4087 10.]
909 4014 1113 4070 Videtis
1151 4026 1332 4070 autem
1365 4017 1524 4071 Jesus
1553 4018 1794 4085 turbas‘,

210 4114 465 4165 ascendit
502 4112 557 4164 in
600 4126 865 4175 montem,
908 4122 970 4164 et
1001 4126 1125 4163 cum
1158 4111 1412 4174 sedisset,
1438 4119 1799 4166 accesserunt

208 4207 270 4259 ad
299 4224 434 4260 eum
472 4206 732 4273 discipuli
752 4208 891 4271 ejus,
915 4203 1063 4275 [ιχν.
1095 4203 1172 4274 5,]
1200 4214 1253 4257 et
1279 4208 1532 4274 aperiens
1561 4221 1621 4257 os
1640 4220 1795 4257 suum

209 4297 449 4350 docebat
486 4311 607 4358 eos,
648 4296 840 4348 dicens
876 4310 891 4345 :
921 4294 1070 4345 Beati
1106 4310 1374 4361 pauperes
1403 4296 1599 4361 spiritu
1627 4310 1799 4362 :quo-

210 4403 356 4441 niam
409 4389 667 4453 ipsorum
727 4394 812 4437 est
874 4400 1099 4451 regnum
1152 4383 1642 4455 cwloruru.[nvt,
1682 4382 1798 4457 10.]

209 4481 360 4533 Beati
398 4482 573 4531 mites
605 4476 625 4506 δ
656 4493 670 4529 :
697 4477 956 4544 quoniam
1015 4476 1118 4545 ipsi
1151 4478 1512 4544 possidebunt
1568 4488 1794 4531 terram.
1830 4461 1875 4516 ί)

207 4570 405 4643 [XXVI].
447 4569 538 4640 5.]
574 4570 721 4623 Beati
781 4568 875 4637 qui
910 4568 1097 4635 lugent
1133 4583 1148 4623 :
1182 4568 1438 4637 quoniam
1472 4571 1569 4636 ipsi
1608 4584 1803 4623 conso-

204 4667 508 4721 labuntur.
543 4663 765 4734 litum,
803 4660 882 4732 5.]
912 4662 1057 4714 Beati
1091 4663 1184 4729 qui
1228 4663 1504 4724 esuriuut,
1530 4671 1585 4714 et
1608 4664 1803 4715 sitiunt

198 4757 491 4825 justitiam
537 4772 552 4808 :
589 4758 850 4823 quoniam
887 4754 988 4822 ipsi
1023 4754 1445 4807 saturabuntur.
1478 4752 1651 4825 [nm
1690 4753 1800 4825 10.]

203 4851 357 4903 Beati
413 4849 861 4902 misericordes:
914 4846 1175 4915 quoniam
1218 4847 1319 4915 ipsi
1368 4846 1803 4900 misericordiam

202 4949 665 5011 consequentur.
703 4937 849 4991 Beati
884 4936 1087 4990 mundo
1138 4938 1303 4990 corde
1335 4951 1350 4987 :
1385 4937 1643 5004 quoniam
1702 4939 1801 5006 ipsi

204 5035 380 5089 Deum
434 5034 737 5086 videbunt.
772 5030 921 5085 Beati
976 5030 1185 5099 pacilici
1221 5048 1234 5083 :
1265 5030 1525 5098 quoniam
1580 5030 1673 5084 lilii
1708 5031 1803 5085 Dei

201 5128 598 5183 vocabuntur.
657 5124 806 5178 Beati
870 5122 963 5191 qui
1021 5122 1459 5192 persecutionem
1518 5123 1805 5190 patiuntur

280 5355 505 5418 ‘Alias,
560 5352 771 5405 veniens
811 5350 1083 5409 habitarit.
1113 5350 1356 5419 pressius
1386 5350 1597 5413 Graeco,
1634 5348 1805 5402 ἐλθὼν

200 5425 585 5495 ηιῲκτισεν,
618 5434 742 5495 etc.
800 5422 967 5474 Paulo
1014 5437 1233 5495 quoque
1275 5432 1430 5495 post.
1456 5436 1567 5495 _per
1602 5419 1804 5472 Isaiam

196 5491 537 5565 prophetam
572 5494 854 5556 dicentem,
879 5502 985 5545 etc.
1012 5494 1100 5544 Stat
1130 5492 1355 5543 Ἡσαΐου
1384 5491 1482 5543 τοῦ
1519 5492 1805 5559 προφήτου

198 5571 492 5634 λέγοντος.

271 5630 293 5667 δ
324 5636 514 5687 Addit
547 5630 773 5685 Graecus
804 5632 1007 5691 αὐτῶν,
1034 5643 1187 5696 patre
1226 5648 1434 5685 eorum.

280 5706 303 5739 ³
333 5706 576 5761 Nomen
614 5702 761 5755 Jews
789 5703 991 5755 Iticloci
1022 5718 1199 5771 neque
1231 5703 1404 5758 nostri
1427 5718 1556 5758 mss.
1581 5703 1804 5768 habent,

198 5792 392 5847 neque
436 5774 684 5829 Gnaeus
710 5775 827 5843 ipse
866 5782 1061 5827 textus.

1896 3196 2151 3249 irascitur
2177 3193 2331 3247 fratri
2362 3207 2485 3251 suo.
2545 3206 2671 3243 reus
2718 3194 2823 3242 erit
2868 3188 3101 3257 judicio.
3154 3187 3467 3251 Quiautem

1894 3288 2094 3343 dixerit
2132 3286 2285 3339 fratri
2319 3300 2439 3347 suo,
2469 3285 2635 3343 Raca.
2714 3298 2840 3336 reus
2886 3283 2992 3335 erit
3046 3280 3301 3334 concilio.
3359 3278 3467 3343 Qui

1894 3391 2077 3435 autem
2105 3379 2322 3439 dixerit.
2349 3376 2540 3438 Fatue,
2602 3390 2729 3429 reus
2784 3376 2890 3428 erit
2922 3374 3183 3443 gehennae
3216 3372 3373 3443 ignis.
3409 3371 3465 3425 Si

1896 3488 2027 3542 ergo
2063 3471 2232 3525 oﬂ‘ers
2258 3486 2456 3523 tnunus
2494 3481 2644 3521 tuum
2684 3468 2749 3521 ad
2778 3469 2972 3532 altare,
3012 3475 3061 3519 et
3102 3468 3175 3520 ibi
3212 3464 3469 3519 recorda-

1898 3575 1985 3621 tus
2010 3566 2201 3628 fueris,
2237 3564 2362 3633 quia
2395 3565 2562 3616 frater
2592 3573 2716 3614 tuus
2750 3562 2910 3613 habet
2944 3560 3149 3627 aliquid
3178 3559 3467 3611 adversum

1898 3667 1950 3709 te
1988 3669 2004 3715 ;
2039 3656 2286 3722 relinque
2336 3653 2409 3705 ibi
2440 3668 2640 3704 munus
2687 3662 2837 3704 tuum
2870 3660 2996 3702 ante
3043 3650 3215 3701 altare
3249 3658 3303 3701 et
3334 3649 3472 3701 vade

1900 3750 2052 3817 prius
2081 3744 2428 3799 reconciliari
2457 3744 2613 3797 iratri
2653 3752 2747 3794 tuo
2785 3759 2799 3794 :
2837 3751 2892 3793 et
2918 3751 3048 3795 tunc
3082 3741 3309 3793 veniens
3333 3739 3472 3793 offeo

1900 3854 1986 3891 res
2010 3852 2212 3889 munus
2244 3844 2395 3885 tuum
2421 3833 2464 3885 ⁸.
2496 3831 2704 3903 [xum
2851 3829 2977 3882 Esto
3000 3831 3350 3881 consentiens
3373 3828 3440 3881 ad

1899 3930 2141 3983 versario
2179 3940 2274 3981 tuo
2300 3928 2429 3989 cito,
2456 3927 2585 3979 dum
2620 3939 2680 3977 es
2712 3924 2764 3977 in
2809 3924 2892 3975 via
2925 3938 3047 3975 cum
3085 3937 3148 3974 eo
3187 3938 3201 3977 :
3236 3939 3300 3975 ne
3328 3922 3473 3976 forte

1903 4022 2085 4075 tradat
2115 4032 2169 4073 te
2207 4019 2558 4073 adversarius
2581 4017 2774 4087 judici,
2804 4024 2859 4069 et
2884 4016 3044 4084 judex
3075 4015 3251 4067 tradat
3294 4025 3344 4067 te
3369 4016 3469 4068 mi-

1902 4119 2097 4181 nistro,
2132 4123 2188 4169 et
2229 4114 2281 4167 in
2318 4126 2600 4166 carcerem
2648 4109 2909 4164 mittaris.
2960 4110 3131 4161 Amen
3178 4110 3301 4161 dico
3344 4109 3469 4173 tibi,

1902 4224 2011 4261 non
2043 4208 2192 4261 exies
2224 4205 2373 4265 inde,
2399 4206 2573 4257 donec
2600 4203 2795 4256 reddas
2817 4202 3169 4255 novissimum
3194 4202 3472 4269 quadran-

1905 4302 2037 4353 tem.
2070 4295 2303 4368 [xxxvn,
2348 4293 2463 4363 10.]
2517 4292 2758 4345 Audistis
2791 4290 2919 4360 quia
2962 4291 3168 4343 dictum
3206 4300 3291 4344 est
3326 4293 3475 4343 anti-

1904 4398 2025 4460 quis
2062 4408 2076 4443 :
2119 4391 2232 4441 Non
2280 4387 2667 4441 .ntecliaberis.
2708 4384 2817 4454 Ego
2866 4394 3047 4435 autem
3102 4384 3224 4437 dico
3269 4385 3426 4437 vobis
3458 4399 3475 4434 :

1907 4482 2035 4550 quia
2063 4482 2266 4542 omnis,
2298 4480 2390 4547 qui
2426 4478 2624 4530 viderit
2658 4478 2944 4530 mulierem
2975 4476 3041 4529 ad
3071 4480 3476 4545 concupiscen-

1906 4571 2035 4627 dum
2074 4588 2218 4633 eam,
2256 4571 2365 4640 jam
2433 4570 2741 4623 mmebatus
2770 4578 2855 4622 est
2878 4584 2999 4622 eam
3042 4569 3098 4621 in
3154 4568 3321 4623 corde
3350 4585 3475 4622 suo.

1906 4665 2060 4730 Quod
2122 4664 2167 4718 si
2217 4664 2411 4716 oculus
2470 4673 2597 4716 tuus
2629 4662 2821 4716 dexter
2862 4661 3200 4715 scandalizat
3237 4672 3310 4727 te,
3343 4675 3479 4716 erue

1875 4775 2053 4823 .eum,
2088 4766 2140 4811 et
2168 4758 2371 4826 projice
2404 4758 2500 4810 abs
2536 4768 2584 4809 te
2619 4773 2633 4811 :
2673 4758 2897 4825 expedit
2926 4758 3071 4810 enim
3106 4758 3228 4819 tibi.
3266 4770 3324 4811 ut
3353 4775 3481 4827 per—

1906 4860 1995 4906 eat
2033 4866 2198 4904 unum
2236 4850 2609 4904 membrorum
2646 4858 2885 4913 tuorum,
2925 4863 3087 4916 quam
3147 4858 3324 4901 totum
3351 4864 3477 4901 ροτ-

1909 4959 2008 5010 pus
2040 4952 2191 4995 tuum
2222 4942 2471 4995 mittatur
2502 4940 2555 4994 iu
2588 4941 2915 5009 gehennam.
2950 4939 3017 4993 Et
3046 4942 3090 4994 si
3116 4941 3341 4994 dextera
3366 4956 3483 4993 ma-

1909 5054 2012 5091 nus
2048 5047 2138 5089 tua
2169 5037 2505 5090 scandalizat
2543 5045 2617 5098 te,
2684 5036 2946 5089 abscinde
2981 5051 3124 5100 eam,
3190 5046 3243 5089 et
3276 5038 3481 5105 projice

1909 5129 2006 5182 abs
2036 5138 2086 5182 te
2118 5148 2130 5181 :
2164 5128 2385 5196 expedit
2428 5129 2575 5181 enim
2628 5127 2749 5192 tibi,
2784 5136 2842 5180 ut
2885 5137 3071 5196 pereat
3101 5144 3268 5181 unum
3312 5142 3485 5179 mem-

1982 5349 2150 5403 δίκε-ο
2198 5348 2265 5399 de
2316 5350 2529 5402 mitium
2595 5349 2932 5403 beatitudine
2990 5347 3243 5417 pericope
3295 5348 3479 5411 alteri,

1911 5437 2030 5489 quae
2061 5423 2126 5470 de
2166 5420 2467 5487 lugentium
2505 5429 2610 5483 est,
2648 5425 2701 5473 in
2752 5421 2941 5474 Gnaeo
2991 5418 3284 5483 exertiplari
3323 5428 3480 5485 pust-

1914 5494 2169 5544 habetur.

1984 5563 2002 5591 ⁸
2044 5558 2193 5614 Unus
2242 5561 2463 5629 Regina:
2512 5576 2638 5621 "15.,
2676 5577 2794 5612 rens
2844 5570 2920 5611 est
2952 5555 3189 5629 judicio._
3234 5556 3357 5612 Mox
3389 5560 3482 5612 ubi

1913 5631 2138 5691 dicitur,
2170 5626 2359 5691 omnis,
2393 5634 2480 5697 qui
2513 5632 2761 5682 irascitur
2792 5626 3088 5695 fratrisuo,
3124 5626 3374 5683 additum
3398 5640 3487 5684 est

1918 5705 1987 5756 in.
2009 5701 2201 5753 Graeco
2232 5704 2375 5765 εἰκῇ,
2409 5718 2524 5753 sine
2554 5719 2737 5752 causa.

1997 5771 2017 5800 ⁸
2041 5772 2189 5823 Alias
2218 5772 2339 5837 of}in
2373 5786 2387 5823 :
2428 5786 2548 5820 cuiu
2582 5769 2766 5823 Gratco
2800 5770 3100 5839 πρόσφερε.
