3880 6168
502 348 606 410 573

1413 328 1494 406 s."
1513 343 1954 406 HIERONYMI
1997 343 2267 406 DIVINA
2314 341 2858 411 BIBLlOTHECA.
3563 348 3644 414 διο

486 463 710 516 brorum
743 468 981 525 tuorum,
1015 473 1176 528 quam
1217 465 1392 512 totum
1435 471 1637 524 corpus
1687 465 1841 512 tuum
1883 467 1969 512 eat
1997 459 2052 512 in
2083 469 2128 522 Α
2160 459 2303 512 videt
2332 457 2386 512 in
2432 456 2794 521 abscondito;
2850 454 3042 512 reddet
3105 455 3220 513 libi.
3271 461 3466 520 Etcum
3494 471 3647 538 oratis,

487 556 814 624 gehennam.
846 554 1059 606 Dictum
1096 560 1180 604 est
1212 559 1393 604 autem
1429 566 1446 605 :
1481 549 1803 617 Quicunque
1833 551 2057 606 dimise-

487 647 564 701 rit
593 659 816 700 uxorem
861 657 1038 706 suam,
1081 642 1178 694 det
1229 641 1280 695 ei
1344 641 1592 695 libellum
1649 639 1886 711 repudii.
1943 643 2054 711 Ego

488 748 668 792 autem
705 735 822 788 dico
851 732 1008 785 vobis
1036 748 1050 786 :
1074 731 1213 796 Quia
1237 731 1419 784 omnis
1479 732 1570 799 qui
1606 731 1876 785 dimiserit
1918 732 2055 786 uxo-

489 843 605 881 rem
639 841 818 886 suam.
855 833 1084 892 excepta
1131 823 1514 876 fornicationis
1537 837 1726 888 causa,
1767 823 1896 876 facit
1934 839 2053 877 eam

491 916 752 971 mmchari
794 932 808 966 :
848 913 1022 982 etqui
1055 912 1336 967 dimissam
1361 911 1602 975 (luxerit,
1627 913 1920 969 adulterat.
1946 914 2058 967 lte-

490 1021 610 1058 rum
637 1003 866 1057 audistis
915 1005 1044 1071 quia
1087 1001 1296 1056 dictum
1329 1011 1416 1056 est
1444 1002 1684 1071 antiquis
1722 1019 1736 1057 :
1780 1002 1898 1056 Non
1936 1017 2059 1072 per-

480 1097 734 1167 jurabis:
772 1095 970 1150 reddes
997 1104 1178 1149 autem
1203 1093 1432 1149 Domino
1458 1095 1773 1161 iuramenta
1807 1104 1919 1148 tua.
1946 1096 2059 1163 Ego

486 1199 667 1244 autem
705 1188 827 1242 dico
855 1187 1036 1250 vobis,
1069 1202 1178 1240 non
1211 1187 1402 1254 jurare
1433 1186 1684 1255 omnino,
1749 1203 1928 1256 neque
1957 1205 2059 1256 per

484 1283 710 1344 cmlum,
735 1280 860 1345 quia
893 1279 1122 1331 thronus
1156 1277 1250 1330 Dei
1290 1289 1375 1331 est
1425 1293 1643 1354 :neque
1679 1293 1776 1346 per
1814 1289 2042 1343 terram,

485 1375 612 1442 quia
639 1372 935 1426 scabellum
965 1379 1051 1424 est
1085 1369 1283 1438 pedum
1323 1371 1441 1438 ejus
1482 1383 1501 1421 :
1532 1355 1710 1437 neque
1735 1385 1833 1438 per
1867 1368 2062 1423 Hiero-

486 1467 771 1538 solymam,
811 1464 940 1533 quia
969 1463 1164 1516 civitas
1193 1472 1278 1516 est
1313 1462 1493 1532 magni
1525 1462 1668 1531 regis
1698 1480 1712 1515 :
1742 1479 1920 1530 neque
1961 1480 2060 1534 per

486 1567 652 1628 caput
686 1566 837 1610 tuum
869 1555 1164 1625 juraveris,
1194 1554 1318 1623 quia
1354 1570 1463 1606 non
1503 1564 1657 1622 potes
1689 1570 1861 1607 unum
1891 1555 2061 1622 capil-

485 1654 598 1706 lum
630 1652 809 1703 album
868 1648 1072 1712 facere,
1125 1656 1220 1700 aut
1255 1650 1492 1715 nigrum.
1555 1646 1636 1700 Sit
1663 1657 1846 1700 autem
1878 1664 2060 1701 sermo

485 1755 689 1802 vester,
723 1741 837 1801 Est,
872 1747 954 1792 est
981 1753 997 1793 :
1038 1753 1170 1801 non,
1202 1753 1307 1790 non
1336 1752 1352 1792 :
1385 1737 1528 1804 quod
1552 1748 1732 1791 autem
1765 1739 1848 1791 his
1887 1741 2059 1790 abun-

2157 563 2263 601 non
2301 549 2458 601 eritis
2483 549 2627 602 Sicut
2659 547 2982 616 hypocritie,
3006 549 3098 617 qui
3136 563 3309 607 amant
3339 555 3386 610 in
3417 561 3649 628 synagogit

2153 649 2210 692 et
2245 641 2295 693 in
2333 641 2546 708 angulis
2572 639 2877 708 platearum
2909 651 3119 695 stantes
3183 659 3353 709 orare,
3388 659 3440 702 ut
3467 649 3644 705 videan-

2157 741 2247 783 tur
2283 731 2350 783 ab
2388 732 2707 785 hominibus
2751 747 2766 786 :
2802 747 2957 784 amen
3012 732 3135 786 dico
3185 736 3348 797 vobis.
3386 753 3654 809 receperun’

2159 823 2470 877 mercedem
2503 837 2679 876 suam.
2715 823 2795 876 Tu
2829 831 3012 877 autem
3043 839 3165 879 cum
3196 831 3438 894 oraveris,
3473 832 3589 885 intra
3615 834 3652 887 in

2155 915 2468 970 cubiculum
2497 925 2675 978 tuum,
2701 923 2758 968 et
2779 915 2966 969 clauso
2990 915 3131 969 ostio
3154 917 3193 978 ‘.
3215 933 3303 971 ora
3334 930 3520 987 patrem
3538 934 3656 976 tuum

2157 1009 2213 1064 in
2243 1007 2565 1060 abscondito
2599 1023 2613 1058 ε
2651 1015 2704 1058 ει
2740 1015 2896 1074 pater
2925 1015 3074 1069 tuus.
3098 1009 3187 1074 qui
3217 1008 3357 1062 videt
3392 1011 3440 1064 in
3473 1012 3654 1070 abscon-

2158 1103 2295 1164 dito,
2349 1098 2544 1154 reddet
2599 1099 2697 1153 tibi
2729 1097 2904 1170 [xum
2931 1097 3016 1170 5.]
3069 1098 3295 1153 Orantes
3319 1109 3502 1168 autem,
3527 1105 3658 1161 nolite

2160 1192 2396 1246 multum
2425 1190 2600 1258 loqui,
2624 1193 2765 1244 sicut
2792 1190 3026 1244 ethnici.
3090 1189 3284 1243 Putant
3306 1194 3440 1245 enim
3473 1197 3591 1263 quod
3618 1198 3657 1250 in

2161 1281 2504 1350 multiloquio
2541 1297 2644 1335 suo
2672 1282 3060 1336 exaudiantur.
3102 1282 3277 1336 Nolite
3321 1299 3444 1353 ergo
3487 1287 3661 1339 assimi-

2157 1374 2258 1428 lari
2293 1375 2392 1430 eis.
2422 1374 2539 1429 Scit
2563 1375 2711 1428 enim
2731 1384 2889 1444 pater
2911 1385 3113 1440 vester,
3142 1375 3270 1444 quid
3295 1392 3424 1444 opus
3439 1379 3502 1430 sit
3525 1379 3660 1432 vobis.

2161 1475 2456 1535 antequam
2494 1467 2691 1532 petatis
2713 1482 2862 1520 eum.
2885 1465 2974 1520 Sic
2995 1481 3124 1534 ergo
3161 1481 3255 1520 vos
3285 1468 3510 1522 orabitis.
3537 1468 3661 1524 Patet

2159 1569 2370 1620 noster.
2395 1575 2483 1624 qut
2518 1574 2578 1612 es
2613 1559 2666 1612 in
2695 1558 2850 1612 cmlis
2882 1575 2898 1613 :
2939 1559 3308 1612 sanctificetur
3331 1574 3507 1613 nomen
3527 1569 3662 1614 tuum.

2160 1649 2465 1702 Adveniet"
2502 1663 2727 1717 regnum
2759 1658 2932 1701 tuum.
2952 1638 3072 1700 Fiat
3091 1647 3334 1702 voluntas
3363 1656 3465 1713 tua,
3485 1649 3602 1702 sicut
3621 1650 3664 1702 in

2161 1741 2321 1804 caelo,
2363 1741 2494 1794 etin
2537 1741 2922 1794 terra.Panem
2947 1748 3192 1792 nostrum
3233 1739 3666 1808 supersubstantia-

491 1835 722 1887 dantius
756 1839 864 1892 est,
895 1845 925 1882 a
959 1829 1104 1881 malo
1137 1838 1242 1881 est.
1271 1827 1518 1881 Audistis
1543 1829 1669 1897 quia
1706 1828 1908 1881 dictum
1933 1838 2058 1882 est:
2094 1813 2136 1867 Β
2167 1832 2278 1905 Ιειιι
2309 1832 2375 1883 da
2408 1833 2566 1887 nobis
2592 1833 2776 1886 hodie.
2801 1833 2865 1885 Et
2893 1832 3106 1887 dimitte
3129 1830 3284 1885 nobis
3311 1831 3476 1885 debita
3501 1839 3667 1896 nostra,

490 1923 720 1980 Oculum
754 1937 854 1990 pro
881 1920 1060 1982 oculo,
1101 1928 1154 1972 et
1191 1920 1410 1973 dentem
1443 1934 1539 1988 pro
1577 1922 1760 1973 dente.
1819 1919 1928 1988 Ego
1961 1934 2059 1973 auc

491 2030 601 2073 tem
639 2018 760 2071 dico
791 2014 971 2075 vobis,
1031 2029 1138 2066 non
1183 2013 1438 2066 resistere
1479 2013 1620 2063 malo
1651 2029 1666 2074 ;
1699 2011 1949 2082 [xxxvnn
1982 2011 2061 2084 5.]

491 2111 586 2165 sed
623 2111 670 2163 si
701 2107 824 2176 quia
873 2116 924 2160 te
978 2105 1315 2174 percusserit
1364 2104 1417 2156 in
1449 2103 1731 2156 dexteram
1788 2105 2061 2159 maxillam

494 2214 664 2265 tuam,
704 2201 885 2267 praebe
915 2196 994 2251 illi
1027 2207 1084 2248 et
1117 2198 1343 2249 alteram
1380 2209 1394 2247 2
1423 2203 1479 2246 et
1513 2194 1582 2254 ei,
1611 2193 1708 2261 qui
1737 2193 1852 2245 vult
1884 2203 2061 2246 tecum

490 2292 702 2362 judicio
738 2290 1097 2347 contendere,
1132 2295 1188 2340 et
1249 2285 1488 2337 tunicam
1541 2295 1688 2336 tuam
1723 2285 1935 2349 tollere,
1972 2284 2055 2336 «ιι-

494 2385 650 2436 tnitte
676 2380 728 2434 ei
753 2378 1072 2447 etpallium,
1098 2375 1306 2447 uarix,
1333 2373 1450 2446 10.]
1485 2376 1869 2444 etquicunque
1897 2384 1944 2429 te
1971 2391 2067 2428 an-

492 2473 788 2543 gariaverit
831 2471 982 2524 mille
1013 2484 1230 2538 passus,
1261 2467 1398 2520 vade
1418 2483 1544 2519 cum
1584 2467 1679 2519 illo
1711 2477 1766 2520 et
1789 2467 1894 2520 alia
1933 2467 2063 2522 duo.

493 2569 594 2634 Qui
633 2548 766 2636 pem
801 2580 830 2617 a
865 2573 940 2625 te,
974 2563 1042 2616 da
1073 2563 1122 2615 ei
1161 2577 1174 2615 :
1203 2568 1258 2613 et
1295 2560 1503 2613 volenti
1538 2561 1779 2614 mutuari
1814 2577 1844 2615 a
1872 2574 1946 2624 te,
1997 2577 2067 2617 ne

495 2658 782 2712 avertaris.
810 2655 1059 2710 Audistis
1085 2656 1211 2720 quia
1244 2653 1450 2705 dictum
1482 2666 1566 2707 est
1601 2671 1616 2707 :
1656 2655 1858 2723 Diliges
1889 2655 2068 2724 proxi-

498 2769 644 2807 mum
684 2763 860 2814 tuum,
924 2759 981 2804 et
1034 2748 1162 2801 odio
1227 2747 1458 2801 habebis
1514 2748 1800 2800 inimicum
1835 2757 1990 2802 tuum
2025 2749 2065 2802 ί.

497 2847 608 2918 ιιι,
638 2843 716 2914 5.]
771 2844 882 2912 Ego
938 2852 1119 2895 autem
1179 2840 1304 2893 dico
1338 2839 1494 2893 vobis
1529 2856 1543 2892 :
1577 2839 1786 2908 diligite
1816 2840 2068 2895 inimicos

497 2949 733 3000 vestros,
765 2935 1070 2990 benefacite
1097 2935 1200 2995 his,
1231 2933 1324 3002 qui
1349 2933 1586 2986 oderunt
1617 2947 1714 2986 vos
1741 2935 1761 2964 '
1801 2939 1891 2987 :et
1915 2941 2067 2985 orate

501 3047 602 3100 pro
641 3027 1104 3098 persequentibus
1146 3024 1680 3088 etsalnmniantibus
1699 3039 1794 3076 vos
1828 3041 1841 3077 :
1877 3023 2070 3076 utsitis

498 3122 596 3175 filii
617 3120 797 3174 Patris
814 3119 1002 3182 vestri,
1027 3118 1119 3185 qui
1159 3117 1212 3169 in
1236 3117 1391 3170 cmlis
1416 3125 1501 3168 est
1534 3133 1550 3170 :
1586 3115 1678 3183 qui
1715 3115 1884 3168 solem
1907 3129 2068 3167 suum
2098 3143 2141 3200 ο

499 3215 630 3268 oriri
660 3211 790 3266 facit
838 3225 1004 3278 super
1029 3211 1202 3262 bonos
1250 3216 1308 3261 et
1363 3209 1578 3262 malos:
1619 3218 1675 3261 et
1727 3207 1864 3276 pluit
1902 3221 2068 3275 super

497 3307 674 3374 justos
692 3311 746 3354 et
766 3302 1018 3370 injustos.
1047 3298 1179 3368 Im,
1205 3297 1288 3369 5.]
1330 3297 1384 3353 Si
1421 3301 1565 3352 enim
1601 3299 1829 3367 diligitis
1851 3313 1946 3352 eos
1974 3298 2069 3367 qui

501 3411 600 3449 vos
629 3395 885 3460 diligunt,
919 3407 1085 3460 quam
1111 3392 1418 3446 mercedem
1451 3390 1766 3444 habebitis?
1810 3405 1992 3443 nonne
2016 3399 2071 3442 et

504 3486 732 3556 publica
751 3484 805 3537 ui
837 3484 941 3536 hoc
968 3483 1206 3536 faciunt?
1261 3483 1329 3536 Et
1382 3483 1424 3536 si
1460 3484 1828 3536 salutaveritis
1875 3484 2072 3536 fratres

501 3589 717 3632 vestros
771 3584 1003 3637 tantum,
1056 3574 1187 3643 quid
1228 3574 1462 3642 amplius
1515 3573 1732 3628 facitis?
1801 3589 1988 3626 nonne
2018 3581 2072 3626 ct

501 3671 709 3724 ethnici
741 3670 842 3722 hoc
871 3668 1118 3722 faciunt?
1145 3667 1326 3721 Estote
1359 3681 1488 3736 ergo
1519 3683 1616 3721 vos
1641 3665 1894 3735 perfecti,
1929 3670 2074 3721 sicut

501 3772 558 3817 et
586 3761 748 3818 Pater
784 3769 964 3813 vester
985 3759 1229 3813 coelestia
1268 3758 1542 3827 perfectus
1581 3770 1684 3813 est.

579 3852 736 3924 [ϐαρ.
769 3853 856 3916 Vl,
899 3867 1030 3913 xui,
1063 3849 1176 3921 10.]
1229 3851 1508 3904 Attendite
1543 3866 1612 3903 ne
1667 3851 1935 3920 justitiam
1979 3865 2075 3904 ve-

510 3959 678 4005 stram
712 3947 926 4000 faciatis
955 3960 1138 3998 coram
1176 3943 1515 4005 hominibus,
1569 3951 1630 3995 ut
1661 3944 1960 3996 videamini
2003 3941 2072 3996 ab

505 4043 588 4097 eis
617 4056 635 4096 :
665 4041 906 4106 alioquin
936 4036 1240 4089 mercedem
1267 4052 1372 4088 non
1395 4035 1668 4090 habebitis
1692 4037 1832 4104 apud
1861 4035 2072 4089 Patrem

505 4139 774 4186 vestrum.
808 4129 900 4195 qui
939 4127 993 4177 in
1036 4126 1192 4179 caelis
1219 4135 1325 4179 est.
1360 4126 1494 4178 Cum
1517 4142 1646 4194 ergo
1665 4125 1802 4180 facis
1835 4128 2078 4181 elcemo-

509 4236 723 4291 synam,
761 4220 870 4272 noli
913 4217 1047 4270 tuba
1079 4216 1275 4271 canere
1315 4230 1445 4271 ante
1483 4227 1557 4278 te.
1600 4218 1743 4270 sicut
1779 4218 2076 4287 hypocrita:

509 4317 719 4369 faciunt
755 4314 810 4366 in
835 4311 1148 4382 synagogis,
1180 4320 1235 4362 ει
1273 4311 1326 4364 in
1363 4311 1517 4371 vicis,
1554 4320 1611 4363 ut
1647 4309 2079 4363 honorificentur

509 4410 578 4462 ab
609 4407 946 4460 hominibus.
979 4407 1152 4458 Amen
1179 4398 1532 4466 dicoWohis,
1576 4410 1902 4470 receperunt
1931 4416 2077 4454 mer-

2163 1923 2307 1975 aicut
2330 1933 2384 1976 ct
2423 1938 2522 1975 nos
2553 1923 2886 1977 dimittimus
2926 1923 3272 1976 debitoribus
3297 1923 3499 1976 nostris.
3534 1922 3587 1975 Et
3617 1937 3667 1976 ne

2165 2029 2266 2067 nos
2295 2015 2524 2070 inducas
2550 2016 2602 2068 in
2627 2015 3010 2068 tentationem.
3042 2014 3147 2067 Sed
3178 2015 3344 2068 libera
3375 2028 3464 2067 nos
3489 2028 3514 2065 a
3538 2015 3668 2066 malo.

2165 2108 2358 2159 Amen.
2396 2103 2566 2177 [χειν.
2592 2105 2671 2178 6.]
2731 2107 2786 2160 Si
2847 2108 2993 2160 enim
3048 2107 3365 2160 dimiseritis
3409 2107 3670 2160 hominibus

2164 2207 2385 2266 peccata
2417 2213 2606 2251 eorum
2637 2217 2651 2252 :
2684 2198 2921 2252 dimittet
2943 2210 2999 2253 et
3029 2201 3187 2254 vobis
3219 2201 3372 2254 Pater
3395 2211 3555 2252 vester
3581 2212 3671 2254 cm-

2165 2286 2316 2341 lestis
2349 2287 2548 2343 delicta
2581 2291 2824 2342 vestra‘.
2881 2289 2937 2344 Si
2994 2300 3178 2343 autem
3240 2305 3346 2344 non
3402 2289 3672 2344 dimiseritit

2169 2380 2503 2448 hominibus,
2537 2397 2639 2436 nec
2669 2383 2831 2438 Pater
2857 2392 3039 2436 vester
3067 2383 3308 2437 dimittet
3338 2383 3476 2437 vobis
3495 2390 3672 2452 peccata

2167 2481 2370 2525 vestra.

2240 2561 2387 2633 [ην.
2426 2563 2542 2638 ιο.]
2567 2565 2704 2621 Cum
2727 2578 2912 2622 autem
2943 2570 3230 2640 jejunatis,
3260 2571 3419 2628 nolite
3446 2569 3546 2623 fieri
3569 2571 3675 2624 sicut

2172 2657 2494 2727 hypocrita},
2533 2661 2744 2714 tristes.
2782 2663 3334 2718 Extertninantenim
3369 2664 3519 2718 facies
3561 2678 3677 2728 suas,

2174 2760 2233 2802 ut
2283 2760 2581 2817 appareant
2640 2750 2957 2808 hominibus
3011 2755 3346 2825 jejunantes.
3391 2757 3542 2808 Amen
3585 2755 3678 2808 dico

2172 2844 2348 2907 vobis,
2375 2843 2502 2912 quia
2529 2855 2854 2914 receperunt
2884 2853 3196 2903 mercedem
3225 2867 3394 2903 suam.
3423 2849 3493 2902 Tu
3517 2856 3680 2911 autem,

2173 2950 2301 2987 cum
2345 2935 2586 3005 jejunas,
2644 2951 2786 3006 uuge
2821 2947 2986 3008 caput
3021 2951 3202 3004 tuum,
3269 2951 3324 2995 et
3362 2943 3536 2995 faciem
3564 2952 3681 2993 tuam

2171 3023 2311 3090 lava,
2340 3039 2406 3077 ne
2456 3025 2694 3079 videaris
2725 3027 3038 3082 hominibus
3090 3031 3366 3100 jejunans.
3426 3031 3512 3084 sed
3567 3027 3684 3082 Patri

2172 3125 2287 3182 tuo,
2323 3117 2417 3186 qui
2445 3127 2529 3171 est
2555 3120 2606 3171 in
2637 3119 2960 3173 abscondito
2996 3136 3012 3178 :
3044 3133 3097 3176 et
3124 3122 3284 3176 Pater
3306 3137 3440 3187 tuus,
3466 3123 3547 3191 qui
3568 3122 3683 3174 videt

2173 3211 2227 3263 in
2259 3209 2603 3274 abscondito,
2633 3211 2962 3266 reddettibi.
2998 3213 3184 3269 Nolite
3202 3215 3546 3268 thesaurizare
3564 3213 3684 3266 vobis

2172 3301 2463 3355 thesauros
2493 3301 2549 3355 in
2587 3311 2770 3368 terra;
2810 3303 2901 3356 ubi
2925 3319 3138 3374 arugo,
3163 3315 3218 3360 et
3257 3307 3391 3359 tinea
3413 3305 3686 3359 demolitur:

2171 3401 2227 3446 et
2259 3394 2348 3446 ubi
2384 3392 2534 3447 fures
2560 3392 2847 3459 effodiunt,
2880 3403 2934 3449 et
2973 3394 3252 3451 furantur.
3286 3394 3541 3469 [ert,5.]
3573 3395 3686 3449 The-

2172 3487 2443 3540 saurizate
2465 3495 2649 3540 autem
2679 3487 2839 3541 vobis
2877 3488 3170 3544 thesauros
3204 3491 3259 3544 in
3296 3491 3429 3544 ccelo
3463 3504 3476 3543 :
3513 3490 3592 3542 ubi
3615 3503 3688 3540 ne-

2173 3593 2278 3646 que
2301 3593 2503 3646 aerugo,
2539 3594 2714 3647 neque
2771 3580 2917 3633 tinea
2957 3580 3278 3648 demolitur,
3330 3591 3385 3635 et
3443 3581 3523 3634 ubi
3571 3579 3688 3633 fore:

2175 3687 2286 3724 non
2320 3671 2615 3734 effodiunt,
2649 3687 2752 3725 nec
2776 3671 3051 3726 furantur.
3101 3674 3202 3728 Ubi
3237 3677 3378 3727 enim
3406 3683 3482 3727 est
3507 3673 3689 3725 thesau-

2177 3777 2271 3814 rus
2301 3770 2449 3825 tuus,
2500 3762 2572 3814 ibi
2601 3771 2686 3814 est
2717 3776 2772 3816 et
2802 3779 2900 3818 cor
2936 3775 3112 3819 tuum.
3152 3769 3343 3837 [:tLvu,
3367 3765 3443 3837 5.]
3487 3766 3690 3819 Lucerna

2175 3857 2426 3923 corporis
2457 3855 2535 3908 tui
2567 3856 2585 3886 τ
2611 3867 2694 3908 est
2733 3857 2928 3910 oculus
2953 3867 3097 3913 tuus.
3141 3859 3197 3913 Si
3239 3861 3429 3913 oculus
3453 3871 3562 3911 tuus
3599 3856 3692 3908 fue-

2179 3945 2248 3998 rit
2280 3945 2509 4014 simplex
2549 3964 2563 4001 :
2596 3957 2766 4000 totum
2794 3963 2993 4016 corpus
3035 3960 3191 4003 tttum
3234 3952 3463 4004 lucidum
3489 3948 3594 4003 erit.
3650 3943 3692 3998 Si

2179 4049 2360 4092 autem
2382 4041 2575 4093 Oculus
2610 4050 2738 4094 tuus
2789 4042 2957 4095 fuerit
3018 4058 3254 4111 nequam
3292 4059 3308 4096 :
3341 4054 3500 4097 totum
3537 4055 3695 4109 corpus

2181 4142 2331 4185 tuum
2363 4133 2715 4186 tenebrosum
2751 4135 2874 4188 erit.
2901 4135 2954 4188 Si
2998 4152 3137 4204 ergo
3194 4139 3398 4200 lumen,
3428 4135 3558 4205 quod
3587 4136 3632 4186 in
3656 4145 3695 4185 te

2178 4239 2283 4287 est,
2319 4226 2556 4278 tenebrat
2579 4238 2707 4281 sunt
2744 4245 2758 4282 :
2823 4227 2952 4295 ipsa:
2991 4231 3234 4284 tenebrw
3292 4243 3500 4298 quanta-
3538 4224 3696 4279 erunt?

2183 4315 2392 4390 [xt.thI,
2430 4316 2512 4388 5.]
2538 4319 2707 4372 Nemo
2751 4329 2932 4388 potest
2971 4321 3190 4376 duobus
3232 4322 3464 4378 dominis
3494 4318 3696 4372 seri-ire:

2187 4420 2280 4463 aut
2302 4415 2447 4463 enim
2483 4426 2649 4463 unum
2677 4411 2804 4464 odio
2857 4412 3104 4477 habebit,
3163 4427 3216 4466 et
3245 4415 3473 4466 alterum
3506 4413 3696 4478 diliget:

511 4502 702 4556 ccd'cm
757 4514 934 4553 suam.
989 4496 1066 4550 Te
1125 4505 1307 4550 autem
1365 4496 1599 4549 faciente
1647 4494 2075 4563 eleemosynam,
2111 4493 2274 4548 Daut
2309 4512 2475 4550 unum
2509 4497 2824 4563 sustinebit,
2868 4510 2925 4554 et
2951 4501 3188 4554 alterum
3230 4511 3549 4556 contemnet.
3603 4499 3696 4551 Non

509 4595 717 4648 nesciat
745 4593 968 4644 sinistra
1004 4599 1093 4642 tua
1121 4589 1248 4656 quid
1278 4587 1440 4639 faciat
1469 4589 1701 4639 dextera
1723 4596 1813 4639 tua
1845 4598 1859 4639 :
1913 4595 1970 4638 ut
2007 4586 2077 4640 sit

509 4687 859 4754 eleemosyna
893 4692 982 4735 tua
1023 4681 1076 4733 in
1107 4679 1428 4734 abscondito
1466 4681 1505 4744 ³,
1545 4689 1598 4732 ει
1625 4689 1780 4747 pater
1814 4687 1958 4744 tuus,
1984 4677 2077 4747 qui

582 4843 597 4871 ¹
633 4840 752 4894 Pari
785 4851 1061 4891 consensu
1115 4847 1226 4889 tres
1261 4851 1398 4904 quos
1443 4835 1789 4890 laudavimus
1835 4851 1992 4902 mss.,
2027 4843 2078 4888 et

510 4910 654 4964 adies
689 4911 961 4962 inimicum
988 4919 1158 4959 tuum.

589 4987 607 5014 ¹
637 4983 764 5034 Plus
802 4980 965 5030 habet
994 4977 1215 5031 Gra'ctts
1251 4983 1430 5043 textus
1468 4975 1742 5041 εὐλογεῖτε
1762 4975 1886 5034 τοὺς
1914 4992 2080 5028 κατει-

513 5053 791 5124 ρωμένους
823 5050 988 5116 ὑμᾶς,
1040 5048 1322 5124 benedici/tt
1375 5046 1741 5124 maledicentes
1778 5059 1911 5124 uari:
1965 5057 2075 5124 tum

514 5117 690 5183 Ξεαὶὡς
726 5122 925 5171 ποιεῖτε
958 5121 1084 5177 τοὺς
1130 5119 1448 5186 μισοῦντας,
1481 5126 1611 5182 ειε.,
1648 5117 1934 5184 benefacite
1997 5117 2076 5168 his

511 5195 598 5261 qui
637 5194 855 5243 oderunt
886 5203 993 5261 vos.

591 5264 609 5292 ⁸
642 5263 738 5314 llic
761 5271 924 5326 atque
958 5255 1188 5310 inferius
1218 5259 1566 5313 continenter
1599 5260 1768 5311 nostri
1797 5271 1928 5308 mss.
1961 5256 2080 5310 abs-

509 5349 690 5395 conso,
725 5346 823 5398 pro
855 5329 1153 5380 abscondito
1184 5332 1501 5395 praeferunt.

587 5403 608 5433 ⁸
639 5395 862 5453 Addunt
888 5401 1049 5451 iidem
1081 5410 1214 5448 ttlss.
1239 5408 1349 5461 tuo,
1378 5399 1522 5466 quod
1547 5408 1601 5452 et
1624 5396 1676 5450 in
1731 5395 1928 5450 Graeco
1956 5413 2080 5466 pro-

514 5488 718 5527 nomen
759 5480 861 5524 est.
904 5469 1074 5521 Paulo
1125 5482 1343 5536 quoque
1397 5483 1676 5535 superius,
1728 5468 1818 5519 ubi
1873 5468 2080 5521 dicitur

512 5544 690 5598 reddet
727 5541 839 5602 tibi,
873 5548 931 5591 ut
959 5549 1012 5590 ct
1041 5553 1188 5601 mox,
1224 5550 1385 5604 atque
1420 5542 1618 5589 iterum
1651 5537 1814 5599 infra,
1853 5539 1946 5589 ubi
1976 5553 2076 5591 ea-

510 5617 631 5666 dem
668 5617 963 5662 recurrunt
993 5615 1176 5669 verba,
1235 5610 1583 5658 continenter
1616 5607 1670 5658 in
1704 5606 1894 5659 Graeco
1924 5608 2082 5660 addi-

513 5695 626 5732 tum
659 5693 767 5742 est,
810 5683 867 5730 ὲν
893 5679 972 5744 τῷ
998 5675 1242 5746 φανερῷ,
1272 5679 1324 5726 in
1353 5677 1718 5746 palum,qnod
1738 5689 1792 5729 et
1817 5679 1871 5729 in
1893 5690 2081 5731 vetere

511 5750 899 5814 attlttlmsailtto
933 5746 1234 5801 Veronenst
1263 5755 1459 5802 codice
1489 5747 1914 5815 Evangeliorum
1941 5761 2077 5802 con-

2180 4591 2404 4655 potestis
2440 4589 2548 4641 Deo
2578 4588 2788 4642 servire
2835 4600 2888 4643 et
2924 4591 3264 4648 Mammium.
3295 4595 3460 4659 luxv,
3499 4590 3570 4661 5.]
3596 4589 3694 4641 Ideo

2178 4681 2302 4734 dico
2351 4681 2526 4747 vobis,
2582 4697 2651 4736 ne
2710 4682 2930 4738 solliciti
2985 4691 3107 4740 sitis
3157 4689 3356 4741 anima:
3398 4697 3569 4739 vestrm
3595 4678 3698 4751 quid

2181 4840 2403 4910 tinetur.
2446 4836 2711 4910 Yersione
2737 4839 2954 4910 legitur.

2249 4909 2270 4938 ⁸
2307 4909 2422 4961 Duo
2452 4909 2672 4983 Reginae
2699 4907 2828 4964 mss.
2863 4915 3034 4966 veniat
3064 4929 3083 4966 :
3107 4920 3201 4983 qui
3225 4923 3282 4968 et
3305 4918 3360 4966 in
3384 4907 3698 4983 hujus_Domi-

2179 4981 2312 5052 me?
2343 4984 2608 5052 Orationi?
2641 4979 2768 5046 “ne:
2823 4985 2982 5034 Amen
3020 4979 3466 5052 prie-territittunt.
3516 4981 3698 5052 Graecus

2179 5049 2329 5120 addit
2356 5050 2408 5120 in
2463 5048 2742 5120 plerisque
2770 5048 3178 5120 exemplaribus
3216 5070 3230 5106 :
3288 5057 3368 5105 ὅτι
3408 5052 3494 5102 σοῦ
3523 5048 3694 5120 tam]

2181 5117 2432 5192 [aeacida
2459 5119 2611 5192 xuii;
2642 5119 2895 5187 δύναμις,
2919 5117 3011 5174 inii.
3043 5128 3074 5192 ὴ
3100 5125 3230 5187 δόξα
3264 5127 3342 5185 εἰς
3365 5126 3482 5183 τεὺς
3513 5118 3699 5192 αἰῶνας,

2179 5188 2344 5262 ᾁμήν.
2396 5187 2660 5262 Quoniam
2713 5186 2860 5242 tuum
2894 5186 3131 5261 regnum,
3162 5186 3213 5246 et
3239 5195 3469 5262 potentia
3493 5202 3536 5242 et
3561 5186 3701 5258 gloria

2178 5259 2231 5308 in
2251 5258 2469 5320 swcula,
2497 5273 2672 5312 einen.

2250 5327 2270 5355 '
2307 5325 2424 5378 Non
2454 5327 2677 5380 additur
2728 5329 2816 5383 hic
2854 5331 2908 5384 in
2941 5329 3132 5386 Graeco
3182 5331 3376 5385 delicta
3416 5339 3596 5389 uestra,
3623 5320 3702 5378 sed

2179 5411 2316 5472 m_ox_
2351 5396 2620 5462 repetitur
2673 5411 2889 5468 peccata
2929 5418 3130 5467 eorum,
3193 5405 3272 5472 tot
3319 5400 3701 5472 rogantrogant

2179 5466 2380 5528 αὐτῶν,
2412 5477 2534 5532 post
2569 5466 2754 5533 verba,
2786 5472 2830 5521 si
2877 5481 3057 5523 autent
3099 5489 3206 5524 non
3239 5466 3536 5522 dimiseritis
3563 5466 3701 5517 Itoni-

2181 5537 2352 5588 nibus.
2414 5535 2552 5588 Tum
2595 5541 2771 5608 nostri
2829 5556 3046 5608 quoque
3104 5557 3238 5594 mss.
3267 5541 3419 5608 juxta
3466 5539 3697 5592 Graecum.

2179 5620 2481 5676 pronomen
2517 5607 2683 5670 vobis,
2716 5607 2861 5676 posti
2883 5607 3110 5664 verbum
3143 5607 3401 5670 dimittet,
3458 5609 3694 5675 ignorant.

2251 5674 2450 5750 '_Quod
2491 5685 2574 5729 ter
2621 5674 2728 5750 hoc
2763 5694 2926 5750 versu
2961 5682 3231 5750 repetitur
3285 5681 3366 5734 tui
3411 5674 3696 5750 pronomen.

2180 5747 2342 5798 tertio
2375 5755 2584 5800 tantum
2615 5749 2790 5816 primo
2830 5747 3086 5806 habetur.
