3880 6168
206 320 288 382 5Ἡ

1183 306 1696 374 EVANGELIUM
1736 304 1890 365 SEC.
1942 306 2428 370 MATTH/BUM.

3314 319 3422 384 582

193 430 585 494 manducetis“,
607 443 787 498 neque
809 427 1030 497 corpori
1053 438 1234 482 vestro
1263 425 1393 495 quid
1419 418 1744 478 induamini.
1778 419 1822 474 Δ
1854 427 1983 472 sunt
2012 418 2124 487 lupi
2154 435 2378 488 rapaces
2416 438 2429 475 :
2459 434 2488 473 a
2518 419 2786 476 fructibus
2840 436 3028 477 eorum
3084 432 3426 492 cognoscetis

191 525 360 580 Nonne
394 523 576 576 anima
608 521 730 589 plus
763 529 848 574 est
877 535 1040 587 quam
1076 533 1200 572 esca
1234 533 1248 570 :
1312 525 1366 570 et
1388 530 1588 582 corpus
1621 512 1743 580 plus

190 631 336 684 quam
365 612 792 668 vestimentum?
813 612 1094 682 Respicite
1126 609 1367 664 volatilia
1405 608 1550 670 cte'i,
1607 621 1743 674 quo-

194 708 320 761 niam
346 721 452 759 non
482 714 702 767 serunt,
734 719 912 772 neque
940 711 1172 760 metunt.
1201 717 1381 770 neque
1408 705 1744 766 congregant

194 798 240 852 in
270 797 458 851 horrea
480 815 494 850 :
517 804 574 850 et
593 805 747 864 pater
768 804 954 849 vester
968 794 1208 848 caelestis
1227 792 1398 862 pascit
1425 791 1536 845 illa.
1551 789 1744 842 Nonne

193 905 276 945 vos
301 894 468 959 magis
500 887 682 963 pluris
708 887 844 941 estis
874 886 984 940 illis
1010 886 1033 938 ?
1087 885 1221 951 Quis
1264 894 1445 937 autem
1495 893 1739 934 vestrum

195 981 423 1050 cogitans
453 986 638 1047 potest
666 976 904 1045 adjicere
928 976 994 1030 ad
1028 987 1292 1029 staturam
1320 989 1472 1026 suam
1491 974 1737 1024 cubitum

200 1069 390 1124 unum!
432 1071 496 1123 Et
523 1069 592 1124 de
622 1069 949 1123 vestimento
976 1069 1105 1138 quid
1149 1067 1366 1120 solliciti
1389 1064 1560 1118 estis?
1604 1062 1747 1116 Cou-

197 1155 416 1210 siderate
434 1155 547 1208 lilia
567 1155 682 1223 agri
707 1155 984 1225 quomodo
1006 1163 1260 1210 crescunt
1287 1170 1304 1208 :
1335 1169 1440 1207 non
1465 1152 1743 1215 laborant,

196 1262 353 1316 neque
385 1257 536 1300 nent.
577 1245 706 1300 Dico
737 1256 921 1300 autem
957 1247 1134 1312 vobis,
1175 1247 1431 1315 quoniam
1465 1259 1565 1299 nec
1591 1246 1744 1298 Salo-

199 1358 306 1395 mon
331 1343 384 1394 in
415 1342 566 1394 omni
596 1341 769 1412 gloria
791 1356 886 1394 sua
925 1351 1222 1408 coopertus
1267 1349 1353 1393 est
1379 1340 1522 1393 sicut
1573 1352 1741 1391 unum

197 1449 252 1486 ex
277 1435 407 1487 istis.
432 1433 487 1486 Si
514 1443 698 1486 autem
743 1431 930 1486 fenum
965 1431 1107 1502 agri,
1152 1431 1298 1501 quod
1350 1433 1510 1484 hodie
1541 1440 1647 1492 est,
1689 1437 1744 1483 et

199 1540 303 1579 cras
329 1525 379 1578 in
410 1525 688 1578 clibanum
717 1524 974 1587 mittitur,
1012 1523 1153 1576 Deus
1178 1524 1259 1577 sic
1286 1522 1446 1577 vestit
1490 1537 1508 1578 :
1537 1530 1745 1589 quanto

200 1620 351 1687 magis
376 1633 493 1680 vos,
521 1616 966 1671 tnodicaa-lidei'?
987 1601 1163 1670 Nolite
1193 1631 1324 1684 ergo
1352 1615 1571 1668 solliciti
1596 1629 1740 1679 esse,

201 1711 425 1764 dicentes
462 1708 646 1775 :Quid
674 1707 1156 1770 manducabimus,
1191 1706 1435 1775 autquid
1469 1706 1740 1769 bibemus,

199 1812 411 1869 antqua
435 1802 795 1869 operlemur?
852 1800 967 1853 hate
999 1801 1146 1852 enim
1189 1803 1371 1852 omnia
1426 1807 1614 1865 gentes
1666 1799 1747 1851 in-
1779 1777 1821 1832 Β

200 1894 432 1959 quirunt.
465 1892 582 1945 Scit
615 1891 761 1944 enim
802 1891 963 1944 Pater
994 1902 1198 1956 vester,
1224 1891 1351 1958 quia
1382 1891 1465 1944 his
1496 1891 1751 1944 omnibus

203 1985 460 2054 indigetis.
518 1985 758 2050 Quaerite
791 2000 918 2055 ergo
977 1985 1216 2053 primum
1259 1999 1488 2043 regnum
1531 1983 1647 2046 Dei,
1699 1991 1753 2034 ct

199 2079 444 2144 justitiam
477 2077 598 2144 ejus
629 2095 645 2130 :
711 2085 764 2128 et
800 2077 914 2128 hazc
947 2075 1130 2129 omnia
1191 2075 1517 2143 adjicientur
1573 2075 1751 2128 vobis.

203 2167 363 2219 Nolite
387 2182 518 2232 ergo
542 2166 766 2218 solliciti
815 2179 942 2219 esse
997 2165 1051 2217 in
1095 2167 1420 2217 crastinum.
1467 2165 1751 2218 Crastinus

203 2259 331 2311 enim
364 2257 482 2308 dies
515 2255 782 2308 sollicitus
802 2255 908 2306 erit
940 2255 1042 2307 sibi
1075 2255 1199 2322 ipsi.
1227 2254 1474 2308 Sulliciet
1503 2255 1610 2307 dici
1642 2270 1754 2308 uta-

203 2350 304 2403 litia
327 2365 440 2403 sua.

169 2508 172 2510 I
265 2441 531 2517 [Cap.\'ll,
573 2459 605 2496 ι,
631 2483 647 2505 ,
685 2440 766 2513 2.]
790 2441 968 2496 Nolite
993 2439 1270 2508 judicare,
1313 2448 1371 2492 ut
1412 2454 1517 2492 non
1544 2440 1756 2507 judice-

204 2535 345 2587 mini.
375 2535 430 2588 ln
457 2548 568 2602 quo
602 2535 747 2586 enim
771 2531 978 2601 judicio
1013 2530 1392 2600 judicaveritis
1413 2570 1429 2596 ,
1479 2531 1757 2599 judicabi-

203 2626 358 2680 mini:
394 2634 449 2679 et
487 2626 538 2677 in
566 2639 671 2692 qua
705 2637 959 2674 mensura
992 2622 1163 2674 mensi
1191 2621 1436 2686 fueritis,
1495 2622 1755 2676 remetie-

205 2726 285 2770 tur
308 2718 471 2770 vobis.
509 2715 636 2788 [ιι.
659 2715 712 2768 ὅ.
741 2713 756 2784 ]
787 2714 925 2780 Quid
961 2724 1142 2766 autem
1179 2713 1332 2766 vides
1377 2713 1643 2766 festucam
1700 2713 1752 2765 i'n

202 2808 350 2861 oculo
379 2807 558 2860 fratris
577 2807 650 2859 tui
675 2819 691 2861 ;
724 2806 1016 2861 et,trahem
1044 2804 1096 2856 in
1119 2804 1282 2857 oculo
1309 2813 1400 2855 tuo
1435 2817 1543 2854 non
1571 2801 1754 2854 vides?

203 2901 304 2952 Aut
334 2898 606 2969 quomodo
633 2897 774 2950 dicis
807 2895 962 2948 fratri
1001 2904 1133 2948 tuo:
1169 2895 1300 2948 Sine
1322 2894 1535 2964 cjiciam
1582 2895 1750 2948 festu-

202 3007 310 3044 cam
342 2993 403 3044 de
430 2991 592 3044 oculo
623 2999 750 3043 tuo:
783 2998 838 3041 et
864 3002 992 3040 ecce
1015 2989 1167 3040 trabs
1205 2995 1289 3040 est
1323 2988 1378 3038 in
1408 2987 1568 3040 oculo
1623 2986 1759 3038 tuo?

1855 524 1972 563 eos.
2012 509 2165 579 [tvm
2198 507 2282 580 5.]
2322 511 2597 579 Numquid
2645 513 2908 582 eulligunt
2942 513 3009 569 de
3067 515 3238 583 spinis
3292 533 3428 574 uvas

1857 611 1948 654 aut
1980 605 2043 654 de
2073 601 2288 656 tributis
2340 603 2518 656 licus?
2547 601 2722 674 [Lvm.
2745 601 2825 673 5.]
2889 605 2977 658 Sic
3033 607 3213 660 omnis
3265 606 3433 661 arbor

1857 694 1998 746 bona
2038 694 2250 746 fructus
2291 694 2464 747 bonos
2509 695 2660 757 facit,
2716 700 2855 750 mala
2885 707 3066 751 autem
3099 698 3264 753 arbor
3308 713 3430 753 ma-

1854 785 1935 839 los
1968 784 2180 839 fructus
2219 786 2366 840 facit.
2404 785 2517 839 Non
2551 801 2725 856 potest
2751 789 2917 841 arbor
2950 791 3088 842 bona
3123 791 3291 844 malos
3314 791 3432 845 fru-

1856 885 1978 928 ctus
2013 874 2190 928 facere
2215 893 2228 928 :
2257 891 2435 943 neque
2465 877 2630 930 arbor
2667 878 2804 930 tnala
2867 878 3039 932 bonos
3087 879 3297 932 fructus
3350 881 3430 934 fa-

1857 979 1998 1019 ccre.
2045 968 2232 1020 Omnis
2259 971 2453 1029 arbor,
2485 985 2604 1037 qua:
2630 986 2736 1022 non
2763 971 2888 1024 facit
2928 971 3164 1026 fructum
3198 972 3428 1036 bonum,

1857 1059 2165 1120 excidetur,
2193 1060 2320 1114 etin
2355 1066 2532 1128 ignem
2568 1061 2835 1116 mittetur.
2865 1062 3032 1130 Igitur
3061 1080 3123 1116 ex
3161 1062 3430 1118 fructibus

1856 1166 2048 1203 eorum
2075 1157 2419 1220 cognoscetis
2445 1167 2557 1206 eos.
2580 1153 2710 1224 lux,
2740 1152 2818 1224 5.]
2853 1153 2969 1208 Non
2999 1158 3198 1221 omnis,
3229 1157 3321 1224 qui
3345 1157 3431 1212 di-

1857 1244 1930 1296 cit
1969 1243 2119 1301 milti.
2157 1243 2403 1305 Domine,
2439 1245 2686 1308 Doniine,
2725 1244 2948 1299 intrabit
2982 1246 3033 1298 in
3062 1259 3287 1315 regnum
3317 1260 3432 1301 cm-

1859 1333 2035 1386 lorum
2067 1353 2079 1386 :
2106 1334 2200 1387 sed
2229 1334 2322 1400 qui
2364 1333 2490 1388 facit
2531 1335 2866 1388 voluntatem
2926 1336 3100 1389 Patris
3153 1337 3278 1400 mei,
3333 1337 3431 1406 qui

1859 1423 1910 1476 in
1949 1425 2098 1478 c~xlis
2129 1435 2212 1479 est
2253 1442 2268 1482 :
2300 1428 2414 1493 ipse
2448 1427 2670 1480 intrabit.
2698 1427 2750 1478 in
2812 1442 3036 1495 regnum
3085 1428 3348 1481 cmlorum
3384 1429 3428 1483 ³.

1860 1514 1968 1588 iu,
1999 1519 2078 1588 5.]
2103 1518 2251 1573 Multi
2294 1519 2488 1572 dicent
2519 1520 2649 1572 mihi
2681 1521 2733 1571 in
2768 1519 2856 1571 illa
2891 1519 3018 1570 die:
3049 1518 3296 1582 Domine,
3327 1520 3432 1573 Do-

1861 1609 2022 1673 mine,
2057 1625 2238 1664 nonne
2281 1612 2331 1663 in
2366 1615 2584 1663 nomine
2613 1621 2707 1663 tuo
2762 1611 3234 1678 praphetavimus,
3269 1620 3324 1664 et
3375 1611 3431 1664 in

1857 1704 2075 1755 nomine
2107 1717 2200 1756 tuo
2231 1703 2497 1755 daemonia
2553 1703 2841 1772 ejecimus,
2877 1713 2930 1755 et
2988 1702 3042 1754 in
3090 1702 3312 1757 nomine
3339 1711 3434 1758 tuo

1855 1791 2080 1844 virtutes
2111 1793 2308 1845 inultas
2343 1795 2570 1846 fecimus
2601 1795 2623 1845 ?
2657 1795 2719 1845 Et
2781 1805 2910 1847 tunc
2945 1794 3252 1848 confitebor
3279 1796 3384 1848 illis
3412 1809 3430 1851 :

1854 1883 1989 1946 Quia
2027 1899 2306 1950 nunquam
2337 1884 2460 1935 novi
2494 1898 2626 1938 vos:
2662 1884 2924 1937 discedite
2950 1900 2981 1936 tt
3040 1899 3123 1936 me
3170 1889 3262 1952 qui
3301 1898 3432 1952 ope-

1858 1975 2051 2027 ramini
2082 1975 2452 2044 iniquitatem.
2482 1973 2615 2045 [ιιι.
2641 1972 2722 2043 5.]
2757 1974 2946 2027 Omnis
2970 1990 3098 2042 ergo
3139 1975 3232 2042 qui
3281 1971 3432 2026 audit

1857 2067 2016 2117 verba
2053 2082 2170 2118 mea
2199 2067 2334 2125 haec,
2369 2075 2425 2119 et
2453 2068 2585 2118 facit
2614 2084 2700 2127 ea,
2725 2065 3120 2119 assimilabitur
3168 2066 3286 2117 viro
3337 2080 3432 2120 sa-

1853 2155 2050 2224 pienti,
2082 2157 2172 2224 qui
2202 2157 2733 2210 mdilicavitdomum
2793 2174 2944 2211 suam
2993 2171 3157 2226 supra
3194 2166 3428 2224 petram,

1854 2259 1910 2303 ct
1939 2250 2222 2302 descendit
2249 2250 2453 2316 pluvia,
2489 2259 2827 2302 etvenerunt
2885 2249 3222 2320 llutnitia..et
3268 2247 3434 2302 flave-

1856 2351 1986 2394 runt
2023 2341 2189 2406 venti,
2221 2351 2274 2394 et
2307 2342 2588 2395 irruerunt
2637 2344 2693 2393 in
2732 2339 2956 2394 domum
3006 2341 3174 2403 illam,
3223 2350 3275 2393 et
3320 2353 3433 2394 non

1856 2435 2054 2488 cecidit
2083 2451 2099 2488 :
2125 2434 2345 2488 fundata
2376 2435 2520 2488 enim
2549 2444 2667 2488 erat
2693 2450 2858 2502 super
2883 2444 3114 2501 petram.
3140 2434 3202 2485 Et
3229 2432 3430 2496 Omnis,

1856 2528 1948 2594 qui
1977 2526 2127 2578 audit
2158 2529 2315 2578 verba
2360 2541 2476 2578 mea
2512 2525 2644 2589 haec,
2673 2536 2728 2580 et
2776 2540 2885 2578 non
2939 2525 3067 2580 facit
3095 2540 3184 2586 ea,
3233 2522 3432 2577 similis

1856 2618 1967 2672 erit
1987 2619 2105 2672 viro
2137 2617 2326 2683 stulto,
2358 2617 2449 2685 qui
2483 2617 2773 2670 aedificat-it
2802 2618 3025 2670 domum
3078 2631 3232 2670 suam
3267 2631 3435 2684 super

1856 2725 2077 2763 arenam
2110 2723 2126 2761 :
2165 2719 2218 2763 et
2248 2709 2528 2763 descendit
2565 2708 2766 2777 pluvia.
2799 2718 2855 2762 et
2888 2717 3160 2762 venerunt
3187 2706 3433 2766 flumina.

1856 2813 1909 2856 et
1935 2801 2200 2855 (laverunt
2229 2801 2392 2862 venti,
2423 2809 2478 2854 et
2511 2802 2790 2854 irruerunt
2833 2801 2886 2852 in
2917 2800 3138 2852 domum
3182 2801 3352 2859 illam.
3379 2807 3437 2852 et

1859 2895 2077 2955 cecidit,
2119 2903 2174 2948 et
2221 2894 2327 2946 fuit
2385 2893 2540 2945 ruina
2584 2892 2731 2945 iliius
2782 2907 2994 2959 magna.
3051 2889 3310 2962 [LXII,2.]
3367 2891 3437 2946 Et

1862 2989 2063 3041 factum
2093 2995 2199 3048 cst,
2250 2999 2372 3038 cum
2431 2993 2866 3037 consummasset
2897 2981 3057 3034 Jesns
3093 2984 3254 3036 verba
3296 2983 3435 3047 haec,

203 3081 477 3151 llypocrita
500 3125 514 3147 ,
547 3083 684 3150 ejice
721 3081 956 3150 primum
990 3079 1196 3132 trabem
1224 3079 1292 3133 de
1342 3079 1500 3134 oculo
1549 3089 1642 3130 tuo
1663 3118 1676 3143 ,
1705 3089 1757 3129 ct
1785 3113 1830 3168 ε
1865 3077 2281 3131 admirabantur
2309 3076 2484 3128 turbae
2511 3089 2675 3142 super
2697 3076 2950 3127 doctrina
2971 3078 3110 3144 ejus.
3132 3075 3260 3128 Erat
3287 3075 3435 3128 enim

209 3187 325 3226 tunc
355 3173 564 3227 videbis
593 3174 790 3242 ejicere
820 3170 1082 3224 festucam
1107 3170 1174 3223 de
1207 3171 1367 3225 oculo
1408 3171 1593 3224 fratris
1657 3172 1754 3223 tui.

203 3269 333 3333 lui,
390 3260 694 3332 5.]Nolite
759 3259 892 3313 dare
947 3269 1193 3312 sanctum
1251 3262 1515 3323 canibus,
1582 3272 1759 3326 neque

205 3356 415 3408 mittatis
436 3354 756 3422 margaritas
791 3360 1002 3405 vestras
1024 3364 1146 3404 ante
1205 3365 1439 3420 porcos:
1493 3366 1561 3404 ne
1619 3351 1758 3404 forte

202 3450 509 3500 conculcent
537 3461 630 3500 eas
665 3444 896 3514 pedibus
927 3445 1042 3498 suis
1071 3483 1086 3510 ,
1148 3453 1201 3498 et
1249 3446 1500 3498 conversi
1548 3443 1760 3496 dirum-

203 3548 323 3605 pant
357 3553 472 3590 vos.
557 3535 722 3606 [Lm,
766 3533 858 3605 5.]
915 3534 1122 3598 Petite,
1170 3543 1220 3588 et
1288 3535 1507 3588 dabitur
1566 3533 1756 3587 vobis:

203 3632 417 3694 quaerite
437 3671 450 3690 ,
478 3640 531 3682 et
559 3628 850 3681 invenietis
876 3644 889 3679 :
924 3627 1134 3695 pulsate
1159 3668 1174 3692 ,
1204 3637 1260 3681 et
1284 3627 1564 3694 aperietur
1583 3629 1758 3688 vobis.

202 3725 382 3776 Umnis
409 3722 551 3776 enim
584 3722 678 3788 qui
703 3721 834 3789 petit
859 3757 873 3782 ,
897 3719 1094 3788 accipit
1121 3719 1317 3787 :ctqui
1338 3721 1532 3786 qua-rit
1555 3756 1570 3783 ,
1607 3722 1760 3773 inve-

203 3816 312 3869 nit:
368 3828 419 3870 et
452 3814 686 3882 pulsanti
717 3813 1012 3881 aperietur.
1043 3812 1151 3864 Aut
1181 3812 1302 3878 quis
1353 3821 1438 3870 est
1491 3827 1553 3864 ex
1607 3811 1761 3864 vobis

203 3907 357 3960 homo
387 3947 400 3968 ,
428 3921 590 3974 quem
613 3907 656 3957 si
687 3904 910 3972 petierit
960 3903 1104 3957 filius
1139 3918 1274 3956 suus
1333 3919 1524 3971 panem
1554 3943 1568 3967 ,
1622 3918 1760 3956 nun-

201 4000 327 4068 quid
356 4001 588 4068 lapidem
618 3999 860 4067 porriget
885 3997 972 4050 ei?
1005 3996 1113 4051 Aut
1151 3996 1195 4050 si
1245 3996 1448 4066 piscem
1499 3995 1757 4065 petierit,

202 4093 457 4161 numquid
491 4100 799 4158 serpentem
833 4091 1074 4156 porriget
1100 4089 1148 4142 ei
1174 4090 1195 4141 ἲ
1219 4088 1290 4160 Si
1311 4104 1441 4158 ergo
1465 4105 1560 4142 vos
1583 4129 1598 4155 ,
1635 4105 1761 4144 cum

201 4185 318 4236 suis
358 4185 480 4236 mali
514 4220 528 4242 ,
582 4179 758 4233 nostis
816 4181 957 4232 bona
1015 4179 1140 4231 data
1173 4180 1301 4230 dare
1340 4179 1466 4232 filiis
1519 4183 1758 4237 vestris:

198 4284 401 4341 quanto
427 4274 598 4338 magis
639 4282 790 4340 pater
819 4281 1014 4332 vester,
1049 4270 1141 4338 qui
1177 4271 1230 4323 in
1265 4270 1416 4324 curiis
1443 4280 1545 4335 est,
1612 4272 1762 4326 dabit

201 4371 340 4419 bona
369 4366 680 4434 petentibus
710 4364 925 4433 sel]t.tv.
951 4360 1028 4432 5.]
1051 4363 1242 4415 Omnia
1267 4379 1396 4431 ergo
1420 4378 1762 4433 quaecunque

1862 3171 2064 3223 docens
2094 3185 2190 3223 eos
2221 3169 2363 3220 sicut
2393 3177 2715 3236 potestatem
2754 3167 2981 3231 habens,
3044 3175 3100 3219 et
3138 3182 3248 3219 non
3295 3168 3439 3221 sicut

1864 3262 2069 3314 Scribae
2102 3275 2315 3323 eorum,
2352 3270 2408 3313 et
2439 3259 2724 3311 Pharisaei.

1939 3351 2098 3424 [ϐαρ.
2125 3352 2256 3415 Vill,
2296 3367 2447 3413 unt,
2483 3348 2565 3421 2.]
2593 3351 2730 3404 Cum
2759 3363 2940 3404 autem
2964 3350 3340 3404 descendisset
3371 3349 3440 3406 de

1864 3456 2074 3510 monte,
2134 3455 2336 3498 secuta:
2368 3453 2499 3496 sunt
2531 3459 2656 3496 eum
2701 3445 2875 3495 turba:
2929 3445 3110 3496 multae
3147 3459 3162 3496 :
3194 3454 3250 3495 et
3308 3459 3438 3498 ecce

1862 3538 2114 3606 leprosus
2144 3539 2389 3601 veniens,
2433 3536 2699 3588 adorabat
2735 3553 2856 3590 eum
2897 3536 3126 3588 dicens:
3184 3537 3438 3600 Domine,

1861 3631 1906 3683 si
1945 3631 2045 3686 vis.
2085 3638 2240 3696 potes
2271 3643 2353 3680 me
2387 3627 2669 3679 mundare.
2703 3626 2766 3678 Et
2798 3627 3097 3678 extendens
3138 3625 3297 3678 Jesus
3324 3643 3440 3681 ma—

1867 3737 2019 3783 num,
2061 3720 2236 3784 tetigit
2269 3732 2420 3780 eum,
2453 3719 2640 3770 dicens
2670 3731 2686 3769 ε
2713 3717 2872 3777 Volo,
2897 3716 3179 3768 mundare.
3213 3718 3279 3770 Et
3308 3733 3444 3770 con-

1863 3813 2049 3867 festim
2085 3811 2343 3863 mundata
2377 3821 2463 3861 est
2503 3809 2650 3876 lepra
2683 3808 2824 3874 ejus.
2861 3806 2924 3859 Et
2951 3809 3028 3858 ait
3092 3807 3166 3859 illi
3233 3807 3437 3861 Jcsus:

1868 3905 2022 3968 Vide,
2061 3903 2266 3956 nemini
2299 3901 2505 3952 dixeris
2535 3917 2549 3951 :
2581 3900 2675 3953 scd
2711 3901 2865 3962 vade,
2896 3899 3124 3952 ostende
3151 3903 3203 3952 te
3257 3913 3442 3952 sacer-

1865 3997 2001 4060 doti,
2037 4004 2092 4049 et
2117 3995 2255 4048 offer
2296 4009 2516 4055 munus,
2549 3992 2692 4060 quod
2729 3992 2988 4060 praecepit
3025 3989 3257 4059 Moyses,
3286 3991 3339 4043 in
3371 3999 3444 4043 te-

1865 4090 2183 4145 stimonium
2221 4087 2347 4140 illis.
2393 4085 2563 4158 [utv,
2595 4084 2677 4156 5.]
2711 4083 2846 4139 Cum
2884 4093 3066 4138 autem
3125 4084 3431 4140 iutroisset‘

1865 4183 2275 4250 Capharnaum,
2317 4179 2552 4233 accessit
2607 4178 2674 4230 ad
2716 4193 2842 4234 eum
2896 4177 3182 4238 Centurio.
3246 4193 3443 4247 rogans

1863 4292 2012 4340 eum,
2044 4285 2101 4331 et
2127 4277 2318 4330 dicens
2349 4291 2364 4328 :
2398 4273 2647 4334 Domine,
2675 4287 2811 4340 puer
2842 4286 2992 4324 meus
3013 4271 3160 4339 jacet
3191 4270 3244 4322 in
3282 4270 3445 4324 domo

1869 4368 2222 4438 paralyticus,
2258 4377 2314 4419 et
2353 4366 2493 4418 male
2532 4375 2841 4431 torquetur.
2883 4363 2946 4415 Et
2993 4363 3070 4416 ait
3101 4362 3177 4416 illi
3234 4363 3440 4418 Jesus:

199 4460 384 4519 vultis,
403 4455 1196 4522 utfaciantvobisihomines.et
1215 4456 1478 4508 vosfacite
1501 4456 1622 4509 illis.
1641 4456 1764 4511 Haec
1794 4472 1846 4530 ι)
1871 4460 1980 4527 Ego
2010 4458 2246 4518 veniam,
2271 4467 2326 4510 et
2353 4455 2557 4508 curabo
2603 4469 2727 4507 eum
2787 4452 2892 4524 [ΑΙ.
2936 4455 3162 4508 veniens
3188 4453 3443 4524 curabo].

197 4561 284 4600 est
311 4552 450 4602 enim
479 4549 587 4600 Lex
632 4558 687 4600 et
723 4545 1028 4614 Prophetas.
1073 4545 1478 4616 [Lv,5.]lntrate
1497 4562 1775 4615 perangu-

196 4647 334 4687 stam
358 4646 566 4704 portam
596 4636 757 4702 :quia
778 4635 882 4687 lata
903 4646 1076 4702 porta.
1103 4645 1156 4687 et
1177 4638 1413 4702 Spatiosa
1438 4635 1520 4687 via
1541 4646 1777 4706 est,quae

196 4728 353 4780 ducit
395 4735 459 4780 ad
499 4729 882 4796 perditionem,
908 4735 961 4779 et
987 4727 1142 4779 multi
1169 4736 1294 4780 sunt
1326 4728 1420 4796 qui
1453 4730 1655 4783 intrant
1679 4745 1778 4799 per

189 4835 341 4875 eam.
369 4819 540 4885 Quam
574 4829 801 4887 angusta
832 4828 1010 4880 porta.
1043 4829 1095 4870 et
1121 4830 1270 4871 arcta
1292 4821 1377 4872 via
1399 4830 1502 4885 cst,
1528 4838 1647 4890 qua:
1674 4823 1775 4876 du-

191 4914 271 4965 cit
313 4916 376 4966 ad
399 4915 562 4966 vitam
593 4910 612 4940 ³
649 4922 664 4962 :
700 4923 752 4964 et
782 4909 938 4979 pauci
964 4921 1112 4970 sunt,
1155 4912 1248 4978 qui
1284 4911 1562 4964 inveniunt
1615 4912 1772 4965 eam!

192 5007 336 5074 [Lvt,
374 5003 456 5056 l0.
492 5001 817 5071 ]Attendite
851 5019 879 5053 a
919 5000 1068 5053 falsis
1097 5003 1398 5070 pr0phetis,
1425 5004 1516 5070 qui
1555 5003 1778 5058 veniunt

188 5100 260 5151 ad
303 5111 396 5150 vos
441 5099 494 5150 in
536 5096 878 5150 vestimentis
937 5095 1147 5157 ovium,
1204 5096 1532 5149 intrinsecus
1588 5106 1769 5150 autem

272 5285 289 5312 ³
327 5280 560 5335 Additur
613 5281 666 5333 in
744 5278 956 5340 Graeco,
1010 5276 1079 5330 Et
1144 5279 1269 5345 quid
1325 5277 1537 5343 bibatis,
1593 5285 1689 5333 καὶ
1721 5283 1777 5332 τί

194 5369 457 5475 ultimas.
490 5419 599 5474 duo
627 5419 865 5487 Reginae,
904 5434 992 5471 vos
1028 5417 1268 5489 minima,
1291 5419 1436 5486 ﬁdei.
1466 5417 1634 5473 Paulo
1656 5431 1778 5489 post

185 5496 244 5545 in
284 5491 500 5554 Graeco,
541 5491 632 5543 ubi
661 5489 884 5552 dicitur,
930 5489 1037 5541 Scit
1066 5495 1204 5541 eim
1243 5488 1407 5542 Pater
1465 5488 1778 5554 ναίει-(δάε

179 5568 351 5618 ditur
375 5563 615 5623 calcatis,
654 5562 682 5609 6
714 5559 982 5626 οὐράνιος.

264 5633 287 5662 ³
337 5629 430 5682 Hor
473 5643 655 5683 autem
680 5645 914 5691 comma,
959 5630 1067 5694 ipse
1101 5629 1317 5682 intrabit
1348 5631 1402 5682 in
1434 5645 1650 5700 regnum
1675 5648 1776 5686 ca:-

183 5705 397 5766 kntut,
428 5700 646 5755 tam
678 5701 986 5754 necessario
1011 5700 1478 5770 subinteiligatur,
1507 5719 1557 5754 tu
1583 5705 1776 5758 Graeco

1879 4552 1947 4605 Et
1984 4552 2316 4620 respondens
2355 4549 2643 4613 Centurio,
2707 4550 2824 4601 ait:
2867 4546 3114 4610 Domine,
3148 4562 3256 4600 non
3322 4562 3448 4602 sum

1878 4649 2096 4714 dignus,
2123 4655 2184 4698 ut
2208 4646 2378 4698 intres
2425 4645 2527 4696 sub
2559 4649 2762 4696 tectum
2799 4656 2979 4692 meum
3012 4661 3025 4694 ;
3085 4638 3181 4692 sed
3235 4648 3449 4692 tantum

1877 4739 1970 4792 dic
2002 4736 2192 4799 verbo,
2222 4748 2279 4788 ct
2315 4733 2599 4788 sanabitur
2645 4747 2783 4801 puer
2823 4744 2999 4782 meus.
3041 4728 3176 4782 Nam
3239 4738 3296 4782 et
3347 4744 3452 4794 ego

1881 4833 2045 4883 homo
2075 4843 2196 4882 sum
2231 4828 2335 4880 sub
2361 4833 2632 4896 potestate
2667 4825 3004 4878 constitutus
3035 4823 3076 4886 ⁵,
3112 4821 3316 4875 habens
3346 4824 3453 4876 sub

1879 4940 1965 4976 me
2001 4923 2224 4983 milites,
2255 4931 2310 4974 et
2343 4921 2469 4972 dico
2501 4919 2626 4972 huic
2659 4936 2672 4972 :
2708 4916 2878 4982 Vade,
2902 4926 2957 4970 et
2987 4917 3135 4969 vadit
3170 4934 3184 4970 :
3219 4925 3273 4969 et
3311 4916 3402 4970 alii
3435 4931 3449 4967 :

1886 5014 2041 5076 Veni,
2075 5024 2128 5064 et
2160 5013 2307 5064 venit
2340 5025 2353 5062 :
2381 5020 2432 5062 et
2471 5023 2636 5061 servo
2678 5022 2798 5060 meo
2833 5024 2848 5060 :
2884 5005 2990 5059 Fac
3032 5006 3156 5071 hoc,
3193 5018 3246 5060 et
3298 5007 3450 5060 facit.

1879 5107 2120 5160 Audiens
2149 5113 2328 5157 autem
2369 5103 2552 5164 Jcsus,
2580 5102 2818 5153 miratus
2841 5109 2925 5154 est
2955 5118 2970 5153 :
3010 5111 3065 5154 et.
3093 5099 3453 5169 sequentibus

2233 5297 2384 5332 IDlaI'I
2420 5297 2526 5332 non
2577 5297 2680 5332 εει.

1883 5297 2060 5339 tamen
2092 5280 2384 5349 exemplari
2420 5293 2526 5332 non
2577 5288 2680 5332 est.

1953 5354 1972 5383 ⁸
2008 5335 2284 5406 Vetustior
2312 5349 2530 5417 Regina:
2566 5365 2668 5401 ms.
2717 5350 2866 5402 addit
2905 5349 2996 5401 hic
3041 5361 3235 5402 nomen
3266 5344 3444 5410 Jews,

1880 5431 2021 5494 quod
2050 5423 2270 5494 quidem
2301 5424 2439 5494 etAin
2470 5420 2678 5494 (inecis
2710 5421 2982 5494 plerisque
3001 5419 3160 5494 Alib_ris
3192 5417 3450 5484 exprimi-

1883 5488 1966 5548 {ur
1993 5510 2005 5545 :
2035 5488 2331 5546 εἰσελθόντι
2362 5490 2420 5542 δὲ
2448 5491 2526 5559 τῷ
2567 5491 2743 5556 Ἰησοῦ
2773 5507 2788 5546 :
2827 5493 2916 5542 alii
2954 5488 3100 5554 αὐτῷ
3143 5496 3374 5559 tantum.
3491 5496 3499 5505 ‘

1951 5563 1972 5594 ⁵
2002 5565 2236 5619 Verbum
2265 5558 2602 5619 constitutus.
2623 5561 2734 5613 duo
2761 5561 2978 5628 Reginae
2999 5572 3128 5611 mss.
3160 5558 3448 5626 ignorant:

1883 5651 2059 5704 neque
2094 5637 2206 5704 ipse
2239 5649 2458 5702 proprie
2481 5633 2642 5686 habet
2669 5631 2890 5685 Graecus
2917 5640 3113 5682 textus.
