3880 6168
479 372 587 434 583

1409 360 1473 420 S.
1506 353 1954 418 HIERONYMI
1996 349 2267 412 DIVINA
2311 342 2845 407 BIBLIOTHECA.

3582 342 3668 407 534

466 504 525 543 se
554 486 692 541 dim
725 500 739 535 ε
772 484 942 537 Amen
987 478 1108 533 dico
1138 476 1314 538 vobis,
1359 488 1467 527 non
1517 471 1703 526 inveni
1731 478 1936 524 tantam
1978 469 2042 522 ll-
2078 456 2129 532 Α
2153 466 2407 520 buerant.
2453 462 2519 515 Et
2554 475 2682 514 ecce
2708 468 2819 512 tota
2841 455 3032 509 civitas
3059 451 3191 507 exiit
3222 453 3421 509 obviam
3448 452 3561 511 Jesu
3586 474 3601 513 :
3624 470 3672 514 et

466 581 590 635 dem
633 579 684 632 in
711 576 899 631 Israel.
928 572 1077 645 μιν,
1114 569 1193 639 5.]
1238 568 1367 621 Dico
1425 575 1611 620 autem
1663 564 1843 627 vobis,
1902 558 2049 631 quod

470 670 629 724 multi
663 669 728 721 ab
762 667 1010 724 Oriente,
1035 671 1091 714 et
1120 658 1425 714 Occidente
1456 657 1701 717 venient,
1743 663 1798 708 et
1831 666 2051 707 recum-

468 763 598 817 bent
630 775 753 813 cum
776 756 1073 813 Abraham,
1098 762 1153 806 et
1188 760 1356 817 Isaac,
1384 760 1440 803 et
1470 749 1637 804 Jacob
1666 749 1719 801 in
1747 760 1914 813 regno
1944 758 2055 798 cte-

468 855 688 906 lorum:
721 847 816 899 lilii
847 854 1029 898 autem
1066 842 1215 909 regni
1251 840 1544 907 ejicientur
1576 838 1632 890 in
1673 833 1932 889 tenebras
1962 845 2057 883 ex.

472 948 735 1000 teriores:
768 942 837 994 ibi
858 940 961 991 erit
984 936 1165 999 ﬂetus,
1189 945 1242 988 et
1272 932 1476 987 stridor
1500 930 1774 985 dentium.
1796 921 2052 999 [cxvr,6.]

470 1038 537 1091 Et
563 1035 700 1088 dixit
728 1031 885 1085 .lcsus
907 1027 1217 1084 centurioni
1254 1041 1270 1081 :
1306 1024 1476 1083 Vade,
1496 1031 1549 1075 et
1580 1024 1723 1074 sicut
1744 1015 2052 1075 credidisti,

469 1128 561 1180 ﬁat
592 1126 707 1180 tibi.
752 1123 817 1177 Et
846 1132 1066 1175 sanatus
1091 1126 1175 1172 est
1207 1131 1341 1185 puer
1368 1112 1480 1185 [AL
1513 1128 1659 1181 puer
1690 1108 1833 1179 ejus]
1869 1108 1921 1159 in
1964 1106 2054 1158 illa

472 1223 625 1272 hora.
689 1214 896 1284 [LCVII,
950 1211 1006 1263 2.
1043 1209 1155 1281 ]Ει
1193 1222 1317 1261 cum
1379 1204 1619 1257 venisset
1664 1202 1824 1256 Jesus
1871 1201 1924 1253 in
1958 1199 2058 1251 do-

475 1323 622 1363 mum
653 1306 823 1367 Petri,
859 1304 994 1355 vidit
1026 1314 1246 1354 socrum
1300 1297 1417 1366 ejus
1470 1296 1768 1365 jacentem,
1803 1301 1857 1343 et
1890 1288 2056 1343 l'ebri-

476 1403 735 1455 citantem
780 1414 794 1451 :
830 1408 883 1448 et
916 1392 1094 1461 tetigit
1144 1403 1365 1443 martum
1406 1387 1548 1455 ejus,
1572 1393 1627 1438 et
1682 1382 1891 1437 dimisit
1938 1395 2057 1435 eam

481 1488 677 1551 febris,
736 1497 790 1540 et
846 1488 1105 1547 surrexit,
1155 1492 1209 1534 et
1267 1477 1612 1533 ministrabat
1661 1476 1764 1529 eis.
1822 1473 2061 1539 VeSpere

478 1592 658 1635 autem
698 1578 858 1640 facto,
890 1576 1211 1629 obtulerunt
1234 1572 1281 1627 ei
1319 1571 1520 1624 multos
1552 1565 1818 1622 daemonia
1850 1564 2062 1617 haben-

483 1684 567 1727 tes
596 1690 608 1723 :
646 1679 699 1723 et
728 1668 980 1739 ejiciebat
1008 1665 1233 1732 spiritus
1256 1664 1462 1716 verbo:
1494 1670 1549 1713 et
1573 1672 1764 1711 omnes
1793 1656 1930 1708 male
1964 1655 2062 1706 ba-

477 1768 668 1819 bentcs
697 1760 949 1815 curavit:
990 1770 1048 1811 ut
1078 1756 1476 1823 adimpleretur
1515 1748 1659 1819 quod
1714 1748 1921 1801 dictum
1980 1753 2062 1798 est

2157 555 2277 607 viso
2300 568 2383 615 eo,
2423 552 2684 620 rogabant
2734 556 2793 601 ut
2821 546 3080 601 transiret
3102 559 3131 596 a
3159 542 3351 598 ﬁnibus
3370 558 3560 600 eorum.

2222 644 2384 715 [ϐαρ.
2420 643 2512 709 IX,
2549 658 2671 705 cxx,
2709 638 2793 709 1.]
2866 638 2933 691 Et
2995 634 3294 689 ascendens
3336 634 3389 688 in
3417 638 3680 694 naviculam

2159 736 2535 791 translretavit
2560 776 2576 797 ,
2607 744 2662 787 et
2692 732 2841 785 venit
2876 731 2930 783 in
2966 728 3243 783 civitatem
3276 742 3441 780 suam.
3477 728 3533 782 Et
3575 744 3683 785 ecce

2157 832 2467 886 oll‘erebant
2484 828 2533 881 ei
2553 825 2907 896 paralyticum
2926 822 3195 891 jacentem
3222 818 3274 871 in
3289 819 3502 873 lecto.Et
3518 821 3675 875 videns

2156 925 2313 979 Jesus
2352 923 2512 975 lidcm
2537 920 2778 981 illorum,
2804 915 2939 969 dixit
2963 912 3256 982 paralyticn
3285 931 3299 964 ;
3348 910 3570 974 Conﬁdo,
3592 914 3679 979 liii,

2160 1017 2514 1071 remittuntur
2536 1010 2635 1065 tibi
2663 1018 2883 1080 peccata
2911 1005 3095 1061 tua.Et
3117 1020 3242 1058 ecce
3256 1004 3461 1072 quidam
3486 1003 3546 1059 de
3564 1006 3689 1059 Scri-

2157 1108 2515 1176 bisjdixerunt
2534 1104 2675 1157 intra
2695 1116 2775 1155 se:
2800 1099 2897 1153 Hic
2922 1099 3276 1167 blasphemat.
3297 1096 3490 1150 Etcum
3508 1096 3691 1151 vidisset

2157 1198 2318 1253 Jesus
2368 1197 2723 1264 cogitationes
2767 1208 2977 1254 eorum,
3027 1188 3299 1243 dixit:Ut
3326 1188 3449 1258 quid
3487 1189 3693 1258 cogitatis

2120 1290 2121 1293 “
2162 1292 2301 1343 mala
2336 1290 2391 1341 in
2420 1287 2680 1341 cordibus
2721 1283 2960 1338 vestris?
2990 1280 3131 1347 Quid
3167 1294 3250 1333 est
3282 1280 3483 1332 facilius
3506 1320 3518 1341 ,
3544 1281 3695 1334 dicere

2160 1381 2519 1435 Dimittuntur
2548 1379 2644 1431 tibi
2667 1385 2912 1446 peccata
2947 1386 3034 1429 tua
3065 1389 3080 1426 :
3108 1389 3175 1426 an
3210 1374 3388 1426 dicere
3421 1370 3632 1437 :Surge,
3654 1379 3694 1423 et

2162 1472 2418 1527 ambula?
2442 1470 2509 1525 Ut
2535 1480 2716 1524 autem
2737 1471 2923 1523 sciatis
2974 1467 3101 1536 quia
3132 1466 3306 1529 Filius
3339 1464 3549 1517 hominis
3570 1461 3695 1516 habet

2164 1576 2484 1636 potestatem
2512 1565 2566 1617 in
2598 1577 2740 1618 terra
2796 1560 3109 1616 dimittendi
3166 1566 3387 1629 peccata
3415 1596 3429 1621 ,
3483 1565 3595 1609 tunc
3626 1555 3689 1607 ait

2168 1674 2233 1729 pa
2249 1658 2475 1729 ralytico
2516 1672 2529 1711 :
2568 1656 2743 1724 Surge
2769 1695 2783 1717 ,
2816 1653 2942 1707 tolle
2975 1654 3178 1706 lectum
3236 1656 3474 1713 tnum,et
3502 1647 3617 1701 vade
3657 1644 3699 1698 in

2168 1751 2390 1803 domum
2419 1757 2585 1801 tuam.
2613 1747 2679 1799 Et
2710 1744 2979 1807 surrexit,
3004 1753 3059 1796 et
3092 1740 3230 1795 abiit
3255 1740 3308 1793 in
3333 1738 3537 1792 domum
3560 1749 3701 1792 δειλίη.

480 1872 573 1926 per
612 1855 800 1908 Isaiam
830 1851 1174 1919 prophetam,
1205 1845 1479 1898 dicentem
1516 1860 1529 1894 Ξ
1560 1841 1684 1909 Ipse
1718 1836 2068 1891 inﬁrmitates
2100 1816 2143 1869 Β
2181 1841 2438 1894 νίάθιιιεε
2471 1850 2654 1893 autem
2690 1838 2859 1890 [urbm
2918 1837 3223 1890 timuerunt
3246 1872 3262 1896 ,
3312 1838 3366 1883 ει
3410 1830 3702 1899 gloriﬁcave.

487 1953 707 1999 nostras
730 1940 944 2007 accepit
974 1955 989 1991 :
1026 1946 1081 1990 et
1108 1933 1492 2005 aegrotationes
1522 1939 1735 1983 nostras
1764 1928 1781 1957 ί
1807 1926 2061 1995 portavit.

488 2033 695 2088 Videris
726 2040 907 2083 autem
936 2028 1096 2082 Jesus
1120 2025 1307 2077 turbas
1336 2021 1535 2074 multas
1560 2019 1770 2071 circum
1800 2030 1880 2077 se,
1906 2013 2065 2084 jussit

480 2126 561 2179 ire
600 2136 748 2176 trans
784 2121 999 2173 lretum.
1063 2115 1294 2187 [vam,
1326 2112 1416 2184 5.]
1469 2112 1535 2164 Et
1600 2106 1869 2162 accedens
1929 2118 2070 2158 unus

482 2220 696 2284 Scriba,
726 2218 801 2270 ait
837 2215 911 2268 illi
979 2229 993 2265 :
1030 2211 1306 2281 Magister.
1363 2219 1562 2274 sequar
1622 2213 1675 2257 te
1717 2212 2072 2270 «quocunque

489 2314 648 2367 ieris.
681 2310 745 2362 Et
774 2302 908 2361 dicit
948 2304 996 2358 ei
1029 2303 1229 2357 Jesus:
1263 2299 1467 2366 Vulpes
1504 2296 1692 2349 foveas
1741 2292 1963 2355 habent,
2019 2298 2073 2342 et

483 2408 736 2460 volucres
761 2403 883 2457 cceli
919 2400 1114 2464 nidos;
1143 2396 1317 2449 Filius
1349 2403 1528 2447 autem
1558 2390 1797 2446 hominis
1834 2402 1941 2441 non
1975 2386 2073 2439 ha-

486 2499 581 2551 bet
617 2496 704 2549 ubi
732 2503 891 2563 caput
934 2490 1182 2544 reclinet.
1226 2487 1379 2540 Alius
1424 2494 1605 2539 autem
1665 2482 1733 2536 de
1786 2478 2073 2549 discipulis

487 2591 610 2659 ejus
640 2589 718 2641 ait
752 2587 825 2639 illi
858 2599 871 2638 :
916 2581 1160 2643 Domine,
1192 2578 1454 2648 permitte
1496 2591 1580 2629 me
1614 2576 1856 2644 primum
1884 2571 1989 2635 ire,
2018 2576 2075 2623 et

484 2683 719 2748 sepelire
754 2690 965 2748 patrem
1001 2686 1207 2726 meum.
1234 2668 1395 2723 Jesus
1427 2676 1609 2721 autem
1671 2665 1749 2718 ait
1808 2664 1895 2717 illi
1931 2677 1946 2715 :
1976 2660 2075 2715 Se-

482 2785 653 2839 qnere
679 2782 784 2831 me,
845 2774 897 2817 et
952 2762 1164 2816 dimitte
1227 2766 1476 2811 mortuos
1541 2754 1776 2824 sepelire
1829 2763 2077 2806 mortuos

485 2879 633 2918 suos.
669 2860 837 2932 ωαχ,
870 2854 959 2927 2.]
988 2854 1049 2906 Et
1083 2852 1414 2906 ascendente
1446 2865 1511 2903 eo
1541 2848 1597 2901 in
1632 2848 1962 2909 naviculam,
1994 2860 2078 2898 se-

484 2956 595 3009 cuti
622 2961 749 3007 snnt
776 2967 901 3004 eum
935 2946 1187 3013 discipuli
1215 2944 1362 3009 ejus;
1396 2952 1448 2994 et
1486 2956 1616 2995 ecce
1642 2950 1822 2993 motus
1849 2952 2078 3007 magnus

484 3048 659 3101 [actus
694 3053 779 3098 est
806 3044 859 3095 in
883 3040 1043 3101 mari,
1078 3036 1148 3089 ita
1181 3044 1240 3088 ut
1274 3034 1525 3087 navicula
1551 3034 1863 3101 operiretur
1894 3030 2079 3083 ﬂucti-

2174 1943 2301 1986 runt
2336 1933 2502 1985 Deum
2524 1972 2538 1994 ,
2565 1930 2657 1998 qui
2679 1928 2832 1982 dedit
2866 1935 3189 1996 potestatem
3208 1924 3367 1977 talem
3418 1921 3699 1975 hominibus.

2175 2023 2320 2095 [uxr
2344 2065 2357 2087 ,
2388 2024 2441 2076 2.
2472 2022 2493 2094 ]
2531 2024 2596 2077 Et
2625 2038 2748 2075 cum
2786 2020 3041 2075 transiret
3073 2019 3202 2072 inde
3232 2017 3421 2080 Jesus,
3464 2014 3588 2066 vidit
3630 2014 3704 2064 ho-

2176 2118 2379 2169 minem
2413 2116 2708 2168 sedentem
2740 2113 2794 2165 in
2829 2110 3034 2164 telonio
3061 2149 3076 2175 ,
3135 2107 3445 2161 Matthaaum
3501 2104 3703 2158 nomine.

2174 2210 2242 2262 Et
2272 2209 2345 2261 ait
2375 2207 2451 2260 illi
2493 2205 2776 2273 :Sequere
2804 2218 2913 2256 me.
2949 2200 3011 2253 Et
3086 2214 3354 2268 surgens,
3408 2208 3605 2251 secutus
3643 2204 3707 2249 est

2174 2319 2322 2357 eum.
2359 2298 2537 2372 [LXXII
2561 2335 2576 2360 ,
2606 2296 2662 2349 2.
2698 2295 2713 2363 ]
2747 2296 2810 2347 Et
2836 2296 3041 2347 factum
3089 2301 3174 2347 est
3201 2331 3217 2356 ,
3271 2292 3617 2345 discumbente
3659 2301 3709 2341 eo

2179 2392 2231 2449 in
2285 2398 2482 2456 domo,
2514 2406 2641 2445 ecce
2665 2390 2819 2443 multi
2854 2388 3132 2458 publicani
3184 2396 3244 2439 et
3306 2392 3603 2452 peccatores
3641 2395 3705 2434 ve-

2178 2489 2417 2546 nientes,
2468 2482 3029 2536 discumbebantcuut
3061 2478 3216 2540 Jesu,
3239 2486 3295 2530 et
3326 2475 3584 2543 discipulis
3598 2473 3712 2542 ejus.

2179 2580 2243 2634 Et
2265 2580 2506 2633 videntes
2524 2573 3072 2635 Pharisaei.dicebant
3096 2570 3382 2638 discipulis
3400 2570 3507 2636 ejus
3532 2583 3547 2625 :
3569 2566 3711 2632 Quare

2179 2688 2304 2727 cum
2348 2669 2660 2723 Publicanis
2690 2677 2743 2720 et
2780 2665 3162 2735 peccatoribus
3190 2663 3481 2716 manducat
3507 2659 3713 2727 Magister

2181 2764 2403 2817 vester?
2427 2762 2658 2826 luxui,
2684 2760 2738 2812 2.
2761 2758 2779 2830 ]
2806 2759 2874 2812 At
2898 2758 3056 2812 Jesus
3078 2758 3314 2810 audiens
3344 2796 3357 2819 ,
3380 2754 3455 2808 ait
3483 2771 3496 2805 :
3531 2752 3631 2805 Non
3650 2758 3714 2802 est

2180 2873 2320 2927 Opus
2357 2856 2668 2911 valentibus
2722 2853 3003 2915 medicus,
3053 2851 3150 2904 sed
3225 2850 3365 2903 male
3411 2844 3714 2902 habentibus.

2180 2954 2387 3007 Euntes
2414 2965 2596 3005 autem
2630 2949 2824 3003 discite
2848 2948 2977 3015 quid
3002 2953 3085 2999 est
3109 2960 3124 2999 ε
3157 2941 3574 2998 Misericordiain
3598 2938 3713 2996 volo.

2181 3056 2237 3097 et
2266 3060 2374 3098 non
2399 3043 2754 3097 sacriﬁcium.
2789 3038 2905 3093 Non
2933 3038 3077 3091 enim
3114 3037 3243 3090 veni
3300 3049 3487 3090 vocare
3535 3032 3713 3103 justus,

486 3140 612 3196 bus.
652 3137 768 3204 ipse
800 3148 931 3185 "8""
961 3127 1293 3224 d0r'“ieba‘_-
1348 3126 1415 3179 Ει
1446 3122 1896 3224 θθοθδδθτυηι-θά
1953 3138 2075 3175 em“
2113 3169 2156 3224 ε
2189 3139 2282 3192 sed
2314 3120 2645 3207 peccatores.
2676 3134 2827 3187 Tunc
2863 3140 3218 3185 accesserunt
3259 3132 3325 3183 ad
3348 3144 3468 3182 eum
3500 3122 3711 3192 discipuli

488 3226 743 3293 discipuli
780 3223 923 3292 ejus,
962 3223 982 3252 ⁸
1014 3226 1088 3271 -et
1121 3220 1542 3270 suscitaverunt
1576 3230 1726 3280 eum,
1789 3214 2037 3266 dicentes
2069 3229 2084 3266 :

490 3322 737 3378 Domine,
791 3316 936 3368 salva
988 3327 1108 3374 nos,
1159 3312 1427 3381 perimus.
1468 3308 1531 3361 Et
1586 3307 1722 3359 dicit
1757 3306 1841 3359 eis
1881 3304 2084 3375 Jesus;

488 3409 626 3474 Quid
662 3406 833 3459 timidi
865 3404 1018 3465 estis,
1043 3403 1269 3453 modicae
1309 3398 1477 3450 ﬁdei?
1509 3396 1670 3450 Tunc
1705 3412 1963 3464 surgens,
1990 3398 2088 3448 im-

493 3494 989 3569 peravitventiset
1025 3493 1184 3553 mari,
1247 3499 1303 3543 et
1357 3488 1498 3541 facta
1561 3497 1646 3541 est
1706 3488 2081 3555 tranquillitas

489 3606 703 3659 magna.
736 3588 903 3642 Porro
924 3584 1169 3638 hornines
1194 3580 1369 3634 mirati
1400 3589 1549 3643 sunt,
1573 3579 1822 3634 dicentes
1852 3594 1866 3632 :
1903 3579 2088 3644 Qualis

490 3692 576 3737 est
597 3683 705 3744 hic,
734 3668 864 3748 quia.
886 3678 1031 3730 venti
1060 3672 1169 3744 [ΑΙ.
1193 3682 1249 3727 et
1280 3668 1453 3742 venti]
1474 3680 1536 3736 _ct
1599 3685 1751 3722 mare
1800 3669 2087 3721 obedinnt

492 3774 543 3828 ei
569 3772 591 3823 ?
616 3771 678 3824 Et
714 3784 840 3821 cum
875 3767 1118 3820 venisset
1150 3775 1301 3818 trans
1357 3764 1558 3816 fretum
1605 3762 1625 3792 ³
1690 3761 1745 3813 in
1812 3760 2086 3828 regionem

497 3864 924 3919 Gerasenorum,
953 3862 1315 3911 occurrerunt
1339 3854 1389 3906 ei
1417 3852 1525 3904 duo
1556 3852 1821 3903 habentes
1884 3853 2087 3904 damno—

504 3955 613 4015 nia,
649 3954 716 4005 de
745 3946 1112 4003 monumentis
1163 3955 1451 4006 exeuntes,
1497 3943 1623 3994 saevi
1656 3941 1837 4003 nimis,
1898 3941 1971 3992 ita
2030 3947 2090 3993 ut

505 4061 670 4097 nemo
695 4050 879 4110 posset
916 4038 1146 4091 transire
1188 4050 1281 4104 per
1315 4034 1457 4085 viam
1496 4032 1667 4084 illam.
1706 4028 1771 4081 Et
1809 4045 1936 4082 ecce
1968 4029 2083 4082 cla-

502 4144 806 4193 mavernut,
839 4132 1087 4185 dicentes
1124 4143 1139 4181 :
1173 4126 1311 4192 Quid
1346 4126 1501 4177 nobis
1569 4135 1625 4177 et
1668 4124 1788 4187 tibi,
1815 4121 1944 4175 Jesu
1990 4120 2087 4173 Fili

505 4228 635 4282 Dei?
674 4225 878 4279 Venisti
933 4224 1041 4275 huc
1070 4228 1194 4272 ante
1228 4233 1443 4285 tempus
1502 4224 1756 4283 torquere
1791 4214 1932 4267 nos?
1959 4213 2089 4265 Erat

507 4328 690 4371 autem
717 4332 821 4369 non
871 4315 1030 4381 longe
1057 4310 1124 4363 ab
1151 4309 1256 4361 illis
1281 4323 1411 4376 grex
1455 4306 1752 4359 multorum
1790 4319 2086 4373 porcorum

502 4422 750 4477 pascens.
788 4405 1066 4457 Daemones
1096 4410 1276 4452 autem
1311 4399 1574 4467 rogabant
1610 4412 1759 4461 eum,
1791 4398 2036 4450 dicentes
2063 4410 2080 4451 :

504 4497 558 4551 Si
584 4498 739 4565 ejicis
762 4510 860 4546 nos
894 4494 1045 4555 hinc,
1079 4493 1233 4543 mitte
1262 4504 1360 4541 nos
1388 4490 1439 4540 in
1494 4502 1707 4555 gregem
1762 4502 2078 4556 porcorum.
2113 4520 2159 4575 υ

504 4590 571 4643 Ει
600 4601 672 4641 ait
702 4589 808 4639 illis
833 4604 845 4637 :
874 4585 972 4638 ite.
1006 4584 1170 4635 Atilli
1201 4591 1465 4636 exeuntes
1488 4579 1749 4631 abierunt
1779 4579 1833 4631 in
1862 4592 2077 4647 porcos:

502 4692 557 4734 et
592 4695 721 4735 ecce
752 4680 955 4746 impetu
996 4676 1129 4729 abiit
1158 4684 1300 4727 totus
1323 4688 1453 4742 grex
1478 4670 1584 4742 [Αι.
1620 4688 1750 4740 grex
1780 4668 2073 4740 pecorum]

504 4787 600 4840 per
631 4785 869 4839 praceps
900 4769 952 4820 in
984 4781 1132 4821 mare
1165 4782 1179 4829 ;
1213 4777 1273 4818 et
1301 4764 1500 4817 mortui
1524 4773 1654 4816 sunt
1686 4766 1739 4816 in
1780 4764 1958 4831 aquis.
1982 4764 2085 4815 Pa-

503 4870 682 4913 stores
711 4868 893 4911 autem
952 4859 1211 4925 fugerunt
1247 4864 1345 4921 ;et
1379 4854 1665 4907 venientes
1698 4858 1750 4906 in
1784 4855 2082 4919 civitatem,

505 4951 901 5004 nuntiaverunt
927 4948 1134 5011 omnia,
1167 4954 1225 5000 et
1255 4946 1322 4999 de
1376 4944 1480 5010 eis,
1517 4945 1611 5012 qui
1672 4944 1943 4999 damonia
1981 4947 2081 4998 ba-

580 5236 599 5266 ¹
627 5235 875 5288 Alterum
917 5233 1021 5286 hoc
1048 5247 1264 5301 quoque
1330 5248 1630 5301 pronomen
1676 5248 1884 5287 nostras
1918 5234 2082 5288 iidem

506 5323 666 5363 mss..
730 5304 919 5359 Graeco
950 5304 1067 5370 ipso
1108 5304 1443 5355 aSsentiente
1470 5314 1639 5368 textu,
1674 5310 1925 5358 reticent.

576 5380 597 5409 ³
633 5378 827 5430 lterum
871 5377 977 5426 duo
1015 5378 1174 5426 verba
1220 5372 1466 5440 discipuli
1502 5375 1641 5439 ejus,
1678 5390 1805 5426 mss.
1868 5375 2086 5441 lii-gina:

508 5457 689 5501 tacent
716 5464 730 5499 :
757 5460 986 5513 quorum
1020 5452 1203 5495 tamen
1227 5446 1461 5494 alterum
1492 5446 1795 5505 dumtaxat,
1823 5444 1938 5495 sive
1971 5444 2087 5510 ejus

506 5518 689 5572 Graeca
748 5517 954 5583 aliquot
987 5516 1229 5565 melioris
1260 5522 1399 5564 notat-
1427 5516 1759 5578 exemplaria
1808 5514 2082 5580 ignorant.

508 5588 678 5640 Paulo
713 5582 893 5638 autent
930 5586 1085 5635 aliter
1120 5584 1281 5634 habet
1310 5593 1618 5642 contextus,
1694 5582 1803 5633 Καὶ
1855 5583 2087 5651 προσελ-

510 5661 692 5715 θόντες
722 5658 772 5706 οἱ
805 5660 1003 5721 nonut
1037 5654 1263 5721 ἡγειριν
1303 5653 1486 5721 aueo].
1538 5661 1585 5701 et
1618 5653 1919 5704 accedentes
1957 5653 2085 5704 dis-

515 5726 679 5793 cipuli
741 5720 1125 5776 suscitaverttnt
1182 5736 1321 5772 eum.
1376 5720 1488 5774 Sed
1538 5728 1594 5774 et
1648 5721 1790 5791 quod
1838 5726 2086 5791 proxime

517 5798 783 5860 aequiust“,
810 5793 963 5844 Jcsus
999 5807 1191 5845 llOillell
1218 5798 1381 5843 tacet.

2190 3229 2416 3285 Joannis
2437 3271 2450 3292 ,
2471 3230 2715 3282 dicentes
2748 3245 2761 3280 ι
2785 3227 2963 3291 Quare
2991 3238 3110 3289 nos,
3136 3234 3189 3277 et
3216 3222 3467 3277 Pharisaei
3486 3263 3500 3287 ,
3547 3220 3717 3288 jejuna.

2194 3339 2315 3376 mus
2352 3323 2687 3390 frequenter,
2713 3320 2964 3387 discipuli
2997 3328 3180 3372 autem
3215 3318 3292 3370 tui
3339 3332 3441 3369 non
3479 3308 3717 3383 jejnnant?

2192 3416 2261 3469 Et
2302 3416 2378 3468 ait
2446 3415 2555 3467 illis
2589 3402 2751 3467 J'esus
2788 3410 3105 3478 ;Nutuquid
3142 3418 3376 3478 possunt
3423 3407 3511 3460 lilii
3571 3399 3719 3471 sponsi

2188 3508 2378 3575 lugere
2407 3505 2669 3575 quamdiu
2700 3520 2821 3557 cum
2858 3503 2967 3556 illis
3001 3514 3085 3556 est
3111 3502 3392 3570 sponsus?
3418 3498 3622 3551 Venient
3644 3508 3717 3545 au-

2192 3607 2301 3653 tem
2329 3598 2447 3652 dies
2466 3613 2587 3651 cum
2624 3597 2905 3650 auferetur
2929 3604 2994 3647 an
3051 3594 3132 3647 eis
3195 3608 3469 3662 Sponsus,
3524 3598 3575 3642 et
3618 3596 3718 3640 tunc

2189 3691 2535 3761 jejunabunt.
2587 3688 2758 3741 Nemo
2797 3698 2979 3741 autem
3061 3686 3311 3739 immittit
3360 3683 3719 3738 commissuram

2190 3782 2353 3850 panni
2389 3780 2541 3833 rudis
2564 3780 2616 3831 in
2650 3778 3035 3831 vestimentum
3062 3785 3222 3829 vetus
3247 3793 3262 3829 :
3289 3776 3425 3828 tollit
3465 3774 3593 3826 enim
3632 3766 3721 3837 pie-

2191 3866 2637 3940 nitudinenl'ejus
2663 3886 2691 3922 a
2726 3872 3054 3922 vestimento
3079 3908 3093 3932 ,
3119 3879 3170 3921 et
3202 3868 3358 3937 pejor
3401 3867 3617 3918 scissura
3658 3862 3721 3911 lit.

2190 3963 2377 4033 Neque
2415 3965 2635 4017 mittunt
2669 3964 2851 4015 vinum
2875 3977 3075 4014 novum
3098 3964 3149 4014 in
3183 3970 3335 4013 utres
3366 3971 3591 4017 veteres,
3614 3953 3724 4006 alio-

2191 4059 2322 4125 quin
2359 4066 2685 4124 rumpuntur
2732 4067 2921 4115 utres.
2972 4061 3027 4106 et
3077 4052 3271 4105 vinum
3323 4050 3636 4110 effunditur,
3677 4052 3722 4095 et

2194 4161 2341 4203 utres
2372 4160 2627 4218 pereunt.
2665 4147 2768 4200 Sed
2798 4150 2979 4198 vinum
3009 4162 3215 4199 novum
3288 4148 3341 4199 in
3387 4156 3526 4197 utres
3576 4151 3715 4192 novos

2192 4244 2452 4303 mittunt,
2480 4245 2710 4293 etainbo
2758 4252 3181 4293 conservantur.
3213 4240 3412 4308 [Lxxw
3441 4274 3456 4301 ,
3494 4233 3576 4305 2.]
3625 4232 3724 4282 11336

2193 4336 2283 4388 illo
2314 4336 2570 4403 loquente
2604 4335 2670 4387 ad
2702 4348 2796 4387 eos
2823 4372 2837 4396 ,
2873 4349 2998 4385 cece
3028 4332 3290 4400 princeps
3323 4346 3462 4383 unus
3490 4324 3718 4387 accessit,

2193 4438 2249 4481 et
2276 4427 2539 4480 adorabat
2563 4442 2687 4479 eum
2715 4466 2731 4489 ,
2756 4426 2947 4480 dicens
2974 4445 2986 4479 :
3019 4428 3246 4480 Domine
3274 4426 3315 4488 ⁸,
3342 4428 3449 4477 lina
3471 4440 3573 4475 mea
3596 4422 3723 4471 modo

2189 4519 2440 4571 defuncta
2474 4530 2579 4582 est;
2618 4520 2719 4569 sed
2743 4517 2888 4580 veni,
2921 4516 3140 4584 impone
3176 4530 3402 4568 manum
3438 4524 3569 4566 tuam
3593 4521 3725 4574 super

2187 4626 2306 4662 eam
2328 4650 2343 4673 ,
2371 4621 2425 4663 et
2445 4611 2610 4663 vivet.
2643 4609 2709 4661 Et
2735 4623 2967 4676 surgens
2989 4608 3148 4661 .lesus
3174 4647 3190 4673 ,
3232 4608 3556 4675 sequebatur
3590 4615 3690 4654 eum
3709 4635 3722 4656 ,

2184 4711 2240 4753 et
2275 4700 2531 4769 discipuli
2562 4701 2705 4768 ejus.
2739 4699 2807 4751 Et
2844 4714 2969 4752 ecce
3015 4700 3214 4751 mulier
3244 4737 3261 4763 ,
3293 4713 3415 4765 qua
3485 4690 3724 4760 sanguinis

2186 4794 2391 4846 ﬂuxum
2423 4792 2733 4860 patiebatur
2770 4790 3058 4845 duodecim
3096 4794 3289 4851 annis,
3345 4787 3565 4841 acce5sit
3597 4792 3729 4839 retro.

2185 4893 2239 4938 et
2264 4885 2441 4951 tetigit
2470 4883 2743 4935 limbi-iam
2776 4882 3090 4936 vestimenti
3146 4887 3292 4950 ejus.
3347 4880 3562 4933 Dicebat
3614 4873 3729 4925 enim

2187 4978 2329 5032 intra
2360 4994 2463 5032 se:
2497 4977 2553 5032 Si
2622 4981 2851 5049 tetigero
2904 4986 3114 5032 tantum
3177 4978 3563 5032 vestimentum
3617 4970 3732 5039 ejus.

2260 5227 2279 5255 ⁸
2312 5227 2534 5291 Pro-prie
2556 5229 2605 5276 in
2626 5226 2815 5279 Graeco
2850 5226 3044 5293 fretum
3078 5243 3183 5279 non
3216 5237 3327 5285 est.
3350 5235 3405 5276 et
3430 5212 3733 5293 Γεργεσηνὼγ

2190 5313 2289 5365 pro
2317 5289 2705 5348 Gerasenorum
2733 5289 2880 5364 regio
2908 5299 3237 5364 appellatur.
3272 5297 3435 5348 Paulo
3463 5306 3609 5343 etiam
3635 5289 3732 5353 post

2192 5364 2775 5443 μαρκᾲννλοηςεηρτς)
2810 5382 2909 5418 non
2962 5370 3132 5434 (ωερε,
3194 5364 3435 5417 noluisse
3486 5366 3730 5443 porcorum

2188 5428 2318 5504 grex
2347 5428 2594 5488 dicitur}
2638 5428 2875 5503 denique
2899 5447 2955 5490 et
2988 5428 3195 5487 lofutos
3228 5428 3537 5487 dar-itiones:
3571 5428 3731 5503 Eii;-

2188 5507 2403 5575 ὕαλλεμς
2437 5506 2604 5575 ῄμᾱς,
2635 5491 2933 5573 ἐπιτρεψον
2958 5508 3087 5573 ἡμῖν
3122 5507 3385 5556 annos“
3416 5506 3489 5564 si;
3518 5502 3603 5568 τὴν
3632 5491 3734 5557 άῖέ⁶

2188 5576 2308 5641 λην.
2346 5574 2401 5627 St
2431 5574 2577 5643 ejicis
2612 5592 2724 5639 nos,
2785 5586 3029 5643 permitte
3055 5577 3202 5628 nobis
3264 5574 3409 5627 abire
3458 5577 3510 5625 in
3537 5580 3730 5639 gregem,

2190 5657 2297 5698 τω.

2194 5784 2202 5790 .
2268 5715 2289 5743 ³
2310 5713 2515 5790 1Ῠίιδιηεη
2540 5714 2790 5790 Domine,
2823 5728 2923 5783 pro
2956 5732 3065 5784 quo
3091 5716 3317 5771 Graecus
3348 5723 3518 5770 textus
3546 5708 3623 5763 hic
3653 5706 3732 5759 ha-

2192 5786 2291 5841 bet
2317 5786 2423 5850 ὅτι,
2461 5788 2608 5854 quia,
2636 5787 2857 5858 Regina:
2896 5801 3033 5843 mss.
3075 5803 3307 5857 prorsus
3342 5787 3596 5856 ignorant.
