3880 6168
214 261 300 326 585

217 379 344 434 salva
372 391 486 430 ero.
523 375 590 429 At
619 375 777 431 Iesus
838 389 1138 430 conversus
1188 416 1203 441 ,
1231 385 1286 430 et
1350 375 1545 430 videns
1601 389 1756 435 eam,
1795 383 1832 433 Α

218 471 330 524 dixit
361 489 376 523 ε
412 468 636 523 Conﬁdo
662 508 676 532 ,
713 467 820 521 ﬁlia
864 468 897 531 ,‘
925 468 1058 523 ﬁdes
1080 477 1171 522 tua
1235 479 1286 524 te
1347 468 1548 523 salvam
1609 466 1755 520 fecit.

220 563 271 616 Et
301 561 439 615 salva
477 560 618 614 laeta
655 573 738 614 est
768 561 969 615 mulier
1027 577 1092 616 ex
1149 561 1239 616 illa
1290 560 1422 615 hora
1450 599 1465 615 .
1526 558 1591 612 Et
1635 573 1759 612 cum

222 655 437 706 venisset
459 651 621 706 Iesus
663 653 714 705 in
772 652 994 705 domum
1069 651 1334 721 principis
1365 692 1380 714 ,
1433 659 1489 704 et
1536 649 1762 702 vidisset

221 744 447 796 tibicines
476 753 529 794 et
567 744 782 795 turbam
815 742 1238 797 tumultuantem
1267 781 1282 806 ,
1306 741 1522 796 (licebat
1548 757 1562 796 ε
1589 738 1762 795 Reee-

219 834 347 886 dite:
372 848 476 884 non
507 841 594 886 est
625 833 770 886 enim
806 842 1020 886 mortua
1088 833 1267 903 puella
1293 873 1306 896 ,
1367 833 1462 886 sed
1521 831 1763 888 dormit.

222 925 275 980 Et
304 923 616 979 deridebant
641 941 788 979 eum.
858 925 922 978 Et
974 941 1096 980 cum
1151 926 1322 995 ejecta
1376 933 1522 979 esset
1568 927 1760 990 turba,

220 1013 459 1068 intravit:
491 1025 547 1067 et
575 1015 748 1068 tenuit
773 1030 988 1067 manum
1035 1013 1172 1080 ejus.
1209 1013 1275 1066 Et
1302 1013 1536 1074 surrexit
1562 1013 1762 1083 puella.

223 1104 417 1159 Etexiit
471 1104 613 1157 fama
657 1104 772 1157 Irec
840 1104 895 1158 in
957 1107 1270 1158 universam
1320 1115 1519 1158 terrain
1589 1104 1761 1158 illam.

220 1194 396 1265 luxv,
433 1194 514 1247 10.
547 1193 566 1264 ]
629 1195 696 1248 Ει
751 1205 1065 1249 transeunte
1088 1195 1212 1249 inde
1238 1194 1365 1249 Jesu
1389 1237 1402 1259 ,
1434 1195 1606 1250 secuti
1639 1204 1768 1248 sunt

222 1287 318 1339 duo
343 1286 459 1340 caeci
491 1325 505 1346 ,
533 1287 862 1351 clamantes,
892 1295 946 1340 et
968 1287 1214 1341 dicentes
1248 1305 1262 1344 :
1293 1287 1546 1343 Miserere
1570 1287 1764 1350 nostri,

224 1376 287 1429 lili
318 1377 504 1429 David.
549 1374 688 1430 Cum
723 1385 903 1430 autem
935 1379 1169 1432 venisset
1225 1376 1444 1432 domum
1469 1417 1484 1443 ,
1522 1392 1768 1431 accesse-

223 1467 416 1520 runtad
447 1483 571 1521 cum
597 1468 744 1521 caeci.
779 1467 842 1521 Et
874 1468 1008 1522 dicit
1033 1469 1114 1522 eis
1152 1467 1308 1522 Iesus
1337 1484 1351 1523 :
1382 1468 1619 1522 Creditis
1638 1467 1764 1536 quia

224 1561 320 1610 hoc
353 1574 562 1626 possunt
595 1557 772 1612 facere
812 1559 969 1614 vobis
1006 1561 1021 1590 ¹
1053 1561 1076 1614 ?
1128 1558 1324 1614 Dicunt
1373 1559 1462 1614 ei:
1528 1560 1726 1629 Utique
1751 1600 1765 1624 ,

223 1650 453 1702 Doniine.
497 1648 654 1704 Tunc
681 1651 1071 1721 tetigitoculos
1115 1666 1305 1706 eorum
1335 1690 1350 1712 ,
1395 1651 1626 1709 dicens:
1667 1653 1766 1706 Sec

221 1740 436 1793 cundqu
473 1743 630 1795 ﬁdem
663 1753 898 1796 vestram
937 1743 1026 1796 ﬁat
1062 1743 1236 1798 vobis.
1286 1743 1352 1796 Et
1398 1743 1575 1812 aperti
1635 1752 1766 1798 sunt

220 1832 546 1884 orulieorum
577 1874 592 1898 ,
620 1843 676 1887 et
699 1835 1063 1888 comminatus
1087 1842 1170 1888 est
1193 1833 1300 1888 illis
1319 1834 1476 1888 Jesus
1495 1874 1508 1898 ,
1543 1833 1770 1892 dicens:

225 1919 395 1976 Videte
415 1937 477 1975 ue
511 1922 634 1991 quis
662 1923 817 1977 sciat.
849 1921 925 1975 llli
951 1933 1130 1976 autem
1158 1935 1423 1977 eteuntes
1447 1962 1463 1985 ,
1521 1922 1772 1978 diffama-

227 2021 401 2065 veruut
425 2027 549 2066 eum
581 1997 632 2066 in
671 2022 777 2066 tota
800 2023 939 2066 terra
973 2013 1082 2069 illa.
1115 2014 1364 2084 Egressis
1393 2022 1576 2068 autem
1627 2011 1768 2079 illis,

228 2116 341 2155 ecce
365 2103 678 2157 obtulerunt
706 2105 755 2158 ei
809 2104 1081 2160 heminem
1138 2115 1348 2159 mutum
1374 2147 1387 2170 ,
1444 2105 1768 2160 daemonium

223 2192 516 2248 habentem.
552 2192 618 2248 Et
638 2196 814 2264 ejecto
855 2197 1143 2262 daemonio,
1174 2199 1393 2253 locutus
1426 2208 1522 2266 est
1567 2209 1770 2265 mutus,

221 2294 266 2338 et
292 2287 490 2340 miratae
518 2297 646 2342 sunt
690 2294 885 2352 turbae,
954 2291 1236 2346 dicentes:
1275 2289 1558 2361 Nunquam
1611 2307 1775 2361 appa«

222 2379 317 2431 ruit
344 2379 418 2434 sic
456 2381 511 2434 in
579 2379 764 2436 Israel.
829 2383 1083 2438 Pharisaei
1140 2395 1324 2440 autem
1389 2385 1770 2442 dicebaut:ln

220 2472 450 2541 principe
478 2473 871 2529 dmmoniorum
923 2477 1071 2545 ejicit
1097 2477 1368 2532 daemones
1396 2476 1618 2549 .[unn
1691 2476 1774 2549 2.]

219 2560 276 2614 Et
297 2561 558 2616 circuibat
591 2562 750 2618 Jesus
777 2579 971 2620 omnes
1003 2566 1253 2621 civitates
1294 2575 1348 2620 et
1379 2567 1600 2620 castella
1669 2567 1774 2620 do-

218 2667 340 2706 cens
367 2655 419 2708 in
455 2655 736 2725 synagogis
770 2671 984 2724 eorum,
1009 2665 1063 2712 et
1090 2658 1392 2726 praedicans
1423 2653 1773 2726 Evangelium

217 2745 383 2812 regni,
416 2754 468 2797 et
493 2760 690 2799 curans
718 2761 934 2801 omnem
969 2749 1311 2817 languorem,
1340 2757 1398 2803 et
1439 2763 1652 2802 omnem
1689 2747 1774 2801 in-

215 2831 520 2889 ﬁrmitatem
548 2834 871 2908 [uxvn,6.]
906 2836 1104 2892 Videns
1121 2849 1301 2892 autem
1335 2838 1539 2902 turbas,
1582 2838 1772 2892 miser-

215 2933 294 2978 tus
341 2935 430 2980 est
458 2928 560 2988 eis,
586 2929 679 2997 qui
705 2941 860 2983 erant
889 2931 1162 2993 vexati,et
1188 2930 1430 2996 jacentes
1461 2928 1601 2983 sicut
1647 2943 1776 2983 oves

208 3031 308 3068 non
339 3016 609 3073 habentes
634 3030 924 3088 pastorem.
949 3018 1194 3093 iurum,
1218 3020 1296 3092 5.]
1363 3020 1516 3076 Tunc
1543 3021 1673 3076 dicit
1697 3021 1777 3076 di-
1805 3049 1847 3106 α

210 3114 434 3182 scipuiis
469 3115 584 3168 suis
615 3129 630 3170 :
661 3113 847 3168 Messis
869 3115 1085 3183 quidem
1111 3114 1300 3178 multa,
1327 3112 1560 3183 operarii
1591 3120 1773 3168 autem

208 3206 387 3272 pauci.
429 3204 634 3274 ltogate
686 3220 816 3275 ergo
873 3206 1158 3259 Dominum
1214 3206 1428 3272 messis,
1466 3208 1776 3261 utmittat'

202 3297 483 3362 operarios
512 3298 562 3348 in
600 3312 832 3351 messem
863 3312 1039 3351 suam.

263 3387 433 3458 (Cap.
471 3389 544 3446 Χ.
573 3405 755 3454 Lxxix,
783 3389 862 3461 2.]
897 3389 960 3442 Et
1001 3390 1317 3446 convocatis
1349 3391 1636 3446 duodecim
1695 3393 1777 3448 di-

207 3477 439 3546 scipulis
465 3479 603 3542 suis,
644 3479 793 3532 dedit
844 3480 949 3534 illis
989 3490 1307 3549 potestatem
1345 3482 1633 3550 spirituum
1675 3485 1775 3538 im-

195 3568 563 3632 mundorum,
595 3576 653 3621 ut
689 3569 952 3637 ejicerent
980 3585 1093 3632 eos,
1129 3579 1184 3624 et
1233 3581 1492 3626 curarent
1545 3587 1760 3627 omnem

193 3655 546 3727 languorem,
571 3669 858 3714 etomnem
890 3663 1278 3716 inﬁrmitatem.
1317 3663 1500 3735 [ιλιι.
1519 3661 1599 3734 2.]
1629 3665 1744 3718 Duo
1763 3693 1777 3705 -

192 3747 369 3804 decim
404 3764 614 3820 autem
633 3753 1001 3815 apostolorum
1032 3755 1255 3809 nomina
1284 3767 1414 3810 sunt
1463 3759 1574 3809 hare
1602 3773 1618 3810 :
1653 3757 1775 3810 Pri-

192 3859 332 3905 mus,
361 3844 590 3908 Simon,
627 3845 715 3912 qui
741 3844 944 3898 dicitur
973 3847 1190 3911 Petrus,
1232 3857 1285 3900 et
1319 3849 1562 3902 Andreas
1610 3849 1777 3904 frater

186 3934 323 4003 ejus.
355 3934 613 3989 Jacobus
637 3933 906 3999 Zebedazi,
934 3945 988 3992 et
1014 3935 1252 3990 Joannes
1280 3937 1446 3990 frater
1472 3939 1609 4008 ejus,
1644 3938 1773 3994 Phi-

183 4026 389 4095 iippus,
429 4037 493 4081 et
525 4026 974 4090 Bartbolommus,
1001 4029 1255 4091 Thomas,
1286 4039 1342 4082 et
1375 4028 1657 4084 Mattbazus
1676 4045 1776 4098 pu-

186 4118 469 4186 blicanus,
533 4120 769 4174 Iacobus
815 4122 1043 4188 Alplizei,
1092 4132 1148 4175 et
1206 4123 1532 4186 Tliaddazus,
1590 4125 1776 4178 Simon

179 4209 577 4274 Chananmus,
599 4223 656 4265 et
689 4211 856 4266 Judas
883 4212 1172 4266 Iscariotes
1207 4212 1226 4284 [
1255 4213 1340 4268 Al.
1376 4213 1695 4268 Schariotes
1732 4215 1775 4286 ],

177 4305 266 4371 qui
326 4315 386 4358 et
427 4306 672 4358 tradidit
725 4320 876 4358 eum.
922 4304 1272 4377 [cxxx1,10.]
1329 4305 1440 4360 llos
1486 4307 1775 4362 duodecim

1797 1705 1843 1762 Β

1199 258 1712 322 EVANGELIUM
1757 257 1907 318 suc.
1959 258 2442 321 mrrueun.

3314 257 3416 323 586

1870 380 1974 424 tem
2006 382 2098 423 aut
2129 372 2408 425 castellum
2439 369 2798 433 intraveritis,
2831 371 3180 442 interrogate,
3214 373 3336 442 quis
3372 376 3424 425 iu

1868 477 1930 516 ea
1957 464 2149 533 dignus
2179 467 2287 519 sit:
2322 473 2376 518 et
2411 465 2484 517 ibi
2515 475 2726 518 manete
2749 464 2925 519 donec
2947 465 3428 538 excatis.[uuw,

1868 552 1947 624 5.]
1976 553 2246 610 intrantes
2274 568 2454 610 autem
2477 557 2528 609 iu
2553 557 2798 620 domum,
2833 556 3068 610 salutate
3089 572 3208 610 eam
3237 557 3430 612 dicen-

1869 645 2128 703 tes:Pax
2185 647 2310 702 huic
2335 649 2541 702 domui.
2582 647 2710 702 Etsi
2770 648 2986 717 quidem
3025 648 3189 704 fuerit
3239 649 3437 704 domus

1871 735 1961 790 illa
1991 737 2172 805 digna,
2208 740 2384 790 veniet
2420 753 2522 804 pax
2547 746 2727 791 vestra
2760 752 2926 806 super
2957 752 3074 790 eam
3107 755 3119 789 :
3164 738 3212 791 si
3247 748 3428 792 autem

1869 842 1977 880 non
2027 827 2189 880 fuerit
2219 828 2398 896 digna,
2455 843 2555 896 pax
2614 835 2793 882 vestra
2861 834 3166 881 revertetur
3216 827 3282 880 ad
3317 842 3430 881 vos.

1941 918 2161 991 [Lxxxv,
2197 919 2232 972 2
2259 918 2380 990 j'Et
2409 921 2722 989 quicunque
2755 934 2862 972 non
2890 920 3153 987 receperit
3201 934 3318 985 vos,
3341 936 3436 975 ue-

1871 1023 1975 1078 quo
2001 1009 2238 1063 audierit
2271 1023 2552 1064 sermones
2576 1019 2788 1063 vestros
2819 1023 2834 1062 :
2861 1019 3123 1062 exeuntes
3167 1008 3313 1064 foras
3367 1015 3434 1062 de.

1873 1098 2056 1162 domo,
2099 1100 2180 1152 vel
2213 1100 2452 1163 civitate,
2483 1099 2719 1153 excutite
2750 1100 3028 1167 pulverem
3097 1099 3164 1153 de
3205 1101 3435 1168 pedibus

1871 1190 2091 1244 vestris.
2123 1191 2290 1243 Amen
2327 1189 2450 1244 dico
2481 1190 2634 1244 vobis
2664 1205 2678 1244 :
2731 1189 3095 1246 Tolerabilius
3123 1191 3228 1244 erit
3275 1203 3436 1244 terra:

1871 1281 2255 1346 Sodomorum,
2289 1291 2342 1335 et
2393 1281 2877 1352 Gomorrhaeorum
2937 1284 2988 1336 in
3051 1284 3140 1338 die
3193 1284 3432 1353 judicii,

1869 1387 2034 1440 quam
2065 1373 2139 1426 illi
2169 1373 2398 1427 civitati.
2448 1373 2686 1445 [LXXXV],
2722 1373 2801 1446 5.]
2871 1376 3004 1430 Ecce
3025 1391 3127 1444 ego
3159 1377 3312 1453 mitt‘o
3337 1391 3436 1430 vos

1873 1465 2018 1518 sicut
2048 1479 2177 1518 oves
2205 1465 2258 1518 in
2295 1466 2478 1520 medio
2514 1468 2789 1536 luporum.
2827 1467 3008 1522 Estote
3038 1483 3168 1537 ergo
3198 1467 3437 1535 pruden;

1874 1566 1955 1611 tes
1990 1557 2133 1610 sicut
2159 1568 2464 1627 serpentes,
2502 1569 2557 1612 et
2587 1559 2866 1627 simplices
2935 1560 3081 1613 sicut
3145 1561 3434 1614 columbze.

1874 1645 2130 1718 [unum
2166 1647 2242 1720 1.]
2280 1647 2478 1703 Cavete
2506 1659 2686 1703 autem
2718 1650 2786 1703 ab
2813 1650 3148 1705 hominibus.
3189 1650 3432 1705 Tradent

1871 1739 2016 1792 enim
2046 1753 2143 1792 vos
2170 1737 2222 1792 in
2261 1739 2529 1798 conciliis,
2557 1750 2610 1794 et
2643 1743 2695 1793 in
2733 1741 3021 1811 synagogis
3052 1743 3165 1796 suis
3194 1742 3436 1812 ﬂagella-

1872 1833 2008 1887 bunt
2067 1847 2165 1886 vos
2201 1848 2214 1886 :
2268 1842 2319 1886 et
2351 1832 2414 1885 ad
2459 1831 2715 1900 praesides
2759 1841 2814 1886 et
2867 1832 2933 1886 ad
2993 1848 3150 1902 reges
3186 1833 3430 1888 dueemi-

1873 1925 1930 1977 ni
1997 1933 2221 1992 propter
2293 1940 2402 1986 me,
2457 1924 2509 1978 iu
2578 1925 2948 1979 testimonium
3018 1926 3145 1985 illis.
3201 1935 3256 1980 et
3302 1941 3436 1996 gen-

1879 2015 2022 2068 tibus
2071 2053 2086 2068 .
2115 2013 2134 2085 [
2167 2030 2421 2079 Lxxxvm,
2489 2014 2591 2086 2.]
2651 2015 2785 2071 Cum
2833 2028 3012 2070 autem
3058 2019 3269 2071 tradent
3317 2032 3437 2078 vos,

1876 2106 2044 2159 nolite
2108 2106 2344 2176 cogitare
2401 2108 2697 2176 quomodo,
2749 2117 2843 2162 aut
2898 2108 3026 2178 quid
3078 2110 3434 2178 loquamini:

1877 2196 2097 2251 dabitur
2142 2199 2288 2252 enim
2322 2199 2472 2252 vobis
2502 2201 2556 2252 in
2598 2200 2685 2253 illa
2739 2199 2892 2263 hora,
2935 2201 3064 2269 quid
3115 2201 3436 2270 loquamini.

1875 2286 1995 2340 Non
2024 2288 2170 2341 enim
2207 2302 2310 2342 vos
2334 2287 2487 2352 estis,
2511 2290 2602 2357 qui
2632 2290 2940 2358 loquimini,
2967 2294 3057 2344 sed
3080 2292 3316 2360 Spiritus
3339 2292 3405 2344 Pa
3425 2324 3441 2335 -

1877 2378 1977 2432 tris
1994 2379 2182 2442 vestri,
2207 2379 2299 2447 qui
2326 2380 2568 2448 loquitur
2591 2383 2642 2434 in
2666 2381 3254 2448 vobis.)'l‘radetautem
3275 2383 3442 2437 lrater

1879 2471 2100 2522 fratrem
2126 2468 2181 2523 in
2207 2481 2454 2536 mortem,
2482 2481 2536 2526 et
2561 2481 2714 2540 pater
2738 2471 2940 2526 ﬁlium:
2971 2487 3018 2527 et
3046 2474 3318 2542 iusurgent
3347 2476 3441 2528 ﬁlii

1879 2559 1934 2612 in
1967 2572 2240 2628 parentes,
2264 2571 2321 2617 et
2341 2573 2515 2619 morte
2532 2579 2627 2620 eos
2647 2564 2882 2619 afﬁcient
2903 2583 2915 2619 :
2939 2567 3158 2620 eteritis
3181 2567 3304 2622 odio
3321 2582 3441 2622 om-

1880 2651 2043 2706 nibus
2074 2662 2300 2722 propter
2325 2669 2517 2710 nomen
2544 2671 2720 2710 meum
2758 2675 2772 2711 :
2805 2656 2897 2728 qui
2938 2669 3122 2710 autem
3183 2671 3444 2726 perseve-

1881 2741 2084 2793 raverit
2121 2757 2295 2811 usque
2321 2744 2374 2796 in
2422 2742 2603 2806 ﬁnem,
2637 2744 2726 2798 hic
2777 2745 2958 2800 salvus
3011 2745 3135 2799 erit.
3197 2743 3437 2817 [cxxxtx,

1859 2832 1996 2903 10.]
2032 2833 2165 2888 Cum
2198 2844 2378 2888 autem
2409 2845 2809 2905 persequentur
2832 2851 2924 2891 vos
2955 2837 3014 2892 in
3039 2837 3261 2893 civitate
3316 2839 3442 2903 ista,

1881 2925 2049 2995 fugite
2079 2925 2132 2979 in
2161 2926 2343 2982 aliam.
2385 2929 2554 2983 Amen
2586 2928 2711 2982 dico
2739 2929 2914 2995 vobis,
2955 2943 3063 2982 non
3089 2942 3445 2984 consumma-

1880 3015 2010 3070 bilis
2029 3018 2276 3073 civitates
2301 3017 2491 3083 Israel,
2547 3019 2721 3074 donec
2751 3020 2933 3074 veniat
2979 3019 3148 3075 Filius
3177 3019 3438 3077 hominis.

1881 3105 1992 3178 με,
2024 3105 2105 3179 5.]
2160 3108 2276 3163 Non
2309 3119 2392 3165 est
2423 3110 2726 3182 discipulus
2749 3126 2916 3180 super
2949 3113 3288 3183 magistrum,
3346 3129 3448 3170 nec

1879 3213 2070 3253 servus
2097 3215 2262 3268 super
2289 3201 2568 3256 dominum
2596 3218 2775 3258 suum.
2798 3203 3008 3260 Suﬁicit
3058 3205 3351 3273 discipulo,
3386 3219 3447 3263 ut

1880 3294 1953 3344 sit
1976 3291 2122 3346 sicut
2150 3294 2412 3363 magister
2438 3299 2603 3363 ejus;
2665 3307 2718 3350 et
2768 3314 2946 3363 servo,
3009 3297 3151 3352 sicut
3192 3297 3450 3358 dominus

1878 3385 2016 3452 ejus.
2055 3381 2187 3454 [καί.
2220 3384 2330 3456 10.]
2366 3386 2421 3439 Si
2473 3392 2921 3457 patremfamilias
2987 3395 3292 3453 Beelzebub
3350 3411 3447 3451 vo-

1880 3485 2142 3529 caverunt
2168 3493 2182 3531 :
2210 3488 2415 3545 quanto
2447 3481 2620 3547 magis
2643 3479 2970 3541 domesticos
3005 3488 3120 3556 ejus
3148 3489 3171 3540 ‘l
3201 3489 3277 3543 Ne
3303 3503 3440 3557 ergo

1882 3566 2173 3620 timueritis
2193 3581 2306 3620 eos.
2343 3566 2492 3638 [xcu,
2515 3569 2599 3642 2.]
2659 3573 2807 3627 Nihil
2835 3575 2979 3629 enim
3015 3588 3096 3630 est
3139 3588 3388 3646 opertum
3426 3620 3441 3642 ,

1880 3657 2022 3723 quod
2056 3673 2160 3711 non
2201 3658 2635 3724 revelabitur;et
2665 3664 2961 3730 occultum,
2992 3667 3133 3735 quod
3161 3683 3267 3722 non
3293 3670 3445 3724 scie-

1883 3758 1990 3802 tur.
2033 3747 2206 3820 [xcnn
2240 3749 2318 3821 5,]
2351 3751 2501 3814 Quod
2531 3752 2653 3806 dico
2685 3755 2837 3808 vobis
2870 3756 2922 3809 in
2956 3759 3219 3823 tenebris,
3277 3762 3444 3816 dicite

1882 3840 1936 3893 in
1960 3842 2192 3894 lumine:
2225 3849 2281 3895 et
2310 3841 2451 3909 quod
2481 3841 2532 3895 in
2560 3858 2691 3897 aure
2712 3844 2934 3909 auditis,
2963 3849 3253 3914 przedicate
3277 3865 3444 3920 super

1883 3940 2042 3986 tecta.
2084 3933 2148 3986 Et
2179 3933 2348 3988 nolite
2384 3934 2577 3989 timere
2608 3950 2727 3998 eos,
2771 3939 2862 4006 qui
2920 3939 3179 3994 occidunt
3223 3957 3442 4012 corpus,

1880 4025 2114 4078 animam
2139 4036 2324 4079 autem
2357 4042 2467 4079 non
2494 4039 2724 4096 possunt
2749 4031 3009 4086 occidere
3037 4050 3050 4086 :
3113 4034 3206 4088 sed
3265 4037 3446 4104 potius

1882 4117 2068 4171 timete
2100 4133 2248 4181 eum,
2279 4119 2370 4186 qui
2405 4129 2581 4186 potest
2602 4129 2657 4174 et
2709 4121 2943 4176 animam
2976 4134 3031 4178 et
3075 4141 3276 4193 corpus
3313 4143 3438 4198 per-

1881 4211 2012 4264 dere
2064 4213 2116 4264 in
2149 4212 2476 4279 gehennam.
2504 4213 2693 4266 Nonne
2723 4216 2831 4265 duo
2862 4230 3111 4282 passeres
3169 4233 3290 4273 asse
3347 4236 3437 4272 ve—

1886 4313 2058 4358 neunt
2090 4319 2105 4358 :
2138 4311 2192 4357 et
2239 4319 2379 4357 unus
2411 4320 2475 4358 ex
2514 4305 2622 4358 illis
2672 4320 2778 4359 nou
2809 4307 2970 4360 cadet
3029 4323 3196 4376 super
3243 4318 3441 4365 terram

175 4399 326 4451 misit
359 4398 572 4460 Iesus,
603 4397 924 4466 pra'cipiens
952 4400 1054 4461 eis,
1110 4399 1297 4451 dicens
1326 4414 1339 4449 :
1368 4399 1425 4452 In
1469 4402 1610 4453 viam
1648 4415 1778 4468 gen-
1813 4391 1856 4447 D
1887 4395 2004 4451 sine
2058 4393 2217 4448 Patre
2250 4394 2482 4449 vestro?
2539 4395 2718 4468 .VeStri
2781 4407 2964 4450 autem
3026 4399 3206 4466 capilli
3249 4403 3445 4470 capitis

174 4487 310 4538 tium
350 4503 430 4540 ne
479 4488 743 4539 abieritis
775 4503 788 4546 ;
823 4497 879 4540 et
908 4487 1223 4543 inirivitates
1258 4491 1277 4520 ³
1312 4488 1782 4543 Samaritanorum

171 4597 237 4633 ne
265 4579 650 4634 intraveritis
688 4579 820 4632 :sed
853 4580 1034 4648 potius
1073 4580 1146 4633 ite
1173 4580 1238 4633 ad
1270 4595 1419 4644 oves,
1453 4596 1574 4649 qua:
1601 4581 1780 4649 peric-

174 4684 325 4736 runt,
365 4672 600 4726 domus
628 4670 814 4724 Israel.
853 4668 1078 4742 [LXVIII,
1103 4671 1184 4743 2.]
1208 4672 1414 4727 Euutes
1445 4683 1626 4726 autem
1648 4688 1784 4740 pra:-

169 4763 378 4826 dicate,
407 4763 691 4816 dicentes
724 4779 737 4813 :
771 4744 904 4826 Quia
927 4761 1386 4831 apprOpinquavit
1416 4776 1642 4830 regnum
1668 4776 1785 4814 ete-

168 4856 381 4907 lurum.
449 4852 728 4904 Infirmus
777 4862 984 4913 curate,
1025 4862 1264 4905 mortuos
1289 4853 1566 4913 sus-citate,
1602 4853 1784 4918 leproo

165 4961 257 4998 sos
290 4943 628 4999 mundam.
691 4942 960 4994 daemones
1010 4941 1212 5010 ejieite,
1243 4942 1409 5011 gratis
1469 4942 1782 5009 accepistis,

165 5037 341 5102 gratis
371 5034 551 5087 date.
599 5029 778 5082 Nolite
808 5034 1091 5100 possidere
1120 5048 1337 5096 aurum,
1375 5047 1550 5102 neque
1586 5047 1785 5101 argen-

167 5135 305 5190 tum,
348 5139 564 5193 nequc
608 5124 896 5190 pecuniam
931 5124 983 5176 in
1019 5125 1173 5176 zonis
1211 5127 1452 5180 vestris:
1513 5142 1622 5179 non
1691 5143 1786 5195 pe-

165 5234 281 5270 ram
319 5220 379 5271 in
413 5218 545 5278 via,
585 5229 773 5280 neque
792 5215 1185 5279 duastunicas,
1220 5231 1394 5284 neque
1449 5217 1789 5271 calceamen-

162 5320 238 5374 ιι,
264 5325 463 5378 neque
507 5309 735 5372 virgam
767 5320 780 5357 :
809 5303 1031 5371 dignum
1073 5307 1216 5359 cnim
1250 5317 1334 5360 est
1389 5308 1680 5375 operarius
1707 5309 1787 5362 ci-

161 5401 228 5453 bo
260 5415 388 5454 suo.
423 5401 718 5468 [LXXXIIL
749 5392 830 5465 2.]
857 5395 912 5447 In
943 5412 1324 5465 quamcunque
1356 5409 1538 5451 autem
1596 5400 1789 5452 civita-

230 5543 248 5572 ι
284 5540 502 5604 Neque
542 5532 608 5584 in
642 5527 837 5604 graeco
866 5532 1185 5604 ereniplari,
1248 5547 1426 5601 neque
1475 5535 1526 5588 in
1587 5533 1792 5590 Latinis

157 5599 600 5664 vetustioribus
639 5599 798 5652 libris
821 5601 1064 5654 additum
1103 5615 1204 5662 est.
1229 5599 1397 5656 vobis.

229 5683 249 5712 ²
284 5681 414 5736 Duo
446 5673 892 5740 tte;in.emss.,
947 5683 1000 5723 ut
1056 5674 1272 5742 ejiciat,
1329 5675 1551 5743 propius
1603 5676 1792 5732 Graeco

368 5773 702 5832 PATROL.
757 5761 978 5824 XXIX.

1885 4499 2075 4538 omnes
2099 4484 2369 4537 numerati
2393 4495 2542 4538 sunt.
2572 4483 2749 4537 Nolite
2783 4500 2909 4552 ergo
2951 4486 3145 4538 timere
3183 4503 3198 4541 ;
3243 4489 3431 4541 multis

1887 4573 2199 4644 passeribus
2224 4574 2478 4628 meliores
2507 4573 2641 4628 estis
2668 4588 2784 4627 vos.
2816 4574 3008 4629 Omnis
3032 4590 3160 4646 ergo
3185 4577 3277 4646 qui
3311 4594 3442 4632 cou-

1891 4665 2130 4719 ﬁtebitur
2154 4681 2238 4719 me
2270 4680 2454 4719 coram
2487 4665 2812 4720 hominibus
2845 4705 2861 4730 ,
2901 4666 3206 4722 conﬁtebor
3238 4679 3294 4724 et
3346 4687 3446 4740 ego

1886 4774 2010 4812 eum
2040 4775 2223 4812 coram
2251 4760 2410 4814 Patre
2444 4775 2586 4823 meo,
2628 4762 2718 4829 qui
2753 4763 2806 4814 iu
2838 4761 2989 4815 cretis
3023 4773 3143 4815 est:
3175 4762 3342 4834 [item
3367 4764 3450 4835 2.]

1887 4850 1980 4919 qui
2015 4864 2194 4906 autem
2229 4855 2502 4922 negaverit
2533 4869 2617 4907 me
2643 4868 2826 4907 coram
2876 4853 3211 4917 hominibus,
3245 4858 3454 4925 negabo

1888 4953 2056 5014 etego
2083 4959 2207 4998 eum
2237 4962 2419 5000 coram
2451 4947 2606 5002 Patre
2629 4964 2770 5010 meo,
2794 4950 2884 5018 qui
2920 4949 2972 5002 in
3009 4951 3164 5004 ccelis
3184 4951 3442 5022 eSt.[xc\v,

1889 5035 1973 5107 5.]
2009 5037 2184 5090 Nolite
2216 5037 2473 5091 arbitrari
2503 5039 2629 5106 quia
2660 5053 2842 5107 pacem
2865 5042 3106 5103 venerim
3143 5042 3356 5094 mittere
3386 5043 3438 5094 iu

1891 5137 2092 5180 terram
2125 5147 2138 5181 :
2168 5145 2273 5181 non
2296 5130 2414 5183 veni
2439 5110 2625 5199 pacein
2650 5133 2887 5198 mittere,
2909 5132 3003 5187 sed
3030 5133 3288 5200 gladium.
3317 5131 3451 5185 Veni

1891 5219 2036 5272 enim
2066 5235 2321 5289 separare
2355 5223 2632 5276 hominem
2663 5225 2925 5279 adversus
2947 5234 3150 5294 patrem
3188 5237 3368 5284 suum,
3397 5231 3452 5272 et

1894 5309 2059 5362 ﬁliam
2091 5315 2355 5367 adversus
2395 5325 2622 5368 matrem
2653 5331 2832 5379 suam,
2853 5326 2910 5370 et
2943 5331 3139 5368 nurum
3191 5313 3452 5366 adversus

1893 5415 2108 5457 socrum
2137 5421 2289 5459 suam
2317 5424 2331 5459 :
2371 5417 2426 5460 et
2454 5407 2662 5463 inimici
2691 5408 2949 5468 hominis.
2982 5405 3262 5461 douicsﬁci
3306 5405 3448 5472 ejus.

1895 5538 2085 5612 verbo,
2126 5540 2392 5612 exeam“,

1965 5608 1986 5638 ³
2020 5608 2210 5662 Minori
2242 5608 2472 5666 numero
2502 5613 2786 5673 civitatem,
2819 5624 2876 5665 ut
2898 5612 2949 5664 in
2970 5611 3155 5666 Graco
3180 5621 3263 5668 est
3285 5620 3458 5671 textu.

1900 5693 2042 5731 unus
2085 5695 2300 5748 quoque
2326 5698 2354 5734 e
2389 5683 2588 5736 nostris
2614 5698 2742 5736 mss.
2770 5682 3013 5751 praefert.

3071 5773 3140 5833 19
