3880 6168
460 369 561 431 58Ἱ

1359 369 1413 428 S.
1456 366 1895 428 HIERONYMI
1940 368 2203 429 DIVINA
2252 371 2777 434 BlBLiOTllECA.
3570 370 3659 429 55,19

464 488 631 560 [ξονι.
665 485 697 539 5
728 483 747 555 ]
779 485 882 552 Qui
911 490 1049 538 amat
1083 493 1315 553 patrem,
1347 493 1440 539 aut
1463 493 1687 537 matrem
1712 483 1835 553 plus
1860 496 2023 553 quam
2056 491 2097 544 Α
2132 500 2208 539 rte
2248 486 2363 547 tibi.
2392 486 2700 551 Bethsaida,
2761 486 2910 554 quia,
2942 485 2984 539 si
3021 484 3074 539 in
3108 484 3250 553 Tyro
3281 488 3331 534 et
3355 478 3549 534 Sidone
3604 481 3670 533 fa-

462 595 567 646 me,
601 592 707 634 non
739 585 821 631 est
862 592 946 631 me
998 577 1194 645 dignus
1225 592 1237 629 :
1281 584 1336 630 et
1371 575 1465 645 qui
1518 583 1664 629 amat
1700 574 1869 628 lilium
1932 582 2024 627 aut

461 672 624 728 ﬁliam
660 684 825 738 super
848 682 953 730 me,
986 681 1094 720 non
1118 672 1203 720 cst
1242 681 1327 721 me
1368 666 1581 733 dignus.
1641 664 1706 718 Et
1771 664 1865 734 qui
1915 678 2021 717 non

461 764 657 831 accipit
688 774 901 815 crucem
932 772 1108 821 suam,
1150 764 1208 812 et
1265 759 1513 826 sequitur
1542 771 1649 823 me,
1686 770 1794 811 non
1822 762 1906 810 est
1939 768 2025 809 me

462 856 680 924 dignus.
711 850 900 921 μονα,
932 848 1012 919 5.]
1040 848 1141 913 Qui
1173 848 1389 903 invenit
1426 848 1661 902 animam
1696 861 1876 909 suam,
1906 861 2026 915 per-

463 947 554 1000 det
581 944 763 997 illam:
793 950 850 997 et
884 940 975 1011 qui
1005 939 1302 1011 perdiderit
1334 940 1574 994 animam
1612 951 1767 992 suam
1802 944 2027 1006 propter

464 1053 572 1102 me,
597 1036 844 1091 inveniet
878 1048 1020 1088 eam.
1056 1032 1273 1105 [xevm,
1316 1029 1398 1100 1.]
1436 1030 1536 1096 Qui
1569 1030 1763 1099 recipit
1794 1043 1914 1093 vos,
1944 1044 2030 1082 me

465 1126 661 1197 recipit
713 1132 808 1179 :et
836 1124 927 1193 qui
968 1137 1055 1176 me
1089 1121 1303 1192 recipit,
1360 1122 1559 1190 recipit
1604 1135 1753 1184 eum,
1796 1120 1890 1190 qui
1945 1132 2030 1172 me

469 1219 617 1274 misit
672 1216 834 1290 [rem
870 1214 983 1287 i0.]
1015 1214 1116 1280 Qui
1148 1212 1342 1281 recipit
1370 1211 1690 1281 prephetam
1723 1211 1775 1263 in
1812 1208 2032 1265 nomine

472 1311 772 1382 prophetae,
809 1310 1114 1362 mercedem
1146 1305 1429 1374 prophetae
1486 1303 1761 1372 accipiet:
1824 1311 1879 1356 et
1938 1302 2031 1371 qui

471 1401 894 1473 reeipitjustum
948 1398 1004 1453 in
1030 1399 1249 1452 nomine
1294 1396 1447 1467 justi,
1524 1394 1831 1450 mercedem
1897 1393 2032 1463 justi

472 1495 723 1564 accipieti
755 1493 835 1565 [ε.
865 1490 944 1563 6.]
982 1491 1044 1543 Et
1080 1488 1394 1558 quicunque
1441 1496 1628 1557 potum
1668 1484 1882 1538 dederit
1942 1482 2033 1536 uni

470 1604 536 1642 ex
574 1585 815 1639 minimis
850 1583 969 1637 istis
1007 1580 1229 1634 calicem
1261 1594 1415 1648 aqua:
1446 1578 1657 1646 frigidae
1717 1584 1924 1629 tantum
1979 1574 2032 1627 in

473 1678 691 1733 nomine
722 1673 980 1741 discipuli
1020 1690 1033 1726 :
1068 1686 1226 1725 amen
1256 1669 1384 1723 dico
1437 1668 1618 1733 vobis,
1675 1681 1780 1719 non
1842 1662 2035 1733 perdet

474 1766 779 1823 mercedem
817 1779 971 1818 suam
984 1802 996 1816 .

545 1820 826 1929 —[Ciap.Xl.
856 1869 927 1920 CI,
962 1850 1073 1923 10.]
1114 1853 1179 1906 Et
1223 1850 1423 1904 factum
1465 1856 1568 1912 est,
1597 1861 1720 1900 cum
1782 1858 2037 1899 censum-
2064 1820 2109 1878 Β

474 1957 676 2004 masset
696 1946 876 2008 Jesus,
903 1944 1222 2015 praecipiens
1252 1940 1539 1995 duodecim
1572 1937 1854 2006 discipulis
1882 1936 2018 1999 suis,

478 2040 699 2095 transiit
736 2038 883 2102 inde,
920 2046 979 2090 ut
1005 2035 1252 2096 doceret,
1285 2038 1340 2085 et
1368 2030 1689 2099 praedicaret
1721 2027 1774 2080 in
1838 2026 2037 2080 civita-

478 2134 625 2187 tibus
647 2144 858 2186 eorum.
893 2127 1009 2198 [cn,
1053 2122 1136 2194 5.]
1173 2124 1409 2178 Joannes
1436 2130 1617 2175 autem
1652 2134 1774 2173 cum
1800 2117 2039 2171 audisset

478 2230 534 2281 in
564 2222 807 2278 vinculis
824 2235 989 2289 opera
1020 2214 1246 2280 Christi,
1281 2214 1504 2267 mittens
1534 2212 1671 2265 duos
1695 2213 1761 2264 de
1782 2208 2028 2276 discipu-

478 2315 546 2371 lis
568 2316 712 2377 suis.
741 2314 817 2367 ait
847 2312 921 2365 illi
967 2330 978 2363 :
1018 2309 1099 2362 Tu
1128 2322 1205 2368 es,
1236 2305 1326 2373 qui
1366 2313 1628 2357 venturus
1658 2317 1737 2366 es,
1773 2317 1841 2355 an
1871 2302 2037 2353 alium

479 2404 994 2476 exspeCtamus?Et
1039 2399 1378 2469 respondens
1416 2398 1570 2452 Jesus
1605 2396 1678 2448 ait
1714 2393 1819 2447 illis
1848 2410 1861 2445 ε
1894 2393 2039 2446 Eun-

480 2513 565 2556 tes
604 2494 1125 2573 repuntiateJoanni
1154 2509 1275 2563 qua:
1295 2492 1525 2548 audistis
1555 2497 1608 2542 et
1642 2485 2040 2549 vidistis.fCa:ci

482 2592 687 2655 vident,
723 2588 901 2644 claudi
931 2582 1447 2651 ambulant.leprosi
1484 2581 1841 2641 mundantur,
1886 2575 2039 2630 surdi

482 2683 731 2744 audiunt,
763 2677 964 2733 mortui
999 2682 1315 2744 resurgunt,
1343 2685 1612 2742 pauperes
1665 2668 2041 2738 evangelizan-

484 2780 573 2826 tur
603 2778 695 2838 ;et
732 2770 925 2824 beatus
945 2774 1047 2832 est,
1073 2764 1165 2834 qui
1202 2778 1309 2817 non
1329 2761 1494 2817 fuerit
1547 2759 1951 2815 scandalizatus
1983 2758 2041 2812 in

482 2878 591 2918 me.
630 2860 744 2916 Illis
766 2867 949 2914 autem
1000 2854 1352 2917 abeuntibus,
1376 2853 1542 2922 erepit
1572 2850 1731 2907 Jesus
1770 2851 1950 2906 dicere
1975 2850 2043 2904 ad

482 2955 671 3011 turbas
702 2952 771 3008 de
801 2951 1014 3008 Joanne
1051 2966 1065 3004 :
1110 2947 1253 3015 Quid
1284 2946 1471 3000 existis
1497 2945 1551 2999 in
1582 2944 1859 2999 desertum
1889 2942 2045 2996 vide-

482 3044 937 3104 reiarundinem
975 3049 1141 3096 vento
1195 3040 1476 3109 agitatam.
1530 3035 1637 3089 Sed
1665 3034 1794 3104 quid
1855 3032 2046 3089 existis

482 3136 717 3191 videre?
767 3132 1047 3189 hominem
1098 3131 1355 3185 mollibus
1392 3125 1701 3183 vestitum?
1760 3126 1899 3179 Ecce
1951 3124 2045 3193 qui

482 3230 741 3285 mollibus
764 3226 1093 3286 vestiuntur,
1117 3224 1175 3277 in
1205 3222 1459 3276 domibus
1492 3234 1679 3288 regum
1705 3226 1852 3273 sunt.
1916 3215 2033 3269 Sed

482 3315 614 3387 quid
641 3315 828 3370 existis
851 3311 1085 3368 videre?
1118 3312 1446 3381 Prophetam
1480 3309 1505 3362 *ἰ
1577 3308 1756 3363 Etiam
1789 3306 1913 3359 dico
1944 3319 2041 3359 vo-

486 3410 592 3476 bis,
626 3416 684 3463 et
722 3407 845 3476 plus
875 3419 1038 3474 quam
1094 3402 1443 3473 prophetam.
1489 3398 1628 3471 [cm,
1670 3396 1754 3469 2.]
1816 3396 1915 3451 liic
1959 3402 2044 3449 est

481 3501 628 3556 enim
657 3498 727 3555 de
751 3513 861 3568 quo
895 3498 1164 3565 scriptum
1193 3501 1318 3548 est:
1358 3492 1500 3546 Ecce
1534 3504 1634 3558 ego
1690 3488 1843 3541 mitto
1882 3501 2046 3556 ange-

484 3596 597 3650 lum
630 3607 811 3647 meum
836 3600 964 3643 ante
998 3588 1187 3641 faciem
1212 3592 1382 3649 tuam,
1412 3584 1504 3652 qui
1538 3580 1865 3651 praeparabit
1897 3582 2040 3632 viam

486 3700 632 3743 tuam
663 3693 788 3739 ante
817 3692 889 3737 te.
921 3680 1053 3753 [ριν.
1083 3677 1163 3749 5.]
1222 3680 1390 3730 Amen
1438 3674 1559 3728 dico
1582 3674 1755 3739 vobis,
1791 3686 1895 3725 non
1927 3686 2046 3725 sur-

484 3783 628 3837 rexit
661 3780 804 3834 inter
833 3786 993 3831 nates
1035 3773 1323 3827 mulierum
1361 3767 1533 3837 major
1592 3766 1798 3821 Joanne
1859 3764 2042 3833 Bapti-

484 3886 565 3931 sta
594 3889 607 3925 :
644 3871 738 3941 qui
767 3878 948 3923 autem
974 3867 1153 3919 minor
1169 3872 1252 3916 est
1274 3863 1326 3915 in
1369 3860 1539 3928 regno
1568 3858 1859 3918 caelorum,
1926 3870 2045 3909 ma-

478 3968 566 4037 jor
594 3971 675 4019 est
700 3962 812 4016 illo.
841 3958 949 4031 [ev,
982 3958 1035 4012 5.
1060 3955 1077 4027 ]
1111 3957 1152 4008 Α
1174 3953 1368 4009 diebus
1396 3962 1575 4005 au'em
1606 3949 1830 4005 Joannis
1861 3946 2045 4016 Bapti-

483 4068 579 4113 sta:
596 4070 767 4124 usque
792 4067 956 4115 nunc,
1002 4063 1229 4118 regnum
1255 4043 1516 4099 crelornm
1548 4043 1655 4095 vim
1708 4039 1935 4109 patitur,
1991 4048 2046 4093 et

484 4150 706 4202 violenti
738 4145 957 4212 rapiunt
981 4139 1142 4194 illud.
1169 4137 1302 4208 [cvt,
1330 4132 1442 4205 10.]
1480 4133 1680 4187 Omnes
1722 4132 1868 4187 enim
1917 4145 2048 4199 pro-

486 4242 663 4309 phetze
689 4249 745 4289 et
783 4237 887 4298 lex,
922 4246 1093 4299 usque
1121 4230 1187 4283 ad
1216 4229 1501 4288 Joannem,
1538 4224 2004 4295 prophetaverunt
2032 4246 2044 4282 :

486 4342 539 4388 et
578 4332 623 4385 si
668 4328 831 4383 vultis
869 4326 1127 4393 recipere,
1172 4322 1285 4388 ipse
1311 4328 1395 4373 est
1420 4318 1588 4380 Elias,
1619 4317 1709 4386 qui
1776 4327 2048 4370 venturus

486 4432 587 4477 est.
617 4420 716 4487 Qui
753 4418 915 4474 habet
975 4428 1136 4469 aures
1162 4411 1443 4474 audiendi,
1486 4409 1694 4463 audiat.
1755 4406 1907 4477 [cvn,
1969 4407 2047 4480 5.]

2127 586 2226 631 ctae
2250 586 2433 631 essent
2460 579 2710 649 virtutes.
2751 592 2873 646 qua:
2897 576 3052 630 facta:
3088 574 3295 630 suntin
3336 572 3509 634 vobis,
3552 572 3670 625 olim

2127 668 2180 720 in
2204 667 2384 721 cilicio
2410 678 2463 721 et
2486 671 2667 722 cinere
2693 669 3064 737 poenitentiam
3094 667 3361 733 egissent.
3406 663 3671 717 Verumta-

2131 773 2256 813 men
2280 758 2402 812 dico
2445 759 2596 813 vobis
2633 776 2646 815 :
2691 758 2833 829 Tyro
2859 766 2911 813 et
2944 758 3132 813 Sidoni
3177 756 3459 811 remissius
3488 754 3589 808 erit
3626 756 3673 808 in

2130 848 2218 907 die
2243 849 2454 918 judicii,
2487 864 2649 920 quam
2678 850 2859 905 vobis.
2906 850 2973 903 Et
3004 858 3083 915 tu,
3117 848 3518 917 Capharnaum,
3553 862 3678 898 inm-

2133 942 2262 1011 quid
2298 958 2469 1011 usque
2501 942 2551 995 in
2584 942 2781 997 caelum
2808 941 3136 996 exaltaberis
3174 940 3198 993 ?
3227 954 3402 1006 uSque
3431 938 3483 989 in
3518 936 3674 989 inter.

2133 1047 2261 1085 num
2286 1031 2755 1106 descendes.[etx,
2792 1030 2907 1103 10.]
2940 1031 3076 1096 Quia
3107 1031 3148 1085 si
3181 1030 3233 1083 in
3267 1027 3517 1082 Sodomis
3543 1026 3678 1080 facite

2134 1121 2362 1175 fuissent
2389 1123 2641 1187 virtutes,
2666 1136 2787 1190 quze
2813 1122 2967 1176 iactis
2995 1131 3121 1177 sunt
3148 1121 3203 1174 in
3241 1129 3314 1183 te,
3371 1118 3512 1173 forte
3540 1135 3677 1171 man-

2134 1214 2331 1269 sissent
2354 1230 2524 1284 usque
2556 1218 2607 1269 in
2644 1218 2781 1271 hanc
2816 1216 2980 1269 diem.
3034 1215 3420 1269 Verumtamen
3452 1213 3569 1264 dico
3601 1226 3680 1262 vo.

2134 1305 2240 1367 bis,
2276 1306 2403 1374 quia
2435 1318 2592 1360 terrae
2625 1307 2985 1361 Sodomorum
3034 1305 3316 1359 remissius
3352 1304 3459 1357 erit
3520 1305 3567 1357 in
3602 1305 3679 1356 die

2132 1398 2325 1467 judicii
2355 1438 2368 1459 ,
2416 1414 2575 1465 quam
2610 1399 2727 1452 tibi.
2759 1398 2873 1469 [οι.
2935 1395 3012 1469 5.]
3082 1397 3141 1451 In
3182 1396 3277 1449 illo
3328 1406 3566 1462 tempore
3610 1410 3679 1445 re.

2138 1488 2411 1557 spondens
2435 1490 2589 1544 Jesus
2617 1491 2752 1543 dixit
2790 1507 2803 1542 :
2829 1489 3109 1543 Conﬁteor
3144 1488 3161 1520 ⁸
3192 1487 3309 1551 tibi,
3343 1488 3499 1541 Pater
3520 1484 3683 1537 Domi.

2141 1595 2208 1634 ne
2241 1580 2362 1635 cazli
2385 1591 2438 1634 et
2471 1591 2646 1646 terrm,
2686 1582 2812 1651 quia
2849 1579 3182 1635 abscondisti
3246 1578 3365 1633 haec
3398 1593 3427 1631 a
3481 1576 3675 1645 sapien-

2143 1672 2311 1736 tibus,
2346 1682 2401 1726 et
2428 1673 2817 1739 prudentibus:
2843 1682 2896 1728 et
2927 1672 3180 1726 revelasti
3209 1686 3272 1725 ea
3292 1669 3552 1739 parvulis.
3596 1667 3680 1726 ita.

2139 1764 2298 1819 Pater
2333 1781 2347 1817 :
2382 1769 2636 1833 quoniam
2660 1767 2736 1819 sic
2767 1765 3138 1834 fuitplaeitum
3157 1773 3283 1819 ante
3319 1772 3392 1817 te.
3466 1760 3591 1832 [exn
3617 1758 3682 1823 5.]

2138 1858 2327 1915 Omnia
2366 1860 2496 1911 mihi
2529 1860 2725 1913 tradita
2750 1869 2876 1912 sunt
2923 1873 2952 1913 a
2988 1858 3149 1911 Patre
3206 1869 3351 1908 meo.
3410 1851 3560 1924 [ειη.
3609 1846 3681 1920 3.]

2144 1952 2212 2005 Et
2248 1966 2405 2005 nemo
2441 1952 2591 2005 novit
2620 1952 2811 2016 ﬁlium,
2855 1950 2959 2005 nisi
3003 1950 3185 2011 Pater,
3240 1961 3421 2015 neque
3484 1945 3681 1997 Patrem

2139 2043 2263 2113 quis
2289 2045 2460 2106 novit,
2489 2044 2593 2099 nisi
2620 2044 2807 2109 Filius,
2842 2055 2897 2097 et
2942 2043 3030 2098 cui
3063 2040 3297 2096 voluerit
3338 2038 3514 2092 Filius
3547 2050 3684 2090 reve-

2140 2135 2271 2188 larei
2316 2134 2497 2206 [ςιιιι.
2531 2135 2594 2188 lO
2624 2133 2641 2205 ]
2666 2135 2855 2188 Venite
2891 2134 2957 2187 ad
2994 2147 3076 2186 me
3101 2145 3311 2197 omnes,
3368 2129 3463 2196 qui
3498 2127 3686 2180 labora-

2142 2226 2231 2291 tis,
2262 2237 2317 2281 et
2346 2229 2556 2281 onerati
2598 2227 2747 2289 estis,
2800 2235 2856 2281 et
2882 2241 2983 2296 ego
3011 2225 3253 2280 reﬁciam
3317 2236 3437 2276 vos.
3508 2216 3686 2273 Tollite

2138 2320 2326 2389 ll'gum
2362 2334 2541 2373 meum
2574 2334 2740 2388 super
2783 2332 2903 2383 vos,
2937 2328 2992 2373 et
3015 2316 3211 2371 discite
3242 2330 3275 2369 a
3308 2328 3415 2376 me,
3435 2311 3559 2381 quia
3596 2308 3685 2362 mi.

2144 2411 2211 2465 tis
2244 2425 2387 2470 sum,
2421 2418 2473 2464 et
2497 2410 2717 2464 humilis
2743 2410 2908 2464 corde
2966 2426 2980 2464 :
3013 2419 3070 2464 et
3108 2404 3399 2461 invenietis
3464 2401 3687 2470 requiem

2144 2501 2428 2556 animabus
2456 2501 2676 2555 vcsuis.
2708 2502 2903 2572 Jugum
2929 2500 3076 2556 enim
3107 2514 3287 2555 meum
3319 2511 3489 2553 suave
3523 2502 3619 2557 est,
3644 2498 3692 2543 et

2145 2607 2285 2646 onus
2308 2607 2489 2647 meum
2518 2594 2656 2647 leve.
2780 2644 2787 2649 ,

2219 2681 2374 2754 [Cap.
2407 2682 2523 2736 Xli.
2549 2698 2693 2749 cxiv,
2729 2682 2809 2754 2.]
2869 2682 2926 2737 in
2956 2682 3049 2737 illo
3099 2691 3344 2752 tempore
3393 2679 3529 2734 abiit
3552 2677 3693 2732 Jesus

2146 2788 2243 2844 per
2271 2782 2385 2828 sata
2417 2773 2655 2829 Sabbato
2687 2786 2702 2828 :
2737 2774 2992 2845 discipuli
3022 2784 3202 2828 autem
3241 2772 3363 2842 ejus
3405 2770 3692 2826 esurientes

2147 2874 2435 2935 coeperunt
2469 2865 2667 2920 vellere
2705 2866 2904 2935 spicas,
2943 2875 2999 2921 et
3060 2865 3415 2920 manducare.
3452 2859 3693 2916 Pharisaei

2146 2967 2328 3011 autem
2380 2955 2645 3021 videntes,
2692 2955 2950 3011 dixerunt
3006 2956 3055 3010 ei
3089 2973 3104 3013 :
3137 2955 3277 3011 Ecce
3326 2956 3578 3026 discipuli
3624 2955 3692 3009 tui

2147 3046 2354 3101 faciunt
2381 3047 2526 3115 quod
2562 3062 2669 3100 non
2700 3047 2829 3102 licet
2886 3047 3065 3102 facere
3120 3045 3374 3104 Sabbatis
3397 3050 3441 3103 ⁸.
3506 3048 3575 3103 At
3615 3050 3695 3103 ille

2073 3175 2119 3233 ο
2149 3136 2285 3190 dixit
2308 3137 2387 3189 eis
2422 3152 2435 3188 :
2469 3135 2589 3189 Non
2622 3136 2830 3203 legistis
2858 3135 2987 3206 quid
3018 3135 3209 3191 iecerit
3269 3135 3460 3203 David,
3494 3137 3695 3205 quando

2151 3227 2368 3292 esuriit,
2399 3234 2455 3282 et
2482 3227 2576 3295 qui
2601 3242 2726 3281 eum
2751 3242 2816 3281 eo
2857 3239 3017 3281 erant
3049 3246 3063 3292 ;
3101 3227 3377 3296 quomodo
3406 3227 3625 3283 intravit
3647 3227 3695 3280 in

2151 3318 2369 3372 domum
2396 3317 2512 3380 Dei,
2543 3327 2599 3372 et
2630 3333 2795 3385 panes
2840 3318 3231 3388 prepositionis
3275 3319 3538 3385 comedit,
3574 3333 3695 3387 quos

2151 3425 2260 3464 non
2278 3409 2475 3464 licebat
2495 3410 2546 3464 ei
2569 3398 2755 3475 edere,
2782 3424 2959 3478 neque
2984 3409 3091 3475 his,
3122 3409 3215 3478 qui
3248 3424 3372 3464 cum
3402 3425 3469 3465 eo
3533 3418 3694 3472 erant,

2152 3501 2258 3556 nisi
2289 3501 2421 3555 solis
2453 3500 2828 3556 sacerdotibus
2854 3501 2876 3554 ?
2907 3499 3051 3573 [cxv,
3081 3498 3170 3554 10.
3201 3499 3221 3573 ]
3281 3500 3390 3555 Aut
3430 3516 3542 3554 non
3586 3500 3697 3565 legi-

2152 3593 2252 3649 stis
2270 3595 2323 3648 in
2350 3594 2491 3664 lege,
2522 3594 2647 3663 quia
2665 3593 2914 3649 Sabbatis
2940 3595 3248 3650 sacerdotes
3267 3597 3321 3649 in
3356 3595 3559 3663 templo
3576 3591 3697 3647 Sab-

2152 3689 2337 3740 batum
2384 3686 2611 3748 violant,
2639 3697 2696 3740 et
2724 3687 2841 3740 sine
2872 3687 3103 3741 crimine
3134 3686 3299 3742 sunt?
3359 3685 3488 3739 Dico
3528 3694 3690 3739 autem

2153 3777 2328 3841 vobis,
2346 3778 2473 3846 quia
2504 3777 2704 3846 templo
2732 3777 2905 3846 major
2933 3787 3015 3831 est
3041 3777 3149 3832 hic.
3178 3777 3235 3832 Si
3270 3788 3453 3832 autem
3474 3776 3694 3838 sciretis.

2154 3868 2283 3938 quid
2323 3878 2409 3923 est
2445 3885 2460 3923 :
2492 3867 2920 3922 Misericordiam
2955 3868 3097 3932 volo,
3127 3878 3183 3922 et
3208 3884 3315 3923 non
3331 3869 3695 3924 sacrificium:

2154 3973 2431 4027 nunquam
2485 3959 2953 4012 condenmassetis
3004 3958 3348 4015 innocentes.
3414 3956 3577 4030 [cxvi,
3626 3956 3697 4025 2.]

2154 4050 2416 4105 Dominus
2445 4050 2589 4103 enim
2620 4059 2705 4105 est
2734 4050 2904 4104 Filius
2937 4049 3175 4105 hominis
3232 4052 3403 4103 etiam
3467 4047 3689 4104 Sabbati.

2158 4140 2223 4195 Et
2261 4156 2383 4194 cum
2407 4140 2534 4194 inde
2566 4140 2873 4203 transisset,
2933 4140 3081 4195 venit
3114 4139 3170 4193 in
3230 4154 3560 4210 synagogam
3596 4154 3698 4192 ~eo-

2156 4247 2301 4285 rum.
2336 4232 2401 4285 Et
2455 4248 2582 4286 ecce
2623 4233 2786 4285 homo
2826 4248 3056 4286 manum
3116 4233 3324 4287 habens
3364 4234 3594 4300 aridam,
3652 4243 3702 4286 et

2161 4322 2570 4390 interrogabant
2593 4337 2738 4386 eum,
2774 4320 3018 4375 dicentes
3045 4336 3059 4373 :
3096 4321 3153 4375 Si
3185 4322 3315 4377 licet
3344 4322 3594 4378 Sabbatis
3620 4338 3703 4375 cu-

2158 4412 2324 4467 rare?
2364 4421 2424 4466 ut
2445 4422 2770 4468 accusarent
2822 4427 2969 4468 eum.
3022 4413 3145 4482 Ipse
3171 4424 3355 4468 autem
3386 4416 3527 4469 dixit
3560 4414 3658 4469 illis
3687 4432 3701 4469 ς

489 4513 591 4567 Cui
614 4519 792 4565 autem
823 4507 1059 4564 similem
1092 4504 1373 4559 aestimabo
1405 4502 1814 4571 generationem
1851 4502 2050 4555 istam?
2088 4529 2131 4586 υ
2158 4504 2290 4571 Quis
2313 4504 2418 4559 erit
2450 4518 2513 4557 ex
2546 4504 2699 4558 vobis
2731 4504 2914 4569 homo,
2949 4506 3040 4573 qui
3074 4506 3270 4559 habeat
3316 4520 3479 4559 ovem
3516 4522 3658 4559 unam
3690 4543 3704 4563 .

492 4604 697 4658 Similis
716 4609 800 4657 est
831 4599 1014 4669 pueris
1043 4596 1361 4652 sedentibus
1391 4596 1443 4648 in
1478 4594 1622 4657 fore,
1654 4594 1751 4663 qui
1809 4595 2050 4648 claman-

494 4707 575 4748 tes
594 4693 958 4762 coaequalibus
973 4691 1157 4743 dicunt
1178 4686 1521 4743 :Cecinimus
1543 4684 1719 4747 vobis,
1749 4696 1803 4738 et
1829 4683 2056 4762 nonsal-

494 4761 1147 4842 tastiszlamentavimus,
1172 4788 1226 4831 et
1262 4794 1368 4831 non
1405 4761 2054 4846 planxistis.Venitei:im

493 4880 728 4932 JOannes
776 4887 951 4941 neque
986 4870 1347 4930 tutanducans,
1384 4884 1561 4933 neque
1596 4869 1807 4929 bibens,
1871 4876 1923 4919 et
1972 4868 2059 4918 di-

495 4980 625 5025 cunt
650 4986 662 5019 :
691 4965 1024 5022 Damoniqu
1049 4960 1228 5015 habet.
1259 4960 1413 5013 Venit
1442 4959 1613 5013 Filius
1643 4958 1883 5012 hominis
1905 4975 2059 5012 man~

497 5065 705 5117 ducans
736 5068 792 5113 et
828 5058 1040 5121 bibens,
1076 5065 1130 5109 et
1162 5055 1388 5107 dicunt:
1422 5054 1559 5106 Ecce
1592 5052 1753 5104 homo
1788 5068 1975 5117 vorax,
2003 5064 2057 5105 et

499 5163 713 5223 potator
741 5150 874 5215 vini,
910 5148 1325 5217 publicanorum
1353 5157 1406 5198 ct
1433 5154 1782 5214 peccatorum
1819 5144 2051 5197 amicus.

499 5248 565 5302 Et
591 5244 887 5317 justiticata
916 5251 998 5295 est
1026 5238 1288 5308 sapientia
1328 5253 1357 5289 a
1413 5235 1537 5290 ﬁliis
1562 5238 1696 5290 suis.
1729 5234 1745 5309 [
1776 5250 1929 5298 cvm,
1962 5233 2058 5305 54]

497 5339 652 5393 Tunc
684 5334 850 5404 coepit
877 5331 1213 5400 exprobrare
1251 5328 1571 5383 civitatibus
1602 5327 1654 5380 iu
1676 5329 1875 5395 quibus
1911 5328 2061 5379 facta:

498 5439 623 5483 sunt
665 5428 915 5496 plurimae
973 5425 1209 5476 virtutes
1259 5420 1400 5489 ejus,
1466 5420 1591 5488 quia
1648 5430 1769 5470 'non
1824 5418 2061 5485 egissent

500 5520 893 5590 tmaitentiam.
930 5515 1017 5569 γω
1049 5512 1168 5576 tibi,
1223 5511 1490 5564 Corozain
1552 5509 1661 5579 [Αἰ.
1708 5508 1998 5577 Corazain]
2046 5546 2059 5569 ,

572 5722 586 5748 ¹
641 5718 697 5769 lu
760 5716 983 5769 instanti
1033 5714 1308 5779 conﬁteor,
1365 5711 1516 5778 juxta
1573 5707 1822 5760 Graecum
1877 5709 2061 5777 ἐξομο-

506 5790 793 5853 λογοιῦμαι,
830 5787 1047 5852 lit-gina:
1087 5798 1303 5852 quoque.
1345 5783 1541 5833 habent
1578 5796 1705 5831 mss.

2159 4606 2210 4650 et
2240 4597 2285 4649 si
2317 4594 2577 4649 ceciderit
2602 4596 2713 4649 haec
2731 4595 2983 4652 Sabbatis
3013 4597 3065 4651 in
3091 4596 3327 4659 foveam,
3362 4613 3546 4653 nonne
3573 4606 3703 4650 tene-

2162 4686 2256 4752 bit,
2280 4696 2335 4740 et
2357 4685 2557 4739 levabit
2587 4702 2705 4740 eam
2735 4689 2757 4740 ?
2788 4688 3002 4753 Quanto
3034 4690 3206 4757 magis
3238 4690 3436 4743 melior
3464 4688 3705 4743 esthoreo

2161 4776 2306 4829 evel
2354 4777 2541 4846 Itaque
2582 4777 2711 4831 licet
2744 4777 2999 4833 Sabbatis
3049 4781 3389 4834 benefacere.
3445 4780 3592 4833 Tune
3644 4779 3705 4829 ait

2164 4868 2373 4921 homini
2409 4884 2423 4921 :
2457 4866 2703 4922 Extende
2742 4884 2962 4922 manum
3021 4881 3168 4923 tuam
3202 4888 3214 4922 :
3249 4880 3301 4923 et
3338 4871 3605 4932 extendit,
3659 4878 3706 4919 et

2164 4961 2411 5012 restituta
2441 4969 2524 5012 est
2560 4960 2935 5015 sanitatisicut
2957 4962 3130 5014 altera
3184 4959 3477 5032 [cxvu,4.]
3514 4961 3707 5013 Exeun-

2165 5062 2243 5102 tes
2280 5059 2459 5103 autem
2492 5048 2773 5111 Pharisaei,
2810 5051 3101 5104 consilium
3144 5051 3417 5104 iaciebant
3466 5052 3707 5103 adversus

2163 5158 2311 5202 eum,
2344 5142 2617 5209 quomodo
2641 5146 2929 5211 perderent
2984 5158 3134 5196 eum.
3169 5142 3378 5212 [cxvim
3414 5141 3530 5212 10.]
3570 5139 3708 5192 Jesus

2164 5245 2344 5289 autem
2400 5236 2578 5289 sciens
2616 5234 2839 5289 recessit
2891 5235 3056 5288 inde:
3091 5247 3145 5287 et
3203 5235 3375 5288 secuti
3417 5243 3544 5286 sunt
3598 5243 3708 5283 eum

2165 5325 2346 5390 multi,
2379 5334 2431 5378 et
2460 5325 2673 5378 curavit
2700 5340 2792 5379 eos
2836 5339 3064 5381 omnes;
3107 5335 3160 5375 et
3214 5324 3471 5391 pra‘cepit
3529 5324 3605 5375 eis
3652 5334 3709 5370 ne

2166 5418 2509 5471 manifestum
2538 5432 2667 5472 eum
2722 5419 2985 5472 facerent.
3020 5416 3087 5472 Ut
3129 5416 3528 5485 adimpleretur
3583 5412 3708 5480 quod

2164 5509 2372 5561 dictum
2409 5520 2604 5576 estper
2630 5509 2823 5561 Isaiam
2857 5510 3198 5577 prophetam,
3234 5508 3506 5561 dicentem
3545 5520 3556 5556 :
3592 5506 3709 5555 Ecce

2238 5712 2508 5771 “,Addunt
2545 5712 2708 5773 iidem
2737 5727 2891 5771 mss,
2927 5714 3021 5777 cis,
3060 5710 3205 5779 quod
3248 5721 3299 5765 ct
3352 5709 3592 5779 quasdam
3628 5705 3709 5756 ha-

2168 5784 2296 5835 bent
2327 5783 2508 5836 Gracca
2535 5784 2889 5859 exemplaria.
