3880 6168
247 329 352 393 589

1239 336 1741 397 EVANGELIUM
1791 338 1806 395 ξ

1915 339 1944 396 ἴ.
1983 337 2240 396 ΜᾹΤἸἪ
2257 337 2434 398 ,ιΕυΜ
3341 335 3442 396 59)

246 457 382 511 puer
407 459 581 510 meus,
613 461 772 513 quem
800 447 959 516 elegi,
994 448 1223 504 dilectus
1249 451 1498 512 meus,iu
1524 467 1628 519 quo
1660 451 1797 505 bene
1832 459 1872 510 Α
1904 453 2028 517 quia
2065 450 2211 504 venit
2246 467 2273 503 τι
2319 449 2518 503 finibus
2553 456 2706 501 terrm,
2734 446 2921 501 audire
2956 445 3278 514 sapientiam
3301 447 3456 500 Salo-

242 535 817 602 complacuit‘auima:
862 554 1016 594 meae.
1069 539 1268 595 Ponam
1306 541 1559 611 spiritum
1621 557 1799 596 meum

242 638 406 692 super
435 641 582 687 eum,
616 629 965 696 etjndicium
1001 632 1260 698 gentibus
1324 633 1617 688 nuntiabit.
1680 633 1798 688 Non

240 717 564 779 contendet,
593 732 768 787 neque
797 720 1070 786 clamabit,
1106 735 1282 791 neque
1313 725 1496 780 audiet
1521 727 1718 794 aliquis
1743 725 1796 778 in

239 806 434 874 plateis
491 822 678 863 vocem
718 811 878 879 ejus:
940 813 1262 868 arundinem
1329 827 1637 884 quassatam
1696 832 1801 870 non

237 895 574 964 confringet,
605 907 661 951 et
690 898 892 968 lignum
923 899 1196 970 fumigans
1214 917 1319 956 non
1350 905 1678 972 exstinguat,
1707 905 1803 957 d0-

244 999 345 1038 nec
372 986 554 1055 ejiciat
603 989 672 1042 ad
709 992 989 1045 victoriam
1018 992 1282 1059 judicium
1315 1007 1330 1046 :
1388 1003 1442 1048 et
1477 996 1530 1048 in
1585 995 1803 1048 nomine

250 1073 369 1140 ejus
390 1085 582 1148 gentes
620 1079 938 1144 sperabunt.
974 1078 1140 1149 [cux,
1171 1079 1252 1151 5.]
1286 1079 1438 1134 Tunc
1468 1080 1684 1133 oblatus
1721 1089 1804 1133 est

241 1167 290 1218 ei
314 1165 645 1221 daemonium
677 1169 903 1235 habens,
932 1185 1110 1224 creetis
1139 1180 1196 1226 et
1251 1181 1454 1232 mutus,
1494 1182 1548 1224 et
1584 1173 1798 1224 curavit

245 1271 396 1320 eum,
417 1257 494 1312 ita
517 1269 574 1312 ut
606 1260 941 1330 loqueretuc,
976 1272 1031 1316 et
1062 1262 1288 1316 videret.
1323 1263 1471 1333 μω,
1499 1261 1578 1334 7.]
1608 1263 1669 1316 Ει
1693 1275 1804 1316 Stu-

252 1352 455 1418 pebant
483 1367 673 1406 omnes
698 1355 888 1416 turbae,
920 1362 974 1415 et
1001 1353 1258 1409 dicebant
1299 1371 1314 1408 :
1341 1355 1595 1422 Nunquid
1616 1354 1705 1408 hic
1723 1365 1803 1408 est

247 1445 390 1498 ﬁlius
415 1447 584 1500 David
618 1427 830 1518 ἰδ’[ϐιχι.
868 1446 950 1517 2.]
987 1447 1244 1502 Phariszei
1276 1458 1459 1501 autem
1491 1444 1802 1511 audientes,

242 1536 501 1589 dixerunt
532 1554 545 1591 :
580 1537 678 1592 llic
712 1553 818 1591 non
844 1539 994 1608 ejicit
1037 1539 1310 1593 daemones
1341 1537 1449 1592 nisi
1480 1539 1534 1590 in
1588 1538 1802 1592 Beelze-

245 1627 356 1680 bub
388 1628 634 1697 principe
665 1628 1084 1684 daemoniorum.
1143 1627 1437 1700 [CXXILQJ
1494 1629 1654 1683 Jcsus
1700 1643 1802 1682 au-

247 1724 355 1769 tem
387 1717 570 1770 sciens
623 1719 984 1788 cogitationes
1022 1733 1238 1778 eorum,
1288 1717 1430 1770 dixit
1461 1719 1543 1772 eis
1586 1717 1802 1773 :Omne

1911 543 2103 605 monis,
2132 550 2183 593 et
2213 556 2337 594 cccc
2369 541 2485 609 plus
2515 554 2676 607 quam
2704 537 2957 589 Salomon
2994 537 3102 591 hic.
3144 536 3341 608 [cum
3380 540 3410 592 5
3439 539 3457 609 ]

1905 634 2037 688 Cum
2067 645 2244 686 autem
2275 632 2588 684 immundus
2625 630 2849 700 spiritus
2889 630 3172 682 exieritab
3209 629 3453 693 homine,

1908 723 2146 777 ambulat
2177 739 2270 792 per
2296 723 2409 776 loca
2435 721 2605 786 arida,
2672 735 2919 790 qtnerens
2955 723 3214 790 requiem,
3240 731 3295 775 et
3351 737 3458 775 non

1911 813 2138 867 invenit.
2171 813 2326 867 Tunc
2349 813 2481 867 dicit
2511 829 2525 868 :
2552 813 2816 866 Revertar
2871 813 2924 866 in
2957 811 3177 866 domum
3228 828 3402 867 meam
3444 855 3459 877 ,

1909 905 2052 959 unde
2085 906 2250 961 exivi.
2310 905 2376 958 Et
2425 905 2654 957 veniens
2691 904 2896 958 invenit
2947 918 3064 968 eam
3125 915 3408 959 vacantem
3442 945 3460 968 ,

1909 997 2090 1065 Scopis
2127 995 2460 1058 mandatam,
2492 1005 2546 1048 et
2579 1003 2849 1048 ornatam.
2873 995 3026 1048 Tunc
3064 996 3232 1060 vadit,
3262 1005 3317 1051 et
3375 1013 3462 1050 as-

1909 1086 2074 1139 sumit
2105 1095 2310 1152 septem
2328 1085 2463 1138 alios
2495 1085 2720 1153 spiritus
2755 1097 2940 1137 secum
2966 1084 3264 1152 nequiores
3297 1099 3379 1146 se.
3407 1095 3462 1138 ct

1909 1176 2173 1228 intrantes
2200 1175 2447 1227 habitant
2479 1174 2586 1230 ibi:
2613 1183 2666 1227 et
2693 1173 2826 1226 fiunt
2861 1172 3154 1226 novissima
3220 1173 3461 1227 hominis

1908 1265 2054 1317 illius
2083 1266 2268 1334 pejora
2295 1263 2595 1332 prioribus.
2627 1263 2718 1317 Sic
2750 1262 2855 1317 erit
2885 1272 2938 1316 et
2963 1264 3301 1332 generationi
3334 1265 3462 1320 huic

1907 1358 2180 1424 pessimae.
2219 1355 2402 1426 [cxxx,
2431 1353 2512 1425 2.]
2573 1355 2767 1408 Adhuc
2793 1370 2857 1408 co
2888 1355 3142 1422 loquente
3169 1355 3232 1409 ad
3255 1357 3463 1419 turbas,

1905 1463 2031 1502 ecce
2058 1457 2233 1500 mater
2264 1448 2379 1513 ejus
2408 1456 2464 1500 et
2495 1446 2690 1500 fratres
2714 1447 2933 1500 stabant
2961 1447 3115 1510 foris,
3158 1457 3463 1513 quaerentes

1911 1537 2057 1606 loqui
2087 1537 2161 1591 ei.
2197 1536 2343 1590 Dixit
2375 1545 2552 1589 autem
2580 1537 2628 1589 ei
2657 1537 2874 1604 quidam
2911 1551 2929 1589 :
2966 1535 3101 1590 Ecce
3126 1545 3295 1589 mater
3350 1545 3464 1599 tua,

1907 1637 1963 1682 et
1996 1627 2188 1682 fratres
2222 1625 2297 1679 tui
2326 1626 2456 1678 foris
2491 1633 2636 1680 stant
2659 1633 2968 1694 quaerentes
3000 1635 3072 1678 te.
3116 1626 3185 1678 At
3237 1625 3349 1693 ipse
3384 1639 3469 1678 re-

1907 1720 2180 1789 Spondens
2198 1719 2398 1774 dicenti
2415 1719 2540 1781 sibi,
2558 1719 2630 1771 ait
2660 1732 2672 1768 :
2698 1717 2828 1783 Quae
2843 1726 2924 1772 est
2951 1725 3123 1772 mater
3145 1731 3282 1782 mea,
3301 1727 3354 1772 et
3375 1718 3469 1787 qui

245 1823 470 1878 regnum
501 1807 731 1863 divisum
761 1819 951 1864 contra
980 1825 1059 1874 se,
1119 1811 1458 1866 desolabitur
1491 1826 1506 1864 :
1539 1820 1593 1865 ct
1627 1812 1806 1865 omnis
1841 1809 1882 1863 Β
1908 1823 2035 1866 sunt
2057 1811 2251 1866 fratres
2271 1811 2374 1865 mei
2410 1812 2432 1863 2
2461 1810 2524 1863 Et
2545 1811 2847 1863 extendens
2868 1823 3062 1862 manus
3088 1809 3142 1862 in
3164 1808 3468 1878 discipulos

244 1891 465 1964 civitas,
487 1901 570 1955 vel
597 1902 793 1956 domus
815 1902 988 1956 divisa
1004 1912 1191 1956 contra
1209 1917 1291 1966 se,
1311 1918 1421 1956 non
1452 1903 1638 1957 stabit.
1673 1903 1740 1957 Et
1761 1903 1807 1956 si

250 1991 482 2047 Satanas
499 1992 751 2047 Satanam
768 1994 934 2062 ejicit,
951 1994 1212 2048 adversus
1230 2008 1289 2048 se
1306 1995 1518 2048 divisus
1539 2002 1622 2048 est
1639 2009 1654 2047 :
1671 2007 1806 2062 quo-

247 2088 408 2139 modo
427 2100 559 2156 ergo
583 2086 751 2140 stabit
783 2101 1008 2155 regnum
1038 2087 1158 2156 ejus
1185 2086 1206 2138 ?
1237 2085 1300 2138 Et
1329 2086 1373 2138 si
1408 2100 1509 2154 ego
1543 2087 1618 2146 inl
1653 2065 1809 2139 Beel:

246 2175 424 2230 zebub
457 2175 616 2244 ejicio
643 2177 940 2238 dtemones,
960 2175 1053 2230 lilii
1079 2176 1244 2230 vestri
1283 2176 1339 2229 iu
1370 2190 1479 2244 quo
1534 2174 1809 2245 ejiciunt?

247 2270 374 2324 Ideo
404 2271 507 2339 ipsi
555 2271 768 2340 judiees
801 2269 969 2323 vestri
1025 2279 1208 2323 erunt.
1246 2267 1300 2323 Si
1349 2279 1530 2322 autem
1595 2283 1697 2338 ego
1752 2269 1805 2322 in

246 2365 444 2434 spiritu
471 2362 564 2416 Dei
600 2361 764 2430 ejicio
797 2362 1097 2422 daemones,
1123 2359 1290 2428 igitur
1321 2359 1566 2428 pervenit
1598 2358 1652 2411 in
1711 2373 1806 2413 vos

246 2470 478 2524 regnum
519 2453 635 2507 Dei.
675 2455 783 2506 Aut
812 2449 1090 2518 quomodo
1145 2458 1328 2517 potest
1367 2449 1656 2517 quisquam
1719 2453 1806 2504 in-

246 2557 391 2598 trare
429 2545 485 2598 in
515 2544 735 2597 domum
773 2542 952 2606 fortis,
986 2549 1042 2594 et
1072 2554 1198 2593 vasa
1231 2540 1352 2609 ejus
1377 2539 1644 2607 diripere,
1697 2537 1806 2592 nisi

243 2637 401 2704 prius
429 2635 734 2702 alligaverit
753 2631 988 2687 fortem?
1015 2641 1070 2686 et
1099 2641 1226 2686 tunc
1252 2630 1474 2685 domum
1505 2630 1652 2684 illius
1675 2629 1810 2684 diri-

241 2731 382 2794 piet.
417 2728 520 2792 Qui
544 2741 651 2780 non
699 2737 785 2780 est
811 2739 1043 2784 mecum,
1071 2732 1258 2777 contra
1305 2736 1392 2776 me
1426 2731 1552 2776 est:
1613 2732 1670 2776 et
1716 2723 1810 2791 qui

239 2836 352 2875 non
385 2827 684 2887 ccugregat
718 2830 929 2871 mecum
955 2853 972 2878 .
1025 2814 1254 2883 spargit.
1289 2811 1503 2885 [Cllllh
1532 2811 1807 2884 2.]‘ggldeo

239 2913 369 2966 dico
404 2910 562 2964 vobis
595 2906 818 2982 :.0iune
849 2917 1130 2975 peccatum
1157 2915 1212 2959 et
1238 2904 1572 2973 blasphemia
1618 2903 1809 2959 remit-

239 3010 399 3054 tetur
423 2999 761 3062 hominibus,
824 3001 1049 3067 spiritus
1082 3008 1264 3052 autem
1296 2995 1634 3065 blasphemia
1700 3008 1809 3048 nou

238 3091 579 3148 remittetur.
631 3091 698 3144 Et
725 3093 1039 3159 quicunque
1096 3088 1297 3142 dixerit
1340 3085 1564 3140 verbum
1623 3095 1812 3139 contra

237 3181 720 3248 Filiuuihominis,
756 3183 1064 3236 remittetur
1097 3182 1144 3235 ei
1175 3192 1188 3230 :
1227 3177 1321 3248 qui
1377 3186 1562 3232 autem
1605 3175 1808 3231 dixerit

231 3286 441 3328 contra
469 3273 731 3343 Spiritum
759 3283 1033 3337 sanctum,
1071 3286 1176 3326 non
1211 3270 1519 3325 remittetur
1588 3268 1811 3337 ei,{ne-

230 3381 347 3436 que
381 3367 440 3419 in
466 3366 570 3420 hoc
594 3365 814 3428 saeculo,
867 3378 1043 3432 neque
1074 3363 1130 3418 in
1193 3362 1395 3415 futuro.
1421 3360 1638 3430 [casm
1697 3355 1811 3428 10.]

225 3461 342 3514 Aut
375 3458 806 3513 facitearborem
840 3456 1128 3516 bonam,et
1157 3452 1394 3508 fructum
1415 3451 1534 3520 ejus
1556 3451 1759 3505 bonum
1796 3467 1810 3504 :

227 3560 330 3602 aut
356 3549 528 3603 facite
543 3549 792 3604 arborem
826 3544 1043 3606 malam,
1072 3554 1128 3597 et
1152 3541 1392 3596 fructum
1419 3541 1539 3609 ejus
1570 3539 1770 3592 malum
1794 3554 1811 3594 :

223 3640 520 3712 siquidem
577 3653 642 3692 ex
699 3637 881 3692 fructu
930 3634 1095 3688 arbor
1137 3630 1472 3698 agnoscitur.
1512 3628 1811 3698 Progenies

228 3737 592 3803 viperarum,
630 3727 904 3799 quomodo
927 3726 1152 3795 potestis
1177 3725 1316 3778 bona
1347 3721 1520 3791 loqui.
1552 3734 1675 3775 cum
1739 3719 1814 3774 si-

225 3830 306 3882 tis
353 3827 493 3880 mali
532 3826 555 3875 '!
584 3839 651 3878 ex
681 3818 1018 3876 abundantia
1050 3817 1195 3872 enim
1227 3813 1412 3870 cordis
1435 3829 1498 3868 os
1537 3813 1800 3882 loquitur.

220 3922 432 3993 lex“,
478 3914 588 3986 5.]
623 3914 805 3966 Bonus
863 3915 1025 3964 homo
1057 3909 1125 3962 de
1165 3909 1309 3962 bono
1363 3906 1622 3959 thesauro
1677 3919 1814 3973 pro-

213 4013 336 4065 fert
365 4011 519 4063 bona
543 4024 560 4061 :
584 4017 640 4061 et
670 4003 841 4058 maliis
877 4002 1042 4056 homo
1067 4001 1134 4054 de
1183 3998 1324 4053 malo
1355 3998 1619 4052 thesauro
1681 4011 1812 4066 pro-

214 4103 336 4154 fert
368 4100 542 4152 mala.
573 4095 777 4167 [cum
819 4092 907 4146 ιθ.
934 4089 954 4162 ]
984 4091 1111 4145 Dico
1133 4100 1312 4143 autem
1349 4087 1526 4149 vobis,
1553 4085 1812 4154 quoniam

207 4206 404 4246 omne
440 4189 672 4243 verbum
705 4185 941 4238 otiosum
989 4181 1134 4250 quod
1171 4179 1340 4234 locuti
1396 4175 1602 4230 fuerint
1642 4174 1819 4229 homi-

211 4301 350 4347 nes,
395 4278 640 4334 reddent
663 4276 932 4329 rationem
956 4274 1024 4327 de
1053 4286 1118 4324 eo
1150 4271 1205 4323 in
1232 4267 1320 4320 die
1340 4265 1558 4338 judicii.
1591 4264 1670 4318 Ex
1696 4278 1818 4318 ver-

205 4378 306 4430 bis
348 4375 519 4424 enim
560 4368 673 4422 tuis
697 4363 1111 4437 justificaberis,
1151 4368 1295 4414 etes
1321 4357 1504 4412 verbis
1538 4357 1648 4413 tuis
1677 4371 1819 4411 con-

1909 1919 2060 1970 suos,
2090 1903 2228 1957 dixit
2258 1902 2438 1957 :Ecee
2467 1909 2634 1956 mater
2672 1915 2814 1964 mea,
2837 1909 2888 1954 et
2913 1900 3111 1955 fratres
3147 1901 3251 1956 mei
3282 1919 3296 1959 :
3339 1900 3473 1967 Qui-

1909 2009 2122 2064 cunque
2154 1993 2301 2049 enim
2324 1993 2517 2048 fecerit
2546 1993 2880 2046 voluntatem
2912 1990 3091 2044 Patris
3123 1997 3252 2054 mel,
3280 1994 3370 2060 qui
3415 1991 3468 2044 in

1909 2086 2193 2150 coeliseSt,
2258 2085 2374 2154 ipse
2414 2099 2568 2138 meus
2595 2083 2779 2144 frater,
2807 2092 2862 2136 et
2883 2095 3062 2143 soror,
3085 2091 3142 2137 et
3164 2093 3336 2137 mater
3361 2092 3468 2140 est.

1981 2177 2138 2249 [ϐαρ.
2169 2177 2308 2243 ΧΙῙΙ,
2336 2193 2518 2243 ειυς,
2546 2175 2628 2247 2.]
2659 2175 2716 2228 ln
2754 2175 2846 2228 illo
2875 2175 2965 2230 die
2995 2177 3185 2232 exiens
3218 2179 3377 2234 Jesus
3403 2180 3472 2233 de

1909 2273 2096 2337 domo,
2129 2271 2353 2326 sedebat
2389 2285 2550 2325 secus
2570 2284 2740 2330 mare,
2766 2269 2833 2323 Et
2863 2279 3208 2342 congregatae
3247 2282 3376 2326 sunt
3406 2272 3472 2325 ad

1909 2376 2033 2416 eum
2065 2363 2237 2417 turba:
2269 2362 2472 2423 multa},
2503 2361 2576 2415 ita
2629 2369 2690 2414 ut
2744 2362 2797 2413 in
2831 2359 2943 2433 [ΑΙ.
2982 2368 3087 2414 tac.
3119 2359 3200 2432 in]
3239 2362 3472 2433 navicuo

1911 2453 2016 2506 lam
2069 2453 2373 2508 ascendens
2413 2451 2651 2517 sederet,
2682 2461 2736 2506 et
2773 2452 2954 2506 omni
3004 2452 3162 2507 turba
3211 2455 3389 2507 stabat
3417 2454 3471 2508 in

1911 2543 2093 2598 littore
2120 2561 2132 2595 :
2157 2555 2210 2598 et
2249 2544 2469 2598 locutus
2497 2553 2580 2597 est
2611 2544 2691 2598 eis
2743 2545 2914 2599 multa
2965 2544 3020 2597 in
3052 2542 3329 2612 parabolis
3382 2543 3473 2598 di-

1912 2647 2041 2688 cens
2074 2649 2090 2687 :
2123 2633 2259 2688 Ecce
2303 2635 2437 2688 exiit
2483 2633 2576 2703 qui
2623 2634 2858 2688 seminat
2903 2634 3196 2690 seminare.
3235 2634 3303 2690 Et
3341 2638 3472 2690 dum

1913 2727 2166 2787 seminat,
2197 2724 2444 2793 quaedam
2476 2725 2794 2780 ceciderunt
2825 2739 2989 2780 secus
3022 2727 3187 2792 viam,
3227 2736 3281 2780 et
3309 2741 3475 2781 vene-

1913 2825 2039 2870 runt
2063 2816 2312 2871 volucres
2337 2816 2462 2871 coeli
2491 2816 2530 2880 ί,
2560 2826 2615 2871 et
2637 2817 2993 2872 comederunt
3023 2833 3110 2873 ea.
3144 2799 3472 2875 Mirantem

1913 2908 2232 2964 ceciderunt
2279 2908 2333 2960 in
2369 2916 2609 2976 petrosa,
2642 2907 2736 2961 ubi
2794 2922 2902 2961 non
2956 2907 3234 2962 habebant
3270 2918 3472 2963 terram

1917 3000 2139 3054 multam
2178 3015 2193 3056 :
2224 3008 2277 3053 et
2305 3001 2574 3054 continuo
2601 3008 2788 3052 exorta
2818 3008 2970 3064 sunt,
3000 2998 3129 3068 quia
3165 3014 3273 3054 non
3306 3000 3477 3054 habe-

1916 3089 2046 3144 bant
2077 3089 2422 3144 altitudinem
2456 3098 2638 3143 teme.
2669 3088 2795 3144 Sole
2831 3099 3012 3143 autem
3047 3097 3171 3145 orto
3211 3098 3477 3144 aestuave-

1916 3189 2168 3236 runtzet
2217 3180 2344 3248 quia
2387 3194 2496 3234 non
2550 3178 2823 3234 habebant
2878 3179 3139 3247 radicem,
3189 3189 3474 3234 aruerunt.

1914 3273 2033 3328 Alia
2081 3281 2262 3327 autem
2314 3271 2636 3327 ceciderunt
2681 3272 2735 3326 in
2797 3272 2984 3341 spinas
3016 3286 3033 3326 :
3063 3281 3120 3326 et
3180 3283 3479 3327 creverunt

1915 3361 2106 3432 spinae,
2137 3370 2193 3416 et
2217 3361 2630 3418 suffocaverunt
2654 3376 2739 3416 ea.
2795 3361 2913 3416 Alia
2945 3371 3126 3416 autem
3159 3361 3479 3417 ceciderunt

1915 3454 1972 3508 in
2003 3462 2205 3508 terram
2237 3453 2441 3508 .bouam
2476 3470 2492 3508 :
2527 3460 2585 3508 et
2628 3453 2832 3508 dabant
2860 3440 3142 3518 'fructum,
3170 3454 3318 3509 aliud
3343 3469 3476 3509 cen-

1917 3545 2195 3608 tesimum,
2229 3544 2373 3598 aliud
2425 3545 2845 3613 sexagesimum,
2903 3544 3054 3599 aliud
3107 3545 3474 3601 tricesimum.

1917 3635 2018 3702 Qui
2063 3637 2228 3690 habet
2272 3650 2432 3690 aures
2461 3635 2744 3702 audiendi,
2796 3636 3002 3690 audiat.
3061 3635 3126 3691 Et
3155 3639 3477 3694 accedentes

1917 3726 2168 3795 discipuli
2213 3726 2473 3781 dixerunt
2494 3726 2542 3781 ei
2575 3741 2591 3782 :
2621 3724 2800 3791 Quare
2827 3726 2882 3779 in
2907 3726 3181 3795 parabolis
3232 3727 3478 3803 loqueris

1917 3819 2036 3874 eis?
2070 3818 2170 3880 Qui
2228 3817 2587 3886 respondens,
2627 3819 2704 3870 ait
2731 3817 2842 3873 illis
2884 3835 2899 3875 :
2934 3817 3069 3884 Quia
3106 3819 3262 3875 vobis
3291 3821 3478 3875 datum

1917 3918 2002 3965 est
2039 3923 2198 3963 nosse
2231 3908 2486 3979 mysteria
2512 3908 2661 3977 regni
2690 3909 2991 3975 cmlorum;
3027 3909 3135 3964 illis
3162 3919 3344 3966 autem
3370 3927 3476 3966 non

1917 4010 2003 4058 est
2025 4001 2232 4056 datum.
2265 3999 2491 4072 [cutim
2519 3999 2599 4072 5.]
2626 4001 2728 4067 Qui
2759 4001 2906 4056 enim
2944 4003 3124 4068 habet,
3155 4004 3374 4059 dabitur
3403 4007 3476 4073 ei,

1917 4103 1970 4149 et
1997 4093 2340 4148 abundabit:
2367 4093 2458 4162 qui
2495 4101 2678 4148 autem
2719 4109 2826 4149 non
2865 4094 3048 4154 habet.
3089 4107 3145 4149 et
3190 4097 3334 4166 quod
3378 4097 3482 4151 ha-

1917 4185 2029 4248 bet,
2072 4185 2349 4239 auferetur
2377 4184 2554 4238 abeo.
2587 4183 2829 4256 [cxxxuq
2868 4183 2945 4256 1.]
2985 4183 3109 4239 Ideo
3159 4187 3213 4240 in
3245 4188 3479 4256 parabo-

1919 4274 1985 4328 lis
2012 4275 2208 4343 loquor
2230 4274 2311 4329 eis
2347 4293 2360 4328 :
2393 4276 2521 4344 quia
2575 4276 2826 4330 videntes
2873 4291 2979 4329 non
3020 4277 3225 4340 rident,
3277 4286 3331 4332 et
3380 4294 3476 4331 au-

1921 4364 2138 4419 dientes
2171 4378 2278 4417 non
2311 4365 2560 4426 audiunt,
2595 4379 2772 4433 neque
2812 4365 3145 4434 intelligunt.
3195 4366 3265 4421 Et
3309 4368 3484 4421 adim-

203 4457 626 4514 demnaberis.
653 4453 874 4524 [cxxvtu
899 4449 980 4522 5.]
1006 4448 1164 4504 Tunc
1197 4446 1603 4516 ποεροηάοτυιι
1625 4447 1672 4500 εί
1692 4447 1817 4516 qui-
1856 4474 1898 4528 ι)
1924 4455 2102 4524 pletnr
2130 4455 2182 4509 in
2215 4454 2296 4509 eis
2326 4454 2611 4523 pr0phetia
2644 4455 2796 4509 Isaia:
2826 4455 3063 4509 dicentis
3097 4471 3110 4508 :
3149 4456 3349 4509 Audito
3378 4473 3481 4510 an-

198 4559 347 4609 dam
381 4551 467 4605 de
495 4549 702 4603 Scribis
739 4555 792 4600 et
824 4543 1150 4606 Phariismis,
1187 4540 1432 4595 dicentes
1485 4556 1499 4592 :
1530 4538 1816 4608 Magister,

197 4649 508 4698 volumus
541 4657 568 4694 a
597 4651 648 4694 te
678 4640 891 4708 signum
928 4637 1133 4689 videre.
1169 4632 1420 4704 [cxxvm.
1451 4630 1532 4704 5.]
1567 4631 1670 4698 Qui
1729 4646 1816 4685 re-

196 4736 537 4807 spondens
569 4735 646 4785 ait
677 4731 786 4784 illis
821 4726 1151 4782 :Generatio
1184 4725 1322 4777 mala
1354 4732 1411 4777 et
1469 4723 1712 4780 adultera
1744 4723 1820 4778 si-

187 4845 394 4897 guutu
449 4824 654 4894 quaerit
691 4838 705 4876 :
743 4829 799 4874 et
833 4819 1046 4884 signum
1078 4833 1182 4870 non
1215 4815 1438 4870 dabitur
1463 4815 1537 4880 ei,
1591 4816 1693 4870 nisi
1741 4817 1818 4870 si-

182 4936 393 4992 gnum
447 4917 606 4970 Jour
638 4914 934 4983 propheta}.
977 4910 1131 4963 Sicut
1179 4910 1325 4962 enim
1384 4907 1487 4962 fuit
1544 4907 1710 4962 Jonas
1759 4908 1812 4960 in

185 5023 425 5066 ventre
473 5007 580 5060 ceti
609 5006 786 5058 tribus
818 5003 1038 5065 diebus,
1061 5013 1117 5056 et
1151 5002 1324 5054 tribus
1379 5001 1672 5057 noctibus:
1733 5001 1814 5055 sic

179 5106 310 5160 erit
364 5099 569 5154 Filius
593 5097 833 5152 hominis
867 5096 919 5147 iu
959 5094 1125 5148 corde
1163 5101 1318 5145 teme
1368 5093 1544 5146 tribus
1593 5091 1811 5152 diebus.

173 5212 239 5255 et
270 5197 507 5254 tribus
532 5189 808 5244 noctibus.
838 5189 946 5242 Vari
983 5185 1234 5240 Ninivita:
1263 5193 1486 5251 surgent
1521 5185 1570 5236 in
1608 5183 1814 5251 judicio

173 5304 330 5342 cum
373 5291 763 5355 generatione
795 5280 918 5341 ista,
949 5288 1002 5332 et
1023 5277 1468 5332 condemuabunt
1501 5289 1618 5327 eam
1658 5274 1818 5342 :quia

169 5383 491 5456 pieniten
507 5375 630 5429 tiam
653 5381 882 5442 egerunt
903 5371 954 5423 i-n
988 5369 1558 5438 pr:edicatiom:.tou:e.
1599 5365 1664 5421 Et
1691 5381 1818 5420 ecce

165 5484 329 5551 plus
367 5483 568 5542 quam
593 5464 894 5520 Jonas-hic
930 5480 943 5516 :
979 5463 1181 5532 lit-gina
1209 5462 1395 5515 Austri
1424 5471 1609 5529 surget
1653 5462 1705 5512 in
1738 5461 1824 5530 jn-

162 5574 349 5630 dicio
396 5575 556 5620 cum
583 5562 933 5633 generatione
962 5559 1090 5621 ista,
1127 5571 1184 5612 et
1229 5555 1619 5612 condemnabit
1648 5568 1767 5607 eam
1803 5566 1817 5604 :

1921 4545 2103 4608 dictis,
2147 4555 2202 4598 et
2249 4560 2354 4598 non
2403 4545 2716 4614 intelligetis
2763 4562 2777 4598 :
2813 4555 2868 4598 et
2907 4545 3157 4600 videntes
3200 4546 3481 4608 videbitis.

1919 4646 1974 4691 et
2011 4652 2120 4690 non
2160 4635 2440 4690 videbitis.
2474 4635 2835 4690 lncrassatum
2887 4646 2970 4690 est
2998 4637 3141 4689 enim
3169 4651 3262 4689 cor
3293 4637 3482 4705 populi

1922 4729 2106 4796 hujus,
2143 4738 2199 4782 et
2252 4729 2479 4783 auribus
2522 4728 2762 4798 graviter
2803 4727 3122 4789 audierunt,
3187 4738 3243 4782 et
3294 4728 3486 4782 oculos

1923 4837 2050 4875 suos
2082 4822 2402 4874 clauserunt
2436 4839 2448 4874 ε
2483 4819 2771 4890 nequando
2823 4819 3041 4873 videant
3077 4821 3276 4881 oculis,
3307 4829 3363 4874 ct
3390 4835 3489 4874 au-

1923 4915 2074 4970 ribus
2101 4916 2344 4977 audiant,
2375 4923 2428 4968 ct
2448 4915 2610 4968 corde
2639 4913 2963 4979 intelligant.
2989 4924 3044 4966 et
3076 4923 3487 4973 Convertuntur,

1923 5017 1976 5060 et
2007 5021 2192 5060 sanem
2221 5022 2333 5060 eos.
2361 5003 2594 5076 [cxxxiv,
2628 5004 2704 5075 5.]
2739 5003 2912 5058 Vestri
2937 5012 3117 5058 autem
3151 5005 3292 5059 hcati
3319 5006 3485 5067 oculi,

1923 5100 2046 5166 quia
2083 5098 2288 5159 vident,
2323 5109 2376 5152 et
2417 5114 2573 5152 aures
2615 5107 2826 5155 vestrm.
2861 5097 2989 5165 quia
3026 5097 3270 5151 audiunt.
3315 5098 3490 5150 Amen

1924 5190 2124 5259 quippe
2164 5190 2288 5243 dico
2340 5190 2515 5252 vobis,
2552 5191 2676 5256 quia
2737 5188 2890 5242 multi
2950 5189 3229 5258 prophetre
3273 5198 3325 5240 ct
3357 5188 3488 5256 justi

1924 5285 2215 5348 cupierunt
2256 5281 2445 5335 videre
2479 5296 2599 5350 qu.e
2629 5281 2846 5345 videtis,
2875 5291 2930 5334 et
2957 5295 3063 5334 non
3098 5279 3394 5339 viderunt;
3434 5284 3490 5329 et

1924 5375 2112 5426 audire
2140 5390 2258 5442 quae
2289 5373 2509 5433 auditis.
2543 5384 2592 5427 et
2651 5389 2755 5426 non
2793 5373 3102 5426 audierunt.
3153 5369 3364 5439 [cum
3407 5367 3486 5440 ‘2]

1930 5466 2036 5518 Vos
2065 5483 2193 5535 ergo
2229 5466 2412 5519 audite
2444 5466 2754 5534 parabolam
2789 5462 3127 5516 suninanlis.
3175 5459 3366 5512 Omnis
3397 5462 3486 5528 qui

1923 5555 2076 5608 audit
2111 5556 2330 5608 velliqu
2357 5558 2528 5624 regni,
2561 5562 2630 5607 ει-
2655 5569 2761 5606 non
2811 5552 3079 5620 intelligit,
3111 5552 3256 5602 venit
3290 5551 3487 5612 maius,

251 5761 272 5792 I
315 5754 588 5810 Nomen
638 5747 776 5811 cali,
820 5744 962 5813 quo~.|
1007 5751 1061 5796 et
1106 5742 1363 5811 pleraque
1408 5737 1594 5793 Graeca
1623 5735 1956 5803 exemplaria
1985 5745 2190 5803 tacent,
2222 5750 2251 5787 a
2281 5735 2499 5803 Reginae
2533 5733 2744 5788 duobus
2772 5751 2896 5790 mss.
2942 5738 3114 5790 abest.
