3880 6168
471 376 575 439 591

1362 367 1421 426 S.
1460 364 1896 424 HlERONY-Ml
1942 361 2206 423 DlVlNA
2253 360 2780 421 BlBLlOTlIECA.

3531 372 3617 436 592

462 499 516 542 et
550 484 691 555 rapit
721 480 865 553 quod
891 481 1219 534 semiustum
1247 484 1329 530 est
1358 476 1412 529 in
1446 483 1611 530 cordi:
1638 478 1757 546 ejus
1788 493 1801 529 :
1835 476 1924 529 hic
1950 484 2031 530 est
2065 500 2101 552 Α
2138 474 2502 528 summatione
2536 475 2742 529 seaculi.
2785 472 2953 527 Mitte!
2991 470 3155 526 Filius
3201 473 3416 531 hominis
3442 484 3626 551 angelos

462 579 556 649 qui
609 591 767 631 secus
822 574 964 627 viam
1006 572 1304 626 seminatus
1336 580 1438 625 est.
1471 570 1572 637 Qui
1624 579 1807 624 autem
1863 583 2025 638 super

463 682 682 743 petrosa
724 666 1022 721 seminatus
1047 671 1153 727 est,
1189 662 1279 717 hic
1313 672 1415 725 est,
1448 662 1540 731 qui
1592 660 1821 715 verbum
1850 660 2025 724 audit,

460 770 521 815 et
554 759 822 814 continuo
870 771 993 811 cum
1024 755 1221 826 gaudio
1252 753 1464 823 accepit
1518 752 1653 807 illud
1685 769 1699 810 ;
1728 767 1836 807 non
1863 751 2029 806 habet

467 863 647 907 autem
685 851 739 904 in
798 865 861 904 se
895 848 1160 911 radicem,
1203 848 1298 903 sed
1356 856 1440 901 est
1492 846 1830 916 temporalis.
1868 846 2030 901 Facta

466 954 649 998 autem
688 940 1047 995 tribulatione
1094 950 1151 993 et
1201 938 1586 1009 persecutione
1632 948 1855 1009 propter
1908 951 2030 990 ver—

468 1036 619 1100 bum,
650 1034 914 1090 cominuo
946 1032 1373 1088 scandalizatur.
1399 1031 1500 1098 Qui
1525 1040 1707 1085 autem
1730 1030 2032 1085 scminatus

468 1139 551 1185 est
587 1128 639 1181 in
672 1126 871 1197 spinis,
907 1125 995 1180 hic
1022 1134 1126 1191 est,
1155 1125 1244 1195 qui
1278 1123 1501 1179 verbum
1537 1122 1712 1187 audit,
1744 1131 1798 1177 et
1825 1121 2030 1175 sollici-

467 1222 601 1276 tudo
631 1218 814 1274 saeculi
847 1217 1026 1283 istius,
1057 1226 1114 1272 et
1160 1217 1371 1271 fallacia
1418 1214 1754 1277 divitiarum,
1803 1211 2034 1268 sufl‘ocat

467 1313 719 1375 verbum,
748 1318 821 1371 et
869 1309 989 1364 sine
1027 1310 1206 1363 fructu
1245 1307 1493 1362 efﬁcitur.
1530 1304 1627 1372 Qui
1659 1321 1788 1360 vero
1839 1305 1890 1358 in
1925 1314 2035 1359 ter—

469 1421 586 1461 ratn
616 1408 809 1459 bonam
850 1403 1149 1457 seminatus
1175 1408 1279 1464 est,
1314 1399 1402 1452 hic
1439 1409 1542 1464 est,
1586 1398 1679 1467 qui
1722 1396 1877 1451 audit
1906 1411 2032 1449 ver-

466 1497 618 1559 bum,
640 1504 694 1548 et
725 1494 1002 1562 intelligit,
1038 1501 1093 1546 et
1127 1492 1364 1546 fructum
1398 1487 1579 1556 all'crt,
1615 1500 1669 1543 et
1721 1488 1848 1542 facit
1886 1487 2035 1541 aliud

470 1585 691 1654 quidem
745 1581 1127 1644 centesimum,
1186 1580 1331 1633 aliud
1379 1588 1559 1633 autem
1612 1577 2031 1647 sexagesimum,

472 1678 621 1732 aliud
654 1692 786 1730 vero
846 1675 1211 1729 tricesimum.
1242 1671 1479 1743 [cxxxvr,
1515 1669 1629 1740 10.]
1656 1670 1830 1724 Aliam
1877 1684 2037 1737 para-

472 1771 652 1825 bolam
693 1766 977 1837 proposuit
1034 1766 1164 1826 illis.
1198 1764 1387 1819 dicens
1423 1779 1438 1817 ί
1470 1762 1660 1817 Simile
1719 1762 1921 1815 factum
1951 1768 2037 1814 est

2133 582 2282 628 suos,
2315 574 2370 619 et
2410 567 2672 635 colligent
2721 566 2789 619 de
2829 580 2997 633 regno
3051 565 3167 634 ejus
3195 568 3360 619 omnia
3389 574 3623 637 scandala,

2132 668 2186 713 et
2239 673 2334 711 eos
2379 657 2475 728 qui
2502 657 2709 713 faciunt
2742 658 3085 726 iniquitatem
3113 674 3126 709 :
3154 667 3208 711 et
3236 659 3434 714 mittent
3457 678 3541 718 eos
3585 667 3628 719 in
3656 652 3667 665 ⁷

2131 751 2405 804 caminum
2436 750 2600 818 ignis.
2634 749 2711 803 lbi
2746 750 2850 804 erit
2887 749 3068 806 ﬂetus.
3097 758 3153 803 et
3180 750 3370 803 stridor
3401 752 3627 808 dentium.

2133 842 2434 911 Tuncjusti
2478 841 2761 911 fulgebunt
2791 840 2933 894 sicut
2972 840 3052 894 sol
3086 842 3137 893 in
3172 855 3327 910 regno
3359 843 3515 898 Patris
3557 862 3631 898 eo-

2134 948 2277 985 rum.
2319 931 2423 997 Qui
2446 931 2609 986 habet
2643 946 2803 985 aures
2834 931 3111 994 audiendi,
3142 932 3340 984 audiat.
3372 934 3541 988 Simile
3562 948 3629 991 est

2136 1036 2359 1091 regnum
2419 1021 2681 1076 caelorum
2737 1021 2993 1075 thesauro
3048 1021 3357 1077 abscondito
3394 1026 3440 1076 in
3489 1041 3633 1093 agro:

2134 1127 2295 1181 quem
2325 1113 2419 1182 qui
2445 1113 2655 1167 invenit
2684 1113 2869 1180 homo,
2906 1113 3212 1179 abscondit,
3245 1124 3298 1169 et
3332 1130 3432 1184 pra:
3470 1119 3636 1185 gaulio

2137 1205 2284 1259 illius
2309 1206 2477 1269 vadit,
2522 1216 2578 1259 et
2608 1204 2801 1260 vendit
2827 1207 3095 1261 universa
3124 1222 3240 1276 qua:
3276 1207 3443 1273 habet,
3469 1218 3513 1263 et
3532 1211 3640 1264 emit

2135 1313 2323 1367 agrum
2362 1298 2537 1352 illum.
2569 1298 2769 1366 [terum
2802 1298 2983 1354 simile
3042 1307 3128 1353 est
3178 1314 3392 1370 regnum
3418 1301 3639 1356 ctelorum

2138 1390 2347 1445 homini
2403 1392 2754 1459 negotiatori,
2802 1392 3069 1461 quaerenti
3121 1391 3289 1447 bonas
3347 1393 3639 1464 margaritas.

2138 1482 2365 1536 Inventa
2428 1491 2611 1535 autem
2669 1496 2775 1536 una
2816 1482 3055 1551 pretiosa
3093 1481 3397 1552 margarita,
3441 1482 3575 1546 abiit,
3601 1494 3645 1537 et

2138 1574 2323 1626 vendit
2352 1573 2534 1627 omnia
2564 1589 2683 1642 quae
2708 1573 2915 1640 habuit,
2948 1582 3007 1628 et
3030 1574 3164 1628 emit
3195 1589 3333 1628 eam.
3366 1574 3543 1629 lterum
3582 1575 3644 1627 si-

2141 1664 2268 1718 mile
2297 1675 2381 1721 est
2407 1681 2632 1736 regnum
2662 1666 2923 1721 caelorum
2966 1680 3181 1737 sagenae
3213 1666 3383 1721 missa:
3421 1666 3471 1720 in
3507 1681 3647 1729 mare,

2139 1764 2195 1811 et
2222 1771 2289 1810 ex
2338 1757 2485 1810 omni
2537 1772 2740 1827 genere
2780 1757 3011 1827 piscium
3058 1758 3422 1828 congreganti.
3484 1757 3647 1822 Quam,

472 1875 702 1932 regnum
762 1858 1027 1913 ctelorum
1072 1855 1303 1914 homini,
1339 1853 1431 1923 qui
1484 1851 1777 1906 seminavit
1832 1851 2037 1904 bonum
2072 1822 2113 1881 Β
2142 1860 2268 1900 cum
2326 1845 2545 1915 impleta
2576 1858 2744 1910 esset,
2774 1846 3101 1910 educentes,
3133 1858 3190 1903 et
3235 1822 3389 1903 secus
3426 1846 3562 1900 littus
3584 1860 3650 1898 se-

473 1972 660 2012 semen
711 1954 766 2008 in
804 1966 934 2022 agro
964 1966 1086 2004 suo.
1138 1948 1272 2003 Cum
1305 1954 1487 2001 autem
1516 1947 1823 2001 dormirent
1864 1944 2039 1999 homi-

471 2062 595 2112 nes,
634 2046 785 2100 venit
820 2043 1074 2098 inimicus
1103 2041 1243 2111 ejus,
1267 2049 1321 2095 et
1348 2038 1804 2109 superseminavit
1832 2037 2038 2090 zizania

476 2141 533 2193 in
563 2137 743 2192 medio
800 2135 986 2197 tritici,
1029 2143 1084 2185 et
1120 2132 1276 2185 abiit.
1338 2131 1475 2186 Cum
1534 2137 1716 2184 autem
1777 2128 2041 2183 crevisset

478 2230 669 2292 herba,
704 2236 759 2282 et
812 2229 1048 2280 fructum
1091 2222 1330 2289 fecisset,
1391 2232 1519 2276 tunc
1576 2226 1948 2289 apparuerunt
1986 2228 2041 2273 et

474 2321 712 2377 zizania.
768 2317 1108 2372 Accedeutes
1150 2325 1331 2368 autem
1385 2312 1530 2369 servi
1595 2311 2037 2382 patrisfamilias,

480 2413 740 2467 dixerunt
769 2408 817 2463 ei
852 2406 1157 2471 :‘Domine,
1210 2419 1391 2459 nonne
1418 2404 1622 2458 bonum
1670 2418 1852 2457 semen
1880 2402 2041 2455 semi-

481 2503 622 2559 nasti
656 2502 710 2555 in
751 2513 881 2571 agro
935 2498 1072 2553 tuo?
1102 2496 1254 2553 Unde
1307 2511 1439 2566 ergo
1476 2495 1641 2549 habet
1695 2492 1943 2547 zizania?
1976 2492 2043 2546 Et

478 2602 557 2655 ait
587 2599 739 2654 illis:
772 2595 1033 2650 Inimicus
1068 2594 1232 2648 homo
1290 2591 1394 2647 hoc
1454 2591 1605 2646 fecit.
1643 2590 1799 2643 Servi
1856 2599 2037 2642 autem

479 2693 734 2747 dixerunt
758 2687 809 2742 ei
841 2704 854 2741 :
887 2686 1003 2752 Vis,
1055 2684 1217 2746 imus,
1243 2692 1299 2737 et
1337 2681 1642 2750 colligimus
1671 2679 1776 2733 ea?
1809 2678 1876 2732 Et
1915 2677 1990 2731 ait
2024 2692 2039 2732 :

476 2781 598 2837 Non
634 2794 649 2835 ς
684 2793 752 2831 ne
774 2775 916 2830 forte
941 2774 1259 2844 colligentes
1281 2771 1517 2835 zizania,
1556 2769 1847 2824 eradicetis
1878 2767 2041 2822 simul

478 2887 603 2928 cum
638 2869 722 2925 eis
749 2878 804 2922 et
828 2866 1092 2921 triticum.
1126 2864 1302 2919 Sinite
1338 2873 1566 2931 utraque
1592 2876 1840 2916 crescere
1869 2873 2041 2929 usque

477 2964 543 3018 ad
575 2975 828 3024 messem,
862 2966 918 3014 et
969 2958 1021 3011 in
1052 2965 1297 3026 tempore
1328 2954 1521 3009 messis
1557 2952 1733 3007 dicam
1786 2950 2040 3005 messori-

476 3053 616 3107 bus:
644 3050 896 3120 Colligite
933 3047 1170 3118 primum
1218 3044 1447 3109 zizania,
1493 3052 1549 3098 et
1610 3042 1827 3113 alligate
1866 3057 1929 3097 ea
1984 3042 2038 3095 in

474 3142 765 3198 fasciculos
800 3140 867 3195 ad
900 3136 1337 3195 comburendum
1367 3151 1383 3193 :
1412 3134 1650 3192 triticum
1684 3146 1865 3189 autem
1906 3149 2038 3190 con-
2069 3163 2115 3229 ο

475 3242 693 3305 gregate
716 3232 771 3287 in
798 3235 1057 3287 horreum
1100 3245 1305 3285 meum.

545 3323 803 3397 {cxxxvu,
832 3321 913 3393 2.]
942 3322 1116 3377 Aliam
1147 3320 1465 3391 parabolam
1528 3322 1812 3390 proposuit
1849 3321 1929 3377 eis
1958 3321 2043 3377 di-

475 3431 606 3471 cens
632 3432 647 3471 :
672 3413 864 3471 Simile
896 3423 981 3468 est
1039 3427 1265 3483 regnum
1304 3412 1565 3466 caelorum
1602 3426 1776 3480 grano
1805 3411 2036 3482 sinapis,

475 3507 618 3577 quod
654 3505 931 3575 accipiens
974 3503 1139 3558 homo
1168 3502 1459 3557 seminavit
1491 3502 1544 3556 in
1568 3517 1697 3573 agro
1725 3517 1826 3557 suo
1849 3521 1864 3560 :
1887 3504 2036 3573 quod

476 3600 761 3656 minimum
786 3596 1006 3667 quidem
1037 3604 1122 3649 est
1154 3609 1220 3650 ex
1251 3593 1505 3648 omnibus
1543 3593 1843 3649 seminibus
1872 3609 1887 3650 :
1915 3609 2038 3649 cum

470 3702 654 3746 autem
687 3687 945 3751 creverit,
984 3686 1157 3757 majus
1181 3693 1266 3739 est
1320 3685 1575 3740 omnibus
1602 3684 1869 3750 oleribus,
1899 3692 1953 3738 et
1981 3683 2039 3737 fit

472 3782 658 3846 arbor,
694 3780 767 3834 ita
804 3788 864 3833 ut
895 3779 1145 3832 volucres
1168 3776 1294 3830 Coeli
1330 3775 1569 3841 veniant,
1608 3785 1663 3829 et
1706 3774 1956 3830 habitent
1983 3776 2037 3829 in

471 3874 637 3930 ramis
670 3873 809 3943 ejus.
838 3870 1124 3943 [cxxxvut,
1164 3867 1242 3939 5.]
1277 3867 1444 3922 Aliam
1476 3868 1789 3937 parabolam
1820 3868 2041 3921 locutus

471 3972 554 4020 est
610 3963 712 4019 eis.
768 3961 956 4017 Simile
1005 3969 1091 4015 est
1141 3974 1368 4028 regnum
1427 3959 1691 4012 ccelorum
1744 3958 2036 4020 fermento,

471 4056 619 4127 quod
665 4064 961 4124 acceptum
1018 4052 1215 4106 mulier
1253 4050 1537 4105 abscondit
1576 4050 1626 4103 in
1664 4050 1856 4103 farina:
1906 4050 2040 4104 satis

474 4148 671 4211 tribus,
696 4147 873 4202 donec
898 4143 1286 4198 fermentatum
1328 4151 1410 4197 est
1446 4151 1644 4196 totum.
1682 4140 1921 4212 [cxxxtx,
1956 4140 2035 4213 6.]

472 4239 597 4293 llaec
627 4236 808 4291 omnia
856 4236 1072 4290 locutus
1098 4243 1181 4289 est
1206 4231 1366 4287 Jesus
1397 4233 1451 4285 in
1497 4233 1774 4302 parabolis
1820 4232 1887 4286 ad
1927 4242 2039 4286 tur-

471 4334 569 4387 bas
601 4350 614 4387 :
642 4343 698 4387 et
728 4333 847 4386 sine
888 4330 1162 4401 parabolis
1194 4345 1299 4383 non
1332 4328 1660 4396 loquebatur
1695 4328 1814 4391 eis;
1856 4337 1915 4381 ut
1939 4328 2039 4381 im-

470 4426 713 4496 pleretur
743 4425 886 4494 quod
917 4424 1123 4478 dictum
1160 4434 1279 4477 erat
1318 4437 1417 4489 per
1469 4422 1790 4491 prophetam
1850 4422 2037 4475 dicen-

2142 1937 2355 1999 dentes.
2392 1939 2675 2008 elegerunt
2694 1940 2867 1994 bonos
2889 1941 2942 1993 in
2967 1954 3117 2004 vasa,
3147 1939 3317 1994 malos
3345 1949 3509 1992 autem
3535 1936 3652 1989 foras

2143 2028 2434 2082 miserunt.
2466 2026 2558 2083 Sic
2583 2027 2694 2082 erit
2722 2029 2775 2081 in
2805 2018 3282 2084 consummatione
3324 2026 3492 2083 saeculi
3522 2042 3536 2085 :
3562 2026 3654 2079 exi-

2143 2118 2278 2171 bunt
2306 2117 2504 2188 angeli,
2536 2126 2591 2172 et
2621 2118 2959 2187 separabunt
2998 2119 3175 2174 malos
3220 2119 3287 2173 de
3317 2117 3486 2172 medio
3510 2115 3653 2184 justo-

2143 2224 2285 2273 rum,
2326 2217 2377 2263 et
2413 2208 2630 2262 mittent
2672 2223 2766 2263 eos
2823 2208 2880 2263 in
2936 2210 3214 2264 caminum
3250 2208 3420 2279 ignis:
3448 2206 3512 2262 ibi
3569 2205 3654 2259 erit

2142 2298 2338 2362 fletus,
2392 2307 2449 2352 et
2486 2297 2693 2353 stridor
2749 2298 2998 2353 dentium
3053 2301 3101 2356 '.
3171 2297 3507 2355 lntellexistis
3563 2297 3654 2348 ha-c

2142 2389 2369 2444 omnia?
2421 2389 2616 2443 Dicunt
2657 2390 2708 2444 ei
2740 2405 2757 2444 :
2787 2389 2983 2446 Etiam.
3042 2389 3139 2445 Ait
3186 2389 3291 2445 illis
3322 2406 3337 2443 :
3367 2388 3484 2442 Ideo
3510 2384 3657 2439 omnis

2141 2480 2321 2534 scriba
2352 2477 2547 2533 doctus
2580 2481 2634 2533 in
2689 2493 2857 2548 regno
2908 2478 3205 2545 caelorum,
3243 2478 3430 2533 similis
3471 2484 3544 2529 est
3576 2474 3656 2525 ho~

2142 2572 2276 2626 mini
2335 2571 2729 2641 patrifamilias,
2781 2572 2873 2640 qui
2921 2572 3133 2641 profert
3181 2570 3249 2626 de
3303 2569 3540 2624 thesauro
3576 2568 3657 2617 s'uo

2142 2677 2282 2716 nova
2306 2672 2361 2717 et
2383 2672 2584 2717 vetera.
2620 2663 2684 2717 Et
2714 2663 2918 2719 factum
2967 2672 3075 2730 est,
3120 2665 3243 2718 cuin
3275 2666 3661 2717 consummasset

2141 2754 2299 2810 Jesus
2356 2754 2638 2822 parabolas
2677 2755 2833 2819 istas,
2890 2738 3115 2809 transiit
3142 2754 3289 2810 inde.
3336 2749 3578 2825 [cxtt,l.]
3607 2748 3659 2802 Et

2142 2847 2369 2901 veniens
2397 2848 2450 2900 in
2481 2848 2711 2914 patriam
2741 2862 2915 2906 suam.
2951 2846 3186 2902 docebat
3215 2862 3308 2901 eos
3336 2848 3386 2900 in
3413 2842 3659 2915 synagogis

2142 2952 2356 3001 eorum,
2389 2937 2460 2991 ita
2495 2949 2554 2991 ut
2580 2938 2935 3004 mirarentur,
2975 2946 3031 2993 et
3062 2938 3313 2994 dicerent
3344 2954 3357 2993 :
3391 2935 3527 2990 Unde
3559 2934 3661 2986 huic

2141 3030 2407 3099 sapientia
2440 3029 2577 3096 haec,
2628 3044 2682 3084 et
2736 3031 3240 3087 virtutes?Nonne
3294 3031 3379 3085 hic
3433 3040 3509 3084 est
3543 3024 3657 3079 fabri

2147 3119 2329 3175 ﬁlius?
2360 3120 2553 3177 Nonne
2585 3131 2760 3176 mater
2797 3122 2919 3193 ejus
2956 3122 3167 3178 dicitur
3192 3122 3388 3187 Maria;
3418 3128 3466 3174 et
3493 3118 3660 3172 fratres

2142 3212 2263 3283 ejus
2314 3212 2500 3277 Jacob,
2536 3222 2591 3268 et
2622 3211 2825 3283 Joseph
2882 3213 2994 3286 [ΑΙ.
3040 3215 3252 3285 Joses],
3303 3223 3357 3269 et
3407 3211 3592 3272 Simon,
3618 3217 3661 3260 et

2140 3302 2350 3360 Judas?
2382 3306 2450 3360 Et
2488 3320 2706 3361 sorores
2744 3307 2882 3375 ejus,
2933 3323 3119 3362 nonne
3172 3321 3359 3361 omnes
3405 3302 3531 3374 apud
3576 3316 3656 3353 nos

2142 3397 2312 3451 sunt?
2349 3396 2501 3452 Unde
2527 3413 2659 3469 ergo
2694 3399 2821 3454 huic
2854 3399 3035 3454 omnia
3090 3400 3235 3454 ista?
3259 3399 3325 3454 Et
3368 3395 3659 3453 scandaliza-

2142 3489 2339 3543 bantur
2373 3489 2427 3543 in
2467 3505 2554 3545 eo.
2608 3489 2791 3561 [chu,
2836 3492 3100 3563 l.]Jesus
3154 3504 3336 3548 autem
3393 3490 3517 3545 dixit
3562 3486 3655 3539 eis:

2142 3576 2258 3632 Non
2288 3588 2368 3633 est
2400 3578 2664 3647 prapbeta
2702 3580 2823 3635 sine
2871 3581 3102 3648 honore,
3134 3582 3243 3637 nisi
3282 3583 3338 3635 in
3378 3579 3535 3650 patria
3562 3589 3658 3633 sua.

2140 3680 2195 3725 et
2230 3671 2282 3725 in
2324 3670 2488 3725 domo
2510 3686 2648 3725 sua.
2681 3670 2749 3725 Et
2795 3687 2905 3728 non
2942 3674 3068 3729 fecit
3101 3675 3181 3729 ibi
3210 3675 3432 3728 virtutes
3470 3670 3657 3732 multas,

2143 3772 2365 3833 propter
2395 3763 2832 3818 incredulitatem
2867 3764 3116 3820 illorum.

2214 3853 2366 3924 [ϐαρ.
2424 3854 2565 3919 XIV,
2596 3871 2782 3920 CiLlll,
2827 3844 2910 3929 2.]
2969 3857 3024 3911 In
3076 3858 3174 3913 illo
3210 3868 3445 3928 tempore
3493 3851 3663 3908 audivit

2145 3946 2387 4001 Herodes
2437 3948 2711 4001 tetrareha
2741 3950 2937 4003 famam
2961 3950 3089 4005 Jesu
3121 3963 3214 4007 :et
3241 3954 3315 4005 ait
3344 3951 3512 4020 pueris
3537 3946 3661 4002 suis:

2139 4038 2237 4094 llic
2269 4051 2355 4094 est
2384 4040 2619 4095 Joannes
2653 4039 2895 4108 Baptista
2924 4057 2939 4096 ;
2972 4044 3088 4110 ipse
3123 4026 3362 4097 surrexit
3389 4057 3417 4095 a
3448 4039 3659 4098 mortuis,

2139 4140 2194 4185 et
2222 4132 2345 4186 ideo
2392 4132 2622 4187 virtutes
2661 4141 2959 4201 operantur
2992 4134 3046 4187 in
3080 4149 3172 4189 eo.
3208 4132 3403 4205 [cxuv,
3427 4128 3503 4200 2.]
3525 4129 3664 4180 Hero-

2141 4223 2237 4295 des
2264 4222 2413 4279 enim
2438 4222 2609 4276 tenuit
2632 4221 2921 4288 Joannem,
2958 4236 3007 4278 et
3040 4226 3293 4294 alligavit
3319 4239 3439 4278 eum
3472 4239 3485 4274 :
3513 4229 3558 4272 et
3585 4232 3664 4284 po-

2139 4312 2251 4366 suit
2282 4312 2333 4365 in
2367 4327 2639 4367 carcerem
2669 4323 2891 4383 propter
2922 4314 3290 4370 llerodiadem
3345 4325 3548 4367 uxorem
3581 4307 3666 4360 fta-

2143 4401 2241 4456 tris
2262 4402 2366 4457 sui.
2395 4402 2612 4456 Dicebat
2657 4403 2802 4457 enim
2844 4404 2920 4458 illi
2964 4403 3392 4461 JoanncszNon
3444 4404 3559 4457 licet
3586 4396 3663 4450 tibi

466 4493 582 4598 ie,"
619 4534 632 4572 ε
666 4493 920 4583 Αρέτίεηη
976 4513 1028 4567 ει,
1078 4512 1347 4582 parabolis
1393 4526 1454 4567 οε
1510 4527 1713 4575 meum,
1769 4513 2031 4564 ωυρμ,υο
2066 4501 2109 4556 D
2135 4493 2333 4551 habere
2359 4510 2499 4549 eam.
2532 4495 2601 4548 Et-
2627 4496 2812 4550 volens
2845 4497 2997 4551 illum
3029 4496 3308 4562 occidere,
3332 4496 3498 4551 timuit
3524 4504 3666 4559 popu-

471 4593 789 4661 abscondita
819 4621 844 4658 a
883 4602 1277 4658 constitutione
1307 4602 1517 4657 mundi.
1541 4600 1685 4673 [cxe,
1718 4593 1833 4672 10.]
1860 4601 2034 4667 Tunc,

470 4698 707 4750 dimissis
733 4696 929 4757 turbis,
989 4696 1140 4747 venit
1186 4695 1240 4745 in
1292 4693 1516 4747 domum
1551 4712 1565 4745 :
1595 4702 1646 4745 et
1688 4703 2039 4747 accesserunt

470 4786 534 4837 ad
586 4799 710 4837 eum
749 4781 1005 4849 discipuli
1043 4781 1184 4850 ejus,
1235 4780 1525 4833 dicentes:
1559 4780 1818 4834 Edissere
1879 4781 2038 4834 nobis

470 4874 782 4943 parabolam
841 4872 1174 4927 zizaniorum
1228 4870 1366 4940 agri.
1426 4869 1529 4935 Qui
1571 4871 1912 4940 respondens
1962 4872 2039 4925 ait

468 4965 576 5019 illis
603 4965 618 4995 ⁸
652 4983 665 5018 :
697 4966 798 5030 Qui
837 4965 1071 5020 seminat
1129 4966 1328 5017 bonum
1364 4978 1573 5026 semen,
1612 4973 1697 5018 est
1728 4961 1903 5018 Filius
1942 4965 2039 5017 ho~

466 5058 656 5112 minis.
717 5058 859 5128 Ager
907 5066 1111 5123 autem,
1175 5064 1259 5111 est
1323 5055 1583 5109 mundus.
1639 5054 1847 5107 Bonum
1905 5068 2036 5108 vero

468 5166 679 5215 semen,
710 5150 761 5203 hi
791 5158 917 5204 sunt
959 5149 1049 5202 lilii
1087 5148 1258 5217 regni.
1289 5146 1509 5200 Zizania
1533 5157 1739 5212 autem,
1780 5146 1878 5199 lilii
1909 5153 2039 5199 sunt

467 5257 727 5309 nequam.
783 5242 1043 5295 Inimicus
1077 5251 1282 5304 autem,
1344 5242 1435 5308 qui
1496 5238 1801 5293 seminavit
1833 5253 1919 5301 ea,
1954 5247 2037 5290 est

467 5332 737 5387 diabolus.
793 5330 983 5385 Messis
1035 5346 1193 5391 vero,
1241 5330 1643 5395 consummatio
1692 5328 1877 5382 δινευιί
1926 5336 2032 5380 est.

464 5426 727 5480 Messores
753 5432 958 5487 autem,
999 5423 1174 5489 angeli
1210 5430 1354 5475 sunt.
1390 5420 1542 5475 Sicut
1576 5436 1706 5488 ergo
1769 5418 2036 5487 colligun-

465 5528 553 5571 tur
577 5518 814 5583 zizania,
844 5526 900 5571 et
935 5518 1043 5585 igni
1077 5516 1479 5570 comburuntur
1517 5529 1530 5565 :
1567 5513 1646 5565 sic
1682 5512 1789 5564 erit
1826 5512 1876 5562 in
1908 5524 2039 5563 con-

548 5725 564 5753 ⁸
588 5721 699 5775 Hoc
729 5721 892 5775 etiam
925 5734 1175 5791 pronom.
1198 5717 1320 5791 illis
1353 5712 1777 5785 praetenuittunt
1806 5710 2032 5782 Regina:

452 5792 688 5846 codices
717 5806 840 5844 cum
871 5788 1071 5844 Graecis
1107 5788 1350 5881 melioris
1378 5795 1540 5841 notae.

2142 4587 2250 4641 lum
2286 4606 2300 4641 :
2333 4588 2459 4656 quia
2498 4588 2642 4643 sicut
2672 4588 2990 4658 prophetam
3034 4606 3159 4645 eum
3194 4590 3478 4646 habebant.
3521 4585 3666 4656 [cum

2140 4677 2219 4750 6.]
2248 4678 2343 4733 Die
2375 4688 2555 4733 autem
2613 4681 2813 4735 natalis
2846 4680 3078 4736 Herodis
3139 4682 3358 4736 saltavit
3383 4679 3486 4732 filia
3524 4674 3666 4727 Hero-

2139 4770 2317 4825 diadis
2350 4771 2403 4823 in
2429 4770 2629 4835 medio,
2662 4781 2717 4826 et
2746 4773 2949 4841 placuit
2977 4770 3205 4829 Herodi.
3247 4773 3395 4829 Unde
3418 4769 3671 4837 cumjuia-

2139 4876 2328 4920 mento
2360 4865 2637 4934 pollicitus
2689 4873 2775 4919 est
2803 4866 2855 4919 ei
2906 4867 3039 4920 dare
3092 4866 3458 4935 quodcunque
3507 4865 3667 4928 postu-

2138 4957 2303 5010 lasset
2344 4956 2413 5010 ab
2455 4970 2542 5010 eo.
2575 4957 2644 5009 At
2680 4956 2770 5009 illa
2817 4958 3139 5024 prtemonita
3172 4972 3201 5009 a
3231 4966 3402 5010 matre
3455 4966 3542 5007 sua
3570 4964 3582 5002 :
3613 4945 3668 4998 Da

2140 5048 2295 5112 mihi,
2327 5049 2523 5117 inquit,
2559 5049 2645 5102 hic
2688 5050 2739 5102 in
2771 5050 2921 5103 disco
2950 5059 3114 5118 caput
3162 5048 3394 5103 Joannis
3423 5042 3666 5113 Baptism.

2141 5142 2205 5195 Et
2237 5140 2625 5196 constristatus
2664 5150 2748 5196 est
2781 5157 2875 5195 rex
2909 5161 2922 5196 :
2959 5153 3185 5212 propter
3213 5144 3568 5213 juramentum
3594 5146 3672 5185 au-

2140 5244 2271 5291 tem.
2302 5242 2357 5286 et
2385 5246 2481 5285 eos
2504 5232 2595 5300 qui
2654 5234 2862 5299 pariter
2902 5235 3321 5295 recumbebant,
3373 5233 3527 5303 jussit
3553 5227 3669 5280 dari.

2138 5324 2415 5392 Misitque,
2476 5331 2528 5378 et
2586 5324 2882 5381 decollavit
2932 5325 3204 5391 Joannem
3257 5327 3309 5380 in
3358 5335 3579 5379 carcere.
3620 5312 3672 5366 Ει

2139 5418 2361 5469 allatum
2385 5424 2467 5469 est
2492 5427 2655 5485 caput
2677 5419 2796 5485 ejus
2815 5418 2867 5471 in
2896 5418 3069 5484 disco,
3100 5428 3159 5473 et
3185 5421 3370 5474 datum
3389 5424 3467 5470 est
3489 5410 3669 5483 puellae.

2138 5516 2193 5559 et
2225 5507 2405 5559 attulit
2438 5508 2599 5561 matri
2644 5523 2776 5562 suae.
2805 5510 2869 5562 Et
2912 5511 3245 5567 accedentes
3274 5506 3517 5578 discipuli
3553 5503 3670 5572 eius!

2215 5709 2235 5738 ³
2270 5706 2601 5781 Praeponam
2646 5708 2831 5781 Graeca
2884 5712 3143 5781 pleraque
3180 5706 3504 5781 exemplaria
3532 5700 3671 5766 Λέγει

2141 5777 2332 5838 αὐτοῖς
2359 5778 2387 5828 ὁ
2430 5779 2660 5847 Ἰησοῦς,
2695 5778 2830 5832 Dicit
2865 5777 2938 5835 eis
2967 5777 3147 5837 les-us.
