3880 6168
237 354 322 417 593

1189 350 1697 414 EVANGELIUM
1734 347 1894 409 SEC.
1934 349 2197 409 MATTH
2211 349 2409 410 XFUM.

3329 342 3432 408 594

233 469 436 524 tulerunt
460 482 661 539 corpus
704 470 846 537 ejus,
889 476 947 525 et
978 468 1317 541 sepelierunt
1365 469 1497 524 illud
1530 482 1544 522 :
1577 476 1633 522 et
1669 481 1762 519 ve-
1795 468 1838 524 Α
1868 474 2015 518 cant.
2073 465 2191 535 Ipse
2242 477 2423 520 autem
2490 464 2828 534 respondens
2877 463 2952 519 ait
3003 462 3145 518 illis:
3184 461 3362 529 Quare
3390 472 3445 516 et

234 564 408 618 nientes
448 562 846 618 nuntiaverunt
879 561 1029 618 Jc-su.
1057 562 1260 635 [chvt,
1309 560 1390 633 5.]
1442 561 1596 628 Quod
1642 576 1766 617 cum

230 655 430 709 audisset
458 652 641 718 Jesus,
665 654 896 709 secessit
928 653 1055 709 inde
1107 656 1161 709 in
1198 654 1471 719 navicula,
1502 653 1557 707 in
1587 655 1767 708 locum

231 748 469 801 desertum
527 759 776 800 seorsum
817 761 832 802 :
864 755 918 800 et
956 764 1079 801 cum
1118 748 1395 803 audissent
1430 749 1630 812 turbaa,
1681 761 1771 802 se-

232 848 344 891 cuta:
362 843 483 890 sunt
506 851 634 891 eum
666 837 954 906 pedestres
985 837 1054 893 de
1089 837 1429 895 civitatibus.
1461 839 1530 894 Et
1577 838 1769 894 exiens

222 928 338 982 vidit
367 927 574 981 turbam
599 928 850 1005 multam,
883 940 937 985 et
977 931 1240 985 misertus
1273 942 1360 986 est
1389 933 1496 996 eis,
1525 941 1580 985 et
1612 946 1771 987 cura-

234 1018 294 1072 vit
318 1017 585 1087 languidos
643 1034 857 1074 eorum.
920 1019 1144 1093 [crum
1177 1022 1257 1094 1.]
1286 1023 1532 1090 Vespere
1582 1031 1768 1077 autem

233 1112 366 1175 tacto,
392 1121 740 1165 accesserunt
774 1111 845 1165 ad
870 1128 995 1167 eum
1026 1113 1278 1183 discipuli
1312 1115 1455 1185 ejus,
1478 1114 1767 1172 dicentes:

232 1199 451 1253 Desertus
485 1208 572 1253 est
601 1200 774 1263 locus,
802 1212 858 1256 et
892 1203 1024 1257 hora
1052 1204 1165 1271 jam
1204 1204 1473 1273 praeteriit
1504 1223 1517 1259 :
1549 1205 1769 1259 dimitte

234 1288 408 1355 turbas,
442 1299 503 1343 ut
557 1302 754 1348 euntes
792 1297 848 1348 in
885 1295 1129 1359 castella,
1184 1307 1372 1351 emant
1429 1296 1534 1352 sibi
1592 1311 1767 1353 escas.

230 1379 359 1434 Jesus
386 1390 566 1435 autem
619 1382 759 1438 dixit
789 1385 907 1442 eis:
935 1384 1054 1441 Non
1120 1387 1325 1443 habent
1366 1403 1587 1444 necesse
1635 1390 1718 1444 ire
1754 1405 1769 1443 :

231 1472 335 1524 date
362 1470 462 1525 illis
497 1488 597 1528 vos
645 1476 1004 1533 manducare.
1044 1479 1469 1549 Responderunt
1513 1481 1560 1535 ei
1602 1496 1616 1537 :
1654 1480 1771 1536 Non

231 1562 458 1618 habemus
490 1565 585 1620 hic
638 1567 743 1621 nisi
778 1570 1027 1639 quinque
1060 1588 1248 1641 panes,
1278 1583 1335 1627 et
1390 1578 1530 1628 duos
1569 1575 1768 1645 pisces.

228 1652 310 1719 Qui
334 1655 402 1709 ait
428 1655 510 1711 eis
552 1673 566 1713 :
602 1657 813 1714 Aﬁ‘erte
846 1662 976 1716 mihi
1006 1662 1128 1718 illos
1161 1664 1288 1719 huc.
1324 1666 1541 1721 Etcum
1575 1668 1774 1737 jussis-

228 1754 297 1799 set
347 1747 555 1804 turbam
616 1750 964 1809 discumbere
1024 1770 1193 1826 super
1251 1756 1477 1824 fenum,
1529 1758 1775 1828 acceptis

225 1839 433 1909 quinque
457 1842 718 1909 panibus,
742 1854 801 1899 et
832 1845 1046 1903 duobus
1098 1848 1364 1915 piscibus,
1400 1850 1676 1919 aspiciens
1716 1852 1773 1906 in

227 1931 394 1986 caelum
424 1933 732 2001 benedixit,
766 1946 822 1992 et
849 1938 1029 2010 fregit,
1067 1949 1123 1995 et
1172 1941 1636 2015 deditdiscipulis
1674 1960 1767 2013 pa-

223 2037 321 2085 nes,
372 2023 629 2093 discipuli
688 2036 872 2082 autem
926 2028 1123 2085 turbis.
1186 2030 1253 2085 Et
1306 2032 1777 2087 manducaverunt

223 2126 404 2176 omnes,
423 2122 476 2168 et
492 2116 727 2171 saturati
755 2118 977 2176 sunt.Et
1000 2120 1248 2176 tulerunt
1271 2122 1551 2192 reliquias,
1572 2122 1772 2179 duode-

223 2202 307 2254 cim
331 2203 593 2271 cuphinos
624 2206 1056 2277 tragmentorum
1091 2209 1302 2279 plenos.
1326 2209 1773 2267 Manducantium

221 2303 372 2350 autem
390 2298 484 2352 fuit
504 2314 795 2366 numerus,
810 2303 1051 2373 quinque
1067 2304 1233 2359 millia
1250 2305 1513 2371 virorum,
1530 2307 1775 2379 exceptis

222 2389 536 2459 mulieribus,
555 2404 610 2448 et
628 2392 888 2463 parvulis.
906 2396 1151 2469 [cxcvm,
1171 2398 1250 2470 6.]
1274 2399 1338 2453 Et
1355 2400 1536 2455 statim
1553 2417 1774 2472 compu-

219 2478 425 2535 litlesus
441 2483 749 2556 discipulos
773 2488 786 2516 '
809 2490 1107 2544 ascendere
1130 2490 1187 2544 in
1211 2492 1541 2557 naviculam,
1565 2502 1618 2549 et
1638 2510 1778 2564 prae-

220 2570 528 2629 cedereeum
551 2585 701 2632 trans
728 2580 950 2645 fretum,
984 2582 1159 2638 donec
1213 2584 1514 2640 dimitteret
1564 2588 1772 2641 turbas.

278 2664 463 2733 [cum
490 2669 579 2739 ἱ]
624 2669 688 2725 Ει
737 2671 961 2727 dimissa
991 2674 1177 2739 turba,
1216 2678 1467 2731 ascendit
1500 2680 1553 2732 in
1612 2694 1770 2734 mon-

222 2766 313 2810 tem
358 2762 505 2816 solus
573 2777 759 2819 orare.
819 2763 1036 2839 [cc,d.]
1072 2768 1312 2838 Vespere
1362 2781 1543 2825 autem
1609 2772 1775 2839 tacto,

218 2852 352 2905 solus
405 2862 526 2907 erat
571 2854 669 2908 ibi.
731 2853 993 2911 Navicnla
1044 2867 1225 2913 autem
1281 2860 1335 2913 in
1403 2861 1587 2916 medio
1638 2862 1777 2917 mari

216 2940 505 3008 iactabatur
538 2944 843 3004 ﬂuctibus:
876 2960 997 3004 erat
1030 2951 1177 3005 enim
1219 2953 1532 3008 contrarius
1560 2962 1774 3009 ventus.

216 3034 397 3100 Quarta
453 3050 648 3095 autem
687 3042 868 3112 vigilia
904 3044 1106 3110 noctis,
1140 3044 1292 3099 venit
1345 3046 1413 3100 ad
1449 3060 1548 3102 eos
1580 3045 1775 3100 ambuo

1873 573 1970 613 vos
2025 561 2469 628 transgredimini
2518 560 2837 613 mandatum
2870 556 2965 612 Dei
3017 563 3241 626 propter
3277 553 3447 607 tradi-

1873 654 2075 707 tionem
2119 662 2357 708 vestram
2383 653 2409 707 ?
2427 652 2560 707 Nam
2588 650 2729 705 Deus
2756 650 2894 705 dixit
2922 667 2937 703 :
2970 647 3187 702 Honora
3214 655 3445 716 patrem,

1871 754 1928 802 et
1957 754 2212 807 matrem,
2264 753 2357 799 et:
2409 744 2511 811 Qui
2560 742 2902 799 maledixerit
2950 739 3113 809 patri,
3144 740 3229 794 vel
3261 738 3446 804 matri,

1872 845 2046 890 morte
2078 836 2363 891 moriatur.
2389 834 2498 890 Vos
2520 844 2704 889 autem
2734 832 2953 889 dicitis:
2984 830 3315 900 Quicunque
3365 829 3446 883 di-

1872 923 2015 980 xerit
2049 926 2212 993 patri,
2245 925 2327 980 vel
2362 924 2558 978 matri:
2591 923 2788 979 Munus
2842 921 3209 991 quodcunque
3261 927 3346 974 est
3380 933 3444 973 ex

1872 1033 1983 1085 me,
2051 1017 2146 1073 tibi
2199 1017 2484 1088 proderit:
2537 1025 2592 1071 et
2650 1029 2755 1069 non
2802 1012 3186 1068 honoriﬁcabit
3237 1018 3445 1081 patrem

1873 1127 2054 1178 suum,
2107 1121 2202 1165 aut
2236 1120 2465 1165 matrem
2495 1123 2684 1165 suam:
2715 1115 2771 1163 et
2800 1107 3018 1161 irritum
3057 1104 3262 1160 fecistis
3292 1119 3448 1158 man-

1874 1204 2060 1259 datum
2096 1203 2189 1257 Dei
2224 1210 2454 1273 propter
2486 1200 2835 1256 traditionem
2886 1206 3147 1253 vestram.
3184 1196 3450 1268 llypocri-

1875 1306 1963 1359 tae,
1994 1295 2137 1350 bene
2178 1292 2527 1362 prophetavit
2561 1291 2628 1345 de
2661 1289 2815 1345 vobis
2848 1288 3033 1355 Isaias,
3067 1287 3255 1343 dicens
3290 1304 3303 1339 :
3342 1285 3446 1341 Po-

1875 1387 2037 1456 pulus
2085 1385 2175 1440 hic
2220 1385 2379 1440 labiis
2419 1399 2505 1438 me
2539 1383 2774 1437 honorat
2803 1382 2823 1413 '
2862 1398 2878 1437 :
2917 1395 3014 1436 cor
3043 1390 3226 1435 autem
3258 1393 3448 1432 eorum

1876 1481 2035 1546 longe
2065 1488 2150 1533 est
2205 1492 2234 1532 a
2264 1492 2372 1532 me.
2407 1476 2537 1532 Sine
2564 1491 2728 1533 causa
2774 1485 2957 1530 autem
2992 1472 3180 1528 colunt
3208 1486 3315 1533 me,
3347 1470 3448 1523 do-

1876 1579 2066 1624 centes
2115 1568 2396 1622 doctrinas
2445 1576 2498 1621 et
2538 1566 2789 1620 mandata
2824 1563 3127 1618 hominum.
3166 1561 3228 1615 Et
3254 1574 3455 1614 convo-

1876 1660 2013 1713 catis
2041 1658 2108 1712 ad
2139 1673 2198 1711 se
2234 1657 2430 1720 turbis,
2472 1656 2610 1710 dixit
2633 1656 2753 1710 eis:
2794 1653 3013 1718 Audite,
3042 1661 3095 1707 et
3138 1648 3451 1719 intelligite.

1878 1752 1995 1808 Non
2023 1752 2171 1822 quod
2208 1752 2376 1806 intrat
2429 1752 2484 1805 in
2516 1765 2598 1813 os,
2642 1746 2965 1816 coinquinat
2998 1742 3279 1799 hominem
3311 1757 3325 1796 :
3355 1738 3454 1795 sed

1877 1849 2025 1919 quod
2056 1847 2307 1917 procedit
2348 1861 2409 1900 ex
2458 1859 2573 1908 ore,
2609 1844 2710 1898 hoc
2757 1840 3079 1905 coinquinat
3126 1838 3453 1893 hominem:

1879 1939 2021 2013 [ουκ
2063 1938 2175 2009 l0.]
2199 1937 2355 1992 Tunc
2389 1933 2713 1991 accedentes
2747 1933 3001 2003 discipuli
3028 1932 3167 2003 ejus,
3200 1931 3457 1985 dixerunt

1877 2034 1966 2087 ei:
1995 2031 2116 2088 Scis
2154 2030 2284 2100 quia
2316 2028 2598 2094 Pharisaei,
2644 2027 2833 2083 audito
2866 2024 3035 2081 verbo
3064 2025 3187 2091 hoc,
3225 2024 3455 2079 scanda-

1878 2125 2025 2181 lizati
2057 2124 2229 2180 sunt?
2261 2124 2332 2177 At
2359 2121 2448 2177 ille
2492 2119 2831 2191 respondens
2869 2119 2987 2174 ait:
3022 2117 3213 2174 Omnis
3241 2116 3454 2187 planta-

1882 2217 1977 2280 tio,
2011 2231 2176 2286 quan:
2211 2230 2320 2268 non
2358 2210 2624 2282 plantavit
2656 2210 2817 2265 Pater
2851 2223 3008 2263 meus
3041 2207 3303 2273 caelestis,
3334 2220 3456 2260 era-

1879 2309 2176 2364 dicabitur.
2213 2305 2376 2378 [c1.vr,
2412 2304 2495 2376 5,]
2525 2303 2701 2358 Sinite
2732 2302 2854 2357 illos
2880 2319 2893 2357 :
2924 2300 3053 2357 caeci
3086 2307 3233 2366 sunt,
3271 2306 3325 2353 et
3350 2297 3455 2352 du-

1883 2419 1976 2459 ces
2008 2416 2304 2461 caecorum.
2342 2413 2521 2453 camus
2551 2407 2732 2450 autem
2761 2394 2805 2451 si
2860 2408 3005 2449 casco
3035 2393 3292 2447 ducatum
3323 2406 3459 2462 prm-

1879 2504 2011 2563 stct,
2051 2493 2294 2550 amboin
2332 2491 2543 2547 foveam
2586 2490 2809 2545 cadunt.
2857 2486 3040 2560 [cum
3088 2483 3168 2556 6.]
3214 2484 3457 2554 Respon-

1879 2589 2018 2645 dens
2048 2595 2233 2642 autem
2282 2586 2486 2640 Petrus
2512 2582 2652 2638 dixit
2685 2582 2734 2637 ei
2762 2597 2776 2636 :
2807 2580 3065 2636 Edissere
3099 2576 3261 2632 nobis
3302 2590 3459 2645 para-

1880 2680 2060 2733 bolam
2127 2679 2310 2732 istam.
2375 2675 2444 2726 At
2508 2672 2597 2727 ille
2649 2670 2834 2725 dixit:
2881 2664 3075 2724 Adhuc
3121 2676 3177 2722 et
3206 2679 3303 2720 vos
3339 2666 3458 2719 sine

1879 2772 2162 2827 intellectu
2191 2767 2324 2822 estis
2349 2766 2373 2820 ?
2398 2764 2518 2820 Non
2572 2763 2902 2832 intelligitis,
2950 2765 3078 2833 quia
3117 2774 3279 2815 omne
3311 2757 3457 2827 quod

1827 2866 1835 2871 “
1882 2864 1937 2918 in
1970 2877 2033 2917 os
2088 2862 2279 2923 intrat,
2324 2857 2389 2921 in
2442 2868 2691 2912 ventrem
2744 2854 2920 2919 vadit,
2964 2862 3021 2909 et
3069 2853 3122 2907 in
3176 2865 3457 2907 secessum

1879 2953 2190 3010 emittitur?
2220 2951 2352 3019 Quae
2375 2960 2559 3005 autem
2592 2947 2899 3021 procedunt
2931 2946 2999 3002 de
3035 2960 3156 3012 ore,
3196 2944 3263 3000 de
3293 2943 3459 2999 corde

1880 3056 2105 3115 exeunt,
2127 3056 2269 3117 et_ea
2292 3043 2651 3114 coinquinant
2679 3043 2957 3097 hominem
2986 3039 3088 3097 :de
3114 3038 3278 3094 corde
3307 3038 3457 3092 enim

216 3128 505 3231 misul)"
539 3150 719 3191 mare-
744 3136 809 3191 Ει
839 3136 1093 3192 Videnles
1116 3152 1242 3193 eum
1300 3137 1412 3211 ιΑι.
1449 3140 1576 3195 add.
1612 3139 1777 3195 disci-
1803 3172 1846 3231 ο
1882 3150 2086 3197 exeunt
2132 3138 2494 3210 cogitatiOnes
2555 3135 2730 3201 malae,
2797 3131 3116 3198 homicidia,
3168 3128 3455 3192 adulteria,

215 3220 335 3289 puli]
360 3238 529 3293 super
594 3241 741 3280 mare
798 3227 1194 3294 ambulantem,
1249 3229 1456 3285 turbati
1507 3240 1656 3297 sunt,
1694 3231 1773 3285 di~

214 3324 383 3368 centes
416 3334 428 3369 :
460 3316 612 3383 Quia
648 3318 973 3388 phantasma
1010 3329 1116 3375 est.
1172 3320 1240 3376 Et
1285 3336 1395 3391 prce
1428 3322 1628 3378 timore
1664 3325 1777 3379 cla-

212 3418 503 3463 maverunt.
528 3408 843 3480 Statimque
871 3411 1030 3466 Jesus
1054 3411 1273 3467 locutus
1307 3424 1392 3468 est
1418 3415 1520 3480 eis,
1548 3415 1775 3472 dicens;

214 3493 404 3551 llabete
437 3498 704 3555 ﬁduciam
743 3518 756 3553 :
822 3518 925 3574 ego
974 3518 1116 3569 sum,
1151 3503 1324 3559 nolite
1376 3494 1593 3561 timere.
1645 3505 1775 3579 [cu,

216 3584 317 3659 t0.j
349 3588 721 3660 Respondens
769 3604 952 3655 autem
987 3595 1181 3652 Petrus
1236 3595 1375 3653 dixit
1403 3614 1417 3651 :
1450 3597 1703 3663 Domine,
1731 3600 1778 3653 si

214 3686 261 3731 tu
287 3694 362 3743 es,
402 3683 540 3749 iube
572 3700 663 3739 me
715 3684 781 3740 ad
819 3697 870 3741 te
903 3687 1090 3743 venire
1119 3703 1285 3760 super
1335 3704 1527 3760 aquas.
1567 3692 1630 3745 At
1662 3691 1777 3762 ipse

206 3771 274 3823 ait
306 3787 321 3827 :
354 3772 518 3829 Veni.
548 3775 622 3830 Et
646 3776 986 3834 descendens
1019 3780 1216 3835 Petrus
1250 3781 1331 3837 de.
1351 3783 1630 3847 navicula,
1663 3798 1779 3839 am-

210 3862 423 3922 bulabat
447 3883 625 3939 super
655 3884 876 3939 aquam,
910 3874 1203 3929 utveuiret
1230 3876 1293 3930 ad
1329 3873 1540 3932 Iesum.
1579 3876 1780 3934 Videns

208 3970 326 4011 vero
377 3972 615 4014 ventum
676 3960 942 4029 validum,
985 3964 1171 4019 timuit
1205 3978 1221 4017 :
1252 3975 1308 4020 et
1343 3982 1468 4021 cum
1520 3968 1781 4037 cmpisset

208 4049 390 4118 mergi,
423 4051 697 4107 clamavit
737 4052 969 4108 dicens:
1011 4054 1261 4120 Domine,
1295 4056 1507 4110 salvum
1562 4057 1778 4112 metae.

205 4138 264 4194 Et
290 4143 563 4199 continuo
601 4146 763 4201 .Iesus
792 4146 1101 4201 extendens
1150 4163 1390 4209 manum,
1422 4150 1784 4217 apprehendit

202 4247 317 4286 eum
356 4245 452 4289 :et
512 4238 595 4289 ait
655 4236 734 4290 illi
766 4253 781 4293 ξ
814 4236 1038 4291 Modica:
1075 4238 1223 4304 ﬁdei,
1254 4254 1423 4308 quare.
1482 4239 1786 4294 dubitasti?

203 4321 344 4392 [ειη.
372 4325 454 4397 6.]
494 4327 567 4381 Et
614 4343 745 4382 cum
779 4330 1156 4386 ascendissent
1190 4331 1245 4385 in
1294 4331 1628 4399 naviculam,
1668 4348 1786 4388 ces-

200 4418 335 4469 sarit
370 4429 606 4475 ventus.
641 4418 747 4485 Qui
778 4430 959 4475 autem
996 4423 1052 4476 in
1098 4423 1351 4479 navicula
1402 4434 1585 4489 erant,
1618 4440 1785 4479 vene-

201 4519 341 4573 runt,
389 4522 449 4567 et
497 4514 878 4569 adoraverunt
924 4531 1076 4579 eum,
1116 4518 1363 4572 dicentes
1396 4533 1410 4571 :
1446 4515 1584 4572 Vere
1615 4517 1787 4573 Filius

201 4601 287 4655 Dei
316 4619 400 4657 es.
429 4602 620 4675 [cum
645 4607 729 4678 2.]
763 4608 827 4662 Et
858 4623 983 4663 cum
1015 4610 1487 4675 transfretassent,
1517 4620 1789 4665 venerunt

199 4695 249 4747 in
292 4707 506 4753 terram
550 4699 829 4756 Genesar.
864 4700 1075 4755 Etcum
1109 4706 1493 4771 cognovissent
1524 4718 1650 4756 eum
1686 4702 1788 4757 viri

196 4787 295 4841 loci
315 4790 499 4857 illius,
520 4792 801 4845 miserunt
827 4792 879 4845 in
900 4793 1217 4847 universam
1244 4793 1519 4862 regionem
1547 4794 1719 4858 illam,
1736 4801 1793 4847 et

197 4882 527 4939 obtulerunt
562 4884 620 4939 ei
652 4899 845 4939 omnes
874 4885 1016 4939 male
1072 4885 1361 4941 habentes.
1411 4887 1473 4941 Et
1528 4886 1793 4956 rogabant

195 4991 339 5042 cum,
396 4986 464 5031 ut
498 4977 595 5029 vel
632 4976 897 5033 ﬁmbriam
934 4980 1246 5033 veStimenti
1297 4979 1417 5049 ejus
1479 4984 1789 5048 tangerent.

194 5066 256 5120 Et
283 5071 631 5139 quicunque
662 5071 981 5141 tetigerunt,
1021 5071 1154 5125 salvi
1178 5072 1304 5133 tacti
1338 5081 1487 5126 sunt.

256 5159 421 5231 [Cap.
464 5158 595 5216 XV.
629 5175 769 5225 οων,
792 5161 873 5233 6.]
907 5162 1063 5216 Tunc
1091 5174 1442 5218 accesserunt
1472 5162 1537 5217 ad
1564 5179 1690 5217 eum
1723 5162 1793 5217 ab

190 5251 567 5325 Jerusalymis
616 5254 819 5309 Scriba:
869 5266 926 5308 et
971 5255 1250 5318 PhariSa-i,
1301 5256 1791 5321 dicentes:Quaru

192 5346 456 5417 discipuli
479 5348 566 5399 tui
585 5346 1073 5415 transgrediuntur
1095 5348 1444 5402 traditionem
1468 5347 1746 5401 seniorum
1771 5346 1794 5399 ἲ

195 5454 301 5493 ι.οη
326 5440 488 5494 enim
539 5439 731 5491 lavant
762 5453 957 5492 manus
988 5456 1135 5504 suas,
1170 5457 1295 5495 cum
1332 5457 1527 5509 panem
1561 5440 1791 5495 mandu-

261 5600 278 5629 '
314 5598 438 5651 Duo
469 5596 716 5663 Reginae
746 5612 906 5660 mss.,
932 5596 1306 5668 Statimjussit
1335 5600 1634 5667 discipulis,
1674 5600 1792 5667 ipso

188 5670 341 5725 Iesus
371 5668 625 5721 nomine
676 5669 1039 5733 prmtermisso
1068 5688 1079 5723 :
1110 5682 1163 5724 et
1196 5670 1387 5725 Greece
1429 5672 1794 5726 tllSs‘CtlIldllle

212 5753 366 5793 υιιυ.

193 5754 450 5865 "ium,
489 5805 678 5864 habet
702 5803 920 5865 Graecus
949 5817 1146 5879 textus,
1217 5810 1453 5881 ἐγγίξει
1490 5831 1582 5886 μοι
1608 5816 1631 5866 δ
1662 5811 1788 5877 λαὸς

1878 3232 2290 3297 tornicationes,
2338 3229 2507 3295 furta,
2542 3227 2674 3283 falsa
2708 3223 3043 3289 testimonia,
3084 3220 3454 3291 blasphemim.

1882 3331 2009 3387 llaec
2060 3333 2211 3391 sunt,
2258 3338 2377 3395 qua:
2422 3324 2782 3393 coinquinant
2826 3322 3128 3376 hominem.
3172 3317 3294 3373 Non
3334 3316 3463 3371 lotis

1883 3433 2070 3479 autem
2103 3418 2358 3475 manibus
2392 3416 2747 3481 manducare,
2786 3428 2894 3468 non
2930 3410 3249 3482 coinquinat
3280 3407 3463 3462 homi-

1883 3529 2031 3569 nem.
2082 3509 2150 3565 Et
2200 3522 2459 3578 egressus
2506 3507 2635 3561 inde
2674 3506 2854 3572 Iesus,
2898 3502 3126 3560 secessit
3176 3501 3232 3556 in
3280 3508 3464 3571 partes

1884 3604 2012 3676 Tyri
2045 3610 2099 3657 et
2144 3600 2385 3657 Sidonis.
2421 3598 2488 3654 Et
2517 3612 2645 3653 ecce
2693 3597 2893 3652 mulier
2929 3595 3239 3652 Chananaea
3263 3608 3293 3647 a
3336 3591 3487 3647 ﬁniw

1884 3696 1987 3752 bus
2020 3693 2127 3751 illis
2150 3708 2371 3765 egressa
2399 3692 2680 3759 clamavit,
2715 3690 2906 3744 dicens
2937 3687 2988 3743 ei
3016 3706 3030 3743 :
3054 3686 3313 3743 Miserere
3331 3686 3462 3751 mei,

1884 3790 2114 3846 Domine
2164 3787 2240 3843 ﬁli
2268 3784 2475 3841 David:
2511 3783 2620 3840 ﬁlia
2652 3798 2773 3837 mea
2810 3780 2952 3836 male
2992 3796 3024 3836 a
3059 3780 3333 3836 daemonio
3370 3796 3463 3834 ve-

1887 3890 2069 3935 xatur.
2091 3877 2195 3946 Qui
2236 3892 2346 3932 non
2378 3875 2665 3946 respondit
2692 3874 2743 3928 ei
2779 3871 3031 3929 verbum.
3078 3871 3146 3926 Et
3187 3869 3461 3926 acceden-

1887 3982 1970 4027 tes
1998 3971 2253 4041 discipuli
2294 3969 2413 4041 ejus
2458 3968 2727 4039 rugabant
2750 3981 2879 4023 eum
2911 3963 3461 4021 dicentesz'Dimitte

1886 4081 2029 4131 eam,
2066 4066 2193 4135 quia
2218 4063 2417 4118 clamat
2449 4070 2573 4132 post
2605 4076 2727 4116 nos.
2767 4060 2983 4135 [cun],
3010 4058 3090 4131 5.]
3122 4059 3243 4128 Ipse
3278 4067 3461 4112 autem

1888 4157 2230 4227 reSpondens
2253 4157 2330 4210 ait
2354 4173 2368 4211 :
2395 4152 2516 4208 Non
2549 4169 2669 4207 sum
2702 4154 2901 4208 missus
2929 4152 3029 4206 nisi
3062 4151 3128 4205 ad
3157 4164 3306 4209 oves,
3341 4163 3463 4217 qua:

1888 4251 2196 4320 perierunt,
2237 4249 2434 4303 domus
2468 4246 2655 4301 Israel.
2684 4244 2848 4317 [cux,
2882 4242 2963 4316 6.]
2996 4242 3065 4298 At
3088 4243 3177 4305 illa
3210 4243 3378 4306 venit,
3406 4251 3462 4295 et

1890 4342 2140 4399 adoravit
2182 4356 2333 4402 eum,
2389 4339 2579 4394 dicens
2622 4337 2916 4403 :Domine,
2972 4336 3168 4407 adjuva
3224 4352 3330 4391 me.
3362 4335 3463 4402 Qui

1893 4434 2235 4505 respondens
2298 4433 2419 4487 ait:
2458 4429 2577 4485 Non
2628 4440 2712 4484 est
2745 4430 2949 4487 bonum
3001 4443 3220 4484 sumere
3272 4444 3466 4496 panem

1821 4546 1864 4601 ι)
1896 4529 2159 4589 ﬁliorum,
2195 4536 2250 4581 et
2283 4525 2501 4580 mittere
2533 4525 2779 4579 canibus.
2812 4524 2879 4577 At
2918 4521 3008 4577 illa
3039 4522 3178 4577 dixit
3211 4540 3225 4577 :
3266 4522 3467 4583 Etiam,

1896 4619 2167 4672 Domine:
2210 4632 2333 4670 nam
2378 4624 2432 4671 et
2470 4616 2649 4670 catelli
2695 4618 2865 4670 edunt
2896 4616 2964 4670 de
2995 4615 3183 4678 micis,
3230 4630 3352 4684 quae
3382 4632 3471 4669 ca-

1896 4711 2035 4766 dunt
2066 4711 2133 4764 de
2161 4723 2349 4763 mensa
2384 4708 2733 4762 dominorum
2770 4722 3021 4762 suorum.
3056 4706 3213 4761 Tunc
3242 4722 3470 4775 respon-

1896 4805 2033 4859 dens
2060 4803 2241 4867 Jesus,
2272 4802 2347 4857 ait
2375 4801 2486 4857 illi:
2513 4800 2559 4855 Ο
2594 4802 2813 4865 mulier,
2840 4816 3035 4869 magna
3059 4812 3144 4854 est
3170 4800 3307 4855 ﬁdes
3345 4814 3434 4854 tua
3458 4816 3471 4855 :

1896 4895 2015 4950 Fiat
2030 4892 2125 4949 tibi
2145 4894 2289 4948 sicut
2307 4893 2407 4946 vis.
2433 4891 2500 4946 Et
2522 4897 2710 4945 sanata
2732 4899 2816 4943 est
2839 4890 2947 4943 ﬁlia
2964 4891 3085 4960 ejus
3105 4905 3173 4945 ex
3193 4888 3305 4960 illa;
3318 4890 3471 4944 hora.

1899 4986 2041 5059 |ccx,
2074 4985 2151 5057 6.]
2186 4984 2401 5038 Etcum
2436 4984 2724 5038 transisset
2760 4982 2889 5037 inde
2913 4983 3092 5048 Jcsus,
3126 4985 3273 5037 venit
3314 5000 3473 5037 secus

1897 5092 2045 5130 mare
2061 5074 2293 5130 Galilceze
2319 5084 2406 5130 :et
2431 5076 2735 5129 ascendens
2760 5074 2813 5129 in
2842 5086 3103 5139 montem,
3121 5076 3347 5130 sedebat
3374 5072 3469 5127 ibi.

1898 5168 1966 5222 Et
2005 5173 2365 5221 accesserunt
2402 5164 2470 5219 ad
2503 5181 2628 5220 eum
2668 5166 2842 5220 turba:
2874 5167 3059 5222 multa:
3089 5168 3354 5221 habentes
3383 5180 3470 5218 se-

1897 5276 2020 5315 cum
2075 5269 2276 5321 mutos,
2329 5267 2386 5313 et
2440 5273 2637 5323 caecos,
2688 5259 2936 5324 claudos,
2985 5260 3210 5325 debiles,
3247 5270 3302 5314 ct
3334 5261 3470 5313 alios

1901 5355 2138 5407 multos:
2173 5360 2228 5405 et
2266 5352 2615 5421 projecernnt
2664 5367 2758 5407 eos
2808 5354 2874 5406 ad
2905 5355 3070 5423 pedes
3105 5353 3243 5421 ejus,
3291 5360 3347 5405 et
3373 5366 3469 5405 cu-

1900 5444 2041 5498 ravit
2071 5458 2166 5497 eos
2200 5458 2216 5499 :
2244 5444 2317 5497 ita
2362 5452 2422 5497 ut
2457 5443 2632 5499 turba:
2666 5444 3018 5509 mirarentur,
3068 5443 3318 5497 videntes
3348 5458 3467 5497 tuu-

2290 5542 2325 5571 /

1898 5595 2057 5663 οὗτος
2082 5600 2160 5669 τῷ
2219 5602 2470 5674 στόματι,
2511 5604 2603 5654 καὶ
2639 5603 2765 5674 ’τοῖς
2828 5600 3031 5668 χείλεσι
3074 5619 3140 5665 με
3179 5606 3314 5674 τιμᾷ
3364 5616 3471 5660 etc.

1898 5673 2299 5740 Appropinquat
2328 5673 2455 5725 mihi
2482 5671 2709 5741 papulas
2738 5672 2858 5739 iste,
2891 5686 2979 5726 ore
3005 5682 3054 5725 et
3084 5671 3251 5729 labiis
3277 5671 3355 5729 me
3385 5679 3478 5731 hu-

1900 5755 2080 5805 Itorut,
2115 5754 2221 5796 ctu.
