3880 6168
399 321 425 363 ἰ
455 317 557 379 595

1353 333 1412 390 S.
1456 332 1891 393 illERONYMl
1928 332 2191 393 DIVINA
2233 337 2762 406 BIBIJOTHECA.
3532 363 3620 427 596

449 459 536 505 tos
586 451 892 521 loquentes,
942 458 1164 514 claudos
1199 463 1561 529 mubulantcs,
1606 483 1782 521 crecos
1817 469 2007 521 viden-

2124 465 2331 519 cunque
2381 455 2630 526 ligaveris
2665 477 2826 531 super
2878 472 3095 527 terram,
3142 466 3245 520 erit
3284 468 3486 537 ligatum
3508 481 3624 531 etin

447 549 571 596 res:
612 553 665 597 et
714 548 1133 616 magniﬁcabaot
1176 551 1343 606 Deum
1388 554 1571 611 lsrael.
1606 556 1764 613 Jesus
1800 570 2004 623 autem,

447 638 764 691 convocatis
810 640 1091 709 discipulis
1129 643 1259 709 suis,
1294 646 1465 701 dixit:
1518 648 1782 705 Misereor
1814 654 2005 719 turbae,

449 728 577 798 quia
640 731 821 784 triduo
855 734 965 802 jam
1016 749 1368 803 perseverant
1419 757 1655 809 mecum,
1685 757 1739 797 et
1776 761 1884 800 non
1919 750 2011 803 lia-

448 818 576 872 bent
605 822 747 889 quod
775 825 1139 879 manducent:
1168 840 1223 882 et
1253 830 1532 887 dimittere
1549 850 1645 889 eos
1664 836 1881 904 jejunus
1913 854 2012 893 no-

448 912 519 971 lo,
552 928 619 967 ne
653 914 909 969 deﬁciant
936 918 986 971 in
1023 920 1126 973 via.
1156 923 1222 977 Et
1251 924 1439 979 dicunt
1462 927 1512 980 ei
1537 926 1787 998 discipuli
1812 946 1830 985 :
1856 930 2010 986 Unde

446 1019 577 1073 ergo
612 1005 770 1060 nobis
802 1008 855 1061 in
898 1009 1121 1065 deserto
1170 1029 1338 1083 panes
1370 1026 1574 1085 tantos,
1608 1028 1666 1073 ut
1700 1031 2012 1077 saturemus

450 1098 666 1150 turbam
721 1104 976 1156 tantam?
1033 1103 1095 1158 Et
1139 1106 1215 1160 ait
1267 1107 1768 1177 illisJesus:Quot
1796 1114 2012 1171 habetis

447 1189 659 1255 panes?
684 1191 750 1243 At
778 1191 853 1245 illi
880 1192 1133 1251 dixerunt
1161 1214 1174 1253 :
1209 1199 1450 1269 Septem,
1473 1211 1527 1257 et
1550 1218 1752 1272 paucos
1777 1205 2011 1275 piscicu-

446 1280 548 1334 los.
609 1276 674 1334 Et
729 1285 985 1353 prmeepit
1035 1288 1226 1355 turbae,
1287 1302 1346 1345 ut
1397 1293 1806 1350 discumberent
1846 1312 2012 1366 super

448 1382 671 1427 terram.
721 1376 786 1429 Et
835 1378 1111 1447 accipiens
1158 1392 1365 1452 septem
1396 1400 1584 1453 panes,
1635 1396 1690 1441 et
1721 1388 1920 1457 pisces,
1956 1398 2009 1445 et

446 1465 649 1531 gratias
695 1483 880 1537 agens,
925 1470 1107 1542 fregit.
1164 1483 1218 1528 et
1269 1476 1417 1531 dedit
1468 1478 1752 1548 discipulis
1790 1482 1927 1546 suis,
1960 1492 2013 1537 et

446 1555 703 1626 discipuli
740 1560 1013 1617 dederunt
1044 1566 1267 1635 populo.
1304 1568 1371 1622 Et
1403 1571 1763 1627 comederunt
1800 1589 2011 1642 omnes,

446 1660 501 1704 et
533 1653 763 1708 saturati
819 1669 971 1711 sunt.
998 1659 1066 1712 Et
1093 1661 1237 1728 quod
1272 1663 1542 1731 superfuit
1565 1664 1632 1719 de
1678 1666 2010 1736 fragmentis,

2115 545 2269 600 emlis
2298 562 2312 600 :
2346 558 2398 601 et
2438 553 2808 624 quodcunque
2841 558 3073 612 solveris
3125 575 3285 629 super
3318 571 3518 625 terram.
3539 569 3628 622 erit

2112 639 2347 693 solutum
2373 652 2425 696 et
2456 645 2506 698 in
2532 649 2702 705 caelis.
2736 650 2978 722 [οιινιιι.
3004 650 3082 724 2.]
3138 654 3288 708 Tunc
3312 658 3536 724 praecepit
3559 663 3630 715 di-

2115 735 2347 801 scipulis
2401 737 2536 803 suis,
2592 748 2648 791 ut
2679 741 2885 794 nemini
2938 741 3324 812 dicerentquia
3368 746 3470 814 ipse
3510 760 3630 805 esset

2117 826 2276 881 Jesus
2308 827 2583 885 Christus.
2621 831 2828 885 Exinde
2858 832 3203 901 cmpitJesus
3256 837 3521 893 ostendere
3558 841 3630 894 di-

2114 922 2341 988 scipulis
2381 922 2516 984 suis,
2553 924 2676 992 quia
2707 935 2983 993 oporteret
3010 943 3133 981 eum
3158 930 3238 981 ire
3264 928 3632 1001 Jerosulymam,

2116 1024 2169 1068 et
2198 1015 2366 1070 multa
2411 1017 2519 1083 pati
2550 1032 2581 1071 a
2612 1018 2947 1082 senioribus,
2981 1029 3035 1073 et
3070 1021 3285 1081 scribis,
3312 1032 3365 1076 et
3410 1024 3633 1093 print-ipi-

2116 1106 2218 1160 bus
2262 1110 2630 1171 sacerdotum,
2659 1121 2713 1165 et
2744 1110 2942 1172 occidi,
2972 1121 3026 1165 et
3056 1112 3215 1165 tertia
3250 1112 3335 1164 die
3363 1128 3632 1182 resurgere.

2116 1198 2318 1273 [cr.xix,
2356 1200 2435 1272 6.]
2464 1202 2530 1255 Et
2569 1217 2855 1255 assumens
2902 1216 3026 1255 eum
3065 1202 3278 1266 i’etrus,
3310 1204 3462 1271 ccepit
3486 1205 3635 1258 incre-

2114 1307 2246 1361 pare
2276 1292 2428 1346 illum
2483 1293 2672 1346 dicens
2707 1308 2723 1346 :
2770 1292 2930 1346 Absit
2968 1309 2998 1345 a
3033 1305 3105 1355 te,
3153 1292 3395 1354 Domine,
3424 1309 3519 1347 non
3546 1296 3638 1349 erit

2117 1382 2215 1438 tibi
2263 1384 2389 1439 hoc.
2440 1382 2544 1450 Qui
2596 1398 2921 1448 conversus,
2956 1384 3094 1437 dixit
3133 1383 3327 1439 Petro:
3375 1383 3505 1439 Vade
3536 1396 3637 1455 post

2116 1490 2223 1542 me,
2259 1473 2480 1540 Satana,
2508 1475 2824 1531 scandalum
2857 1491 2919 1530 es
2944 1476 3073 1529 mihi
3099 1493 3112 1529 :
3143 1476 3273 1543 quia
3307 1490 3408 1530 non
3437 1477 3566 1544 sapis
3585 1492 3637 1531 ea

2115 1582 2237 1635 qua:
2290 1566 2382 1621 Dei
2429 1577 2579 1633 sunt,
2613 1568 2708 1623 sed
2760 1583 2823 1623 ea
2860 1584 2980 1637 quae
3028 1568 3333 1622 hominum.
3380 1566 3542 1640 [ειη.
3570 1567 3638 1638 2.]

2118 1656 2273 1713 Tunc
2304 1657 2465 1714 Jesus
2497 1657 2638 1714 dixit
2664 1659 2947 1729 discipulis
2986 1662 3143 1716 suis:
3176 1659 3232 1714 Si
3269 1660 3390 1728 quis
3416 1661 3519 1714 vult
3540 1669 3641 1729 post

451 1742 695 1799 tulerunt
745 1754 952 1816 septem
992 1758 1208 1819 sportas
1258 1753 1466 1822 plenas.
1508 1756 1885 1813 Erantautem
1917 1762 2009 1828 qui
2050 1772 2089 1828 Β
2118 1766 2205 1806 me
2244 1752 2453 1818 venire,
2486 1752 2718 1822 abneget
2764 1754 3136 1820 semetipsum,
3178 1760 3234 1806 et
3280 1752 3425 1805 tollat
3452 1766 3638 1806 erucem

448 1835 946 1906 manducavernnt,
1001 1853 1241 1913 quatuor
1299 1846 1467 1901 millia
1508 1848 1819 1916 hominum,
1865 1866 2015 1911 extra

448 1928 703 1993 parvuios
734 1939 787 1982 et
832 1931 1114 1987 mulieres.
1165 1936 1253 2003 Et,
1287 1937 1512 1995 dimissa
1556 1941 1739 2008 turba,
1769 1947 2019 2002 ascendit

448 2020 500 2069 in
533 2018 839 2093 naviculam
871 2038 886 2079 :
927 2032 984 2078 et
1018 2024 1165 2080 venit
1189 2027 1241 2080 in
1283 2028 1421 2085 ﬁnes
1453 2032 1735 2103 Magedan.

517 2109 675 2181 [Cap.
710 2110 851 2167 XVI.
882 2129 1027 2182 CLXI,
1051 2115 1134 2189 4.]
1171 2117 1236 2175 Et
1256 2132 1611 2183 accesserunt
1628 2124 1695 2178 ad
1723 2142 1848 2181 eum
1876 2127 2015 2183 Pha—

446 2200 587 2253 rismi
621 2212 675 2257 et
720 2201 1004 2260 Sadduczei
1057 2216 1329 2266 tentantes
1362 2228 1377 2266 :
1412 2222 1467 2266 et
1502 2229 1835 2285 rogaverunt
1867 2234 2015 2286 eum,

445 2300 505 2343 ut
537 2293 751 2363 signum
778 2295 844 2350 de
868 2297 1008 2351 caelo
1033 2301 1343 2356 ostenderet
1367 2304 1467 2357 eis.
1507 2304 1692 2375 [cum
1724 2306 1804 2379 5.]
1831 2310 1897 2362 At
1930 2310 2019 2365 ille

447 2385 805 2454 respondens,
830 2388 917 2448 .ait
941 2389 1046 2444 illis
1071 2405 1084 2443 :
1112 2390 1277 2448 Facto
1299 2409 1529 2463 vespere
1592 2397 1809 2453 dicitis:
1853 2398 2017 2456 Sere-

444 2492 576 2530 num
610 2478 741 2541 erit,
772 2480 1135 2536 rubicundum
1178 2495 1262 2539 est
1291 2486 1434 2539 enim
1462 2488 1683 2543 ccelum.
1716 2490 1783 2544 Et
1814 2506 1970 2545 mane
2000 2508 2013 2544 :

449 2566 623 2635 iiodie
675 2579 991 2640 tempestas,
1038 2574 1225 2629 rutilat
1275 2576 1422 2632 enim
1476 2580 1631 2634 triste
1666 2583 1884 2637 coelum.
1920 2584 2019 2638 ia-

444 2661 583 2715 ciem
609 2675 737 2729 ergo
754 2662 877 2719 εαξιί
902 2664 1205 2734 dijudicare
1248 2668 1423 2723 nostis
1448 2687 1465 2725 :
1495 2671 1644 2739 signa
1674 2683 1851 2729 autem
1882 2686 2017 2731 tem-

443 2762 639 2816 porum
670 2765 779 2806 non
815 2754 1043 2821 potestis
1074 2756 1215 2812 scire
1256 2757 1316 2810 '?
1359 2755 1566 2831 [cuitu
1606 2761 1695 2834 6.]
1722 2761 2015 2822 Generatio

442 2842 586 2896 mala
623 2853 681 2899 et
728 2830 978 2903 adultera
1013 2849 1230 2920 signum
1263 2852 1502 2921 quaerit:
1553 2864 1610 2908 et
1652 2830 1866 2926 signum
1906 2874 2017 2915 non

444 2933 667 2989 dabitur
709 2937 782 3002 ei,
816 2938 923 2992 nisi
955 2939 1168 3011 signent
1204 2939 1354 2998 Jona:
1383 2945 1681 3014 prophetas.
1719 2948 1786 3002 Et
1812 2950 2018 3004 relictis

446 3024 578 3090 illis,
608 3026 764 3082 abiit.
815 3027 885 3084 Et
919 3045 1044 3085 eum
1091 3035 1374 3090 venissent
1412 3036 1666 3108 discipuli
1712 3042 1833 3110 ejus
1868 3054 2017 3097 trans

445 3116 672 3184 fretum,
712 3120 868 3175 obliti
900 3133 1025 3179 sunt
1063 3139 1232 3194 panes
1256 3129 1528 3199 accipere.
1554 3100 1771 3202 icnxtv,
1800 3132 1881 3202 2.]
1913 3134 2015 3200 Qui
2046 3100 2088 3156 ο

446 3208 586 3262 dixit
619 3210 763 3266 illis:
793 3211 1106 3280 intuemini,
1135 3228 1187 3272 et
1232 3229 1418 3275 cavete
1465 3235 1496 3274 a
1528 3220 1795 3277 fermento
1821 3223 2021 3280 Phari-

449 3318 685 3357 saeorum
715 3312 770 3360 et
797 3305 1242 3366 Sadducaaorum.
1281 3310 1459 3383 [cum
1498 3314 1577 3386 6.]
1602 3318 1678 3371 At
1704 3315 1782 3371 illi
1813 3318 2020 3387 cogita-

448 3392 583 3448 bant
607 3395 749 3450 intra
783 3411 842 3452 se
866 3397 1114 3455 dicentes
1140 3417 1155 3454 :
1184 3401 1319 3467 Quia
1344 3419 1511 3473 panes
1540 3422 1648 3463 non
1676 3413 2017 3479 accepimus.

451 3483 642 3541 Sciens
687 3496 872 3543 autem
922 3489 1105 3555 Jesus,
1153 3492 1341 3551 dixit:
1395 3496 1536 3562 Quid
1570 3499 1822 3569 cogitatis
1876 3502 2020 3558 intra

450 3592 571 3642 vos,
623 3579 855 3635 modica:
900 3581 1049 3652 ﬁdei,
1083 3585 1213 3653 quia
1246 3599 1412 3653 panes
1443 3602 1551 3642 non
1586 3589 1839 3646 habetis?
1875 3593 2021 3647 Non-

451 3669 579 3723 dum
609 3668 935 3741 intelligitis,
965 3689 1142 3744 neque
1164 3678 1531 3734 recordamini
1559 3682 1801 3752 quinque
1816 3699 2018 3752 panum

450 3758 505 3811 in
540 3760 784 3831 quinque
811 3762 978 3818 millia
1012 3765 1318 3833 hominum,
1342 3779 1397 3825 et
1422 3781 1552 3840 quot
1586 3774 1845 3843 cophinos
1874 3791 2024 3831 sum-

451 3850 637 3905 sistis?
663 3852 851 3923 Neque
877 3863 1085 3925 septem
1126 3872 1327 3925 panum
1377 3859 1433 3914 in
1463 3872 1697 3929 quatuor
1726 3865 1890 3919 millia
1926 3866 2023 3921 ho-

452 3943 683 4007 minum,
716 3955 771 4000 et
796 3959 929 4017 quot
969 3960 1181 4017 sportas
1209 3954 1520 4022 sumpsistis
1543 3955 1565 4007 ?
1592 3954 1771 4019 Quare
1798 3973 1905 4012 non
1942 3960 2025 4013 in-

455 4036 722 4107 telligitis,
757 4040 884 4107 quia
943 4057 1052 4094 non
1089 4041 1156 4096 de
1186 4058 1326 4110 pane
1367 4044 1477 4098 dixi
1516 4047 1672 4103 vobis
1712 4049 1954 4106 :Cavete
1994 4069 2023 4107 a

455 4127 725 4183 fermento
750 4129 1146 4185 Pharisaeorum
1180 4141 1231 4185 et
1261 4134 1685 4191 Sadducteorum
1710 4140 1732 4193 τ
1757 4140 1909 4194 Tunc
1940 4143 2026 4208 jn-

456 4220 804 4285 tcllexerunt,
842 4223 967 4291 quia
1003 4239 1106 4276 non
1135 4223 1336 4279 dixerit
1360 4226 1661 4281 cavendum
1694 4246 1720 4282 a
1754 4232 2025 4287 fermento

454 4322 679 4376 panum,
742 4310 838 4364 sed
882 4325 913 4364 a
962 4310 1211 4365 doctrina
1250 4312 1650 4371 Pharismorum
1698 4331 1751 4373 et
1804 4321 2017 4377 Suddu-

2120 1860 2297 1909 suam,
2338 1856 2395 1901 et
2434 1856 2697 1914 sequatur
2730 1860 2837 1899 me.
2886 1846 2988 1911 Qui
3012 1847 3158 1899 enim
3179 1844 3406 1899 voluerit
3436 1835 3640 1898 animam

2118 1952 2271 1991 suam
2313 1937 2516 1992 salvam
2564 1936 2765 1998 facere,
2812 1937 3002 2006 perdet
3025 1951 3143 1991 eam
3171 1953 3186 1991 :
3214 1939 3307 2004 qui
3342 1946 3509 1989 autem
3534 1948 3641 2003 per-

2118 2030 2321 2084 diderit
2358 2031 2594 2084 animam
2635 2044 2786 2083 suam
2840 2038 3065 2096 propter
3110 2042 3216 2089 me,
3250 2027 3481 2081 inveniet
3520 2021 3666 2081 eam."

2118 2120 2259 2186 Quid
2285 2121 2435 2175 enim
2468 2121 2692 2189 prodest
2723 2120 2956 2185 homini,
2983 2119 3030 2174 si
3066 2117 3332 2172 mundum
3366 2118 3644 2171 universum

2118 2213 2389 2279 lucretur,
2435 2213 2633 2268 animae
2682 2227 2811 2267 vero
2839 2226 2952 2267 suae
2981 2211 3372 2266 detrimentum
3409 2206 3645 2276 patiatur?

2116 2311 2227 2365 Aut
2254 2319 2417 2378 quam
2462 2306 2615 2361 dabit
2643 2305 2807 2358 homo
2855 2302 3341 2358 commutationem
3372 2314 3462 2370 pro
3490 2300 3643 2353 anima

2119 2402 2257 2459 sua?
2294 2401 2500 2474 lcum,
2531 2398 2644 2470 10.]
2670 2398 2841 2453 Filius
2868 2398 3011 2452 enim
3040 2396 3284 2450 hominis
3316 2402 3556 2449 venturus
3578 2400 3646 2445 est

2124 2497 2177 2551 in
2208 2494 2380 2565 gloria
2420 2491 2596 2546 Patris
2626 2491 2707 2545 sui
2739 2506 2865 2546 cum
2894 2488 3103 2558 angelis
3128 2488 3283 2541 suis:
3315 2496 3369 2540 et
3394 2495 3513 2539 tunc
3541 2484 3648 2536 red-

2118 2584 2213 2637 det
2270 2580 2562 2650 unicuiqne
2613 2578 2913 2633 secundum
2952 2593 3116 2646 opera
3154 2576 3295 2645 ejus.
3343 2575 3547 2645 [cum],
3575 2570 3642 2643 2.]

2118 2677 2293 2728 Amen
2339 2671 2464 2727 dico
2504 2670 2683 2736 vobis,
2747 2679 2875 2722 sunt
2904 2668 3128 2737 quidam
3171 2668 3240 2722 de
3271 2666 3356 2721 hic
3387 2664 3645 2722 stantibus,

2118 2767 2213 2834 qui
2243 2780 2350 2819 non
2401 2762 2706 2834 gustabunt
2738 2770 2992 2825 mortem,
3022 2759 3203 2815 donec
3234 2758 3448 2813 videant
3476 2754 3646 2809 Filium

2119 2858 2361 2913 hominis
2390 2857 2701 2912 venientem
2739 2856 2792 2909 in
2832 2867 3000 2923 regno
3031 2867 3153 2908 suo.

2191 2947 2546 3021 [Cap.X\'l|.]
2574 2947 2639 3002 Et
2678 2957 2799 3016 post
2820 2945 2938 3000 dies
2960 2960 3049 2998 sex
3080 2940 3377 3012 assumpsit
3399 2940 3541 2995 Jesus
3563 2937 3647 2993 Pe-

2125 3054 2293 3104 trum,
2342 3052 2397 3096 et
2442 3040 2731 3103 Jacobum,
2786 3047 2841 3092 et
2881 3038 3145 3093 Joannem
3184 3037 3404 3090 fratrem
3448 3033 3574 3100 ejus,
3603 3040 3649 3083 et

2123 3136 2280 3189 duxit
2311 3136 2436 3190 illos
2466 3134 2519 3187 in
2542 3140 2781 3187 montem
2803 3130 3075 3184 excelsum
3097 3140 3346 3181 seorsum
3376 3120 3467 3182 :et
3500 3133 3649 3176 trans-

2120 3226 2388 3294 ﬁguratus
2429 3232 2511 3278 est
2560 3231 2687 3276 ante
2721 3236 2841 3275 eos.
2886 3218 2953 3272 Et
2998 3216 3344 3289 resplenduit
3373 3215 3528 3270 iacies
3552 3214 3652 3280 ejus

2121 3319 2265 3373 sicut
2300 3317 2380 3371 sol
2416 3332 2431 3371 :
2491 3315 2814 3369 vestimenta
2855 3320 3037 3365 autem
3074 3310 3194 3378 ejus
3227 3308 3365 3363 facta
3393 3314 3516 3360 sunt
3551 3303 3649 3357 alba

2123 3408 2265 3461 sicut
2322 3406 2439 3463 nix.
2494 3405 2561 3458 Et
2618 3418 2742 3459 ecce
2790 3408 3159 3471 apparuerunt
3196 3399 3305 3453 illis
3354 3396 3570 3467 Moyses,
3608 3401 3654 3445 et

2122 3486 2268 3554 Elias
2307 3511 2428 3552 cum
2451 3511 2516 3550 eo
2548 3495 2853 3562 loquentes.
2873 3491 3231 3561 Respondens
3260 3498 3435 3544 autem
3466 3486 3649 3545 Petrus,

2124 3588 2261 3642 dixit
2288 3586 2354 3640 ad
2377 3585 2562 3641 Jesum
2599 3601 2613 3640 :
2645 3582 2894 3645 Domine,
2923 3583 3129 3637 bonum
3159 3589 3249 3637 est
3283 3596 3383 3635 nos
3414 3578 3497 3632 hic
3522 3589 3653 3630 esse:

2125 3682 2170 3733 si
2207 3679 2309 3739 vis,
2345 3678 2612 3731 faciamus
2642 3677 2735 3730 hic
2779 3677 2885 3730 tria
2932 3673 3307 3730 tabernacula.
3348 3670 3440 3724 tibi
3489 3680 3653 3729 unum,

2125 3769 2295 3841 Moysi
2335 3784 2529 3830 unum,
2574 3775 2630 3825 et
2678 3766 2810 3820 Elite
2840 3780 3033 3822 unum:
3073 3762 3254 3817 adhuc
3305 3776 3372 3815 eo
3407 3760 3653 3827 loquente,

2125 3876 2253 3917 ecce
2287 3861 2463 3915 nubes
2495 3858 2674 3913 lucida
2701 3856 3052 3913 obumbravit
3082 3871 3199 3910 eos.
3239 3855 3306 3909 Et
3334 3866 3458 3909 ecce
3485 3864 3577 3904 vox
3599 3846 3657 3899 de

2124 3956 2295 4015 nube.
2324 3952 2516 4007 dicens
2547 3968 2563 4010 :
2596 3951 2697 4007 Hic
2722 3959 2807 4004 est
2828 3949 2995 4003 Filius
3031 3963 3189 4002 meus
3224 3947 3473 4008 dilectus,
3494 3944 3538 3996 in
3567 3952 3657 4009 quo

2128 4046 2262 4098 mihi
2295 4048 2431 4099 bene
2457 4044 2763 4113 complaeui
2795 4059 2810 4099 :
2843 4043 3019 4110 ipsum
3061 4040 3271 4094 audite.
3312 4039 3377 4093 Et
3406 4036 3657 4090 audientes

2126 4137 2379 4204 discipuli
2418 4136 2739 4191 ceciderunt
2770 4133 2822 4186 in
2856 4131 3049 4185 faciem
3088 4146 3271 4193 suam,
3306 4138 3362 4182 et
3392 4127 3658 4181 timuerunt

2126 4229 2309 4283 valde.
2361 4228 2430 4282 Et
2483 4230 2715 4282 accessit
2766 4223 2926 4277 Jesus
2976 4232 3029 4276 ct
3077 4221 3255 4288 tetigit
3284 4217 3659 4282 eoszdixitqae

2128 4322 2209 4375 eis
2244 4336 2257 4374 :
2296 4318 2535 4387 Surgite,
2577 4318 2747 4371 nolite
2783 4316 2995 4368 timere.
3037 4313 3307 4366 LeVantes
3343 4320 3514 4364 autem
3546 4318 3658 4357 ocu-

454 4415 709 4457 meorum.
732 4402 1029 4476 [.cr.xvr,i]
1061 4403 1214 4457 Venit
1236 4416 1416 4460 autem
1440 4405 1598 4463 Jesus
1634 4412 1685 4464 iu
1714 4425 1897 4479 partes
1920 4416 2031 4471 (Σαξ-
2060 4436 2105 4490 D
2133 4410 2215 4464 103
2240 4423 2388 4474 SUOS.
2426 4408 2701 4461 neminem
2738 4406 3016 4469 Viderunt.
3044 4404 3149 4457 "ibi
3183 4404 3363 4457 501nm
3396 4401 3586 4490 195"?"
3609 4391 3663 4445 Ει

455 4508 480 4544 s
502 4508 625 4546 troas
649 4490 887 4562 Philippi
919 4510 933 4549 :
960 4505 1014 4548 et
1040 4494 1406 4565 interregabat
1437 4498 1735 4568 discipulos
1766 4521 1917 4567 suos,
1944 4509 2028 4563 di-

456 4597 625 4639 cens:
666 4585 837 4649 Quem
866 4584 1057 4638 dicunt
1087 4586 1335 4641 homines
1366 4604 1484 4643 esse
1523 4591 1713 4647 Filium
1748 4596 2027 4654 hominis?

457 4678 525 4726 Λι
565 4675 642 4729 illi
672 4676 928 4730 dixerunt
965 4693 978 4732 :
1018 4678 1118 4729 Alii
1154 4678 1419 4732 Joannem
1457 4682 1773 4751 Baptistam,
1808 4690 1896 4742 alii
1932 4707 2027 4745 au-

460 4777 565 4817 tem
595 4766 791 4828 Eliam,
822 4767 910 4819 alii
945 4782 1074 4820 vero
1102 4768 1416 4833 Jeremiatn,
1446 4782 1539 4824 aut
1578 4789 1744 4828 unum
1777 4793 1844 4833 ex
1896 4795 2021 4847 pro-

461 4855 660 4920 phetis.
694 4854 829 4907 Dicit
863 4855 973 4911 illis
996 4855 1193 4909 Jesus:
1234 4855 1337 4911 Vos
1362 4868 1539 4912 autem
1589 4878 1747 4929 quem
1789 4882 1872 4918 me.
1906 4884 2024 4924 esse

459 4946 690 4998 dicitis?
735 4947 1092 5014 Respondens
1139 4950 1325 5002 Simon
1382 4949 1573 5004 Petrus
1617 4954 1786 5010 dixit:
1840 4957 1920 5011 Tu
1967 4976 2027 5015 es

460 5038 733 5101 Christus,
762 5039 930 5093 Filius
968 5039 1057 5092 Dei
1089 5041 1189 5093 vivi
1224 5060 1238 5099 :
1276 5044 1497 5114 (tthvti.
1534 5044 1642 5115 10.)
1672 5048 2027 5117 Respondens

462 5144 643 5184 autem
674 5131 851 5194 Jesus,
879 5132 1011 5184 dixit
1043 5132 1089 5185 ei
1119 5149 1133 5188 :
1170 5134 1363 5187 lleatus
1391 5151 1470 5197 es,
1506 5137 1692 5190 Simon
1719 5140 2023 5207 Bar-Jonaj:

464 5225 588 5291 quia
618 5238 765 5287 caro,
807 5234 858 5275 ct
885 5226 1105 5288 sanguis
1143 5241 1246 5276 non
1280 5227 1541 5281 t‘evelavit
1573 5229 1692 5290 tibi,
1740 5232 1831 5282 sed
1874 5232 2031 5285 Pater

463 5334 639 5381 meus,
671 5320 763 5387 qui
804 5320 855 5371 in
887 5320 1040 5371 caelis
1070 5328 1172 5371 cst.
1219 5319 1284 5372 Et
1314 5338 1413 5386 ego
1440 5323 1559 5375 dico
1585 5324 1702 5387 tibi,
1734 5326 1859 5389 quia
1890 5337 1943 5378 tu
1970 5342 2029 5379 es

468 5412 679 5475 l’ctrus,
704 5421 758 5465 et
803 5426 963 5478 seper
1004 5411 1140 5464 hanc
1172 5420 1377 5478 petram
1422 5415 1700 5467 :rdiiicabo
1731 5416 2027 5469 Ecclesiam

2132 4500 2597 4555 descendentibus
2642 4498 2750 4551 illis
2781 4498 2849 4551 de
2898 4505 3102 4557 monte,
3136 4495 3400 4561 praecepit
3431 4492 3506 4544 eis
3530 4488 3661 4541 Jesus

2132 4592 2368 4646 dicens:
2420 4591 2638 4644 Nemini
2690 4589 2945 4643 dixeritis
2988 4587 3277 4649 visionem,
3325 4587 3492 4637 donec
3521 4578 3664 4633 Filius

2132 4682 2371 4736 hominis
2417 4696 2447 4735 a
2478 4681 2708 4735 mortuis
2751 4688 3015 4748 resurgat.
3045 4677 3291 4747 [cuium
3325 4674 3404 4745 6.]
3436 4673 3495 4726 Et
3528 4671 3667 4722 inter-

2134 4784 2469 4840 rogaverunt
2517 4790 2644 4829 eum
2705 4772 2977 4840 discipuli,
3035 4772 3323 4824 dicentes:
3384 4767 3515 4831 Quid
3559 4775 3668 4831 9'80

2135 4838 2340 4922 Scriba:
2403 4868 2612 4931 dicunt,
2660 4866 2802 4933 quod
2842 4865 3014 4918 Eliam
3060 4874 3310 4931 oporteat
3346 4861 3564 4929 primum
3595 4868 3669 4905 ve-

2136 4962 2301 5015 nire?
2351 4961 2420 5014 At
2470 4960 2560 5012 ille
2617 4957 2970 5024 respondens,
3021 4956 3097 5009 ait
3135 4958 3254 5007 eis:
3288 4954 3432 5007 Elias
3476 4948 3668 5019 quidem

2136 5066 2404 5107 venturus
2432 5060 2535 5115 est,
2563 5060 2616 5103 et
2648 5050 2900 5102 reStituet
2927 5048 3127 5100 omnia.
3149 5046 3284 5100 Dico
3312 5057 3488 5099 autem
3519 5039 3667 5097 vobis,

2134 5145 2258 5211 quia
2293 5144 2437 5197 Eiia's
2462 5143 2570 5211 jam
2605 5142 2774 5206 venit,
2805 5151 2989 5194 etnon
3023 5149 3401 5208 cogupverunt
3425 5152 3560 5197 eum,
3591 5128 3671 5184 sed

2128 5206 2379 5295 fecerunt
2420 5234 2472 5285 in
2505 5248 2571 5285 eo
2605 5246 2944 5299 quaecunque
2977 5230 3293 5281 voluerunt.
3324 5228 3410 5280 Sic
3444 5234 3497 5278 et
3523 5221 3669 5276 Filius

2130 5312 2373 5376 hominis
2423 5335 2687 5390 passurus
2741 5329 2825 5373 est
2862 5320 2929 5372 ab
2967 5320 3067 5372 eis.
3104 5319 3260 5371 Tunc
3314 5317 3671 5411 intelleXeru‘nt

2131 5413 2407 5482 discipuli,
2466 5412 2590 5480 quia
2650 5411 2716 5464 de
2768 5410 2975 5462 Joanne
3029 5410 3269 5477 Baptista
3326 5408 3540 5461 dixisset
3581 5408 3669 5455 eis.

464 5518 666 5567 meam,
697 5513 754 5557 et
781 5514 952 5572 portae
1002 5500 1162 5555 inferi
1209 5518 1317 5555 non
1352 5504 1725 5570 praevalebunt
1766 5508 2031 5559 adversus

468 5608 609 5648 eain.
641 5595 708 5647 Et
751 5595 846 5648 tibi
879 5595 1020 5649 dabo
1049 5594 1227 5648 claves
1272 5594 1418 5662 regni
1451 5595 1732 5651 cavloruni.
1768 5597 1832 5650 Et
1860 5600 2030 5662 quod-

2134 5504 2370 5575 [ccxxm
2424 5504 2502 5574 2.]
2548 5504 2612 5557 Et
2649 5520 2773 5557 cum
2810 5504 3045 5558 venisset
3083 5503 3146 5555 ad
3200 5502 3441 5564 turbam,
3472 5491 3670 5594 accessit

2132 5596 2196 5649 ad
2255 5613 2378 5649 eum
2436 5597 2599 5649 homo
2626 5596 2851 5664 genibus
2905 5596 3228 5664 provolutus
3277 5603 3403 5648 ante
3429 5605 3564 5651 eum,
3599 5585 3666 5637 di-

547 5773 822 5828 H{cubum
884 5776 1009 5825 scire
1063 5788 1184 5827 cum
1229 5774 1500 5843 plerisque
1552 5776 1749 5830 Graecis
1810 5778 2022 5846 tingitur
2064 5776 2223 5831 «illam
2264 5778 2477 5832 (κλάζωςὲ
2514 5788 2709 5831 tacent.
