3920 6180
266 373 375 436 59³1

1265 378 1779 439 EVANGELIUM
1825 377 1975 439 SEC.
2021 378 2497 441 MATTHAZUM.

3412 381 3515 447 598

256 502 445 543 cens:
484 485 729 553 Domine,
770 488 1031 544 miserere
1070 488 1177 544 (ilio
1230 505 1370 555 meo,
1408 494 1533 561 quia
1569 492 1838 545 lunaticus
1865 489 1918 551 Α
1945 499 2047 544 est.
2087 490 2246 547 Venit
2280 492 2428 544 enim
2476 488 2648 544 Filius
2683 487 2927 544 hominis
2974 488 3181 544 salvere
3219 487 3364 558 quod
3389 506 3515 559 per-

254 588 374 639 est,
404 586 460 632 et
486 578 622 633 male
659 580 902 649 patitur:
945 597 1068 635 nam
1104 596 1245 652 saepe
1288 584 1433 637 cadit
1464 584 1515 637 in
1555 586 1755 653 ignem,
1783 594 1839 639 et

253 669 462 724 crebro
491 671 543 724 in
580 685 797 740 aquam.
832 672 897 726 Et
926 673 1099 727 obtuli
1130 691 1257 729 eum
1304 675 1589 743 discipulis
1622 678 1750 741 tuis,
1780 684 1839 733 et

252 777 374 815 non
418 771 714 829 potuerunt
742 778 935 819 curare
964 779 1115 819 eum.
1146 766 1503 836 Respondens
1530 778 1708 823 autem
1742 768 1836 825 Je-

242 870 372 919 3'18,
397 855 474 909 ait
498 852 573 909 :0
599 858 880 924 generatio
901 858 1211 921 incredula.
1240 870 1296 915 et
1329 876 1606 927 perversa,
1631 878 1835 932 quous-

246 960 367 1010 que
403 959 497 999 ero
535 945 871 1002 vobiscum?
915 963 1199 1017 usquequo
1239 950 1415 1019 patiar
1447 952 1590 1007 vos?
1622 950 1830 1009 Aﬁerte

251 1036 371 1089 huc
402 1037 550 1091 illum
576 1037 643 1091 ad
664 1053 771 1092 me.
802 1038 869 1092 Et
890 1039 1199 1109 increpavit
1228 1040 1380 1094 illum
1410 1043 1587 1107 Jesus,
1612 1056 1667 1101 et
1695 1047 1829 1101 exiit

249 1129 331 1181 ab
354 1144 422 1183 eo
444 1128 793 1194 danuonium,
826 1139 883 1184 et
914 1140 1140 1187 curatus
1172 1144 1254 1187 est
1281 1148 1418 1202 puer
1444 1151 1510 1189 ex
1544 1136 1635 1191 illa
1667 1137 1822 1193 hora.

246 1218 476 1289 (ccxxv,
522 1217 603 1290 5.]
637 1219 791 1275 Tunc
837 1234 1192 1278 accesserunt
1235 1224 1488 1296 discipuli
1535 1228 1601 1283 ad
1635 1227 1821 1284 Jesum

243 1320 490 1375 secreto,
528 1318 584 1365 et
612 1310 867 1366 dixerunt
897 1332 912 1368 :
946 1314 1126 1380 Quare
1153 1330 1254 1369 nos
1277 1334 1385 1371 non
1419 1322 1696 1388 potuimus
1723 1322 1822 1393 eji-

243 1415 379 1455 cere
408 1402 596 1455 illum?
622 1403 765 1458 Dixit
795 1406 904 1460 illis
923 1404 1082 1463 Jesus
1113 1409 1129 1440 ¹
1161 1425 1177 1466 :
1208 1408 1438 1481 Propter
1467 1412 1820 1469 incredulita-

244 1502 364 1544 tem
422 1503 679 1547 vestram.
719 1498 892 1550 Amen
928 1498 1130 1569 quippe
1168 1500 1291 1556 dico
1319 1502 1499 1566 vobis,
1535 1504 1580 1559 si
1615 1505 1818 1562 habue-

246 1581 378 1637 ritis
407 1584 586 1649 (idem,
640 1586 783 1640 sicut
829 1602 1058 1655 granum
1108 1590 1337 1662 sinapis,
1393 1595 1592 1651 dicetis
1641 1599 1813 1653 monti

244 1675 382 1728 huic
411 1690 426 1727 :
473 1674 669 1731 Transi
709 1679 836 1733 hinc
883 1681 1032 1744 illuc,
1064 1689 1119 1736 et
1154 1685 1429 1749 transibit.
1460 1697 1517 1743 et
1544 1689 1678 1744 nihil
1713 1692 1815 1746 im-

1946 585 2103 638 ierat.
2139 582 2191 655 [ο
2210 599 2410 647 Lxxxu,
2450 580 2534 652 5.]
2571 581 2713 648 Quid
2747 582 2905 637 vobis
2934 582 3154 636 videtur
3176 581 3200 637 τ
3226 582 3271 636 si
3311 581 3515 637 fuerint

1944 674 2113 728 alicui
2144 683 2364 728 centum
2396 686 2548 736 oves,
2572 679 2627 725 et
2662 672 2930 726 erraverit
2962 687 3068 727 una
3088 686 3156 727 ex
3188 672 3271 729 eis
3298 687 3514 727 :nonne

1940 765 2207 834 relinquit
2259 764 2555 833 nonaginta
2589 770 2785 816 novent
2842 762 2896 816 in
2961 764 3261 826 montibus,
3288 774 3344 820 et
3366 766 3514 820 vadit

1937 873 2182 929 quaerere
2228 871 2373 920 eam,
2407 873 2529 925 quae
2555 854 2804 909 erravit?
2832 864 2891 909 et
2921 856 2965 909 si
2995 857 3309 927 contigerit,
3340 865 3400 911 ut
3433 858 3516 912 in-

1933 950 2117 1005 veniat
2147 965 2266 1005 eam
2299 968 2313 1007 :
2341 952 2515 1005 Amen
2557 950 2685 1005 dico
2731 948 2909 1011 vobis,
2949 949 3076 1019 quia
3116 947 3317 1019 gaudet
3344 960 3513 1018 super

1932 1056 2053 1095 eam
2086 1043 2258 1112 magis
2284 1056 2447 1111 quam
2484 1056 2653 1111 super
2678 1041 2972 1110 nonaginta
2995 1054 3217 1105 novem,
3243 1054 3367 1111 qua:
3397 1054 3508 1096 non

1928 1139 2277 1188 erraverunt.
2312 1131 2403 1185 Sic
2427 1146 2539 1186 non
2571 1141 2655 1186 est
2701 1131 2956 1184 voluntas
3008 1136 3135 1184 ante
3172 1130 3388 1184 Patrem
3420 1143 3509 1182 ve.

1939 1233 2142 1286 strum,
2172 1222 2265 1289 qui
2304 1223 2358 1274 in
2394 1223 2551 1277 caelis
2582 1231 2686 1285 est,
2720 1229 2998 1286 nt'pereat
3028 1234 3171 1275 unus
3198 1220 3266 1274 de
3294 1218 3510 1287 pusillis

1926 1316 2070 1370 istis.
2100 1312 2389 1387 [cuxxim
2412 1314 2497 1386 5.]
2532 1313 2589 1370 Si
2619 1323 2803 1369 autem
2833 1314 3141 1382 peccaverit
3171 1312 3226 1366 in
3255 1321 3307 1365 te
3336 1311 3506 1365 frater

1926 1416 2073 1472 tuus,
2106 1406 2265 1469 vade,
2294 1413 2350 1459 et
2371 1405 2586 1474 corripe
2605 1418 2732 1459 eum
2766 1403 2913 1458 inter
2939 1413 2991 1457 te
3018 1412 3072 1457 et
3105 1404 3283 1473 ipsum
3307 1402 3503 1456 solum.

1924 1498 1981 1553 Si
2006 1497 2323 1562 teaudierit,
2344 1498 2585 1552 lucratus
2601 1496 2708 1552 eris
2742 1495 2966 1550 fratrem
3006 1505 3183 1549 tuum.
3230 1494 3505 1566 [cuxmv-

1921 1590 2035 1660 10.]
2077 1588 2133 1643 Si
2176 1601 2355 1643 autem
2383 1598 2435 1643 te
2466 1603 2573 1643 non
2601 1576 2860 1660 audierit,
2889 1586 3089 1642 adhibe
3127 1596 3306 1641 tecum
3328 1586 3509 1640 adhuc

1919 1694 2112 1741 unum.
2146 1681 2232 1735 vel
2285 1680 2447 1742 duos,
2486 1688 2545 1733 ut
2577 1680 2632 1733 in
2668 1694 2763 1734 ore
2793 1679 3050 1742 duorum,
3089 1677 3175 1732 vel
3232 1678 3396 1731 trium
3424 1685 3505 1731 la-

246 1766 514 1836 possibile
558 1770 663 1822 erit
697 1772 870 1826 vobis.
907 1772 1020 1828 Hoc
1053 1786 1233 1829 autem
1259 1792 1429 1845 genus
1461 1796 1564 1834 non
1595 1783 1812 1852 ejieitur
1843 1817 1889 1878 Β
1919 1774 2085 1828 suum
2118 1780 2225 1827 είθῑ
2258 1785 2420 1826 omne
2444 1771 2693 1826 verbum:
2727 1769 2883 1871 ρυοξί
2922 1772 2967 1825 εί
2997 1784 3104 1824 ³³οη
3130 1769 3365 1824 “diem
3388 1785 3506 1825 θον

247 1858 352 1911 nisi
384 1875 479 1925 per
527 1861 856 1925 orationem,
888 1876 946 1918 et
973 1866 1263 1936 jejunium.
1300 1868 1533 1940 [ccxxvn
1564 1872 1645 1944 2.]
1670 1874 1810 1930 Con-

248 1950 598 2005 versantibus
630 1963 814 2008 autem
844 1956 924 2009 eis
950 1956 1003 2009 iu
1038 1957 1276 2023 Galilaea,
1314 1962 1448 2016 dixit
1477 1962 1585 2018 illis
1611 1965 1808 2020 Iesus:

247 2038 422 2092 Filius
452 2039 692 2099 hominis
734 2044 1030 2102 tradendus
1057 2059 1138 2103 est
1173 2050 1228 2105 in
1265 2066 1460 2107 manus
1478 2053 1761 2110 hominum
1790 2074 1804 2112 :

244 2142 299 2182 et
332 2130 591 2187 oecident
622 2149 772 2200 eum,
819 2145 874 2190 et
911 2138 1071 2193 tertia
1101 2141 1195 2195 die
1222 2152 1487 2213 resurget.
1516 2145 1584 2202 Et
1611 2149 1815 2204 contri-

245 2220 375 2273 stati
425 2231 553 2275 sunt
600 2224 973 2281 vehementer.
1017 2227 1273 2300 [ccxxvrn
1308 2231 1419 2304 10.]
1466 2233 1681 2290 Etcum
1720 2252 1814 2293 ve-

248 2309 459 2365 nissent
508 2310 911 2381 Capharnaum,
948 2330 1300 2375 accesserunt
1345 2325 1438 2391 qui
1488 2323 1811 2382 didrachma

246 2400 610 2464 accipiebant,
628 2404 695 2455 ad
718 2402 959 2472 Petrum,
983 2416 1039 2462 et
1057 2408 1414 2466 dixeruntei:
1442 2413 1694 2484 Magister
1716 2431 1815 2473 ve-

244 2499 356 2539 ster
371 2503 476 2545 non
493 2490 653 2547 solvit
672 2490 1017 2551 didrachma?
1039 2497 1156 2554 Ait:
1178 2498 1372 2556 Etiam.
1391 2501 1598 2557 Etcum
1625 2505 1822 2561 intras-

247 2592 331 2633 set
363 2582 418 2634 in
451 2582 696 2650 domum,
731 2590 993 2654 praevenit
1023 2605 1149 2645 eum
1196 2592 1373 2659 Iesus,
1406 2594 1597 2651 dicens
1628 2608 1643 2650 :
1674 2597 1814 2665 Quid

248 2673 346 2725 tibi
391 2672 620 2741 videtur,
675 2675 918 2731 Simon?
968 2677 1146 2749 Reges
1195 2691 1352 2737 terra:
1376 2698 1404 2737 a
1430 2686 1632 2754 quibus
1668 2687 1812 2744 acci-

248 2765 408 2832 piunt
449 2766 713 2821 tributum
752 2768 840 2822 vel
884 2784 1111 2825 censum
1138 2772 1163 2824 ἲ
1211 2787 1240 2827 a
1283 2773 1409 2829 filiis
1462 2778 1597 2840 suis,
1643 2794 1711 2834 an
1747 2781 1817 2835 ab

247 2858 479 2911 alienis?
502 2869 559 2914 et
596 2860 684 2915 ille
717 2860 895 2915 dixit:
928 2862 1010 2916 Ab
1040 2864 1272 2920 alienis:
1313 2867 1459 2922 Dixit
1492 2868 1567 2925 illi
1599 2870 1757 2927 Jesns
1794 2887 1807 2924 :

250 2949 392 3018 Ergo
421 2949 583 3005 liberi
605 2960 733 3005 sunt
764 2952 884 3007 lilii.
921 2951 989 3009 Ut
1024 2967 1209 3011 autem
1241 2972 1348 3011 non
1384 2960 1819 3019 scandalizemus

245 3039 590 3103 cos,vadead
611 3057 779 3104 mare,
804 3052 859 3097 et
882 3045 1035 3099 mitte
1065 3032 1282 3099 hamum
1311 3064 1327 3103 :
1352 3057 1407 3101 et
1435 3064 1560 3103 eum
1589 3051 1815 3120 piscem,

1918 1861 2010 1914 dic
2040 1859 2314 1914 Ecclesiae.
2362 1860 2417 1914 Si
2447 1867 2627 1913 autem
2656 1857 2953 1914 Ecclesium
2995 1874 3105 1913 non
3135 1858 3397 1923 audierit,
3433 1860 3507 1914 sit

1917 1952 2017 2006 tibi
2066 1952 2209 2006 sicut
2255 1950 2535 2013 ethnicus,
2580 1961 2636 2005 et
2683 1951 2990 2012 eunuchus,
3044 1960 3100 2004 et
3152 1951 3503 2019 publicanus.

1915 2039 2171 2113 [ccxxxv,
2214 2039 2290 2113 7.]
2322 2042 2496 2095 Amen
2533 2040 2657 2096 dico
2702 2040 2879 2105 vobis,
2946 2056 3289 2111 quaecunque
3314 2041 3505 2110 alliga-

1912 2132 2105 2188 veritis
2124 2146 2290 2202 super
2306 2139 2500 2200 teram,
2519 2131 2864 2202 eruntligata
2882 2140 2937 2186 et
2960 2131 3014 2185 in
3046 2131 3186 2187 ccelo
3212 2148 3227 2197 ;
3262 2141 3319 2186 et
3353 2134 3506 2200 quae:

1917 2238 2136 2294 cunque
2178 2224 2449 2280 solveritls
2488 2238 2655 2293 super
2700 2233 2922 2287 terram,
2957 2232 3118 2279 erunt
3148 2223 3320 2277 soluta
3354 2238 3409 2277 et
3447 2222 3503 2277 in

1916 2317 2077 2373 coelo.
2098 2316 2372 2388 [caxxxvn
2391 2316 2504 2388 10.]
2530 2316 2731 2372 Iterum
2756 2314 2882 2371 dico
2900 2316 3075 2381 vobis,
3094 2316 3223 2385 quia
3244 2316 3289 2370 si
3304 2315 3414 2370 duo
3436 2330 3505 2371 ex

1918 2408 2079 2464 vobis
2111 2408 2495 2466 consenserint
2519 2421 2685 2477 super
2712 2418 2937 2470 terram.
2963 2408 3029 2463 de
3052 2407 3203 2462 omni
3229 2421 3289 2463 re
3313 2423 3508 2477 quam-

1918 2517 2137 2573 cunque
2182 2502 2462 2572 petierint,
2531 2500 2627 2556 ﬁct
2679 2500 2842 2556 illisa
2885 2500 3046 2555 Patre
3108 2506 3254 2563 meo,
3297 2501 3392 2570 qui
3448 2499 3503 2551 in

1919 2594 2075 2650 cmiis
2116 2605 2224 2650 est.
2262 2594 2363 2650 Ubi
2411 2593 2561 2649 enim
2597 2602 2725 2648 sunt
2752 2592 2884 2657 duo,
2913 2593 2999 2648 vel
3028 2601 3139 2647 tres
3181 2592 3502 2659 congregati

1918 2687 1974 2741 in
2003 2687 2221 2741 nomine
2249 2700 2394 2751 meo,
2414 2685 2488 2741 ibi
2511 2700 2633 2740 sum
2661 2685 2716 2739 in
2736 2685 2917 2738 medio
2945 2697 3159 2738 eorum.
3205 2682 3499 2755 [ccxxxvm

1922 2777 2005 2850 5.]
2039 2778 2196 2834 Tunc
2224 2778 2496 2833 accedens
2533 2778 2728 2832 Petrus
2761 2777 2828 2830 ad
2875 2790 2999 2831 eum
3032 2777 3171 2830 dixit
3201 2792 3217 2831 :
3252 2777 3502 2841 Domine,

1921 2871 2140 2940 quoties
2169 2870 2418 2939 peccabit
2473 2868 2531 2922 in
2583 2882 2671 2922 me
2731 2867 2908 2922 frater
2934 2881 3113 2931 meus.
3145 2875 3204 2923 et
3230 2865 3502 2921 dimittam

1920 2960 2013 3016 ei?
2044 2975 2217 3031 usque
2238 2959 2488 3029 septies?
2546 2959 2688 3015 Dicit
2735 2958 2817 3014 illi
2851 2957 3057 3015 Iesus:
3101 2957 3219 3015 Non
3249 2958 3374 3014 dico
3401 2957 3502 3013 tibi

1926 3068 2099 3122 usque
2174 3055 2419 3121 septies;
2496 3051 2591 3105 sed
2666 3066 2841 3122 usque
2908 3053 3219 3122 septuagies
3265 3050 3496 3120 septies.

247 3134 337 3201 qui
366 3134 572 3201 primus
590 3135 917 3201 ascenderit,
937 3137 1097 3192 tolle:
1118 3146 1378 3207 etaperto
1397 3154 1491 3194 ore
1511 3142 1651 3210 ejus,
1674 3144 1822 3199 inve.
1845 3138 1893 3204 C
1925 3143 2243 3215 [cuxxvm,
2292 3141 2401 3212 10.]
2439 3141 2568 3197 Ideo
2593 3142 2957 3197 assimilatum
2997 3154 3083 3198 est
3114 3155 3343 3211 regnum
3382 3154 3498 3195 cu:-

247 3240 363 3279 ntes
384 3235 639 3281 staterem
672 3244 687 3284 :
725 3226 875 3282 illum
900 3243 1139 3291 sumens.
1172 3230 1240 3284 da
1273 3231 1354 3286 eis
1389 3248 1489 3302 pro
1518 3249 1626 3301 me,
1657 3244 1713 3289 et
1743 3248 1814 3293 te.

319 3318 480 3389 [ϐαρ.
531 3318 714 3374 Χνηι.
763 3334 1024 3387 ccxxvm,
1070 3322 1150 3394 2.]
1184 3323 1242 3377 In
1278 3323 1368 3378 illa
1420 3325 1551 3379 hora
1578 3310 1821 3382 aceesSe-

252 3421 379 3464 runt
420 3410 677 3479 discipuli
728 3411 794 3465 ad
842 3414 1053 3477 Jesum,
1104 3412 1387 3469 dicentes:
1432 3416 1586 3481 Quis,
1637 3426 1813 3483 putas,

248 3505 419 3574 major
469 3512 555 3559 est
593 3505 646 3557 in
683 3518 851 3573 regno
880 3507 1187 3562 caelorum?
1216 3506 1287 3560 Et
1336 3510 1611 3563 advocans
1655 3509 1819 3564 Jesus

250 3594 562 3663 parvulum,
599 3599 795 3653 statuit
822 3612 945 3653 eum
986 3599 1042 3653 in
1072 3597 1253 3653 medio
1278 3613 1493 3665 eorum,
1532 3607 1587 3653 et
1621 3600 1765 3654 dixit
1797 3613 1811 3651 :

252 3690 418 3740 Amen
454 3687 579 3741 dico
606 3686 783 3751 vobis,
836 3688 941 3742 nisi
979 3689 1231 3743 conversi
1263 3689 1497 3753 fueritis.
1532 3701 1587 3745 et
1615 3692 1818 3745 cilicia-

253 3780 381 3833 miui
418 3781 560 3835 sicut
585 3781 819 3850 parvuli,
853 3796 963 3835 non
996 3782 1272 3837 intrabitis
1304 3782 1358 3837 in
1387 3798 1610 3851 regnum
1644 3785 1814 3839 eteiu-

254 3889 393 3927 rum.
432 3873 763 3944 Quicunque
810 3889 941 3944 ergo
963 3875 1333 3929 humiliaverit
1359 3890 1416 3929 se
1445 3877 1586 3931 sicut
1617 3892 1816 3946 parvu-

251 3969 336 4021 lus
378 3969 496 4031 iste,
539 3968 628 4023 hic
672 3981 755 4024 est
784 3969 961 4040 major
991 3970 1043 4023 in
1091 3986 1260 4038 regno
1300 3970 1590 4025 scelerum.
1629 3972 1691 4025 Et
1720 3975 1812 4041 qui

251 4060 555 4129 susceperit
587 4076 755 4115 unum
792 4062 1079 4130 parvulum
1126 4063 1287 4115 talem
1320 4063 1374 4116 in
1406 4064 1629 4119 nomine
1669 4078 1813 4129 meo,

255 4168 339 4202 me
370 4148 618 4221 suscipit.
655 4150 860 4221 jcxxtx.
889 4150 971 4219 2.]
1000 4151 1102 4216 Qui
1136 4159 1320 4206 autem
1346 4152 1815 4217 ;scandalizaverit

254 4258 421 4296 unum
453 4242 521 4299 de
552 4244 763 4313 pusillis
790 4243 931 4309 istis,
974 4244 1066 4312 qui
1109 4245 1164 4297 in
1194 4258 1281 4297 me
1313 4244 1563 4311 credunt,
1593 4248 1814 4315 expedit

249 4338 322 4395 ci,
366 4343 422 4388 ut
467 4337 833 4405 suspendatur
880 4336 1016 4388 mola
1054 4335 1294 4390 asinaria
1339 4336 1394 4390 in
1422 4336 1565 4391 collo
1591 4338 1732 4408 ejus,
1757 4348 1812 4392 et

252 4429 596 4499 demergatur
616 4428 669 4481 in
697 4427 1022 4497 profundum
1046 4427 1232 4481 maris.
1260 4425 1347 4481 Vae
1374 4428 1578 4482 mundo
1602 4444 1630 4483 a
1654 4442 1813 4484 scan-

252 4520 410 4573 dulis.
455 4519 691 4575 Necesse
722 4528 804 4574 est
829 4518 1001 4582 enim,
1038 4528 1098 4573 ut
1140 4520 1365 4573 veniant
1396 4522 1648 4574 scandala
1677 4533 1693 4575 :
1721 4537 1811 4575 ve-

254 4624 551 4665 rumtamen
589 4626 670 4663 ναξ
724 4611 931 4664 homini
974 4610 1073 4674 illi,
1129 4625 1224 4679 per
1274 4624 1438 4679 quem
1492 4610 1810 4666 scandalum

255 4704 415 4756 venit.
446 4701 661 4773 [c1.xxx,
702 4700 780 4772 6.]
814 4701 871 4755 Si
922 4711 1104 4756 autem
1164 4716 1357 4757 manus
1415 4711 1527 4765 tua,
1584 4704 1666 4757 vel
1717 4718 1814 4772 pes

256 4807 378 4847 tuus
414 4795 744 4847 scandalizat
778 4802 851 4855 te,
904 4793 1165 4847 abscinde
1216 4808 1364 4856 eum,
1398 4803 1453 4847 et
1480 4794 1685 4865 projice
1719 4796 1814 4847 abs

252 4898 341 4941 te:
372 4887 571 4939 bonum
620 4888 717 4939 tibi
755 4895 837 4941 est
877 4888 942 4940 ad
980 4887 1145 4955 vitam
1182 4888 1386 4957 ingredi
1430 4888 1687 4953 debilem,
1729 4888 1811 4941 vel

252 4978 520 5039 claudum,
553 4994 712 5045 quant
739 4978 875 5031 duas
906 4994 1119 5043 manus,
1148 4982 1231 5033 vel
1253 4981 1388 5033 duos
1416 4986 1581 5046 pedes
1612 4980 1812 5033 haben-

253 5080 355 5121 tem
388 5070 525 5123 mitti
561 5071 615 5124 in
653 5071 832 5139 ignem
879 5081 1164 5125 aeternum.
1225 5072 1290 5125 Et
1343 5072 1386 5125 si
1445 5073 1638 5125 oculus
1686 5080 1815 5125 tuus

252 5162 580 5214 scandalizat
633 5171 706 5224 te,
757 5176 889 5215 erue
936 5177 1085 5227 eum,
1120 5173 1175 5215 ct
1216 5163 1415 5230 projice
1447 5164 1543 5216 abs
1582 5172 1675 5216 te:
1716 5164 1815 5217 b0-

255 5268 379 5305 num
406 5252 499 5307 tibi
526 5260 611 5307 est
632 5267 755 5306 cum
791 5266 899 5305 uno
933 5255 1090 5305 oculo
1116 5253 1169 5306 in
1203 5256 1369 5306 vitam
1402 5254 1625 5317 intrare,
1654 5270 1814 5322 quam

252 5344 387 5397 duos
433 5346 623 5399 oculos
662 5345 951 5398 habentem
1005 5346 1145 5397 tuitti
1194 5350 1247 5398 in
1294 5346 1597 5414 gehennam
1651 5346 1812 5415 ignis.

254 5432 493 5506 [etxxxi,
530 5435 646 5507 10.]
686 5434 897 5499 Videte,
932 5450 1001 5488 ne
1036 5440 1400 5491 contetnnatis
1438 5453 1600 5490 unum
1627 5452 1693 5491 ex
1730 5439 1816 5491 his

255 5530 503 5597 pusillis:
536 5529 660 5584 dico
694 5530 839 5583 enim
868 5529 1024 5583 vobis
1047 5529 1172 5596 quia
1205 5529 1383 5598 angeli
1407 5543 1597 5581 eorum
1624 5530 1678 5583 in
1703 5545 1815 5583 ene-

254 5620 321 5672 lis
349 5636 561 5690 semper
607 5621 795 5674 vident
838 5621 1029 5674 faciem
1058 5620 1234 5673 Patris
1274 5620 1402 5679 mei,
1450 5620 1541 5687 qui
1578 5620 1630 5671 in
1657 5620 1813 5673 etehs

332 5733 343 5760 ¹
372 5732 586 5801 [ιρςίηιε
626 5750 755 5788 mss.
790 5735 877 5788 hic
917 5750 1114 5788 notuen
1141 5732 1294 5786 lusus
1331 5750 1453 5787 cum
1484 5731 1686 5786 Graecis
1716 5733 1812 5783 :tli-

256 5815 383 5867 quet
418 5804 841 5874 exemplaribus,
913 5815 965 5858 et
1025 5806 1184 5873 paulo
1240 5813 1381 5871 post,
1444 5804 1533 5855 ubi
1590 5802 1808 5868 dicitur,

1924 3237 2104 3291 lorum
2161 3236 2375 3291 homini
2406 3236 2543 3305 regi,
2603 3237 2698 3305 qui
2746 3236 2920 3291 voluit
2988 3238 3258 3291 rationem
3296 3250 3500 3305 ponere

1925 3342 2049 3382 cum
2080 3328 2255 3382 servis
2280 3328 2412 3382 suis.
2446 3326 2658 3381 Etcum
2690 3326 2951 3396 caspisset
2975 3326 3243 3381 rationem
3274 3339 3499 3395 ponere.

1922 3420 2141 3473 oblatus
2172 3428 2258 3474 est
2298 3420 2349 3474 ei
2378 3434 2539 3484 unus,
2583 3418 2676 3488 qui
2720 3419 2955 3473 debebat
2999 3418 3049 3471 ei
3098 3418 3286 3472 decem
3329 3416 3500 3472 millia

1925 3510 2151 3565 talenta.
2207 3509 2345 3565 Cum
2392 3519 2572 3563 autem
2625 3524 2733 3563 non
2771 3509 3002 3563 haberet
3026 3508 3172 3563 unde
3218 3507 3494 3574 redderet,

1916 3602 2080 3672 jussit
2117 3616 2249 3663 eum
2299 3602 2557 3655 dominus
2602 3602 2725 3669 ejus
2780 3599 3111 3665 venundari,
3160 3610 3216 3655 et
3270 3614 3498 3653 uxorein

1919 3694 2059 3763 ejus,
2105 3702 2162 3748 et
2208 3692 2373 3756 ﬁlios,
2420 3699 2476 3745 et
2535 3691 2716 3745 omnia
2745 3706 2867 3760 qua:
2920 3690 3178 3754 habebat,
3231 3698 3285 3743 et
3313 3689 3495 3745 reddi.

1922 3781 2222 3837 Procidens
2270 3788 2454 3835 autem
2492 3793 2686 3834 servus
2713 3778 2824 3841 ille,
2861 3779 3057 3832 orabat
3084 3793 3234 3841 eum,
3265 3779 3494 3832 dicens:

1922 3871 2245 3927 Patientiam
2289 3872 2430 3926 habe
2466 3871 2520 3925 in
2569 3885 2677 3934 me,
2729 3880 2785 3925 et
2842 3871 3027 3924 omnia
3086 3868 3311 3923 reddam
3370 3868 3492 3923 tibi.

1919 3963 2176 4019 Misenus
2202 3973 2385 4018 autem
2421 3964 2678 4018 dominus
2717 3963 2856 4018 servi
2892 3962 3061 4025 illius,
3098 3961 3310 4016 dimisit
3337 3976 3491 4025 eum,

1917 4063 1973 4109 et
2012 4054 2259 4109 debitum
2291 4054 2496 4108 dimisit
2525 4054 2599 4109 ei.
2628 4054 2894 4124 Egressus
2927 4064 3115 4108 autem
3149 4067 3341 4107 servus
3376 4052 3489 4116 ille,

1918 4144 2129 4198 invenit
2180 4158 2346 4197 unum
2398 4143 2465 4197 de
2505 4142 2789 4197 conservis
2843 4145 2981 4207 suis,
3032 4144 3124 4211 qui
3156 4142 3391 4197 debebat
3437 4143 3492 4196 ei

1918 4242 2134 4289 centum
2183 4234 2475 4289 denarios:
2531 4242 2585 4289 et
2643 4244 2838 4288 tenens
2886 4234 3369 4300 suﬂ‘ocabateum,
3402 4234 3491 4287 di-

1920 4340 2085 4379 cens:
2121 4324 2310 4380 Redde
2349 4326 2493 4395 quod
2528 4326 2716 4380 debes.
2754 4324 2822 4379 Et
2861 4326 3152 4394 procidens
3181 4340 3490 4380 conservus

1919 4419 2059 4485 ejus,
2093 4416 2316 4486 rogabat
2336 4431 2486 4478 eum,
2518 4417 2743 4471 dicens:
2776 4417 3100 4471 Patientiam
3128 4417 3269 4473 habe
3298 4418 3484 4481 inme,

1920 4520 1975 4565 et
2007 4511 2189 4563 omnia
2216 4511 2440 4564 reddam
2473 4509 2592 4564 tibi.
2622 4510 2720 4565 llle
2742 4520 2924 4566 autem
2952 4511 3125 4565 noluit
3152 4528 3165 4563 :
3202 4511 3298 4565 sed
3331 4511 3487 4577 abiit,

1918 4611 1974 4655 et
2011 4602 2157 4656 misit
2179 4617 2303 4656 eum
2330 4603 2384 4655 in
2413 4617 2709 4667 carcerem,
2732 4602 2909 4658 donec
2930 4603 3184 4659 redderet
3213 4604 3485 4659 debitum.

1923 4691 2181 4748 Videntcs
2228 4682 2410 4747 autem
2463 4695 2710 4749 conservi
2766 4695 2907 4765 ejus,
2941 4710 3062 4765 quae
3102 4689 3329 4761 ﬁebant,
3356 4712 3486 4751 con-

1921 4786 2119 4840 tristati
2169 4796 2300 4839 sunt
2346 4785 2549 4840 valde:
2594 4795 2649 4839 et
2690 4797 2983 4852 venerunt,
3030 4798 3082 4842 et
3118 4796 3486 4843 narraverunt

1918 4877 2139 4931 domino
2169 4893 2268 4932 suo
2291 4881 2495 4945 omnia,
2542 4893 2662 4947 quae
2693 4877 2837 4933 facta
2873 4878 3112 4933 fuerant.
3138 4878 3295 4933 Tunc
3325 4894 3486 4934 voca-

1920 4967 1996 5019 vit
2027 4968 2178 5021 illum
2203 4968 2458 5021 dominus
2478 4984 2611 5025 suus
2638 5008 2654 5033 ,
2688 4976 2744 5022 et
2768 4970 2842 5022 ait
2868 4968 2946 5022 illi
2978 4986 2990 5021 :
3021 4969 3191 5023 Serve
3220 4984 3479 5040 nequam,

1919 5075 2080 5113 omne
2120 5060 2362 5113 debitum
2403 5060 2587 5114 dimisi
2636 5060 2755 5125 tibi,
2816 5062 3073 5129 quoniant
3125 5065 3326 5132 rogasti
3373 5077 3478 5127 tne,

1919 5168 2099 5205 nonne
2130 5166 2261 5220 ergo
2303 5150 2568 5218 oportuit,
2607 5163 2662 5205 et
2716 5160 2768 5203 te
2812 5152 3057 5205 misereri
3092 5154 3349 5207 conservi
3378 5156 3479 5217 tui,

1917 5245 2059 5298 sicut
2083 5252 2137 5298 et
2164 5259 2265 5312 ego
2307 5244 2380 5295 tui
2413 5244 2675 5297 misertus
2706 5245 2875 5297 sum?
2910 5244 2976 5309 Et
3012 5246 3183 5299 iratus
3227 5246 3482 5301 dominus

1917 5337 2034 5402 ejus
2068 5334 2293 5386 tradidit
2316 5348 2440 5386 eum
2478 5334 2805 5400 tortoribus,
2840 5340 3199 5405 quoadusque
3230 5334 3487 5390 redderet

1921 5430 2235 5481 universum
2288 5426 2551 5481 debitum.
2615 5427 2705 5483 Sic
2751 5438 2807 5481 et
2856 5428 3017 5481 Pater
3054 5443 3209 5481 meus
3240 5428 3484 5481 cmlestis

1918 5521 2081 5574 faciet
2112 5523 2289 5583 vobis,
2333 5522 2376 5574 si
2408 5536 2515 5574 non
2560 5521 2885 5575 remiseritis
2919 5520 3296 5587 unusquisque
3324 5518 3481 5575 fratri

1917 5636 2015 5672 suo
2039 5618 2106 5673 de
2135 5619 2391 5673 cordibus
2422 5620 2641 5673 vestris.

1919 5731 2106 5808 Transi
2153 5733 2269 5783 hinc
2319 5731 2466 5795 illnc,
2518 5733 2744 5783 alterum
2783 5732 2947 5783 hocce
2992 5731 3316 5785 alt‘crbiutu
3347 5747 3488 5801 prce

1918 5811 2245 5857 ῑςιίηιῐιυυι.
