3880 6168
492 370 596 431 ξοδ
1360 376 1421 432 S.
1463 374 1899 436 lllERONYMI
1942 378 2197 437 DlVlNA
2242 375 2765 438 BlBLlOTHECA.
3050 389 3057 394 '
3551 379 3631 439 600

563 484 718 553 [Cap.
771 483 917 539 XIX.
971 500 1221 545 ccxvxtx.
1276 485 1358 557 6.]
1407 486 1474 539 Et
1521 487 1721 543 factum
1773 498 1878 551 est,
1923 505 2047 543 cum
2083 506 2123 562 Α
2156 490 2336 545 omnia
2376 490 2655 559 possibilia
2714 497 2861 543 sunt.
2914 486 3068 539 Tunc
3119 482 3427 550 respondens
3462 485 3635 550 Petrus,

486 588 923 634 consummasset
946 578 1099 632 JeSIis
1124 592 1400 632 sermones
1431 580 1585 641 istos,
1620 581 1867 650 migravit
1891 596 1918 633 a
1941 581 2041 635 Ga~
2155 582 2295 636 dixit
2326 582 2375 635 ei
2412 598 2427 635 :
2454 580 2594 635 Ecce
2624 595 2721 633 nos
2748 578 3065 645 reliquimus
3093 575 3291 631 omnia.
3320 584 3370 629 et
3395 578 3540 630 secuti
3565 594 3638 632 su-

490 674 646 734 lilaea,
679 681 733 724 et
766 672 910 724 venit
939 669 994 722 in
1041 668 1176 723 fines
1203 670 1404 724 Iudaeae
1445 680 1597 725 trans
1641 670 1959 736 Jordanem,
1994 680 2047 726 et
2156 690 2275 728 mus
2309 683 2360 727 te
2397 688 2410 732 :
2441 671 2637 743 [cxcvt,
2670 670 2780 742 10.]
2828 671 2957 740 quid
2992 685 3120 739 ergo
3160 670 3260 723 erit
3292 669 3468 723 nobis?
3512 669 3639 724 Iesus

491 773 690 819 secuta:
724 768 851 816 sunt
876 776 998 815 eum
1043 761 1214 814 turba:
1248 763 1451 824 multae,
1500 772 1553 817 et
1590 765 1801 817 curavit
1823 780 1916 819 eos
1950 765 2045 818 ibi.
2156 775 2336 820 autem
2371 764 2509 817 dixit
2550 765 2653 818 illis
2686 780 2701 819 :
2736 766 2905 817 Amen
2935 762 3058 816 dico
3103 760 3270 822 vobis,
3312 760 3439 829 quod
3465 776 3545 813 vos
3569 762 3641 828 qui

490 856 558 910 Et
590 861 939 907 accesserunt
967 852 1032 905 ad
1071 868 1195 906 eum
1232 852 1487 907 Phariszei
1517 862 1788 909 tentantes
1814 870 1961 918 eum,
1995 865 2051 909 et
2158 859 2329 913 secuti
2360 857 2492 910 estis
2523 872 2629 919 me,
2666 856 2718 908 in
2766 853 3193 923 regeneratione,
3235 867 3348 903 cum
3377 852 3548 904 sederit
3573 852 3643 903 Ei-

491 945 734 999 dicentes
768 959 782 996 :
817 942 870 997 Si
906 942 1035 997 licet
1068 943 1272 996 homini
1309 943 1586 997 dimittere
1618 958 1843 997 uxorem
1873 960 2048 1008 suam,
2159 950 2262 1003 lius
2306 947 2540 1001 hominis
2580 946 2633 1000 in
2662 945 2793 999 sede
2824 943 3116 1013 maiestatis
3154 957 3281 1003 suze,
3342 941 3536 1011 [exerte
3563 942 3643 1013 5.]

492 1048 814 1103 quacunque
850 1048 915 1088 ex
944 1048 1105 1089 causa
1130 1034 1153 1087 ἲ
1179 1032 1280 1100 Qui
1309 1034 1658 1104 respondens,
1689 1036 1862 1091 aiteis
1888 1054 1900 1089 :
1934 1035 2051 1090 Non
2161 1037 2423 1093 sedebitis
2454 1047 2506 1090 et
2544 1052 2640 1091 vos
2673 1051 2836 1103 super
2882 1033 3040 1088 sedes
3067 1031 3366 1093 duodecim,
3398 1031 3649 1099 iudicantes

502 1128 740 1196 legistis,
767 1128 894 1197 quia
929 1129 1018 1197 qui
1053 1128 1181 1184 fecit
1211 1130 1481 1183 hominem
1508 1130 1575 1183 ab
1611 1130 1789 1194 initio,
1814 1130 2051 1183 'mascu-
2162 1130 2448 1185 duodecim
2486 1128 2661 1182 tribus
2692 1126 2879 1181 lsrael.
2912 1124 3151 1195 [cxcvtn.
3186 1120 3264 1191 2.]
3302 1121 3358 1174 Et
3391 1121 3543 1173 omnis
3576 1120 3649 1188 qui

493 1220 605 1272 lum
638 1231 693 1274 et
738 1220 995 1275 feminam
1044 1220 1175 1275 fecit
1218 1221 1352 1275 eos?
1380 1232 1436 1275 et
1482 1220 1620 1275 dixit
1652 1237 1667 1277 :
1698 1222 1924 1289 Propter
1952 1221 2059 1273 hoc
2163 1218 2441 1287 reliquerit
2472 1216 2578 1289 [Αι.
2617 1208 3118 1283 reliquitdomum,]
3146 1207 3230 1261 vel
3264 1210 3460 1267 fratres,
3481 1215 3648 1259 autsn-

496 1310 736 1365 dimittet
781 1313 941 1364 homo
993 1320 1199 1380 patrem
1254 1322 1309 1365 et
1358 1322 1611 1374 matrem,
1658 1320 1713 1366 et
1756 1313 2056 1366 adherebit
2165 1324 2335 1373 rores,
2358 1320 2449 1362 aut
2483 1315 2713 1374 patrem,
2742 1312 2836 1357 aut
2865 1311 3114 1361 matrem,
3150 1293 3655 1357 autuxorem,autli-

499 1402 650 1455 uxori
683 1417 813 1465 suae,
856 1412 911 1456 et
937 1412 1098 1456 erunt
1144 1404 1252 1457 duo
1284 1404 1337 1457 in
1369 1420 1531 1457 carne
1575 1420 1703 1457 una.
1734 1404 1917 1472 Itaque
1945 1404 2054 1471 jam
2165 1402 2398 1465 lios,aut
2420 1404 2839 1469 agros,propter
2858 1408 3054 1447 nomen
3082 1385 3655 1448 meum.centunlumar-

498 1508 607 1546 non
644 1502 770 1545 sunt
802 1493 929 1556 duo,
965 1493 1059 1547 sed
1090 1508 1194 1547 una
1225 1509 1372 1547 caro.
1411 1493 1564 1559 Quod
1591 1508 1727 1560 ergo
1759 1494 1899 1547 Deus
1927 1508 2057 1545 con-
2167 1494 2601 1563 cipiet,etvitam
2629 1499 2882 1542 aeternam
2902 1481 3220 1553 possidebit.
3242 1474 3511 1549 ]cxcux.‘i.]
3538 1473 3655 1527 Multi

497 1582 702 1651 iunxit,
742 1581 902 1635 homo
934 1597 1041 1635 non
1081 1594 1313 1650 separet.
1366 1584 1562 1637 Dicunt
1592 1584 1669 1637 illi
1706 1601 1718 1635 :
1762 1582 1899 1648 Quid
1931 1597 2060 1651 ergo
2168 1594 2347 1639 autem
2384 1588 2545 1635 erunt
2597 1578 2755 1648 primi
2793 1572 3096 1639 nevissimi,
3143 1581 3199 1626 et
3236 1569 3489 1622 novissimi
3519 1564 3657 1632 primi.

498 1670 710 1739 Moyses
751 1670 1021 1725 mandavit
1048 1672 1176 1726 dare
1202 1672 1443 1727 libellum
1476 1674 1713 1742 repudii,
1740 1684 1790 1727 et
1822 1674 2059 1727 dimitte-
2174 1687 2181 1693 '
2238 1673 2393 1745 (Cap.
2435 1670 2549 1725 XX.
2583 1685 2667 1735 cc,
2712 1667 2822 1740 10.]
2877 1666 3065 1723 Simile
3093 1670 3175 1717 est
3207 1675 3419 1729 regnum
3451 1658 3661 1711 ctelorutn

502 1766 605 1817 re?
642 1765 728 1816 Ait
760 1764 864 1817 illis
901 1781 915 1819 :
948 1763 1214 1829 Quoniam
1246 1766 1453 1835 Moyses
1487 1768 1553 1819 ad
1582 1767 1840 1821 duritiam
1875 1766 2061 1821 cordis
2171 1766 2377 1822 homini
2413 1762 2807 1834 patrifamilias,
2840 1758 2933 1829 qui
2964 1757 3098 1812 exiit
3133 1754 3306 1822 primo
3332 1764 3475 1804 mane
3500 1747 3667 1801 condu-

503 1856 670 1911 vestri
704 1856 956 1921 permisit
990 1856 1147 1910 vobis
1178 1856 1451 1913 dimittere
1482 1875 1676 1914 uxores
1704 1870 1909 1916 vestras
1943 1879 1957 1916 :
1991 1861 2058 1915 ab
2091 1879 2138 1935 Β
2164 1874 2288 1913 cere
2314 1856 2593 1925 operarios
2623 1855 2675 1908 in
2709 1857 2920 1906 vineam
2950 1864 3126 1903 suam.
3148 1844 3502 1901 Conventione
3522 1849 3666 1892 "autem

504 1945 663 1999 initio
694 1954 873 2000 autem
911 1960 1021 1998 non
1052 1944 1155 1999 fuit
1182 1946 1281 2001 sic.
1316 1947 1454 2018 [cxc,
1487 1949 1567 2019 2.]
1597 1950 1726 2005 Dico
1757 1961 1937 2003 autem
1969 1967 2063 2002 νος
2094 1928 2133 1935 —
2167 1951 2305 2007 facta
2338 1964 2459 2004 cum
2484 1946 2748 2016 operariis
2774 1960 2840 1998 ex
2874 1942 3097 1997 denario
3128 1939 3347 1997 diurno,
3378 1933 3511 1987 misit
3534 1928 3667 1983 eosin

505 2038 611 2098 his,
661 2036 785 2104 quia
820 2036 1134 2106 quicunque
1176 2038 1441 2094 dimiserit
1482 2057 1703 2095 uxorem
1752 2058 1928 2105 suam,
1961 2041 2061 2095 nisi
2167 2041 2380 2096 vineam
2430 2055 2605 2094 suam.
2649 2038 2717 2091 Et
2767 2047 3021 2104 egressus
3065 2031 3212 2085 circa
3262 2028 3440 2081 horam
3478 2021 3669 2081 tertiam.

506 2128 575 2179 oh
605 2126 1043 2192 fornicationem,
1081 2138 1137 2183 et
1168 2129 1328 2183 aliam
1357 2131 1594 2193 duxerit,
1634 2132 1979 2187 mmchatur:
2013 2141 2067 2186 et
2167 2134 2305 2188 vidit
2347 2132 2483 2185 alios
2530 2138 2737 2184 stantes
2773 2129 2826 2181 in
2877 2126 2995 2180 foro
3039 2122 3267 2181 otiosos.
3311 2126 3361 2171 et
3394 2115 3515 2170 dixit
3550 2112 3672 2165 illis:

506 2217 599 2285 qui
632 2218 908 2273 dimissam
935 2216 1171 2281 duxerit,
1200 2220 1524 2273 moechatur.
1549 2219 1709 2291 [εχει.
1739 2221 1848 2291 10.]
1874 2222 2069 2275 Dicunt
2172 2227 2248 2281 [te
2269 2236 2442 2280 etvos
2468 2224 2522 2276 in
2560 2223 2772 2275 vincam
2808 2232 2980 2272 meam
3014 2217 3057 2276 ί.
3090 2224 3144 2268 et
3171 2209 3315 2281 quod
3340 2210 3526 2278 iustum
3549 2201 3675 2257 ίιιθτίι

508 2312 558 2364 ei
605 2311 857 2379 discipuli
902 2313 1023 2383 ejus
1064 2329 1078 2366 :
1114 2311 1168 2367 Si
1220 2314 1292 2366 ita
1338 2322 1424 2366 est
1458 2327 1617 2366 causa
1666 2315 1901 2369 hominis
1945 2329 2069 2368 cum
2173 2317 2316 2370 dabo
2342 2313 2514 2368 vobis.
2542 2313 2620 2366 llli
2645 2320 2826 2364 autem
2850 2307 3120 2362 abierunt.
3150 2303 3346 2356 lterum
3388 2307 3546 2350 alllem
3575 2292 3677 2345 ειῖίι

512 2417 704 2467 uxore,
752 2418 861 2457 non
906 2405 1124 2472 expedit
1177 2404 1402 2457 nubere.
1433 2404 1536 2471 Qui
1570 2406 1705 2459 dixit
1736 2406 1843 2460 illis
1898 2422 1914 2464 :
1954 2407 2069 2460 Non
2175 2410 2319 2465 circa
2372 2417 2576 2460 sextam
2604 2412 2658 2457 et
2705 2415 2901 2457 nonam
2955 2398 3139 2451 horam
3174 2411 3190 2447 :
3232 2402 3285 2448 et
3312 2390 3428 2444 fecit
3456 2384 3677 2441 similiter.

512 2506 703 2547 omnes
747 2494 968 2561 capiunt
1010 2494 1235 2548 verbum
1286 2495 1453 2557 istud.
1503 2495 1596 2551 sed
1634 2496 1835 2565 quibus
1889 2497 2072 2551 datum
2175 2500 2329 2555 Circa
2359 2497 2696 2552 undecimam
2760 2506 2889 2545 vero
2923 2489 3076 2554 exiit,
3106 2498 3163 2541 et
3200 2485 3399 2539 invenit
3423 2482 3540 2534 alios
3562 2488 3680 2530 atauo

512 2593 619 2636 est.
652 2582 791 2637 Sunt
835 2585 980 2640 enim
1023 2586 1283 2651 eunuchi,
1331 2587 1423 2655 qui
1455 2586 1522 2641 de
1568 2564 1753 2640 matris
1799 2598 1952 2641 utero
1999 2589 2077 2641 sic
2181 2602 2284 2653 tes,
2327 2599 2381 2643 et
2420 2587 2554 2641 dicit
2589 2585 2699 2639 illis
2738 2603 2752 2639 :
2793 2581 2931 2648 Quid
2968 2581 3056 2633 hic
3090 2576 3249 2643 statis
3278 2583 3384 2629 tota
3411 2572 3487 2624 die
3515 2564 3679 2620 otiosi?

516 2674 627 2727 nati
668 2684 796 2728 sunt
836 2693 849 2730 =
906 2686 959 2729 et
1012 2686 1140 2729 sunt
1182 2677 1458 2740 eunuchi.
1505 2679 1598 2745 qui
1657 2677 1781 2731 facti
1832 2687 1960 2731 sunt
2010 2676 2077 2727 ab
2182 2684 2380 2735 Dicunt
2422 2680 2473 2734 ei
2524 2678 2708 2744 :Quia
2758 2690 2918 2730 nemo
2963 2687 3063 2727 nos
3096 2668 3375 2723 conduxit.
3409 2663 3531 2716 Dicit
3561 2659 3681 2712 illis;

518 2765 835 2819 hominibus
870 2782 885 2820 :
916 2777 971 2821 et
995 2776 1124 2820 sunt
1150 2767 1411 2829 eunuchi,
1447 2768 1539 2836 qui
1571 2768 1780 2837 seipsos
1811 2777 2082 2822 castrave-
2182 2774 2259 2828 lie
2297 2782 2353 2825 et
2386 2787 2484 2826 vos
2516 2772 2567 2823 in
2619 2770 2827 2823 vineam
2864 2779 3061 2819 meam,
3096 2758 3235 2814 Cum
3267 2770 3385 2812 sero
3413 2762 3569 2805 autem
3596 2748 3683 2798 ῐδοο

520 2868 647 2910 runt
678 2866 898 2925 propter
934 2874 1160 2925 regnum
1195 2860 1482 2914 cmlorum.
1514 2859 1619 2923 Qui
1657 2870 1833 2928 potest
1865 2874 2079 2924 capere,
2184 2877 2299 2921 tum
2344 2874 2508 2927 esset,
2550 2863 2682 2918 dicit
2718 2859 2976 2914 Dominus
3007 2856 3183 2909 vinea:
3234 2846 3545 2921 procuratori
3570 2854 3681 2894 suo:

518 2950 719 3016 capiat.
768 2946 965 3016 [cxcn,
1009 2948 1091 3020 2.]
1142 2948 1295 3003 Tunc
1328 2950 1493 3005 oblati
1520 2961 1645 3004 sunt
1677 2950 1725 3002 ei
1757 2947 1991 3019 parvuli,
2025 2958 2085 3003 ut
2186 2959 2329 3014 voca
2366 2956 2661 3026 cperarios,
2702 2961 2757 3007 et
2783 2949 2947 3005 redde
2978 2946 3085 3000 illis
3114 2940 3438 3000 mercedem,
3466 2932 3686 3001 incipiens

521 3054 715 3093 manus
766 3040 846 3095 eis
891 3042 1223 3110 imponeret,
1271 3051 1326 3096 et
1375 3050 1573 3096 oraret.
1613 3041 1870 3109 Discipuli
1904 3050 2083 3094 autem
2188 3068 2218 3105 τι
2258 3048 2572 3105 novissimis
2610 3060 2783 3113 usque
2816 3044 2882 3097 ad
2911 3042 3134 3111 primos.
3174 3037 3309 3092 Cum
3344 3030 3589 3085 venissent
3615 3038 3684 3073 er-

522 3130 877 3199 increpahant
906 3146 1024 3187 eos.
1060 3132 1223 3187 Iesus
1251 3148 1377 3187 vero
1409 3133 1484 3186 ait
1514 3133 1596 3187 eis
1631 3148 1645 3186 :
1683 3132 1858 3186 Sinite
1890 3147 2088 3200 parvu-
2190 3155 2257 3208 go
2292 3139 2381 3208 qui
2410 3138 2551 3192 circa
2587 3134 2931 3188 undecimam
2960 3131 3150 3183 horam
3199 3130 3467 3181 venerant,
3507 3124 3687 3208 accepe-

522 3224 622 3287 los,
662 3232 719 3275 et
747 3223 910 3276 nolite
936 3238 1029 3277 eos
1079 3224 1371 3292 prohibere
1414 3226 1478 3278 ad
1510 3241 1596 3279 me
1635 3227 1821 3279 venire
1852 3241 1865 3276 :
1902 3225 2086 3277 talium
2116 3209 2158 3263 (ἶ
2193 3198 2322 3284 ;υηί
2352 3228 2595 3299 singulos
2624 3224 2904 3280 denarios.
2937 3221 3235 3277 Venientes
3265 3224 3439 3268 autem
3468 3219 3517 3261 et
3546 3198 3691 3273 primi.

522 3323 605 3365 est
640 3313 785 3365 enim
817 3328 1043 3381 regnum
1073 3316 1353 3370 caelorum.
1388 3316 1455 3369 Et
1482 3331 1604 3370 cum
1636 3316 1987 3386 imposuisset
2012 3314 2092 3369 eis
2195 3321 2442 3376 arbitrati
2476 3328 2602 3373 ειιηι
2627 3316 2771 3387 quod
2803 3315 2926 3383 plus
2952 3320 3137 3368 essent
3170 3302 3440 3374 accepturi
3475 3316 3488 3355 :
3516 3306 3695 3358 accepcz

529 3419 744 3466 manus,
780 3405 913 3458 abiit
946 3406 1093 3461 inde.
1142 3405 1347 3477 [cxcm,
1381 3406 1461 3469 2.]
1499 3407 1563 3462 Et
1600 3424 1727 3463 ecce
1764 3423 1905 3463 unus
1938 3423 2095 3463 acce-
2198 3424 2323 3469 runt
2352 3423 2531 3468 autem
2562 3420 2617 3465 ct
2648 3386 2747 3479 ipsi
2779 3406 3022 3474 singulos
3053 3400 3335 3456 denarios.
3381 3394 3445 3449 Et
3472 3386 3696 3455 accipien-

528 3496 688 3555 dens.
732 3496 808 3548 ait
836 3497 909 3550 illi
942 3510 957 3550 :
989 3482 1240 3566 Itiagisier
1270 3498 1434 3560 bone,
1465 3500 1593 3566 quid
1629 3500 1757 3553 boni
1789 3500 2003 3561 faciam,
2037 3511 2095 3554 ut
2199 3518 2279 3560 tes
2296 3503 2708 3559 murmurabanl.
2727 3500 2990 3553 adversus
3008 3482 3695 3564 patremfamilias,diccntes:

533 3586 759 3639 habeam
795 3586 958 3639 vitam
989 3596 1249 3641 :rternam
1294 3589 1317 3641 ?
1371 3588 1471 3653 Qui
1508 3590 1643 3643 dixit
1684 3593 1732 3643 ei
1781 3601 1794 3642 :
1833 3591 1969 3655 Quid
2012 3606 2097 3643 me
2201 3598 2261 3651 ui
2302 3595 2578 3651 novissimi
2622 3607 2723 3648 una
2751 3592 2884 3645 liora
2918 3592 3189 3647 fecerunt,
3228 3593 3284 3637 et
3320 3592 3469 3649 pares
3494 3572 3599 3626 illos
3626 3577 3700 3618 no-

531 3675 833 3742 Ῑ¹¹¹⁶⁵¹³Γ⁰8³⁵
866 3675 932 3730 de
967 3677 1110 3731 1’0""
1141 3677 1166 3731 Ῠ
1212 3678 1361 3762 Πηηξ
1390 3689 1470 3732 οεῑ
1503 3681 1674 3733 ὺοηυε
1707 3681 1864 3735 DCIIS-
1910 3679 1965 3733 Si
1999 3694 2097 3732 ευ·
2198 3689 2283 3743 bis
2318 3687 2510 3749 fecisti,
2560 3684 2652 3753 qui
2696 3680 3033 3752 portavimus
3076 3674 3297 3745 pondus
3330 3667 3451 3726 diei,
3480 3673 3522 3717 et
3556 3666 3699 3711 estus.

532 3777 638 3819 tem
693 3767 773 3819 vis
801 3768 867 3819 ad
920 3768 1084 3821 vitam
1140 3754 1376 3837 ingredi.
1435 3784 1588 3822 serva
1638 3768 1907 3822 mandata.
1961 3770 2098 3822 Dicit
2201 3779 2390 3834 Atille
2426 3774 2761 3845 respondens
2787 3773 2881 3824 uni
2925 3783 3135 3830 eorum,
3168 3764 3310 3819 dixit
3357 3776 3372 3817 :
3414 3754 3703 3840 Antimum]

532 3859 629 3911 illi.
669 3857 841 3923 Quae?
870 3860 1028 3914 Jesus
1061 3871 1240 3915 autem
1277 3862 1409 3914 dixit
1443 3879 1455 3916 :
1486 3862 1602 3915 Non
1637 3862 1990 3915 homicidium
2025 3860 2100 3912 fa~
2204 3870 2341 3924 facio
2382 3867 2476 3922 tibi
2518 3836 2770 3934 iniuriam
2808 3877 2823 3917 :
2865 3875 3043 3913 nonne
3086 3872 3156 3911 ex
3197 3852 3421 3909 denario
3456 3836 3705 3900 convenisti

532 3948 685 4003 cies:
738 3950 855 4004 Non
898 3952 1228 4007 adulterabis
1270 3966 1283 4006 :
1319 3953 1435 4007 Non
1484 3952 1651 4007 facies
1700 3952 1901 4006 furtum
1933 3968 1946 4007 :
1983 3950 2097 4005 Non
2204 3960 2460 4015 mecum?
2490 3932 2661 4020 Tolle,
2712 3954 2855 4023 quod
2889 3961 3038 4006 tuum
3071 3959 3178 4008 est,
3224 3956 3282 4000 et
3309 3942 3439 3995 vade
3469 3954 3483 3992 :
3510 3932 3615 3988 volo
3636 3939 3709 3977 au-

534 4041 726 4095 falsum
779 4045 1145 4097 teSIintonium
1185 4044 1336 4099 dices
1376 4061 1391 4098 :
1438 4043 1651 4097 Iionora
1688 4052 1891 4113 patrem
1927 4054 2098 4105 tuum,
2206 4063 2314 4107 iam
2364 4064 2415 4105 ει
2452 4050 2578 4104 huic
2614 4047 2907 4101 novissimo
2948 4045 3080 4096 dare
3112 4041 3255 4094 sicut
3280 4047 3335 4090 et
3370 4032 3478 4085 tibi.
3508 4029 3577 4079 An
3626 4031 3711 4071 ηοη

534 4142 590 4184 et
637 4142 864 4187 matrem
900 4142 1045 4186 tuam
1086 4150 1097 4185 :
1127 4144 1181 4187 et
1210 4134 1400 4201 diliges
1431 4134 1735 4201 proximum
1770 4142 1919 4186 tuum
1964 4134 2105 4187 sicut
2210 4146 2335 4199 ιίρρι
2364 4142 2494 4197 mihi
2531 4141 2674 4209 quod
2724 4136 2869 4195 γοιο,
2919 4130 3148 4187 facere?
3197 4145 3266 4182 an
3300 4125 3485 4179 oculus
3512 4126 3620 4170 tuus
3640 4123 3712 4161 ne-

534 4225 791 4291 teipsnm.
850 4224 989 4277 Dicit
1020 4224 1094 4278 illi
1127 4224 1447 4279 adulescens
1482 4241 1494 4275 :
1542 4226 1738 4279 Omnia
1772 4226 1886 4279 haec
1916 4237 2103 4280 custo-
2208 4251 2369 4307 quam
2395 4242 2498 4297 est,
2537 4200 2663 4299 quia
2692 4243 2791 4297 ego
2820 4224 2994 4280 bonhs
3024 4222 3191 4277 sum?
3229 4220 3320 4274 Sic
3348 4224 3506 4267 erunt
3531 4200 3715 4260 noViSSi'

536 4316 644 4368 divi
682 4332 711 4369 a
757 4316 1044 4385 iuventute
1095 4331 1235 4378 mea,
1286 4317 1412 4385 quid
1460 4316 1637 4370 adhuc
1689 4317 1822 4371 mihi
1881 4317 2035 4372 deest
2083 4317 2106 4369 ?
2211 4296 2284 4382 {ni
2339 4296 2643 4393 primipet
2668 4296 2827 4387 primi
2880 4313 3187 4369 novissimi.
3268 4306 3415 4362 Multi
3454 4300 3586 4356 enim
3619 4296 3717 4345 sum

539 4412 547 4473 ι
589 4424 761 4473 cxcrv,
806 4408 858 4461 2.
888 4407 908 4478 ]
955 4410 1042 4461 Ait
1078 4407 1154 4463 illi
1186 4408 1344 4462 Jesus
1379 4426 1393 4463 :
1427 4406 1481 4461 Si
1540 4410 1623 4463 vis
1656 4408 1930 4475 perfectus
1964 4424 2104 4471 esse,
2214 4416 2410 4480 vocati,
2441 4412 2599 4481 pauci
2632 4423 2757 4463 tero
2783 4408 2964 4462 electi.

538 4500 694 4563 vade,
740 4500 910 4557 vende
943 4513 1064 4566 quae
1103 4498 1293 4560 habes,
1328 4508 1383 4551 et
1425 4502 1492 4552 da
1525 4500 1880 4568 pauperibus,
1924 4510 1979 4554 et
2015 4501 2106 4553 ha-
2142 4536 2183 4589 ο
2284 4511 2409 4579 [cei,
2437 4503 2604 4574 2.]Et
2626 4500 2925 4555 ascendens
2943 4498 3103 4552 Jesus
3124 4484 3718 4589 JerosolymamJSSlllm'

540 4592 697 4644 beluis
740 4591 1051 4646 thesaurum
1108 4590 1161 4643 in
1198 4592 1336 4643 casio
1384 4601 1397 4642 :
1448 4598 1502 4643 et
1552 4591 1696 4653 veni,
1730 4606 1959 4659 sequere
2000 4608 2103 4645 me.
2144 4566 2183 4589 υ
2211 4566 2318 4667 psit
2347 4566 2634 4651 duodecim
2666 4576 2964 4659 discipulos
2998 4596 3234 4645 secreto,
3263 4592 3321 4637 et
3349 4580 3426 4632 ait
3458 4575 3555 4628 illis
3579 4586 3591 4620 :
3613 4566 3721 4619 Ecce

543 4682 719 4749 [cxcv,
752 4680 834 4751 2.]
859 4680 994 4739 Cum
1027 4680 1265 4735 audisset
1294 4691 1473 4738 autem
1501 4680 1819 4735 adolescens
1854 4683 2105 4747 verbum,
2204 4660 2545 4745 ξιςεεηάίηιυε
2567 4686 2981 4752 ,ιρι-οςοι)ηι;ιηι,
3004 4690 3052 4733 et
3078 4676 3255 4733 Filius
3284 4660 3722 4726 hoministradetur

544 4774 679 4825 obiit
729 4773 899 4825 tristis
939 4786 953 4826 :
990 4780 1110 4824 erat
1141 4770 1285 4823 enim
1337 4769 1542 4823 habens
1574 4770 1769 4823 multas
1806 4774 2107 4835 possessio-
2203 4780 2541 4851 principibus
2588 4774 2956 4835 sacerdotum,
2989 4780 3046 4823 et
3081 4768 3309 4826 Scribis,
3358 4772 3413 4814 et
3454 4753 3723 4851 condemna-

543 4879 659 4916 nes.
708 4862 868 4917 Iesus
901 4872 1081 4915 autem
1117 4858 1253 4923 dixit
1282 4859 1559 4928 discipulis
1589 4860 1704 4914 suis
1738 4876 1753 4911 :
1787 4862 1956 4914 Amen
1986 4861 2106 4914 dico
2203 4836 2341 4927 imnt
2374 4836 2497 4926 eum
2531 4878 2728 4931 morte,
2755 4874 2810 4926 et
2843 4864 3059 4917 tradent
3100 4873 3229 4913 eum
3263 4852 3509 4923 gentibus
3534 4842 3593 4895 ad
3631 4836 3726 4889 illu-

546 4954 719 5017 robis,
754 4954 879 5020 quia
905 4954 1057 5006 dives,
1092 4952 1311 5006 difﬁcile
1343 4950 1569 5003 intrabit
1599 4952 1649 5003 in
1684 4967 1906 5020 regnum
1942 4954 2108 5006 cmlo-
2206 4964 2465 5022 demtum,
2495 4970 2550 5012 et
2578 4956 2955 5025 ﬂzigellandum
3011 4960 3066 5004 et
3097 4941 3546 5014 crueitigendum.
3575 4939 3621 4984 et
3650 4936 3731 4977 le"

547 5067 687 5104 rum.
724 5050 789 5103 Et
826 5050 1023 5103 iterum
1052 5047 1173 5101 dico
1214 5044 1370 5097 vobis
1410 5059 1424 5099 :
1468 5044 1701 5101 Facilius
1728 5056 1811 5099 est
1839 5046 2103 5099 camelu'u
2218 5056 2289 5107 tia
2320 5053 2408 5104 die
2447 5021 2706 5117 resurget.
2758 5046 2927 5115 ]ccu.
2963 5043 3015 5095 6.
3056 5040 3071 5110 ἶ
3118 5028 3525 5103 Tunicae-cessit
3550 5021 3606 5075 ad
3632 5024 3729 5069 eum

546 5159 641 5205 [MPF
672 5142 912 5197 foramen
949 5156 1078 5196 acus
1129 5140 1384 5201 lfﬂllSil‘C,
1419 5152 1579 5205 quain
1629 5139 1853 5192 divitem
1906 5141 2110 5193 intrare
2220 5155 2391 5196 mater
2442 5143 2675 5195 ﬁliorum
2708 5138 2744 5190 Ζ
2770 5137 2952 5190 -υοιιωί
2987 5149 3109 5186 cum
3302 5126 3436 5186 suis,
3466 5120 3671 5173 adorans
3694 5111 3735 5203 (Et

547 5239 600 5290 in
649 5250 876 5305 regnum
920 5234 1206 5286 rmlnrum.
1262 5232 1474 5285 Auditis
1504 5242 1685 5284 autem
1718 5232 1824 5289 his,
1858 5230 2109 5296 disvipuli
2224 5244 2412 5302 petens
2458 5230 2658 5298 aliquid
2701 5230 2767 5281 ab
2799 5244 2886 5280 eo.
2938 5226 3038 5290 Qui
3070 5223 3208 5275 dixit
3236 5222 3287 5273 ei
3325 5213 3498 5281 :Quid
3531 5201 3735 5305 vis‘."Ait

546 5329 888 5381 mirabantur
924 5326 1103 5387 valde,
1138 5324 1380 5378 dicentes
1463 5324 1597 5388 Quis
1622 5337 1750 5391 ergo
1781 5324 1984 5388 poterit
2010 5321 2114 5373 sal—
2225 5289 2301 5376 illi
2338 5339 2352 5377 :
2384 5323 2495 5386 Dic,
2526 5289 2584 5375 ut
2611 5319 2838 5375 sedeant
2871 5316 2923 5368 hi
2958 5289 3064 5367 duo
3092 5312 3185 5364 ﬁlii
3219 5309 3350 5371 mei,
3383 5318 3517 5357 unus
3546 5294 3604 5349 ad
3635 5289 3737 5344 dex-

547 5437 647 5475 vus
692 5420 858 5475 esse?
891 5418 1171 5486 Aspiciens
1201 5426 1381 5470 autem
1412 5416 1590 5476 Jesus,
1622 5414 1753 5466 dixit
1787 5414 1891 5465 illis
1919 5426 1931 5464 :
1960 5412 2115 5479 Apud
2227 5428 2395 5468 rerum
2442 5424 2609 5475 tuam,
2641 5422 2693 5466 et
2740 5426 2883 5463 unus
2926 5409 2989 5462 aii
3032 5407 3335 5462 sinistram,
3374 5400 3424 5452 in
3459 5402 3606 5459 regno
3632 5392 3735 5486 .100.

547 5512 797 5567 homines
844 5512 943 5565 hoc
994 5509 1329 5579 impossibile
1373 5517 1455 5562 est
1502 5522 1513 5556 :
1549 5506 1687 5573 apud
1726 5505 1889 5559 Deum
1936 5517 2116 5557 autem
2230 5504 2583 5570 Respondens
2619 5512 2797 5558 autem
2828 5500 3007 5561 Iesus,
3056 5496 3192 5549 dixit
3235 5485 3509 5546 :Nescitis
3534 5473 3645 5548 quid
3668 5482 3742 5539 per

630 5696 646 5723 ί
678 5693 870 5746 Meam.
897 5704 1195 5758 pronomen
1236 5689 1340 5747 hic,
1370 5696 1421 5739 et
1444 5686 1601 5758 paulo
1632 5698 1774 5755 post,
1820 5686 1904 5744 ubi
1928 5684 2114 5741 eadem
2162 5688 2391 5739 recorrit
2426 5684 2697 5752 peticepe,
2738 5682 2796 5734 in
2827 5679 3038 5733 duobus
3072 5673 3288 5743 Reginae
3323 5682 3445 5723 mss.
3480 5670 3532 5715 ut
3595 5663 3641 5707 ει
3706 5656 3743 5692 ³

563 5764 600 5818 C
614 5776 751 5815 sistet)
785 5771 866 5812 lex
879 5772 926 5811 tit
954 5757 1319 5813 desideratur.
