3880 6168
194 361 277 427 601
1148 360 1657 422 EVANGELlUfil
1701 368 1709 418 ε

1818 361 1863 420 3.
1903 361 2381 426 ΜΛΤΤΙῌΞΠΜ.

3306 361 3413 425 602

198 476 322 530 tatis.
362 470 574 528 f‘otestis
610 470 801 526 bibere
830 472 1077 537 calicem,
1115 488 1275 542 quem
1308 489 1409 543 ego
1450 473 1727 526 bibiturus
1755 495 1802 544 Α
1830 473 2022 525 dentes
2049 484 2229 525 autem
2259 472 2534 542 principes
2564 476 2932 539 sacerdotum,
2966 483 3023 529 et
3067 473 3273 529 Scriba!
3315 477 3415 529 uti-

184 568 320 623 sum?
370 565 553 617 Dicunt
575 567 625 618 ei
682 580 697 618 :
747 565 1069 619 Possumus.
1122 566 1209 619 Ait
1264 566 1374 620 illis
1424 582 1438 621 :
1481 565 1717 620 Calicem

184 660 365 728 quidem
392 672 559 709 meum
597 656 796 711 bibetis
830 674 843 713 :
906 656 1101 711 sedere
1128 665 1308 711 autem
1341 657 1410 711 ad
1440 659 1717 712 dexteram

186 768 349 814 meam,
392 750 467 803 vel
502 751 803 813 sinistram,
856 760 1097 827 non‘est
1146 767 1326 805 meum
1374 751 1505 805 dare
1539 753 1717 816 vobis,

184 848 255 899 sed
298 843 476 913 quibus
518 853 765 909 paratum
806 854 889 898 est
920 859 949 897 a
981 843 1143 899 Patre
1186 860 1330 899 meo.
1404 842 1575 915 jecur,
1615 846 1717 918 2.]

184 939 238 992 Et
265 936 525 989 audientes
549 934 761 998 decem,
798 936 1064 1005 indignati
1096 948 1224 991 sunt
1255 939 1322 991 de
1356 937 1573 991 duobus
1606 936 1716 990 fra-

188 1030 346 1083 tribus.
391 1026 541 1081 Jesus
568 1038 751 1080 autem
780 1028 998 1081 vocavit
1036 1044 1129 1082 eos
1155 1030 1221 1083 ad
1255 1044 1336 1093 se,
1362 1040 1417 1084 et
1443 1031 1519 1082 ait
1547 1046 1562 1085 :
1601 1028 1718 1095 Sci,-

184 1123 234 1175 tis
272 1119 381 1189 quia
434 1119 709 1188 principes
759 1120 1001 1186 gentium
1050 1121 1408 1176 dominantur
1455 1137 1647 1176 eorum
1698 1134 1715 1174 :

187 1230 210 1268 e
248 1213 324 1281 qui
353 1211 577 1281 majores
626 1220 781 1276 sunt,
823 1221 1146 1281 potestatem
1197 1224 1457 1269 exercent
1508 1217 1558 1267 in
1598 1230 1713 1269 eos.

178 1306 269 1359 Non
313 1306 373 1357 ita
398 1303 498 1357 erit
531 1303 677 1357 inter
706 1319 806 1358 vos
842 1305 980 1359 :sed
1017 1306 1338 1376 quicunque
1369 1307 1603 1361 voluerit
1636 1307 1716 1359 in-

181 1412 243 1447 ter
268 1412 346 1448 vos
378 1394 544 1462 major
581 1394 825 1458 ﬁeri,'sit
854 1406 1037 1451 vester
1078 1398 1328 1469 minister
1365 1416 1381 1455 :
1414 1409 1469 1451 et
1503 1398 1593 1464 qui
1626 1412 1717 1450 v0-

177 1488 307 1543 luerit
350 1488 482 1541 inter
509 1504 612 1542 vos
644 1490 855 1554 primus
904 1504 1049 1548 esse.
1098 1491 1204 1543 erit
1253 1500 1431 1545 vester
1465 1506 1701 1545 servm:

180 1579 311 1649 Iecur,
332 1574 580 1648 l.]Sicut
608 1577 781 1633 Filius
814 1578 1057 1633 hominis
1088 1595 1193 1633 non
1209 1582 1358 1634 venit
1394 1580 1711 1640 ministrari,

174 1669 247 1723 sed
288 1667 586 1721 ministrare
636 1668 845 1722 etdare
894 1670 1133 1723 animam
1167 1684 1345 1731 suam,
1381 1668 1713 1741 redemptio:

176 1776 270 1814 nem
296 1774 379 1829 pro
408 1760 616 1815 multis.
653 1758 813 1831 [ccv,
844 1761 901 1814 2.
928 1758 948 1831 ]
982 1760 1041 1815 Et
1066 1761 1475 1829 egredientibus
1509 1761 1616 1814 illis
1645 1763 1713 1815 ab

173 1850 368 1914 Iericho,
398 1862 586 1905 secuta
617 1862 704 1906 est
732 1868 857 1906 eum
890 1854 1045 1908 turba
1080 1855 1246 1906 multa
1285 1868 1298 1906 :

175 1944 273 1997 caci
314 1944 559 2000 sedentes
615 1959 771 1999 secus
820 1945 985 2007 viam,
1036 1946 1333 1999 audierunt
1378 1947 1505 2014 quia
1552 1946 1710 2000 Jesus

1827 562 2044 625 rabilia,
2093 580 2214 632 qua:
2250 564 2400 629 fecit,
2448 574 2503 619 et
2539 582 2739 635 pueros
2772 568 3074 621 clamantes
3119 567 3173 621 in
3212 569 3415 637 templo

1823 662 1877 708 et
1913 654 2161 709 dicentes
2195 674 2208 711 :
2245 655 2500 711 llosanua
2534 660 2643 713 tilio
2683 659 2848 712 David
2890 676 2905 714 :
2948 660 3211 727 indignati
3265 669 3411 722 sunt.

1822 756 1878 801 et
1908 747 2167 801 dixerunt
2198 749 2247 801 ei
2289 765 2303 802 :
2350 752 2521 804 Audis
2551 752 2680 817 quid
2721 752 2807 805 isti
2844 751 3085 805 dicunt?
3131 751 3289 807 JeSiis
3318 766 3417 804 au-

1823 850 1930 895 tem
1960 841 2096 894 dixit
2125 842 2205 897 eis
2237 856 2250 893 :
2287 842 2507 912 Utique,
2558 861 2837 914 nunquam
2877 846 3087 914 legistis
3139 862 3153 898 :
3188 846 3321 910 Quia
3345 860 3414 898 ex

1819 946 1919 984 ore
1988 932 2279 986 infantium
2328 946 2383 986 et
2435 934 2756 988 lactentium
2805 936 3086 1005 peri‘eeisti
3138 935 3411 989 laudem?

1819 1021 2033 1094 [ccxng
2066 1023 2145 1095 6.]
2178 1023 2240 1076 Et
2276 1025 2482 1080 relictis
2516 1026 2642 1089 illis,
2672 1028 2809 1081 abiit
2848 1029 2993 1081 foras
3032 1040 3183 1082 extra
3216 1029 3401 1083 civita-
3442 1023 3463 1094 δ’

1823 1125 1932 1170 tem
1961 1117 2014 1169 in
2058 1115 2375 1172 Bethaniam
2409 1138 2425 1178 ;
2459 1119 2641 1187 ibique
2676 1121 2895 1175 mansit.
2928 1120 3082 1175 Mane
3112 1130 3291 1174 autem
3324 1136 3409 1174 re—

1820 1219 2042 1263 vertens
2070 1208 2125 1262 in
2152 1210 2451 1273 civitatem,
2484 1212 2698 1266 csuriit.
2725 1212 2791 1265 Et
2817 1213 3008 1267 videns
3038 1213 3122 1267 ﬁci
3151 1212 3406 1266 arborem

1820 1315 1981 1353 ttuam
2022 1316 2181 1355 secus
2232 1302 2399 1364 viam,
2450 1306 2597 1358 venit
2623 1306 2686 1356 al
2721 1321 2839 1358 eain
2899 1321 2913 1359 :
2948 1314 3004 1358 et
3036 1306 3168 1357 nihil
3199 1304 3406 1358 invenit

1818 1392 1872 1445 iu
1902 1408 1963 1445 ea
1995 1394 2095 1447 nisi
2127 1393 2252 1446 folia
2285 1404 2515 1458 tantum,
2544 1406 2600 1449 et
2630 1398 2703 1448 ait
2744 1397 2818 1449 illi
2859 1415 2873 1451 ε
2920 1397 3209 1465 Nunquam
3259 1411 3323 1448 ex
3355 1404 3405 1448 ιι.

1819 1481 2031 1537 fructus
2070 1495 2323 1539 nascatur
2351 1487 2406 1540 in
2438 1488 2859 1555 sempiternum.
2917 1488 2981 1539 Et
3031 1488 3269 1542 arefacta
3322 1497 3407 1539 est

1818 1575 2080 1629 continuo
2139 1578 2391 1631 ﬁculnea.
2448 1578 2513 1631 Et
2566 1580 2813 1634 videntes
2865 1580 3167 1647 discipuli,
3223 1578 3404 1631 mirati

1818 1677 1967 1725 sunt.
1999 1668 2243 1724 dicentes
2278 1688 2291 1723 :
2324 1668 2609 1734 Quomodo
2649 1672 2913 1724 continuo
2946 1671 3133 1723 aruitl
3198 1668 3216 1740 [
3246 1684 3401 1731 ccxv,

1819 1759 1907 1831 6.]
1944 1760 2297 1829 Respondens
2346 1773 2528 1818 autem
2578 1764 2757 1825 Jesus,
2791 1765 2865 1817 ait
2901 1764 2983 1817 eis
3023 1781 3037 1818 :
3070 1764 3243 1817 Amen
3278 1763 3404 1817 dico

1342 1866 1401 1907 et
1434 1867 1564 1907 ecce
1600 1852 1710 1906 duo
1746 1841 1784 1893 Β
1814 1851 1994 1914 vobis,
2043 1853 2086 1908 si
2135 1854 2443 1909 habueritis
2489 1854 2649 1909 ﬁdem
2674 1894 2689 1917 ,
2738 1865 2794 1909 et
2845 1871 2953 1908 non
2993 1854 3402 1914 haesitat-eritis.

1815 1958 1925 1997 non
1953 1944 2129 1999 solum
2156 1946 2223 1999 de
2252 1948 2486 2001 ﬁculnea
2514 1947 2747 2008 facietis,
2778 1950 2870 2002 sed
2904 1957 2958 2001 et
2993 1948 3039 2002 si
3071 1948 3242 1999 monti
3277 1947 3402 1999 huic.

1812 2035 2095 2090 dixeritis:
2126 2036 2278 2089 Tolle
2307 2048 2378 2103 te,
2403 2040 2612 2106 etjacta
2634 2040 2756 2092 tein
2779 2054 2948 2101 mare,
2980 2037 3089 2090 ﬁet.
3115 2036 3399 2108 (canui)

1810 2126 1877 2180 Et
1894 2127 2076 2180 omnia
2095 2143 2432 2199 qutecunque
2450 2131 2721 2199 petieritis
2748 2132 2799 2183 in
2825 2131 3069 2185 oratione
3091 2130 3401 2195 credentes,

1809 2219 2111 2286 accipietis.
2143 2218 2362 2292 [ccxvu,
2389 2220 2469 2292 2.]
2500 2223 2713 2277 Etcum
2742 2223 2982 2276 Venisset
3020 2224 3071 2274 in
3108 2223 3394 2288 templum,

1809 2318 2158 2365 accesserunt
2177 2312 2241 2364 ad
2264 2328 2390 2365 eum
2408 2313 2716 2375 docentem,
2752 2314 3026 2383 principes
3050 2311 3399 2366 sacerdotum

1809 2415 1863 2459 et
1902 2407 2149 2461 seniores
2194 2408 2402 2478 populi,
2434 2408 2679 2463 dicentes
2709 2423 2723 2436 ³
2762 2409 2819 2462 In
2856 2424 2961 2477 qua
2992 2417 3258 2476 potestate
3290 2408 3404 2461 inec

1809 2496 1985 2553 facis?
2019 2498 2086 2551 Et
2114 2500 2239 2566 quis
2274 2498 2369 2553 tibi
2390 2500 2537 2554 dedit
2573 2502 2711 2555 hanc
2744 2500 3119 2566 potestatem?
3160 2498 3398 2564 Respon-

1810 2592 1945 2645 dens
1983 2590 2143 2646 Jesus
2175 2590 2310 2645 dixit
2337 2593 2416 2645 eis
2458 2612 2472 2649 ι
2514 2592 2865 2662 laterrogabo
2890 2608 2986 2646 vos
3012 2602 3066 2645 et
3094 2606 3193 2660 ego
3234 2606 3402 2644 tmtun

1808 2692 2115 2731 sermonem
2154 2694 2168 2733 :
2218 2694 2378 2747 quem
2432 2683 2477 2733 si
2530 2680 2780 2734 dixeritis
2814 2681 2969 2743 mihi,
3025 2690 3077 2734 et
3116 2696 3217 2748 ego
3247 2680 3403 2733 vobis

1807 2766 1985 2819 dicam
2014 2767 2067 2819 iu
2097 2782 2201 2835 qua
2231 2776 2494 2835 potestate
2522 2770 2637 2825 haec
2668 2770 2829 2824 facio.
2864 2771 3199 2840 Baptismum
3228 2768 3399 2822 Joan-

1808 2859 1891 2912 nis
1923 2859 2067 2914 unde
2089 2861 2244 2914 erat?
2276 2878 2305 2917 e
2334 2868 2490 2924 etnio,
2522 2880 2589 2917 an
2608 2863 3222 2917 exhominibus?Atilli
3246 2865 3399 2931 cogi.

1810 2954 1995 3005 tabant
2038 2951 2183 3007 inter
2222 2969 2281 3008 se
2318 2954 2601 3009 dicentes:
2654 2955 2708 3010 Si
2751 2956 3074 3020 dixerimus,
3099 2956 3395 3009 ecaalodi-

1806 3052 1891 3096 cet
1920 3044 2097 3107 nobis,
2121 3060 2291 3114 quare
2311 3061 2439 3115 ergo
2469 3064 2575 3101 non
2604 3048 2919 3103 credidistis
2963 3048 3038 3102 illi
3064 3050 3085 3100 ‘.’
3120 3048 3175 3103 Si
3204 3057 3389 3101 autem

1808 3136 2129 3199 dixerimus,
2155 3153 2219 3191 ex
2253 3140 2583 3202 hominibus,
2621 3140 2875 3193 timemus
2911 3141 3127 3195 turbam
3154 3156 3168 3193 :
3199 3155 3397 3195 omnes

177 2039 385 2090 transiret
413 2055 428 2092 ;
453 2048 504 2091 et
537 2038 936 2099 clamaverunt.
967 2039 1213 2093 dicentes
1245 2056 1260 2091 :
1324 2038 1569 2102 Domine,
1605 2039 1709 2091 mi-

176 2143 324 2181 serere
340 2130 524 2194 nostri,
541 2130 621 2182 iili
642 2129 829 2183 David.
852 2129 1034 2184 Turba
1052 2139 1235 2184 autem
1253 2130 1569 2199 increpabat
1590 2144 1706 2193 eos,

176 2231 218 2271 ut
238 2229 473 2275 tacerent.
495 2224 569 2276 At
595 2222 671 2276 illi
694 2223 864 2290 magis
890 2222 1225 2291 clamabant,
1247 2223 1500 2277 dicentes
1530 2237 1543 2274 :
1602 2224 1708 2276 Do-

174 2317 309 2376 mine,
332 2316 591 2370 miserere
620 2316 819 2376 nostri.
848 2316 921 2369 ﬁli
954 2317 1224 2372 David.Et
1270 2316 1425 2371 stetit
1452 2315 1631 2379 Jesus,
1652 2327 1709 2370 et

174 2405 458 2468 vocaviteos,
495 2417 551 2460 et
602 2410 678 2461 ait
724 2423 741 2460 :
785 2408 925 2473 Qttid
959 2410 1143 2472 vultis,
1195 2419 1250 2462 ut
1290 2409 1481 2463 faciam
1510 2408 1710 2462 vobis?

170 2495 330 2550 Dicunt
378 2498 475 2562 illi,
527 2497 784 2565 Domine,
844 2509 904 2553 ut
959 2501 1281 2567 aperiantur
1312 2501 1703 2554 oculi'nosni.

169 2587 383 2645 llisertus
409 2604 598 2646 autem
632 2608 823 2645 eorum
858 2591 1034 2655 Iesus,
1070 2594 1247 2662 tetigit
1276 2593 1464 2647 oculos
1491 2608 1705 2648 eorum.

167 2680 218 2733 Et
247 2683 519 2755 confestim
541 2684 824 2748 viderunt,
852 2695 909 2739 et
942 2686 1115 2740 secuti
1143 2696 1272 2739 sum
1302 2700 1452 2739 emn.

220 2771 373 2841 [ϐαρ.
403 2774 543 2830 XXI.
582 2792 726 2838 ccvt,
759 2777 811 2829 Ξ.
851 2778 864 2847 j
914 2777 978 2829 Et
1014 2793 1137 2830 cum
1167 2780 1707 2847 appropinquassent

162 2860 493 2933 Jerosolymis,
545 2879 609 2921 et
661 2869 935 2921 venissent
979 2869 1291 2938 Bethphage
1340 2868 1405 2922 ad
1463 2879 1705 2923 montem

162 2953 381 3021 Oliveti;
427 2968 554 3015 tunc
602 2958 759 3013 Jesus
793 2960 941 3013 misit
972 2960 1109 3014 duos
1148 2961 1470 3030 discipulos,
1518 2960 1708 3014 dicens

159 3045 222 3098 eis
253 3064 265 3098 :
294 3046 360 3101 lte
388 3050 441 3101 in
473 3051 787 3113 castellum,
821 3049 965 3118 quod
999 3061 1187 3104 contra
1236 3066 1332 3104 vos
1358 3059 1465 3114 cst,
1500 3061 1555 3103 et
1586 3064 1704 3105 sta-

162 3138 235 3189 tim
261 3140 532 3197 invenietis
560 3144 775 3196 asinam
809 3143 1108 3211 alligatam,
1139 3152 1193 3196 et
1226 3144 1435 3211 pullum
1463 3159 1588 3198 cmn
1614 3158 1699 3199 ea:

158 3230 339 3295 solvite,
370 3243 423 3287 et
452 3232 715 3287 adducite
744 3231 877 3287 mihi
913 3246 927 3289 :
973 3242 1030 3287 et
1060 3232 1104 3286 si
1138 3232 1262 3302 quis
1290 3233 1449 3287 vobis
1496 3232 1699 3302 aliquid

160 3324 342 3383 dixerit.
389 3324 556 3381 dicite
596 3325 724 3395 quia
771 3324 1036 3379 Dominus
1082 3324 1165 3378 his
1212 3340 1348 3393 opus
1383 3326 1545 3379 habet
1592 3339 1606 3378 :
1646 3337 1703 3379 et

156 3412 400 3469 confestim
429 3416 675 3473 dimittet
697 3432 811 3472 eos.
844 3416 1025 3488 [CCVlt,
1050 3414 1126 3487 7.]
1157 3415 1268 3470 lloc
1287 3425 1467 3471 autem
1490 3426 1661 3470 totum
1686 3418 1701 3447 ¹

159 3503 326 3559 factum
380 3518 485 3573 est,
544 3519 611 3564 ut
654 3510 1050 3579 adimpleretur
1077 3508 1220 3577 quod
1251 3508 1457 3562 dictqu
1492 3517 1576 3562 est
1612 3525 1707 3576 per
1740 3584 1743 3587 b

156 3599 438 3667 prophetam
484 3604 768 3657 dicentem
804 3615 819 3655 :
862 3602 1030 3656 Dicite
1064 3600 1188 3654 ﬁlia:
1220 3600 1352 3655 Sion
1390 3617 1405 3653 :
1439 3601 1579 3655 Ecce
1612 3618 1703 3655 rex

157 3700 259 3745 tuus
300 3694 441 3748 venit
474 3694 574 3749 tibi
620 3706 961 3759 mansuetus,
1023 3696 1219 3749 sedens
1254 3710 1421 3762 super
1472 3694 1705 3756 asinam,

153 3787 197 3828 et
222 3780 413 3842 pullum
453 3784 632 3839 ﬁlium
665 3785 990 3853 subjugaiis.
1020 3784 1225 3856 [ccvm,
1265 3784 1343 3856 2.]
1384 3785 1586 3838 Euntes
1613 3802 1709 3837 au-

155 3878 242 3923 tem
269 3872 512 3940 discipuli
541 3875 794 3931 fecerunt
820 3876 963 3931 sicut
996 3878 1254 3947 princepit
1290 3878 1400 3932 illis
1428 3878 1607 3932 Jesus.
1647 3876 1709 3931 Et

153 3960 467 4020 adduxerunt
506 3968 749 4031 asinam,
800 3978 853 4022 et
906 3968 1113 4037 pullum
1167 3984 1181 4022 :
1237 3978 1291 4021 et
1325 3968 1706 4035 imposuerunt

151 4070 290 4118 super
328 4074 419 4113 eos
452 4062 786 4113 vestimenta
816 4076 935 4123 sua,
983 4068 1038 4113 et
1068 4077 1192 4114 eum
1243 4062 1482 4128 desuper
1515 4062 1707 4115 sedere

151 4146 387 4205 iecerunt.
446 4151 697 4206 Plurima
735 4162 918 4205 autem
972 4155 1129 4206 turba
1181 4162 1502 4206 straverunt
1542 4155 1709 4207 vesti-

151 4252 305 4294 menta
341 4258 438 4295 sua
487 4242 547 4296 in
578 4244 670 4296 via
722 4260 736 4296 :
775 4243 866 4296 alii
898 4252 1078 4296 autem
1116 4242 1399 4298 caedebant
1432 4259 1612 4297 ramos
1644 4248 1712 4298 de

150 4333 433 4399 arboribus,
464 4347 523 4391 et
555 4336 883 4390 sternebant
916 4335 969 4388 in
1009 4337 1115 4389 via.
1166 4334 1183 4406 ἶ
1216 4352 1355 4399 ccrx,
1394 4334 1482 4405 l.]
1515 4336 1712 4390 Turbae

150 4434 326 4486 autem,
384 4442 509 4494 quae
567 4426 989 4495 pra~cedebant,
1049 4440 1105 4481 et
1154 4444 1274 4496 quae
1317 4428 1707 4497 sequebantur,

1811 3229 1957 3280 enim
1997 3228 2268 3283 habebant
2321 3230 2585 3285 Joannem
2623 3232 2762 3285 sicut
2808 3234 3157 3300 prophetam.
3216 3229 3280 3282 Et
3316 3246 3404 3283 re-

1813 3320 2146 3386 spondentes
2178 3321 2326 3384 Jesu,
2368 3322 2624 3377 dixerunt
2674 3340 2689 3377 :
2739 3323 3048 3381 Nescimus.
3075 3324 3164 3376 Ait
3195 3322 3300 3376 illis
3348 3330 3405 3375 et

1814 3415 1930 3478 ipse
1968 3426 1981 3461 :
2023 3410 2133 3466 Nec
2168 3428 2268 3480 ego
2310 3413 2431 3468 dico
2489 3414 2641 3469 vobis
2698 3415 2752 3469 in
2806 3430 2912 3484 qua
2970 3422 3239 3484 potestate
3286 3414 3404 3467 hinc

1815 3498 1975 3555 facio.
2013 3499 2254 3572 [ccxvut,
2286 3503 2394 3573 10.]
2422 3504 2561 3570 Quid
2593 3514 2776 3559 autem
2810 3505 2962 3558 vobis
2997 3502 3255 3557 videtur?
3296 3500 3404 3555 llo-

1818 3610 1907 3648 mo
1956 3598 2177 3664 quidam
2233 3597 2465 3651 habebat
2511 3600 2648 3652 duos
2695 3598 2853 3661 lilios,
2907 3614 2966 3651 et
3018 3598 3285 3650 accedens
3331 3594 3398 3648 ad

1819 3689 2078 3756 primum.
2117 3688 2249 3741 dixit
2282 3704 2296 3741 :
2331 3688 2450 3752 Fili,
2485 3691 2618 3743 vade
2649 3689 2833 3750 hodie,
2884 3702 3114 3756 Operare
3153 3690 3204 3740 iu
3242 3689 3398 3739 vinea

1818 3796 1958 3833 mea.
2000 3780 2091 3833 ille
2118 3790 2298 3833 autem
2332 3782 2689 3849 respondens,
2723 3782 2799 3834 ait
2836 3799 2850 3837 :
2882 3781 3037 3834 Nolo.
3081 3781 3270 3834 Postea
3301 3794 3398 3831 au-

1821 3882 1949 3933 tem.
1998 3871 2317 3939 ptenitcntia
2355 3882 2534 3925 minus
2578 3872 2735 3926 abiit.
2790 3873 3071 3926 Accedens
3114 3880 3296 3924 autem
3332 3869 3400 3921 ad

1820 3964 2073 4025 alterum,
2123 3962 2262 4015 dixit
2294 3963 2567 4017 similiter.
2622 3964 2691 4015 At
2738 3963 2829 4017 ille
2874 3963 3231 4031 respondens,
3272 3960 3393 4014 ait:

1822 4056 1922 4121 Eo,
1965 4055 2208 4121 domine,
2239 4066 2295 4109 et
2327 4070 2433 4108 non
2474 4056 2589 4109 ivit.
2624 4054 2760 4120 Quis
2786 4070 2852 4109 ex
2887 4054 3104 4107 duobus
3138 4053 3266 4106 fecit
3301 4068 3396 4105 vo-

1826 4150 2083 4204 luntatem
2112 4147 2324 4218 patris?
2352 4148 2545 4201 Dicunt
2571 4147 2621 4201 ei
2659 4163 2673 4202 :
2705 4146 2940 4201 Primus.
2981 4146 3120 4198 Dicit
3170 4145 3276 4197 illis
3311 4145 3400 4197 Je-

1822 4255 1917 4294 sus
1949 4256 1965 4295 :
1996 4241 2167 4293 Amen
2200 4238 2330 4294 dico
2356 4237 2534 4299 vobis,
2570 4238 2696 4308 quia
2758 4237 3033 4307 publicani
3062 4246 3117 4289 et
3150 4237 3401 4289 meretri-

1824 4349 1915 4387 ces
1952 4332 2258 4400 princedent
2310 4346 2404 4385 vos
2438 4332 2488 4383 in
2526 4345 2757 4401 regnum
2793 4330 2909 4384 Dei.
2944 4329 3105 4383 Vertit
3136 4328 3282 4382 enim
3332 4329 3399 4380 a-l

1823 4443 1918 4480 vos
1950 4426 2191 4480 Joannes
2223 4425 2275 4477 iu
2309 4426 2391 4478 via
2419 4424 2668 4493 juSIitiae,
2703 4437 2756 4477 et
2784 4439 2893 4477 non
2932 4422 3246 4475 credidistis
3278 4422 3324 4473 ei
3383 4437 3397 4475 ε

149 4511 451 4582 t'amabaut,
504 4517 759 4572 dicentes
794 4533 807 4572 :
840 4516 1092 4573 llosauna
1130 4519 1240 4571 ﬁlio
1294 4518 1461 4572 David
1496 4536 1510 4573 ;
1546 4519 1707 4573 beue-
1748 4549 1790 4603 υ
1824 4518 2097 4587 publicani
2160 4528 2339 4570 autem
2366 4526 2421 4569 et
2448 4516 2763 4569 meretrices
2790 4513 3145 4569 crediderunt
3178 4516 3226 4565 ei
3255 4524 3269 4564 :
3305 4529 3402 4566 vos

149 4606 325 4669 dictus.
371 4613 468 4678 qui
528 4611 685 4667 venit
711 4611 766 4663 in
807 4611 1033 4664 nomine
1084 4610 1297 4663 Domini
1333 4628 1345 4662 :
1382 4611 1623 4663 hosanna
1660 4610 1709 4663 iu

149 4699 424 4754 altissimis.
450 4703 603 4775 [cem
632 4700 741 4774 i0.]
770 4701 835 4757 Et
866 4717 990 4756 cum
1016 4703 1275 4758 intrasset
1295 4702 1711 4772 .Ierosolymam,

123 4800 393 4843 «animota
444 4802 532 4845 est
586 4793 842 4847 universa
893 4792 1106 4857 civitas,
1157 4793 1345 4848 dicens
1402 4795 1587 4859 :Quis
1630 4804 1716 4848 est

152 4878 268 4933 hic?
310 4882 505 4953 Populi
540 4892 729 4937 autem
764 4886 1019 4939 dicebant
1073 4900 1088 4937 :
1141 4884 1239 4939 llic
1273 4895 1357 4940 est
1392 4885 1550 4940 Jesus
1582 4901 1711 4954 pro-

148 4975 340 5039 plietaa
386 4978 666 5031 Nazareth
710 4978 941 5032 Galiltete
985 4994 999 5033 :
1050 4976 1233 5049 [δοκι.
1270 4978 1357 5049 l.]]
1398 4979 1461 5031 Et
1494 4978 1715 5032 intravit

146 5064 283 5135 lesus
304 5072 355 5122 in
392 5074 666 5139 templum
688 5070 801 5133 Dei,
820 5081 874 5125 et
892 5072 1145 5139 ejiciebat
1178 5086 1369 5124 omnes
1391 5072 1711 5128 vendentes.

146 5167 519 5218 clementesin
551 5164 778 5232 templo,
830 5174 885 5216 et
926 5177 1146 5215 mensas
1192 5161 1712 5221 nummulariorum,

148 5262 189 5298 rt
215 5253 499 5307 cathedras
547 5255 907 5309 vendentium
941 5255 1224 5307 columbas
1256 5256 1458 5308 evertit
1492 5270 1505 5308 :
1540 5266 1595 5306 et
1628 5255 1715 5307 di-

147 5345 325 5397 citeis:
351 5348 644 5413 Scriptum
677 5356 758 5399 est
791 5364 803 5399 :
836 5346 1039 5398 Domus
1071 5362 1187 5398 mea
1221 5351 1417 5399 domus
1445 5348 1715 5400 orationis

147 5437 409 5489 iocabitur
449 5440 495 5496 ³,
533 5454 550 5491 ;
590 5452 687 5490 vos
741 5448 919 5491 autem
964 5437 1170 5493 fecistis
1218 5440 1361 5492 illam
1396 5440 1713 5506 speluncam

146 5528 421 5582 latronum.
462 5528 660 5599 [ccxn,
696 5527 807 5599 l0.]
852 5526 1306 5584 Et‘acccsscrunt
1335 5531 1400 5585 ad
1434 5545 1557 5583 cum
1584 5532 1714 5584 ca'ci

148 5628 190 5665 rt
221 5619 392 5671 claudi
431 5622 485 5671 iu
517 5622 749 5686 tetttplo,
781 5630 836 5673 et
866 5622 1077 5673 sanavit
1101 5636 1216 5673 eos.
1251 5620 1461 5691 [ccxtit,
1503 5620 1582 5692 5.]
1624 5622 1713 5675 Vt-

208 5762 221 5786 ί
270 5756 411 5807 istud
449 5767 655 5813 tottmt,
701 5772 821 5805 rum
869 5758 1067 5809 Grn‘cia
1120 5760 1357 5812 tricliniis
1396 5774 1533 5813 tt0:.L‘
1585 5773 1711 5811 mss.

146 5823 335 5881 laudati
358 5825 589 5895 Reginae
624 5827 836 5882 codices
864 5837 1057 5885 taecut.
1610 5830 1641 5851 ‘

1818 4621 2001 4665 autem
2084 4608 2335 4663 videntes
2379 4647 2394 4671 .
2475 4623 2578 4662 nec
2649 4607 3037 4676 paenitentiam
3130 4604 3404 4659 habuistis

1819 4714 2025 4772 postea,
2062 4714 2117 4756 ut
2167 4702 2469 4756 crederetis
2535 4702 2606 4753 ei.
2650 4698 2839 4770 [cem
2868 4699 2969 4770 2.]
3034 4698 3208 4752 Aliam
3248 4715 3402 4766 para-

1818 4797 1998 4851 bolam
2038 4797 2241 4850 audite.
2299 4796 2471 4850 llomo
2508 4807 2629 4850 erat
2665 4796 3079 4863 paterfamilias,
3115 4800 3207 4869 qui
3246 4800 3405 4868 plan-

1820 4893 1953 4945 tavit
1977 4891 2215 4955 vincam,
2241 4900 2297 4945 ct
2342 4906 2529 4959 sepem
2563 4890 2927 4944 circumdedit
2976 4892 3049 4954 ei,
3095 4903 3149 4945 et
3182 4893 3316 4945 fodit
3348 4893 3403 4943 in

1817 5001 1880 5037 ea
1914 4985 2171 5048 torcular,
2211 4995 2267 5037 et
2295 4983 2601 5045 jardilicavit
2647 4985 2865 5048 turrim,
2919 4994 2975 5037 et
3030 4984 3229 5039 locavit
3278 5000 3398 5037 eam

1816 5071 2093 5142 agricolis,
2143 5082 2198 5125 et
2255 5086 2483 5140 peregre
2535 5070 2811 5138 proiectus
2861 5081 2965 5124 est.
3022 5071 3155 5124 Cum
3214 5079 3398 5123 autem

1820 5173 2034 5231 tempus
2086 5162 2360 5217 fruetuum
2417 5166 2960 5231 appropinquasset,
3018 5163 3165 5216 misit
3210 5174 3399 5214 servos

1818 5272 1946 5309 suos
1992 5256 2057 5308 ad
2104 5256 2391 5325 agricolas,
2441 5266 2499 5308 ut
2537 5256 2857 5322 accipereut
2906 5257 3116 5308 fructus
3145 5256 3283 5322 ejus.
3331 5252 3398 5303 Et

1818 5346 2087 5415 agricolie,
2115 5346 2475 5415 apprehensis
2493 5349 2664 5400 servis
2685 5347 2821 5415 ejus,
2853 5348 3019 5399 altum
3054 5344 3393 5403 ceciderunt,

1819 5443 1983 5494 alium
2017 5440 2359 5503 occiderunt,
2392 5440 2557 5491 alium
2598 5454 2726 5491 Vl‘I'U
2761 5439 3154 5505 lapidaverunt.
3191 5437 3393 5487 lterum

1822 5532 1967 5584 misit
1991 5531 2126 5583 alios
2157 5546 2344 5585 servos
2380 5532 2560 5598 plures
2594 5530 2891 5600 prioribus,
2927 5537 2978 5579 ct
3012 5528 3257 5578 fecerunt
3289 5526 3398 5582 illis

1819 5623 2089 5677 similiter.
2147 5622 2449 5677 Novissime
2507 5632 2689 5675 autem
2748 5619 2892 5674 misit
2952 5617 3015 5670 ad
3070 5632 3165 5669 eos
3225 5618 3397 5672 tilium

1892 5762 1911 5791 ³
1951 5760 2052 5812 Pro
2104 5762 2374 5811 ιιηεαέηιιιν
2440 5770 2627 5815 verbo,
2678 5759 2821 5821 qtttitl
2859 5771 2910 5810 ιιι
2959 5754 3176 5810 Cracus
3220 5769 3403 5813 tutus

1823 5832 2009 5897 habet,
2038 5830 2256 5901 “egone
2298 5842 2428 5881 mss.
2467 5838 2537 5879 es:
2564 5834 2882 5896 ptxteruut.
