3880 6168
450 361 557 422 603

1365 364 1422 424 S.
1469 364 1901 424 IIIERONYMI
1949 365 2216 426 DIVINA
2262 367 2788 429 BlBLIOTllECA.

3522 382 3615 445 604

443 495 628 538 δτιιιιιι,
659 481 848 536 dicens
881 493 896 534 :
936 481 1276 538 Verehuntur
1316 483 1486 537 lilium
1522 497 1722 538 meum.
1756 485 2016 551 Agricolae
2045 487 2096 544 Α
2121 485 2438 542 obtulerunt
2466 486 2514 540 ei
2543 487 2854 542 denarium.
2905 486 2971 542 Et
3014 488 3088 541 ait
3125 486 3226 541 illis
3255 488 3395 543 Jesus
3425 507 3438 549 :
3482 494 3623 567 Cujus

447 583 626 627 aritem
657 574 901 628 videntes
935 576 1130 639 lilium,
1166 575 1420 629 dixerunt
1464 578 1601 630 intra
1634 591 1690 630 se
1748 592 1762 629 :
1797 576 1896 629 llic
1935 586 2016 630 est

451 667 647 728 feres,
676 667 875 729 venite,
912 667 1225 721 occidamus
1261 683 1410 732 eum,
1450 678 1507 722 et
1545 668 1872 722 habebimus
1901 668 2018 721 ha:-

449 763 731 816 reditatem
791 763 925 830 ejus.
995 764 1058 816 Et
1105 764 1505 832 apprehensum
1559 778 1683 815 eum
1740 762 2018 832 ejecerunt

445 866 596 904 extra
653 853 866 906 vineam
927 863 978 908 et
1031 855 1370 908 occiderunt.
1435 854 1570 909 Cum
1627 867 1754 919 ergo
1805 854 2020 906 venerit

402 941 708 1016 'Dmninus
776 943 967 1004 vineae,
1083 943 1216 1012 quid
1273 943 1434 997 faciet
1527 941 1780 1011 agricolis
1843 940 2020 995 illis?

402 1028 609 1084 ‘Aiunt
669 1033 744 1086 illi
825 1045 839 1085 :
899 1034 1064 1087 Malos
1135 1034 1276 1087 male
1345 1033 1534 1102 perdet
1598 1052 1610 1089 :
1685 1041 1740 1087 et
1801 1034 2016 1086 vineam

449 1139 600 1175 suam
687 1125 887 1178 Iocabit
957 1126 1079 1179 aliis
1143 1126 1445 1195 agricolis,
1506 1125 1599 1194 qui
1663 1124 1899 1179 reddant
1961 1122 2014 1175 ei

447 1216 687 1268 fructum
738 1217 1076 1283 temporibus
1123 1219 1255 1271 suis.
1311 1219 1449 1272 Dicit
1500 1217 1608 1270 illis
1635 1215 1794 1270 Iesus
1827 1231 1842 1269 :
1873 1214 2024 1269 Nun-

450 1324 611 1375 quam
651 1309 854 1377 legistis
886 1310 936 1363 in
963 1308 1266 1378 Scripturis
1296 1327 1309 1361 :
1343 1309 1603 1378 Lapidem
1633 1324 1794 1377 quem
1829 1321 2024 1375 repro-

453 1403 718 1454 baverunt
747 1401 1101 1463 addit-antes,
1133 1402 1222 1456 hic
1255 1403 1428 1456 factus
1457 1411 1538 1456 cst
1575 1402 1629 1456 in
1655 1411 1820 1469 caput
1851 1416 2026 1469 augu-

456 1492 530 1545 li?
570 1495 605 1544 A
641 1493 870 1547 Domino
911 1494 1113 1548 factum
1143 1505 1224 1548 est
1257 1495 1426 1554 istud,
1477 1503 1532 1548 et
1566 1502 1648 1547 est
1681 1493 1933 1547 mirabile
1970 1495 2026 1548 in

455 1582 631 1636 oculis
671 1583 921 1640 nostris?
965 1585 1089 1638 Ideo
1123 1585 1248 1638 dico
1281 1585 1462 1646 vobis,
1503 1584 1628 1651 quia
1673 1583 1954 1637 auferetur
1986 1599 2023 1650 ,ο

455 1674 613 1727 vobis
656 1690 878 1743 regnum
909 1675 1024 1741 Dei,
1058 1686 1113 1731 et
1141 1675 1363 1731 dabitur
1390 1675 1536 1746 genti
1571 1676 1786 1729 facienti
1818 1674 2029 1731 fructus

455 1764 592 1832 ejus.
627 1763 690 1817 Et
712 1766 803 1833 qui
827 1767 1086 1820 ceciderit
1111 1783 1274 1836 supra
1299 1767 1531 1835 lapidem
1563 1768 1754 1834 istum,
1788 1767 2028 1822 confrin-

457 1863 616 1921 getur
663 1871 677 1912 ;
723 1870 888 1921 super
921 1871 1083 1922 quem
1127 1871 1256 1910 vero
1287 1855 1566 1918 ceciderit,
1597 1865 1842 1911 conteret
1871 1873 2020 1911 eum.

460 1954 634 2008 (ccxx,
673 1945 746 2011 l.)
802 1943 866 1998 Et
909 1959 1031 1998 cum
1058 1945 1343 1999 audissent
1369 1947 1648 2015 principes
1677 1949 2022 2001 sacerdotum

455 2046 510 2088 et
544 2035 797 2090 l’liarissei
851 2037 1135 2105 parabolas
1181 2039 1322 2107 ejus,
1365 2048 1740 2107 cognoverunt
1785 2039 1926 2107 quod
1956 2038 2024 2091 de

459 2127 593 2188 ipsis
616 2129 844 2183 diceret.
878 2129 943 2182 Et
995 2141 1305 2199 quivrentes
1337 2145 1462 2183 eum
1490 2142 1694 2195 tenere,
1725 2130 2028 2184 timuerunt

462 2221 644 2273 turbas
675 2238 694 2279 :
721 2223 976 2289 quoniam
1007 2225 1144 2279 sicut
1182 2225 1499 2292 prophetam
1546 2239 1668 2279 eum
1708 2223 1998 2278 habebant.

531 2313 684 2382 [ϐιῳ.
719 2315 882 2380 XXII,
916 2330 1091 2381 ccxxt,
1125 2315 1202 2386 5.]
1233 2317 1297 2368 Et
1331 2317 1843 2385 respondeuslesus
1867 2317 2023 2384 dixit,

461 2407 679 2482 iternnr
730 2407 784 2460 in
852 2408 1124 2475 parabolis
1181 2408 1301 2471 eis,
1363 2410 1619 2466 dicens:
1679 2409 1867 2464 Simile
1912 2409 2027 2462 fac-

463 2510 575 2552 tnui
607 2507 690 2553 est
736 2515 961 2569 regnum
1013 2502 1278 2555 caelorum
1319 2503 1522 2554 homini
1560 2503 1707 2570 regi,
1747 2503 1839 2572 qui
1899 2502 2028 2556 fecit

408 2580 422 2592 ’
470 2594 690 2663 nuptias
720 2593 829 2647 tilio
857 2609 979 2648 suo.
1004 2595 1069 2649 Et
1097 2595 1244 2649 misit
1273 2611 1461 2649 servos
1493 2611 1623 2650 suos
1654 2610 1850 2650 vocare
1886 2596 2027 2651 invi-

463 2697 603 2740 tatos
629 2687 693 2740 ad
733 2688 972 2757 nuptias,
999 2700 1056 2742 et
1081 2689 1340 2741 uolebant
1378 2688 1590 2741 venire.
1637 2688 1836 2741 lterum
1882 2689 2029 2742 misit

462 2781 598 2834 alios
631 2795 840 2845 servos,
865 2781 1055 2835 dicens
1079 2797 1092 2836 :
1120 2781 1293 2834 Dicite
1335 2780 1617 2835 invitatis:
1661 2779 1799 2835 Ecce
1862 2795 2028 2849 pran-

471 2872 623 2924 dium
653 2887 832 2926 tueum
858 2873 1067 2943 paravi,
1087 2873 1230 2926 tauri
1254 2877 1360 2926 mei
1391 2881 1447 2927 et
1475 2872 1644 2925 altilia
1679 2873 1856 2926 occisa
1876 2881 2026 2935 sunt,

461 2972 517 3014 et
557 2963 738 3016 omnia
769 2975 992 3031 parata:
1025 2963 1206 3018 venite
1246 2964 1312 3017 ad
1339 2963 1586 3032 nuptias.
1628 2963 1704 3016 Illi
1735 2973 1915 3017 autem
1937 2979 2031 3015 ne-

464 3055 753 3122 glexerunt
784 3070 798 3107 :
833 3063 888 3107 et
919 3053 1194 3116 abierunt,
1227 3053 1440 3107 aliusiu
1473 3055 1654 3107 villam
1687 3069 1863 3116 suam,
1893 3052 2032 3105 alius-

463 3159 593 3198 vero
619 3146 682 3197 ad
715 3128 1138 3214 negotiationem
1172 3161 1327 3198 suam
1365 3163 1378 3200 :

463 3246 591 3289 runt
625 3252 811 3290 servos
835 3237 970 3306 ejus,
990 3237 1410 3291 etcontumeliis
1435 3236 1661 3290 allectos
1685 3237 2022 3290 occiderunt.

464 3331 578 3383 Rex
608 3337 788 3381 autem
850 3343 972 3381 cum
1037 3329 1306 3391 audisset,
1369 3330 1541 3382 iratus
1567 3337 1786 3383 est:et
1846 3329 2026 3381 mlss’s

464 3419 796 3472 exercitibus
832 3421 968 3484 suis,
1026 3419 1263 3488 perdidit
1297 3419 1601 3484 homicidas
1636 3419 1756 3473 illos
1796 3430 1853 3474 et
1891 3420 2024 3473 civi-

469 3523 629 3564 tatem
683 3511 902 3564 illorutn
953 3511 1254 3565 succendit.
1288 3510 1445 3565 Tunc
1503 3511 1577 3564 ait
1631 3512 1804 3565 servis
1865 3514 2024 3566 suis:

466 3603 677 3670 Nuptiae
713 3603 932 3672 quidem
959 3615 1160 3672 parata:
1189 3612 1338 3664 sunt,
1372 3602 1468 3657 sed
1494 3603 1584 3671 qui
1612 3602 1827 3656 invitati
1849 3614 2026 3668 erant,

469 3711 575 3747 non
608 3694 828 3748 fuerunt
867 3694 1038 3762 digni.
1082 3694 1157 3748 Ite
1192 3709 1322 3764 ergo
1359 3693 1424 3746 ad
1468 3695 1646 3747 exitus
1681 3693 1891 3746 viarum
1918 3732 1932 3757 ,
1973 3704 2031 3747 et

468 3801 825 3854 quoscunque
883 3786 1242 3849 inveneritis,
1294 3794 1481 3839 vocate
1531 3785 1596 3838 ad
1658 3785 1896 3854 nuptias.
1963 3785 2032 3838 Et

466 3881 670 3946 egressi
712 3881 854 3937 servi
895 3881 1013 3950 ejus
1048 3880 1100 3933 in
1128 3881 1264 3944 vias,
1305 3890 1776 3950 cougregaverunt
1815 3893 2027 3945 onmes,

469 3986 609 4038 quos
639 3971 995 4035 invenerunt,
1023 3971 1197 4024 malos
1224 3980 1279 4024 et
1309 3971 1481 4024 bonos
1511 3986 1526 4023 :
1557 3979 1612 4024 et
1639 3970 1876 4038 impleta:
1903 3978 2032 4024 sunt

470 4063 674 4129 nuptiae
692 4063 1176 4116 discumbentium.
1204 4061 1426 4133 (ccxxii,
1465 4061 1575 4132 l0.]
1607 4061 2032 4115 lntravitautem

466 4171 583 4216 rex,
615 4164 672 4208 ut
706 4155 914 4208 videret
945 4155 1376 4216 discumbentes,
1405 4161 1460 4206 et
1487 4153 1624 4207 vidit
1651 4153 1725 4206 ibi
1753 4152 2027 4207 hominem

468 4265 576 4302 non
613 4247 869 4301 vestitum
911 4255 1060 4300 veste
1121 4245 1372 4314 nuptiali.
1407 4245 1471 4298 Et
1528 4244 1601 4298 ait
1640 4244 1713 4297 illi
1747 4261 1762 4299 :
1821 4244 2031 4306 Amice,

468 4338 746 4403 ιςιιοιηοάο
767 4339 871 4391 huc
895 4337 1107 4392 intrasti
1127 4352 1231 4390 non
1255 4337 1461 4389 habens
1482 4344 1684 4390 vestem
1713 4335 2037 4405 nuptialem?

476 4439 530 4482 ,ιιι
567 4432 653 4483 ille
681 4430 979 4483 obmutuit.
1012 4429 1165 4482 Tune
1189 4428 1328 4482 dixit
1356 4444 1446 4481 rex
1487 4427 1795 4482 ministris:
1828 4427 2034 4496 Ligatis

2118 589 2200 632 est
2231 579 2408 648 imago
2444 580 2557 634 btec
2610 589 2666 634 et
2697 580 3132 649 superscriptio?
3165 579 3349 636 Dicunt
3371 584 3415 637 ei
3441 603 3453 638 :
3479 587 3624 644 Caesa-

2122 670 2215 722 ris.
2241 669 2395 723 Tunc
2416 673 2490 724 ait
2522 672 2629 724 illis
2655 687 2668 725 :
2693 671 2926 725 Reddite
2951 672 3080 739 ergo
3109 687 3228 740 qua:
3260 686 3377 728 sunt
3411 675 3625 745 Caesaris,

2119 759 2341 822 Caesari,
2368 769 2425 814 et
2460 776 2582 829 qua
2611 771 2738 814 sunt
2768 759 2882 825 Dei,
2921 762 3051 815 Deo.
3087 761 3150 813 Et
3179 762 3447 818 audientes
3475 767 3625 823 mirati

2122 858 2271 913 sunt,
2297 859 2354 905 et
2381 851 2572 906 relicto
2593 867 2680 916 eo,
2709 853 2983 907 abierunt.
3014 851 3069 906 In
3096 852 3186 906 illo
3215 853 3298 908 die
3329 871 3628 916 accesserunt

2122 938 2188 991 ad
2213 954 2338 992 eum
2369 939 2687 1004 Sadduczei,
2721 941 2813 1008 qui
2848 942 3041 995 dicunt
3107 957 3211 994 non
3268 958 3380 996 esse
3423 961 3630 1003 resurre-

2123 1029 2360 1085 etionem
2397 1049 2412 1089 :
2448 1044 2503 1088 et
2534 1034 3002 1104 interrogaverunt
3035 1053 3181 1098 eum,
3211 1035 3440 1092 dicentes
3461 1053 3473 1092 :
3494 1040 3629 1110 Magi-

2124 1139 2256 1187 ster,
2294 1123 2507 1193 Moyses
2539 1126 2672 1180 dixit
2707 1145 2721 1180 :
2755 1127 2810 1180 Si
2859 1129 2983 1197 quis
3047 1137 3292 1182 mortuus
3347 1130 3497 1185 fuerit
3542 1150 3629 1187 non

2126 1215 2334 1270 habens
2367 1217 2557 1280 lilium,
2592 1228 2650 1272 ut
2680 1219 2846 1274 ducat
2875 1220 3043 1274 frater
3073 1221 3191 1290 ejus
3245 1236 3454 1277 uxorem
3490 1225 3628 1292 illius,

2124 1318 2178 1362 et
2203 1309 2432 1363 suscitet
2457 1325 2642 1365 semen
2672 1311 2825 1364 fratri
2858 1327 2978 1365 suo.
3006 1311 3174 1368 Erant
3204 1323 3375 1369 autem
3405 1319 3527 1384 apud
3553 1334 3632 1372 nos

2128 1411 2334 1466 septem
2362 1400 2582 1463 fratres,
2606 1412 2655 1456 et
2705 1403 2934 1472 primus,
2968 1419 3136 1458 uxore
3170 1405 3347 1470 ducta,
3385 1407 3632 1465 defunctus

2127 1500 2211 1545 est
2241 1507 2255 1544 :
2296 1503 2350 1544 et
2391 1505 2498 1544 non
2531 1492 2736 1546 habens
2763 1507 2972 1559 semen,
3010 1494 3234 1564 reliquit
3270 1513 3476 1551 uxorem
3509 1515 3632 1554 suam

2129 1581 2282 1636 fratri
2313 1597 2433 1634 suo.
2464 1579 2727 1636 Similiter
2754 1585 3052 1649 secundus,
3088 1594 3147 1639 et
3175 1589 3380 1649 tertius.
3412 1605 3559 1657 usque
3580 1593 3632 1645 ad

2129 1675 2444 1742 septimum.
2500 1673 2804 1729 Novissime
2856 1684 3038 1728 autem
3088 1677 3328 1729 omnium
3376 1687 3428 1732 et
3476 1683 3636 1735 mulier

2131 1765 2389 1820 del'uncta
2413 1775 2517 1822 est.
2545 1767 2605 1820 In
2638 1769 3038 1822 resurrectione
3067 1782 3200 1833 ergo
3243 1771 3396 1837 cujus
3442 1772 3534 1825 erit
3584 1773 3635 1825 de

2130 1865 2336 1925 septem
2369 1858 2542 1910 uxor?
2605 1872 2797 1912 omnes
2847 1858 2992 1912 enim
3058 1860 3363 1913 habuerunt.
3393 1876 3521 1918 eam.
3553 1862 3638 1917 Re-

2135 1946 2407 2013 spondens
2430 1956 2612 2001 autem
2643 1946 2824 2012 Jesus,
2849 1950 2924 2002 ait
2955 1948 3092 2003 illis:
3124 1952 3346 2015 Erratis,
3381 1953 3639 2008 nescientes

2128 2037 2455 2108 Scriptores,
2482 2054 2662 2108 neque
2716 2041 2972 2095 virtutem
3035 2042 3146 2096 Dei.
3193 2043 3246 2096 In
3293 2049 3642 2102 resurrectione

2125 2131 2270 2184 enim
2297 2145 2473 2199 neque
2501 2131 2703 2186 nubent
2725 2147 2899 2203 neque
2926 2135 3328 2203 nubenturzsed
3351 2137 3642 2193 erunt’sicut

2127 2221 2304 2292 angeli
2328 2222 2419 2276 Dei
2441 2223 2495 2276 in
2526 2223 2685 2277 cealo.
2709 2224 2781 2276 De
2812 2227 3224 2279 resurrectione
3238 2237 3408 2280 autem
3436 2239 3642 2279 mortuo-

2128 2329 2247 2367 rum
2268 2329 2374 2367 non
2394 2314 2598 2383 legistis
2615 2315 2757 2383 quod
2777 2314 2984 2369 dictum
3005 2327 3087 2369 est
3103 2332 3130 2369 a
3155 2316 3264 2371 Deo
3283 2318 3640 2383 dicentevobis:

2129 2405 2240 2475 Ego
2280 2421 2398 2462 sum
2429 2406 2571 2460 Deus
2600 2407 2872 2462 Abraham
2899 2451 2914 2473 ,
2937 2417 2992 2461 et
3027 2409 3170 2464 Deus
3233 2411 3394 2473 Isaac,
3436 2422 3486 2465 et
3529 2411 3645 2464 Deus

2128 2497 2339 2550 Jacobi
2368 2497 2486 2552 Non
2510 2508 2594 2553 est
2624 2496 2765 2553 Deus
2813 2510 3182 2565 mortuorum,
3227 2501 3317 2555 sed
3368 2502 3645 2555 viventium.

2130 2585 2196 2640 Et
2222 2587 2506 2643 audientes
2537 2589 2711 2642 turba:
2743 2589 3082 2644 mirabantur
3133 2592 3192 2645 in
3251 2592 3481 2646 doctrina
3527 2592 3645 2659 ejus.

2129 2679 2370 2751 [ccxxtv.
2403 2679 2483 2752 6.]
2517 2679 2773 2735 Pharisaei
2806 2692 2988 2736 autem
3023 2684 3309 2739 audientes
3356 2684 3486 2754 quod
3512 2684 3650 2738 silen-

2133 2773 2264 2823 tium
2287 2772 2636 2839 imposuisset
2661 2771 2996 2841 Sadduczeis,
3019 2785 3390 2829 convenerunt
3411 2775 3458 2828 in
3480 2788 3646 2836 unum;

2129 2869 2186 2912 et
2226 2859 2726 2930 iutcrrogaviteum
2758 2878 2900 2918 unus
2925 2880 2990 2918 ex
3033 2865 3115 2918 eis
3149 2865 3286 2934 legis
3332 2866 3526 2927 doctor,
3554 2875 3649 2917 ten-

2133 2960 2256 3006 tans
2281 2967 2406 3006 eum
2437 2971 2452 3007 :
2487 2953 2760 3022 Magister,
2795 2956 2942 3023 quod
2971 2964 3056 3010 est
3087 2956 3396 3010 mandatum
3435 2969 3648 3024 magnum

2133 3042 2186 3095 in
2215 3043 2356 3112 lege?
2377 3044 2468 3098 Ait
2498 3045 2570 3098 illi
2595 3045 2778 3102 Jesus:
2802 3045 3003 3115 Diliges
3031 3047 3323 3101 Dominum
3351 3047 3504 3101 Deum
3527 3055 3650 3098 tuum

1429 3145 1622 3214 reliqui
1659 3159 1789 3197 vero
1833 3154 2024 3198 tenue-
2053 3157 2097 3218 ρ
2131 3149 2200 3188 ex
2237 3143 2351 3190 toto
2387 3136 2553 3191 corde
2579 3146 2695 3202 tuo,
2729 3148 2786 3193 et
2816 3139 2871 3192 in
2909 3147 3019 3192 tota
3045 3139 3230 3193 anima
3261 3149 3368 3202 tua,
3401 3148 3451 3192 et
3485 3137 3530 3190 in
3561 3145 3652 3188 tota

2136 3238 2318 3282 mente
2349 3237 2461 3283 tua.
2495 3229 2607 3283 Hoc
2636 3238 2723 3284 est
2745 3231 3067 3298 maximum,
3108 3239 3167 3286 et
3205 3232 3432 3300 primmn
3461 3227 3653 3283 manda-

2137 3329 2272 3372 tum.
2304 3317 2616 3374 Secundum
2647 3331 2828 3375 autem
2861 3321 3040 3376 simile
3085 3330 3175 3377 est
3249 3323 3373 3376 huic
3420 3340 3432 3374 :
3489 3320 3653 3385 Diliges

2135 3411 2446 3478 proximum
2476 3421 2652 3472 tuum,
2718 3412 2863 3467 sicut
2919 3413 3176 3481 teipsum.
3234 3415 3290 3467 ln
3345 3413 3428 3466 bis
3479 3409 3656 3465 duobus

2136 3500 2404 3556 mandatis
2430 3503 2682 3558 universa
2703 3503 2809 3557 Lex
2831 3507 3051 3571 pendet,
3077 3515 3132 3558 et
3157 3504 3456 3574 Prophetie.
3473 3503 3652 3573 [cum

2134 3590 2216 3662 2.]
2237 3592 2587 3662 Congregatis
2601 3605 2778 3648 autem
2805 3595 3116 3660 Pharisaeis,
3139 3596 3477 3666 interrogavit
3492 3607 3574 3646 eos
3588 3589 3657 3642 le-

2137 3698 2254 3747 sus,
2289 3684 2514 3739 dicens:
2545 3685 2685 3751 Quid
2723 3687 2878 3741 vobis
2919 3687 3133 3742 videtur
3163 3689 3233 3744 de
3264 3681 3656 3750 Christo?cujus

2140 3776 2284 3830 filius
2313 3777 2442 3830 est?
2476 3775 2671 3831 Dicunt
2701 3778 2752 3832 ei
2779 3794 2792 3830 :
2834 3777 3024 3831 David.
3086 3780 3178 3833 Ait
3226 3777 3334 3833 illis
3366 3795 3379 3831 :
3411 3771 3658 3841 Quomodo

2138 3881 2267 3936 ergo
2296 3867 2466 3922 David
2500 3869 2552 3920 in
2583 3869 2778 3936 spiritu
2808 3880 2968 3924 vocat
2992 3885 3118 3924 eum
3149 3869 3433 3923 Dominum
3453 3866 3618 3919 dicens
3643 3877 3655 3913 :

2137 3959 2284 4013 Dixit
2320 3959 2584 4014 Dominus
2610 3961 2836 4014 Domino
2872 3975 2993 4016 meo
3025 3977 3038 4018 :
3075 3960 3220 4014 Sede
3251 3975 3280 4012 a
3303 3958 3500 4013 dextris
3528 3954 3659 4016 meis,

2141 4055 2312 4108 donec
2332 4067 2530 4122 ponam
2571 4053 2822 4108 inimicos
2856 4061 2977 4107 tuos
3003 4052 3306 4128 scabellum
3340 4050 3523 4119 pedum
3558 4055 3659 4098 tuo-

2142 4145 2303 4199 rum?
2328 4144 2385 4199 Si
2411 4159 2540 4212 ergo
2570 4143 2734 4197 David
2760 4153 2914 4196 vocat
2935 4158 3059 4197 eum
3083 4143 3398 4201 Dominum,
3429 4133 3664 4208 quomodo

2142 4237 2287 4290 filius
2319 4237 2440 4305 ejus
2462 4235 2585 4289 est?
2612 4233 2846 4305 [ccxxvr,
2875 4232 2957 4304 2.]
2985 4234 3048 4286 Et
3076 4248 3239 4287 nemo
3273 4240 3480 4302 poterat
3517 4229 3562 4282 ei
3596 4239 3664 4277 re-

2143 4327 2416 4396 spondere
2446 4325 2672 4380 verbum
2701 4343 2714 4380 :
2748 4340 2926 4395 neque
2952 4340 3118 4378 ausus
3149 4325 3258 4379 fuit
3309 4323 3576 4392 quisquam
3610 4331 3663 4369 ex

2143 4419 2234 4473 illa
2261 4419 2347 4472 die
2377 4411 2502 4471 eum
2529 4418 2764 4487 amplius
2795 4417 3155 4486 interrogare.

475 4543 504 4575 ι·
534 4524 750 4589 auibus,
785 4533 840 4577 et
875 4523 1102 4592 pedibus
1139 4522 1278 4591 ejus,
1323 4520 1520 4574 mittite
1557 4523 1576 4553 ²
1615 4536 1739 4572 eum
1774 4521 1828 4573 in
1883 4529 2036 4572 teue-
2068 4509 2112 4564 D
2212 4509 2370 4583 [ϐαρ.
2402 4510 2592 4573 XXIII.
2621 4523 2855 4574 ccum.
2881 4509 2996 4580 10.]
3025 4509 3179 4564 Tunc
3196 4509 3360 4565 Jesus
3382 4508 3581 4562 locutus
3600 4507 3667 4553 est

475 4618 598 4668 llr-IS
619 4616 919 4669 exteriores
950 4632 964 4668 :
992 4615 1067 4668 ibi
1096 4614 1201 4667 erit
1226 4613 1407 4672 fletus,
1437 4621 1494 4666 et
1513 4613 1715 4666 stridor
1763 4612 2032 4665 dentium.

474 4706 624 4760 Multi
655 4705 798 4758 enim
832 4713 957 4757 sunt
987 4703 1197 4764 vocati,
1227 4702 1383 4770 pauci
1407 4718 1538 4755 vero
1568 4702 1751 4755 electi.
1791 4701 2035 4772 [ccxxut,

470 4803 505 4857 εὶ
541 4799 552 4868 |
588 4797 743 4850 Tune
765 4796 1031 4849 abeuntes
1058 4795 1340 4858 Pharisaei,
1367 4795 1656 4847 consilium
1688 4795 1950 4859 inierunt,
1978 4805 2037 4849 ut

471 4895 734 4951 caperent
757 4900 881 4938 eum
914 4883 967 4937 in
1000 4898 1276 4937 sermone.
1308 4884 1373 4938 Et
1406 4884 1627 4937 mittunt
1657 4883 1705 4937 ei
1739 4883 2039 4952 discipulos

473 4993 600 5032 suos
644 4993 765 5032 cum
820 4975 1144 5030 Herodianis
1188 4975 1477 5029 dicentes:
1522 4973 2042 5042 Magister,scimus

473 5073 599 5140 quia
631 5088 788 5126 verax
819 5088 899 5134 es,
929 5081 984 5126 et
1004 5071 1142 5124 viam
1177 5070 1268 5124 Dei
1306 5070 1356 5122 in
1393 5068 1616 5122 veritate
1645 5067 1825 5130 doces,
1858 5075 2040 5118 etnon

471 5165 675 5219 esttibi
717 5180 846 5218 cura
878 5167 946 5219 de
1001 5163 1220 5231 aliquo:
1267 5178 1372 5215 non
1415 5163 1560 5214 enim
1599 5158 1828 5227 respicis
1859 5172 2045 5226 perso-

474 5275 596 5313 nam
631 5259 912 5312 hominum
950 5274 965 5312 :
1003 5257 1092 5312 dic
1122 5272 1251 5324 ergo
1282 5255 1439 5308 nobis
1472 5252 1602 5322 quid
1642 5253 1740 5305 tibi
1769 5251 1990 5304 videtur
2022 5287 2036 5312 ,

472 5349 600 5401 licet
636 5362 858 5401 censum
897 5349 1028 5400 dare
1058 5344 1277 5405 Ctesari,
1313 5361 1380 5397 an
1418 5357 1522 5395 non
1546 5342 1568 5395 '?
1595 5342 1820 5409 Cognita
1854 5349 2036 5392 autem

472 5442 631 5498 J-sus
661 5442 904 5511 nequitia
935 5454 1125 5494 corum
1154 5479 1168 5498 ,
1209 5437 1285 5490 ait
1323 5451 1337 5488 :
1371 5434 1509 5499 Quid
1549 5450 1634 5487 me
1668 5433 1910 5496 tentatis,
1946 5432 2043 5500 hy-

478 5534 736 5602 pocritae?
766 5533 1036 5588 ostendite
1071 5531 1204 5584 mihi
1254 5530 1524 5583 nnmisma
1580 5540 1797 5579 census.
1838 5525 1906 5578 At
1966 5524 2042 5577 illi

557 5739 567 5764 ‘
600 5734 726 5788 Plus
755 5733 982 5786 habetur
1020 5732 1072 5783 in
1107 5731 1310 5781 Cru‘co.
1346 5727 1510 5791 ἄρατε
1538 5726 1716 5791 αὐτὸν,
1759 5724 1849 5780 ml.
1880 5723 2042 5776 ἐκϐάς

484 5804 625 5869 ila-.3,
649 5813 750 5858 ctc.
785 5802 965 5856 Tollite
994 5819 1127 5860 eum,
1163 5812 1206 5850 rt
1240 5798 1444 5865 mittite,
1482 5807 1584 5851 ctc.

2141 4603 2209 4657 ad
2243 4603 2452 4667 turbas,
2476 4612 2533 4657 et
2555 4603 2620 4656 ad
2649 4601 2948 4669 discipulos
2973 4616 3122 4664 suos,
3154 4602 3345 4655 dicens
3370 4599 3579 4664 z-Super
3593 4605 3668 4644 ca-

2141 4695 2386 4748 thedram
2413 4693 2577 4763 Moysi
2607 4693 2863 4748 sederunt
2890 4691 3092 4746 Scriba:
3117 4701 3172 4744 et
3202 4689 3477 4744 Pharisaei.
3505 4681 3669 4740 Omnia

2143 4800 2270 4854 ergo
2299 4779 2642 4853 quaecunque
2696 4784 2936 4838 dixerint
2959 4783 3114 4837 vobis
3146 4793 3387 4843 servate,
3421 4789 3472 4833 et
3500 4775 3668 4830 facile:

2145 4876 2446 4930 secundum
2482 4890 2648 4945 opera
2686 4889 2818 4929 vero
2844 4888 3035 4927 eorum
3063 4873 3236 4926 nolite
3267 4872 3447 4926 facere
3470 4887 3485 4922 :
3510 4867 3671 4920 dicunt

2141 4967 2310 5030 enim,
2345 4977 2399 5022 et
2432 4982 2540 5020 non
2595 4966 2815 5020 faciunt.
2854 4965 3128 5036 [ccxxvnn
3159 4964 3242 5034 5.]
3278 4965 3509 5032 Alligant
3546 4958 3670 5014 enim

2144 5074 2312 5112 onera
2343 5059 2548 5127 gravia,
2580 5067 2636 5110 et
2663 5056 3054 5124 importabilia,
3083 5047 3159 5108 et
3201 5056 3485 5123 imponunt
3511 5051 3561 5103 in
3588 5049 3671 5099 bu-

2145 5167 2325 5206 meros
2349 5152 2632 5205 hominum
2664 5167 2680 5207 :
2722 5152 2888 5216 digito
2924 5159 3110 5202 autem
3132 5164 3238 5204 suo
3270 5149 3460 5202 nolunt
3491 5159 3548 5196 ea
3579 5152 3676 5193 mo-

2146 5259 2296 5298 vere.
2329 5242 2527 5314 [ccxtx,
2561 5239 2642 5311 2.]
2666 5240 2861 5295 Omnia
2887 5254 3016 5293 vero
3047 5255 3212 5308 opera
3241 5255 3339 5294 sua
3394 5236 3604 5290 faciunt.
3628 5237 3676 5280 ut

2147 5334 2435 5388 videantur
2464 5333 2531 5386 ab
2561 5331 2875 5386 hominibus
2909 5346 2924 5386 :
2963 5329 3193 5382 dilatant
3232 5329 3381 5383 enim
3438 5323 3677 5393 pbylactc-

2148 5431 2227 5480 ria
2253 5441 2374 5492 sua,
2408 5435 2464 5478 et
2489 5423 2833 5493 magnificam
2856 5421 3124 5475 fimbrias.
3155 5422 3354 5473 Amant
3387 5425 3555 5471 autem
3584 5407 3677 5478 pri-

2148 5535 2266 5574 mos
2299 5518 2575 5573 recubitus
2594 5516 2646 5570 in
2673 5515 2869 5581 caenis,
2905 5513 3106 5584 primas
3135 5510 3430 5566 cathedras
3458 5508 3510 5561 in
3539 5515 3677 5573 syna-

2222 5723 2240 5751 ¹
2273 5717 2522 5770 Pressius
2561 5716 2745 5772 Grzrco
2778 5718 2904 5783 eis‘,
2933 5717 2984 5770 in
3018 5714 3237 5769 instanti
3277 5718 3418 5774 sunt,
3449 5708 3547 5762 duo
3585 5702 3678 5757 Ile-

2152 5791 2287 5860 gina:
2318 5803 2442 5842 mss.
2480 5787 2680 5854 legunt.
