3880 6168
151 261 236 322 605

1133 272 1377 332 EVANG
1394 273 1635 336 ELIUM
1676 265 1831 336 SECi
1880 279 2349 341 M.’tT'l'Il.:EU.\I.

3266 275 3370 338 606

151 377 297 444 cogis,
324 385 376 428 et
413 376 769 435 salutationes
791 381 844 435 in
878 381 1019 448 foro,
1055 395 1108 440 et
1139 390 1320 443 vocari
1362 389 1429 443 ab
1456 388 1696 442 homini-
1729 395 1768 446 Α
1799 393 1948 445 crita:
1982 410 1996 448 :
2036 393 2165 460 quia
2200 393 2408 447 similes
2440 391 2572 446 estis
2603 390 2875 459 sepulcris
2918 387 3206 450 dealbatis,
3249 399 3372 443 uuae

154 473 234 520 lius
276 465 465 520 Rabbi.
525 467 736 545 [_ccxxx,
777 472 890 544 10.]
935 473 1040 530 Vos
1066 485 1247 531 autem
1289 480 1468 533 nolite
1511 483 1693 534 vocati

155 561 322 644 Rabbi.
356 561 510 618 Unus
535 574 615 619 est
643 566 792 621 enim
828 567 1082 638 Magister
1114 579 1319 636 vester,
1358 587 1551 628 omnes
1597 589 1695 626 au-

156 664 242 704 tem
281 668 373 706 vos
413 654 613 708 fratres
640 657 796 710 estis.
831 657 899 711 Et
925 669 1134 728 patrem
1179 662 1347 716 nolite
1379 678 1574 716 vocare
1602 679 1694 715 vo-

157 743 224 796 his
256 757 416 811 super
439 754 638 798 terram
667 763 680 798 :
724 763 863 801 unus
887 759 970 804 est
994 751 1140 804 enim
1172 751 1331 806 Pater
1365 763 1565 816 vester,
1599 755 1693 822 qui

160 837 200 888 iu
225 834 365 888 caelis
388 843 488 888 est.
520 834 628 889 Nec
656 839 930 892 voeemini
961 843 1208 910 magistri
1239 859 1253 897 :
1289 846 1416 911 quia
1445 844 1696 914 Magister

161 935 310 978 tester
341 940 482 977 unus
515 935 596 979 est
622 924 895 982 Christus.
944 928 1183 1001 [ccum
1215 930 1303 1002 5.]
1358 931 1461 998 Qui
1522 935 1695 1002 major

159 1024 501 1081 estvestrum,
535 1017 641 1070 erit
694 1019 944 1074 minister
994 1031 1194 1076 vester.
1246 1022 1347 1088 Qui
1412 1035 1594 1079 autem
1637 1041 1696 1080 se

161 1105 476 1170 mutaverit,
510 1105 892 1163 humiliabitur
923 1126 938 1167 :
975 1120 1029 1166 et
1063 1113 1156 1182 qui
1213 1128 1272 1168 se
1300 1114 1696 1180 humiliaverit,

162 1197 484 1250 exaltabitur.
525 1195 789 1270 [eorum
822 1199 903 1272 5.]
937 1201 1023 1256 Vae
1053 1213 1236 1258 autem
1275 1205 1451 1273 vobis,
1491 1205 1698 1262 Scriba:

159 1299 202 1339 et
232 1287 478 1342 Pharisaei
510 1289 853 1359 hypocrita:
886 1293 1011 1362 quia
1041 1293 1298 1350 clauditis
1329 1311 1556 1366 regnum
1584 1314 1696 1354 coe-

158 1377 310 1430 lorum
336 1388 462 1433 ante
492 1379 764 1436 homines.
794 1382 904 1437 Vos
951 1383 1096 1438 enim
1157 1401 1264 1440 non
1316 1387 1557 1453 intratis,
1599 1406 1699 1444 nec

161 1469 476 1525 introeuntes
505 1472 686 1526 sinitis
710 1473 936 1529 intrare.
976 1475 1258 1545 [ccxxxm,
1292 1479 1405 1550 10.]
1434 1479 1521 1536 Vae
1546 1478 1700 1537 vobis

161 1558 344 1614 Scriba!
364 1569 417 1615 et
442 1561 702 1619 Pharisaei
735 1566 1027 1636 hypocritte
1053 1567 1067 1598 ¹
1093 1568 1253 1636 :quia
1280 1570 1528 1625 circuitis
1549 1585 1699 1624 mare

159 1661 206 1703 et
230 1652 450 1716 aridam,
487 1663 547 1708 ut
583 1653 795 1712 faciatis
819 1673 986 1710 unum
1020 1660 1355 1728 proselytum
1393 1675 1407 1716 :
1459 1670 1514 1714 et
1572 1675 1696 1713 cum

162 1743 308 1797 fuerit
334 1742 506 1799 factus
544 1784 559 1810 ,
594 1745 774 1800 facitis
820 1761 943 1802 eum
988 1747 1158 1801 tilium
1218 1750 1480 1818 gehennze
1534 1747 1701 1816 duplo
1732 1731 1773 1783 Β

162 1849 302 1901 quam
328 1849 440 1889 vos.
467 1834 557 1890 Vae
593 1836 770 1901 vobis,
800 1836 968 1892 duces
991 1838 1143 1903 caeci,
1177 1841 1268 1908 qui
1301 1839 1484 1894 dicitis
1516 1855 1530 1893 :
1566 1838 1699 1904 Qui-

163 1943 352 1995 cunque
388 1927 658 1996 juraverit
689 1944 784 1997 per
815 1930 1100 1997 templum,
1143 1929 1275 1982 nihil
1306 1939 1390 1983 est
1423 1946 1437 1984 :
1475 1929 1568 1998 qui
1601 1945 1701 1982 au-

167 2019 541 2085 temjuraverit
600 2021 654 2072 in
725 2036 860 2074 auro
910 2019 1119 2090 templi,
1180 2019 1364 2075 debet.
1395 2019 1611 2086 'Stulti,
1645 2029 1702 2074 et

167 2109 308 2162 caeci!
341 2109 477 2174 Quid
523 2111 670 2164 enim
705 2111 877 2181 majus
900 2120 1001 2176 est,
1039 2126 1256 2176 aurum,
1296 2127 1364 2164 an
1416 2111 1700 2180 templum,

165 2199 288 2266 quod
313 2199 616 2255 sanctiﬁcat
644 2216 834 2256 aurum
857 2201 881 2254 ?
902 2202 968 2256 Et
991 2202 1302 2272 quicunque
1349 2202 1617 2272 juraverit
1649 2202 1701 2254 in

166 2291 325 2353 altari,
373 2291 508 2344 nihil
549 2303 675 2346 est:
717 2294 1032 2362 quicunque
1090 2303 1271 2346 autem
1325 2293 1593 2361 juraverit
1649 2294 1701 2346 in

164 2383 309 2447 dono,
330 2385 474 2451 quod
509 2392 592 2437 est
639 2398 803 2453 super
845 2384 976 2438 illud
1008 2426 1025 2451 ,
1079 2385 1264 2440 debet.
1322 2386 1498 2440 Caecil
1561 2384 1702 2450 Quid

167 2476 290 2525 enim
321 2475 495 2543 majus
517 2485 619 2538 est,
655 2475 886 2541 donum,
919 2492 986 2529 an
1012 2476 1202 2543 altare,
1227 2477 1372 2545 quod
1400 2475 1705 2531 sanctiﬁcat

165 2568 392 2621 donum?
424 2569 527 2636 Qui
564 2583 693 2638 ergo
737 2569 962 2640 juratin
998 2570 1178 2635 altari,
1213 2570 1361 2640 jurat
1404 2570 1459 2623 in
1517 2585 1605 2635 eo,
1651 2577 1706 2623 et
1744 2639 1749 2644 Δ

166 2660 210 2711 in
235 2661 505 2726 omnibus,
550 2675 670 2727 qua:
691 2677 854 2730 super
905 2661 1038 2716 illud
1079 2671 1226 2717 sunt.
1281 2661 1347 2716 Et
1393 2663 1706 2733 quicunque

160 2753 407 2820 juraverit
430 2755 485 2808 in
523 2753 743 2824 templo,
773 2753 922 2822 jurat
957 2754 1012 2806 in
1043 2753 1158 2817 illo,
1193 2753 1327 2808 etin
1356 2769 1450 2818 eo,
1480 2753 1572 2823 qui
1614 2754 1709 2806 ha—

163 2843 286 2898 bitat
317 2846 370 2899 in
401 2847 522 2913 ipso
557 2859 572 2902 :
607 2854 662 2899 et
688 2847 778 2913 qui
805 2851 954 2915 jurat
990 2848 1044 2901 in
1074 2847 1235 2909 caelo,
1259 2845 1408 2915 jurat
1432 2846 1482 2900 iu
1511 2847 1707 2899 throno

166 2935 268 2997 Dei,
298 2938 437 2990 etin
470 2952 558 3002 eo,
597 2938 688 3004 qui
732 2938 882 2991 sedet
928 2954 1086 3005 super
1137 2953 1262 2992 eum
1307 2938 1575 3008 laeuam,
1625 2937 1706 3010 5.]

167 3027 246 3081 Vae
274 3029 442 3092 vobis,
481 3030 686 3084 Scriba:
713 3039 767 3083 et
798 3030 1054 3084 Pharisati
1084 3031 1399 3100 hypocrita),
1434 3032 1524 3100 qui
1561 3031 1706 3086 deci-
1737 3070 1779 3124 ϐ

165 3122 308 3176 matis
337 3121 636 3187 mentbam,
669 3131 724 3176 et
752 3123 1034 3184 anethum,
1058 3130 1112 3178 et
1141 3123 1440 3193 cyminum,
1467 3134 1522 3178 et
1576 3125 1706 3179 reli-

163 3216 345 3281 quistis
377 3229 500 3284 quae
531 3215 779 3285 graviora
811 3223 940 3268 sunt
969 3214 1148 3284 Legis,
1171 3214 1463 3284 judicium,
1518 3227 1572 3271 et
1604 3216 1709 3270 mi-

161 3307 522 3371 sericordiam,
549 3316 603 3360 et
631 3306 808 3360 tidem.
835 3306 959 3360 Haec
979 3315 1222 3377 oportuit
1274 3307 1472 3374 facere,
1505 3319 1562 3364 et
1618 3306 1708 3362 illa

162 3412 257 3451 non
289 3400 560 3454 omittere.
600 3397 848 3472 [ccxxxv,
879 3399 991 3471 10.]
1025 3399 1196 3454 Duces
1227 3401 1710 3461 czeci,excolantcs

161 3489 400 3552 culicem,
448 3492 711 3545 camelum
746 3502 928 3546 autem
979 3492 1286 3560 glutientes.
1316 3491 1590 3563 [ccxxxw,
1626 3490 1709 3564 5.]

163 3575 244 3634 Vs:
287 3584 477 3647 vobis,
533 3581 736 3636 Scrihaa
776 3595 831 3637 et
886 3582 1148 3639 Pharisaei
1201 3587 1520 3656 hypocrita,
1583 3586 1711 3656 quia

161 3676 428 3729 mundatis
455 3675 602 3744 quod
637 3675 844 3731 deforis
873 3685 958 3731 est
1011 3679 1198 3734 calicis
1247 3691 1302 3736 et
1353 3683 1659 3750 parOpsidis
1692 3694 1706 3733 :

159 3765 300 3820 intus
332 3779 512 3822 autem
539 3767 681 3837 pleni
705 3769 838 3825 estis
859 3763 1050 3838 rapina
1086 3781 1141 3825 et
1174 3772 1540 3826 immunditia.
1575 3773 1712 3826 Pha-

157 3859 306 3914 riszee
341 3875 507 3925 caece,
536 3860 737 3915 munda
771 3861 946 3929 prius,
978 3863 1122 3929 quod
1159 3863 1307 3918 intus
1331 3877 1412 3918 est
1445 3865 1627 3918 calicis
1657 3873 1712 3919 et

153 3952 474 4021 paropsidis,
499 3961 558 4006 ut
583 3953 673 4007 fiat
724 3953 778 4007 id
825 3953 967 4021 quod
1003 3953 1208 4009 deforis
1261 3965 1379 4021 est,
1423 3955 1708 4011 mundum.

153 4041 441 4112 [ccxxxvu,
478 4042 556 4116 3.]
584 4044 673 4101 Vae
703 4046 877 4112 vobis,
911 4046 1112 4103 Scribze
1148 4057 1204 4102 et
1239 4048 1497 4103 Pharisaei
1541 4049 1710 4118 hypo-

214 4225 233 4254 ³
258 4220 617 4275 Recentiores
641 4222 859 4290 quidam
899 4224 1114 4278 codices
1142 4241 1264 4278 cum
1305 4227 1467 4281 editis
1501 4229 1588 4282 hic
1621 4230 1713 4284 ad-

148 4290 318 4367 dunt:
359 4291 453 4367 VtB_
481 4295 844 4367 autem'u‘ohis,
885 4292 1082 4346 Scriba:
1135 4306 1182 4367 et
1234 4293 1496 4352 Pharisaei
1544 4301 1712 4367 hypo-

147 4365 324 4416 m'te:
359 4363 491 4428 quia
539 4363 804 4416 comeditis
856 4367 1036 4416 domos
1081 4366 1382 4430 viduarum,
1443 4363 1708 4426 orationes

1802 500 1829 535 a
1865 482 1999 536 foris
2023 491 2216 550 parent
2247 482 2557 536 hominibus
2581 481 2850 550 speciosa,
2887 480 3035 532 intus
3054 495 3182 532 vero
3215 479 3370 546 plena

1799 587 1927 630 sunt
1959 575 2174 630 ossibus
2212 582 2574 633 mortuorum.
2607 582 2663 626 et
2696 573 2844 626 omni
2876 571 3165 639 spurcitia.
3195 570 3287 625 Sic
3316 578 3374 624 et

1803 681 1896 718 vos
1932 681 1960 718 a
1992 665 2126 718 foris
2166 665 2384 732 quidem
2421 663 2623 730 paretis
2667 663 2976 716 hominibus
2999 662 3132 731 justi
3169 678 3183 715 :
3225 664 3372 716 intus

1799 763 1979 805 autem
2011 752 2157 820 pleni
2190 752 2320 804 estis
2351 751 2620 820 hypocrisi
2654 760 2709 804 et
2731 751 3019 812 iniquitate
3048 748 3368 820 ]cc2t'xxvut.

1798 843 1877 914 5.]
1923 844 2009 896 Vae
2042 843 2216 903 vobis,
2266 842 2471 896 Scriba:
2522 851 2575 894 et
2630 840 2886 894 Pharisaai
2922 840 3238 909 hypocritze,
3273 837 3370 906 qui

1797 913 2080 990 mdilicatis
2109 935 2358 1003 sepulcra
2394 934 2807 1002 prophetarum,
2838 941 2893 984 et
2925 932 3134 984 ornatis
3171 946 3364 984 monu'
3399 913 3422 998 Ῐ

1800 1040 1982 1081 menta
2012 1027 2307 1096 justorum,
2333 1035 2388 1080 et
2418 1025 2641 1084 dicitis;
2681 1025 2737 1080 Si
2763 1023 3053 1077 fuissemus
3085 1024 3137 1075 iu
3174 1024 3368 1075 diebus

1800 1129 2012 1189 patrum
2045 1127 2381 1180 nostrorum,
2417 1133 2524 1171 non
2581 1130 2828 1169 essemus
2884 1115 3020 1168 socii
3082 1129 3272 1166 eorum
3310 1113 3364 1164 in

1797 1211 2062 1279 sanguine
2100 1209 2514 1276 prophetarum.
2549 1207 2735 1277 Itaque
2769 1207 3080 1261 testimonio
3105 1206 3238 1260 estis
3270 1219 3368 1257 vo-

1797 1299 2156 1369 bismetipsis,
2189 1301 2314 1366 quia
2341 1300 2434 1351 filii
2491 1300 2625 1351 estis
2669 1315 2885 1360 eorum,
2930 1299 3022 1364 qui
3066 1297 3368 1367 prophetas

1800 1391 2134 1445 occiderunt.
2164 1387 2438 1459 [ccxxxrx,
2479 1387 2584 1459 l0.]
2629 1389 2693 1442 Et
2732 1404 2824 1442 vos
2876 1388 3094 1454 implete
3146 1401 3365 1439 mensu-

1805 1495 1916 1533 ram
1984 1490 2198 1548 patrum
2223 1491 2550 1533 vcstrorutn.
2592 1480 2887 1546 Serpentes
2916 1477 3193 1544 genimina
3218 1476 3368 1544 vipe-

1802 1589 2028 1634 rarum,
2096 1575 2367 1639 qumuodo
2432 1571 2647 1638 fugietis
2694 1587 2724 1623 a
2783 1570 2992 1639 judicio
3064 1566 3370 1636 gehennie?

1803 1664 1976 1736 [πη.
2007 1663 2086 1735 5.]
2121 1663 2247 1718 Ideo
2267 1680 2394 1716 ecce
2423 1679 2522 1731 ego
2560 1663 2713 1718 mitto
2744 1664 2808 1716 ad
2847 1677 2941 1714 vos
2974 1660 3289 1729 prophetas,
3315 1668 3370 1712 et

1803 1757 2096 1826 sapientes,
2125 1765 2178 1809 et
2214 1754 2451 1816 Scribas,
2487 1765 2542 1807 et
2566 1770 2628 1807 ex
2665 1755 2770 1807 illis
2820 1753 3101 1816 occidetis,
3151 1761 3204 1804 et
3246 1767 3370 1803 cru-

1805 1849 2055 1919 ciﬁgctis,
2087 1857 2140 1902 et
2170 1863 2234 1899 ex
2258 1847 2338 1899 eis
2367 1845 2705 1913 llagcllabitis
2741 1845 2793 1897 in
2821 1845 3108 1914 synagogis
3141 1842 3356 1904 vestris,

1803 1954 1856 1996 et
1894 1938 2297 2009 persequcmini
2327 1940 2394 1990 de
2450 1936 2673 1988 civitate
2739 1935 2792 1987 in
2826 1937 3098 1987 civitatem
3133 1951 3144 1986 :
3182 1942 3241 1986 ut
3277 1949 3367 1984 ve-

1808 2034 1919 2086 niat
1953 2046 2116 2099 super
2153 2045 2251 2083 vos
2292 2028 2471 2082 omnis
2520 2030 2742 2096 sanguis
2774 2027 2974 2095 justus,
3017 2025 3109 2093 qui
3161 2024 3371 2078 cmisus

1805 2132 1887 2177 cst
1917 2136 2080 2190 super
2111 2130 2332 2181 terram,
2368 2134 2397 2172 a
2429 2119 2696 2187 sanguine
2727 2117 2858 2170 Abel
2891 2117 3022 2184 justi
3063 2131 3236 2184 usque
3297 2117 3364 2167 ad

1807 2213 2128 2282 sanguinem
2157 2208 2450 2273 Zachariae,
2487 2211 2577 2262 lilii
2617 2209 2915 2272 Barachiai,
2947 2224 3107 2276 quem
3163 2206 3374 2261 occidi-

1805 2306 1905 2359 stis
1939 2305 2080 2358 inter
2119 2303 2376 2372 templum
2411 2301 2677 2356 etaltare.
2712 2302 2882 2354 Amen
2916 2301 3038 2354 dico
3072 2300 3247 2362 vobis,
3287 2313 3378 2350 ve-

1807 2399 1960 2449 nient
1982 2397 2095 2449 haec
2117 2395 2297 2448 omnia
2328 2409 2491 2462 super
2514 2393 2921 2459 generationem
2952 2392 3133 2444 istam.
3171 2387 3372 2460 [ccxu,

1806 2487 1884 2558 5.]
1907 2487 2228 2549 Jerusalem,
2257 2485 2584 2544 Jerusalem,
2613 2499 2734 2552 qua:
2778 2482 2980 2536 occidis
3056 2482 3368 2550 prophetas,

1805 2588 1860 2633 et
1883 2578 2090 2646 lapidas
2133 2591 2226 2630 eos
2254 2575 2346 2643 qui
2385 2576 2452 2628 ad
2485 2585 2534 2628 te
2592 2574 2744 2628 missi
2792 2583 2937 2637 sunt,
2966 2571 3180 2640 quoties
3219 2569 3372 2622 volui

1807 2684 2134 2741 congregare
2168 2669 2310 2722 ﬁlios
2341 2678 2484 2730 tuos,
2514 2667 2976 2735 quemadmodum
3004 2665 3204 2733 gallina
3241 2678 3374 2716 con-

1808 2771 1993 2832 gregat
2023 2760 2200 2830 pullos
2227 2774 2354 2813 suos
2388 2761 2486 2812 suh
2510 2758 2644 2824 alas,
2667 2768 2722 2812 ct
2754 2758 2976 2812 noluisti
3001 2756 3180 2809 ?Ecce
3207 2754 3374 2808 relin-

1808 2863 2006 2924 quetur
2046 2853 2196 2907 vobis
2219 2852 2413 2906 domus
2439 2861 2622 2906 vestra
2669 2854 2909 2904 deserta.
2942 2849 3071 2904 Dico
3100 2847 3245 2903 enim
3273 2861 3371 2900 vo-

1812 2946 1915 3009 his,
1944 2961 2049 2998 non
2075 2959 2160 2998 me
2197 2942 2445 2997 videbitis
2477 2943 2694 3004 amodo,
2727 2941 2901 2996 donec
2926 2941 3159 2995 dicatis:
3193 2938 3373 2992 Bene-

1813 3037 2010 3102 dictus,
2035 3037 2126 3104 qui
2162 3035 2310 3089 venit
2340 3034 2394 3088 in
2424 3033 2644 3086 nomine
2679 3031 2916 3086 Domini.

1883 3127 2042 3200 [Cap.
2078 3125 2244 3181 XXIV
2271 3168 2285 3188 ,
2328 3142 2520 3190 ccxm,
2572 3123 2652 3197 2.]
2690 3125 2752 3178 Et
2797 3127 3054 3191 egressus
3103 3123 3262 3177 Jesus
3309 3118 3377 3173 de

1813 3223 2017 3290 templo
2070 3220 2204 3274 ibat.
2265 3218 2330 3271 Et
2383 3226 2738 3272 accesserunt
2797 3215 3050 3284 discipuli
3106 3214 3223 3283 ejus
3255 3251 3270 3274 ,
3321 3222 3380 3264 ut

1811 3315 2166 3368 ostenderent
2202 3314 2251 3366 ei
2311 3310 2700 3366 a‘dilicationes
2755 3307 2966 3375 templi.
3023 3306 3142 3374 lpse
3196 3315 3377 3356 autem

1816 3404 2152 3474 respondens
2187 3403 2324 3457 dixit
2366 3403 2474 3456 illis
2514 3420 2528 3456 :
2563 3400 2778 3455 Videtis
2811 3400 2926 3452 haec
2960 3397 3376 3452 omnia?Amen

1814 3499 1932 3551 dico
1964 3496 2154 3559 vobis,
2189 3511 2295 3548 non
2346 3495 2693 3563 relinquetur
2723 3492 2813 3545 hic
2842 3490 2982 3559 lapis
3024 3503 3189 3556 super
3240 3485 3380 3555 lapi-

1812 3586 1956 3648 dem,
2022 3585 2115 3656 qui
2169 3601 2274 3639 non
2338 3587 2676 3639 destruatur.
2711 3580 2951 3652 [ερκιιιμ
3009 3580 3090 3649 2.1
3140 3577 3379 3630 Sedeuto

1812 3691 1990 3733 autem
2039 3694 2105 3731 eo
2165 3693 2334 3745 super
2369 3684 2611 3730 montem
2660 3673 2883 3738 Olivcti,
2923 3681 3277 3725 accesserunt
3309 3669 3380 3723 ad

1812 3787 1936 3826 cum
1973 3769 2220 3839 discipuli
2259 3776 2491 3831 secreto,
2525 3766 2775 3821 dicentes
2812 3782 2827 3819 :
2859 3765 2951 3818 Dic
2983 3764 3164 3827 nobis,
3204 3779 3378 3830 quatt—

1815 3867 1882 3920 do
1930 3864 2046 3918 huic
2094 3860 2377 3915 erunt?et
2428 3860 2572 3929 quod
2629 3859 2845 3927 signum
2883 3855 3154 3923 adventus
3181 3855 3282 3921 tui,
3321 3866 3378 3909 et

1813 3952 2299 4011 consummationis
2352 3951 2533 4004 saeculi
2577 3955 2600 4002 ‘!
2669 3949 2732 4003 Et
2782 3951 3123 4017 respondens
3175 3947 3374 4010 .Iesus,

1814 4050 1949 4104 dixit
1981 4049 2060 4104 eis
2093 4063 2106 4099 :
2142 4045 2352 4110 Videte,
2392 4060 2460 4100 ne
2495 4043 2615 4112 quis
2641 4058 2738 4099 vos
2764 4045 3008 4099 seducat.
3047 4041 3197 4094 Multi
3228 4039 3375 4093 cuitu

1817 4242 1937 4284 mus
1957 4225 2023 4279 ab
2043 4223 2390 4292 octingentis,
2423 4231 2518 4275 aut
2546 4235 2612 4275 eo
2638 4220 2872 4289 amplius
2903 4219 3067 4292 annis
3093 4229 3370 4292 exaratos,

1819 4299 1999 4365 Regia:
2053 4289 2260 4365 scilicet
2299 4293 2671 4365 bibliothecae
2724 4306 2844 4365 uno-
2879 4305 2938 4365 n._
2971 4290 3132 4365 5564.
3162 4289 3372 4365 _Sa_ncti

1816 4359 2070 4421 Germani
2097 4381 2125 4417 a
2165 4363 2336 4416 Pralis
2359 4378 2474 4424 sex,
2509 4363 2593 4414 his
2632 4360 2878 4414 numeris
2909 4361 3208 4427 designatis
3235 4359 3287 4417 4,
3312 4362 3380 4418 υ,

149 4431 329 4502 longas
373 4416 629 4502 orantes:
668 4443 881 4500 prapter
909 4437 1003 4486 hoc
1041 4416 1711 4502 aiaipliius”tuccipiciiswiti:
1742 4416 1783 4470 θ
1931 4416 2011 4492 ίΒί.
2153 4432 2222 4486 52
2243 4451 2255 4494 ;
2280 4416 2593 4485 Corbeiensi
2617 4444 2724 4481 uno
2747 4431 2798 4480 in
2836 4416 3162 4502 bibliotheca
3188 4416 3382 4502 nostra.

149 4501 370 4576 ditium.
394 4499 594 4576 Verpm
625 4503 736 4553 haec
768 4499 1052 4576 peregrina
1079 4499 1198 4560 esse
1227 4515 1388 4573 atque
1411 4499 1474 4561 ex
1500 4499 1713 4576 capitu-

147 4570 205 4622 lis
235 4585 446 4623 cxxxvt
479 4567 639 4642 Marc.
661 4579 716 4642 et
743 4567 949 4625 cumvir
983 4573 1132 4638 Luc.,
1170 4577 1268 4628 hoc
1304 4567 1395 4628 'est
1435 4592 1499 4630 ex
1542 4567 1707 4638 Marc.

145 4656 300 4713 c._x_n,
329 4638 665 4713 t'ers.40._et
685 4639 820 4696 Luc.
846 4657 965 4708 cap.
998 4659 1090 4704 xx,
1120 4659 1260 4697 vers.
1279 4647 1368 4705 47.
1388 4648 1709 4713 quibusdam

142 4709 699 4782 additis,quibusdam
726 4725 854 4764 vero
871 4715 1091 4767 mutatis
1109 4716 1170 4766 ad
1191 4709 1516 4782 implendam
1540 4722 1715 4776 cohae-

141 4780 511 4854 rentiat_i_t,huc
533 4781 1041 4854 translata,suadent
1064 4784 1236 4854 primo
1255 4780 1365 4854 ipsa
1383 4787 1520 4840 situs
1543 4794 1714 4845 varia-

143 4851 213 4924 tio
237 4850 290 4899 in
330 4850 402 4902 iis
425 4849 479 4902 in
510 4850 962 4924 quibusltabetur
987 4849 1288 4924 codicithsS
1314 4857 1532 4924 quidam
1564 4863 1709 4914 enim

141 4918 250 4970 haec
269 4931 607 4987 praeportant
635 4923 1052 4998 huicsentent’ize
1068 4925 1137 4998 de
1158 4918 1418 4998 clavibus,
1437 4932 1488 4981 in
1513 4931 1713 4998 quibus

139 4997 350 5063 (ιδιιιιξ.
391 4992 710 5044 monasterii
737 4993 938 5063 nostri,
975 4993 1031 5046 S.
1071 4993 1291 5063 Taurini
1346 4992 1709 5063 Ebroicensis,

141 5059 521 5123 complectens
552 5069 788 5126 quatuor
825 5061 1116 5126 Evangelia
1167 5061 1352 5121 Graece
1407 5085 1528 5122 cum
1565 5059 1713 5124 com;

140 5131 438 5180 meritariis
467 5146 481 5194 ;
512 5130 602 5183 alii
631 5132 950 5186 subtexunt.
990 5133 1193 5185 Deinde
1226 5134 1338 5190 lucc
1363 5139 1415 5191 in
1450 5139 1713 5193 Eusebia-

140 5197 798 5269 nisHieronymianisque
834 5201 1247 5269 Evzingeliorum
1299 5210 1600 5264 canonibus
1632 5211 1715 5263 lo-

137 5281 261 5318 cum
300 5268 516 5322 habere
552 5287 659 5322 non
703 5281 963 5336 possunt:
993 5268 1178 5338 neque
1212 5277 1358 5328 cuitu
1405 5281 1456 5332 in
1505 5277 1713 5335 canone

134 5338 353 5416 dij-cium
386 5339 842 5416 r_rponi_queun_t,
879 5357 1002 5416 cum
1036 5357 1143 5416 non
1170 5343 1278 5398 sint
1322 5350 1540 5416 proliria
1578 5349 1715 5403 Mat-

136 5407 284 5483 tha:i._
317 5407 736 5483 sednprzedictis
772 5410 932 5483 blarci
964 5428 1025 5465 ac
1068 5411 1228 5466 Luca:
1261 5407 1516 5482 Capitulis
1560 5436 1713 5472 com-

137 5479 322 5528 munia
355 5495 370 5529 Ξ
412 5473 509 5530 illa
543 5489 724 5531 autem
757 5481 822 5531 ad
856 5496 1117 5534 CEIIOHBIII
1151 5473 1400 5539 οειίιγιίιιι
1449 5505 1714 5542 revocan-

138 5556 240 5620 tur,
280 5548 338 5598 in
384 5561 507 5620 quo
555 5548 688 5620 nihil
721 5550 787 5601 de
825 5549 1088 5620 Matthmo
1139 5554 1472 5610 continetur.
1529 5558 1712 5612 Tertio

133 5617 332 5692 absunt
382 5618 504 5667 Ιιυεε
527 5617 595 5668 ab
630 5619 1029 5692 antiquioribus
1065 5639 1147 5677 me
1175 5626 1303 5677 iors
1325 5645 1410 5692 μω
1443 5638 1580 5682 nota:
1613 5649 1712 5692 ro-

137 5687 353 5741 dzcilou;
389 5703 554 5750 mss,
595 5689 783 5764 quales
817 5691 1079 5760 pluria.th
1108 5712 1214 5763 ιιι-ατ
1254 5687 1497 5755 ωᾲωδιυδ
1553 5689 1709 5755 inibo

1816 4502 2306 4559 San-Germanensi
2341 4511 2615 4554 asservato
2664 4515 2816 4551 num.
2841 4499 2910 4563 '2;
2971 4499 3282 4551 nionasterti
3311 4499 3369 4552 S.

1813 4574 2084 4629 Guillelmi
2127 4574 2179 4623 in
2213 4572 2457 4632 Deserto,
2499 4585 2643 4634 uno;
2683 4568 2999 4622 monasterii
3027 4568 3370 4631 Crassensis,

1813 4647 2005 4698 altero.
2043 4643 2224 4694 illam.
3319 4680 3323 4685 .

1883 4743 1953 4752 —
1981 4713 2313 4779 l’racponunt
2343 4706 2554 4779 Vulgati
2586 4707 2716 4779 libri
2737 4707 2970 4761 solidum
3005 4708 3217 4779 huncce
3243 4722 3378 4761 ver-

1815 4783 2047 4836 siculum
2085 4776 2116 4834 ί
2142 4780 2229 4832 Va:
2255 4787 2427 4830 autem
2463 4778 2602 4834 vobis
2628 4819 2642 4842 ,
2679 4776 2874 4831 Scriba:
2908 4789 2952 4830 et
2992 4778 3244 4830 l’huriswi
3281 4780 3380 4848 Ιιμς

1813 4855 2063 4922 μοστ-ἔταξε
2099 4853 2221 4918 quia
2253 4847 2518 4900 comeditis
2559 4853 2738 4902 domos
2767 4848 3065 4912 viduarum,
3111 4847 3384 4900 orationes.

1817 4919 1998 4992 longas
2026 4928 2234 4992 orantes
2267 4933 2284 4970 :
2311 4929 2525 4992 propter
2557 4927 2648 4992 hoc
2676 4920 2900 4984 amplius
2931 4919 3194 4984 accipietis
3219 4921 3374 4992 judif

1813 4990 1970 5046 cium.
2005 4990 2107 5056 Qui
2141 4990 2440 5056 quidemet
2485 4991 2535 5040 in
2596 4990 2784 5042 Graeco
2838 5001 2921 5044 est
2955 4995 3253 5057 archetypo
3306 4991 3372 5043 ad

1818 5070 2038 5115 verbum
2071 5080 2084 5114 :
2114 5060 2246 5111 Οὐαὶ
2279 5059 2426 5126 ὑμῖν,
2458 5062 2802 5129 γραμματεῖς
2826 5065 2918 5109 καὶ
2945 5060 3374 5129 Φαριςαῑυιὺπο-

1815 5135 2016 5198 κριταὶ,
2086 5132 2164 5182 ὅτι
2200 5129 2507 5180 κατεσθίετε
2538 5131 2633 5190 τὰς
2665 5127 2843 5190 οἰκίας
2875 5130 2981 5182 τῶν
3033 5127 3242 5198 mpm,
3279 5133 3370 5182 καὶ

1816 5197 2087 5270 προφάσει
2119 5200 2302 5267 μακρὰ.
2355 5204 2802 5270 προᾳευχόμενον
2833 5201 2922 5252 διὰ
2950 5197 3368 5268 manisque:

1815 5274 2199 5339 περισσότερον
2235 5271 2431 5338 κρίμα,
2466 5269 2520 5321 lu
2555 5270 2726 5322 multo
2757 5286 2934 5324 autem
2969 5289 2998 5322 e
3032 5281 3252 5331 nostris,
3288 5276 3369 5319 at-

1814 5360 1918 5409 que
1946 5343 2083 5403 aliis,
2107 5356 2243 5408 quos
2265 5341 2331 5392 ad
2363 5340 2505 5391 hunc
2532 5339 2710 5392 locum
2739 5343 3112 5394 consuluimus
3136 5340 3374 5406 antiquis

1814 5411 2018 5464 Latinis
2050 5411 2202 5464 libris
2233 5412 2529 5462 inuenitur.
2566 5409 2772 5470 Videsis
2821 5427 2982 5474 porro
3019 5411 3118 5462 hac
3164 5409 3230 5461 de
3289 5410 3375 5460 in-

1816 5483 2172 5548 terpolatione
2204 5482 2535 5532 disserentes
2581 5481 2803 5535 eriticos
2845 5496 3047 5542 sacros,
3084 5482 3374 5545 ipsumque

1814 5552 2188 5604 Martianmum
2223 5556 2273 5603 tu
2311 5549 2460 5601 Notis
2517 5556 2566 5601 in
2606 5561 2752 5602 calce
2786 5556 2928 5605 libri.
2975 5551 3378 5604 l'aulu'auteut

1818 5634 1932 5688 post
1960 5626 2012 5675 in
2051 5622 2327 5674 \‘tftttsltu'i
2363 5620 2576 5685 llegiua:
2602 5635 2704 5672 nis.
2745 5631 2859 5691 pius
2894 5625 3134 5680 habmur,
3175 5619 3254 5677 l'tt'
3281 5637 3384 5680 vo.

1818 5709 1912 5758 us,
1947 5695 2161 5759 .‘s't'i‘ii‘it,
2201 5695 2350 5744 dm:
2389 5693 2528 5753 cui,
2572 5700 2676 5741 etc.
