3880 6168
501 358 605 417 ϐυτ

1419 352 1478 412 S.
1520 351 1965 414 IllERONYMI
2006 354 2272 415 DlVlNA
2314 354 2844 423 BIBLIOTHECA.
3577 378 3660 442 δίε

507 474 725 524 venient
749 472 802 525 in
841 470 1062 525 nomine
1103 481 1244 526 meo,
1283 465 1529 520 dicentes
1560 482 1574 518 :
1603 467 1717 534 Ego
1742 483 1860 522 sum
1907 467 2072 523 Chri-
2103 479 2146 535 Α
2178 467 2292 523 Ιιιεο
2325 470 2531 536 omnia,
2568 472 2760 527 scitote
2785 472 2912 541 quia
2945 487 3114 544 prope
3136 481 3217 529 est
3245 476 3294 530 in
3329 479 3502 550 januis.
3529 493 3664 545 Amen

501 573 621 617 stus
666 572 771 616 :ct
826 562 1029 616 mullos
1087 559 1375 614 seducent.
1430 559 1684 613 Audituri
1733 560 1877 614 enim
1939 559 2073 614 estis

503 657 714 722 prielia,
755 665 811 710 et
861 655 1150 724 opiniones
1201 653 1535 722 prmliorum.
1579 653 1806 716 Videte,
1851 667 1917 707 ne
1951 661 2072 706 tur-

499 747 723 801 bernini.
757 745 988 816 Oportet
1013 747 1159 800 enim
1193 747 1307 800 inec
1338 745 1482 810 fieri,
1552 744 1648 800 sed
1707 746 1949 799 nomium
1981 753 2070 799 est

425 881 430 884 .
499 839 966 907 linis.Consurget
990 838 1134 892 enim
1159 854 1297 908 gens
1337 839 1390 890 in
1415 848 1652 907 gentem,
1687 849 1740 892 et
1761 853 1986 907 regnum
2017 838 2068 892 in

451 945 745 998 .regnum,
834 940 890 984 et
930 933 1124 986 "erunt
1184 931 1550 1000 pestilentiae,
1607 940 1662 987 et
1739 929 1932 994 fames,
2017 940 2072 985 et

498 1029 840 1075 terrtemotus
915 1037 1013 1090 per
1068 1021 1207 1075 loca.
1259 1020 1381 1075 llaec
1432 1037 1614 1074 autem
1680 1022 1864 1075 omnia
1915 1021 2068 1075 initia

497 1120 626 1164 sunt
696 1113 966 1167 dolorum.
1020 1112 1254 1184 [οεκιιγ.
1324 1113 1398 1184 1.]
1454 1113 1610 1168 Tunc
1699 1113 1914 1168 tradent
1973 1128 2070 1167 vos

497 1203 552 1255 in
608 1203 1043 1268 tribulationem,
1077 1217 1133 1259 et
1196 1205 1449 1259 occident
1485 1222 1581 1260 vos
1612 1220 1626 1259 :
1659 1215 1710 1260 et
1741 1205 1896 1258 eritis
1942 1205 2070 1258 odio

496 1296 752 1348 omnibus
802 1296 1058 1364 gentibus
1112 1305 1334 1364 propter
1379 1311 1575 1352 nomen
1620 1311 1822 1348 meum.
1855 1293 2067 1366 lcum,

502 1387 613 1459 10.]
670 1388 732 1441 Et
765 1398 894 1442 tunc
936 1389 1454 1443 scandalizabuntur
1508 1388 1685 1451 multi,
1730 1397 1785 1442 et
1834 1387 2068 1441 invicem

501 1479 740 1541 tradent,
771 1489 825 1534 et
861 1480 986 1533 odio
1013 1481 1293 1534 habebunt
1324 1480 1579 1534 invicem.
1617 1479 1681 1533 Et
1718 1477 1870 1532 multi
1911 1493 2071 1546 pseu-

483 1570 853 1640 'doprophet:e
895 1583 1139 1642 surgent,
1174 1582 1228 1627 et
1277 1574 1541 1627 seducent
1573 1572 1793 1625 multos.
1833 1571 1893 1624 Et
1938 1586 2072 1639 quo-

501 1663 644 1714 niam
705 1663 1007 1720 abundavit
1060 1666 1366 1732 iniquitas,
1443 1665 1762 1734 refrigescet
1829 1663 2072 1717 charitas

501 1755 821 1810 multorum.
878 1757 981 1823 Qui
1029 1769 1211 1812 autem
1274 1759 1711 1828 perseveraverit
1774 1773 1947 1825 usque
2013 1757 2064 1810 in

501 1848 686 1908 tinent,
717 1848 805 1903 hic
842 1849 1023 1902 salvus
1050 1851 1176 1903 erit.
1203 1847 1550 1921 [κείνην-6,]
1583 1851 1647 1902 Ει
1677 1848 2065 1917 ργιειίἰιδεὺὶιιιι·

500 1940 601 1991 hoc
635 1939 987 2009 Evangeliuin
1026 1942 1176 2009 regni
1221 1942 1274 1995 in
1331 1943 1590 1996 universo
1638 1940 1792 2005 orbe,
1829 1942 1882 1994 in
1915 1939 2068 1993 testi-

499 2030 741 2083 inonium
783 2032 1040 2087 omnibus
1091 2031 1386 2101 gentibus:
1424 2043 1473 2086 et
1526 2043 1655 2087 tunc
1702 2031 1890 2086 veniet
1936 2046 2068 2084 con-

495 2125 1102 2196 summatioﬁjccxcvtt,
1129 2127 1208 2200 6.]
1246 2127 1381 2184 Cum
1415 2144 1546 2197 ergo
1587 2127 1831 2181 videritis
1857 2126 2069 2180 abomi-

502 2219 780 2273 nationem
842 2221 1236 2288 desolationis,
1298 2239 1419 2290 qua:
1473 2224 1614 2276 dicta
1655 2231 1740 2276 est
1779 2237 1806 2274 a
1844 2219 2066 2273 Daniele

500 2311 785 2378 propheta,
815 2319 1050 2366 stantem
1084 2314 1135 2367 in
1163 2315 1284 2368 loco
1315 2324 1524 2374 sancto,
1557 2314 1649 2382 qui
1680 2299 1828 2382 legit,
1865 2313 2065 2366 intelli-

493 2410 582 2468 gat
610 2401 884 2473 [δριμείῃ
913 2404 971 2474 2]
1005 2421 1019 2459 ε
1057 2414 1186 2459 tunc
1221 2407 1313 2474 qui
1347 2406 1398 2458 in
1430 2405 1619 2460 Judeea
1653 2415 1780 2458 sunt
1807 2447 1822 2470 ,
1855 2405 2066 2474 fugiant

495 2494 560 2546 ad
591 2504 803 2549 montes
839 2512 852 2548 :
887 2507 940 2551 et
967 2497 1057 2566 qui
1103 2498 1155 2551 in
1187 2507 1352 2562 tecto,
1391 2513 1495 2552 non
1534 2496 1830 2552 descendat
1873 2498 2064 2552 tollere

496 2586 703 2655 aliquid
755 2589 822 2643 de
869 2589 1033 2643 domo
1060 2605 1158 2643 sua
1189 2609 1202 2644 :
1244 2597 1297 2642 et
1328 2591 1418 2657 qui
1452 2591 1504 2643 in
1538 2605 1685 2657 agro,
1730 2604 1836 2641 non
1878 2603 2064 2641 rever-

495 2689 641 2732 tatur
677 2681 866 2734 tollere
903 2682 1140 2735 tunicam
1173 2697 1350 2736 suam.
1386 2680 1622 2753 [ccxum
1654 2679 1734 2750 2.]
1764 2680 1850 2733 Vae
1881 2691 2062 2733 autem

495 2771 898 2838 prmgnantibus
922 2781 974 2826 et
1011 2773 1380 2826 nutrientibus
1409 2774 1463 2826 in
1499 2773 1606 2825 illis
1655 2773 1878 2828 diebus.
1918 2772 2060 2845 [ccr.,

494 2859 572 2932 6.]
601 2861 763 2917 Orate
790 2873 998 2926 autem,
1031 2873 1090 2918 ut
1119 2880 1230 2918 non
1267 2865 1356 2916 liat
1383 2867 1506 2933 fuga
1534 2875 1718 2920 vestra
1749 2868 1802 2918 in
1855 2864 2060 2931 hieme,

492 2956 576 3009 vel
611 2956 862 3013 Sabbato.
919 2958 1078 3030 [ccu,
1128 2959 1210 3031 2.]
1264 2961 1379 3015 Erit
1421 2963 1567 3015 enim
1615 2970 1746 3016 tunc
1783 2961 2063 3015 tribulatio

496 3064 732 3116 magna,
767 3050 943 3120 qualis
999 3068 1106 3106 non
1172 3051 1276 3106 fuit
1331 3053 1400 3107 ab
1456 3055 1615 3108 initio
1663 3055 1850 3109 mundi
1892 3069 2062 3123 usque

494 3139 675 3200 modo,
736 3157 912 3210 neque
947 3142 1059 3199 fiet.
1095 3142 1279 3214 [conn
1307 3143 1386 3216 6.]
1430 3147 1493 3199 Et
1535 3148 1638 3201 nisi
1671 3147 1902 3202 breviati
1931 3146 2060 3200 fuis-
2087 3166 2133 3229 ρ

493 3241 613 3284 sent
646 3231 764 3286 dies
800 3233 902 3298 illi,
935 3251 1041 3289 non
1108 3237 1263 3290 fieret
1324 3238 1471 3291 salva
1531 3239 1710 3292 omnis
1759 3254 1886 3294 caro
1921 3238 2058 3294 :sed

495 3335 723 3392 propter
759 3326 966 3379 electos
1022 3327 1425 3383 breviabuntur
1455 3330 1570 3384 dies
1621 3331 1699 3386 illi
1744 3333 1947 3402 lCCLlll,
1977 3329 2058 3404 2.]

496 3415 649 3469 Tunc
678 3417 722 3472 si
757 3421 879 3488 quis
912 3419 1066 3474 vobis
1104 3421 1305 3479 dixerit
1339 3439 1352 3478 :
1383 3421 1520 3478 Ecce
1550 3424 1640 3478 hic
1674 3436 1759 3479 est
1787 3424 2055 3489 Christus,

493 3517 588 3560 aut
637 3509 766 3573 illic,
805 3511 971 3565 nolite
1015 3513 1240 3568 credere
1273 3513 1470 3586 [ccuv,
1514 3513 1592 3585 6.]
1640 3515 2058 3583 Snrguntenim

495 3601 892 3668 psendochristi
918 3646 932 3669 ,
967 3615 1019 3657 et
1053 3605 1547 3675 pseudoproplietze
1581 3625 1592 3659 :
1629 3616 1683 3661 et
1730 3607 1940 3660 dabunt
1988 3607 2061 3662 si-

494 3708 596 3761 gna
636 3708 825 3762 magna
857 3734 870 3756 ,
900 3705 953 3747 et
984 3695 1228 3764 prodigia
1256 3736 1270 3760 ,
1305 3695 1378 3749 ita
1431 3709 1487 3750 ut
1529 3695 1583 3749 in
1623 3711 1866 3752 errorem
1897 3697 2060 3750 indu-

494 3795 686 3837 cantur
717 3786 784 3855 (si
818 3785 932 3840 fieri
982 3787 1180 3855 potest)
1228 3787 1393 3840 etiam
1445 3789 1630 3842 electi.
1666 3787 1804 3843 Ecce
1835 3789 2059 3856 praedixi

495 3878 668 3932 vobis.
710 3876 882 3949 [σοιν.
949 3877 1029 3950 5.]
1078 3878 1133 3933 Si
1171 3894 1300 3947 ergo
1331 3878 1570 3933 dixerint
1601 3879 1796 3935 vobis:
1830 3881 1970 3934 Ecet:
2004 3882 2059 3935 in

494 3970 710 4023 deserto
744 3982 866 4030 est.
924 3973 1096 4025 nolite
1149 3971 1298 4025 exire
1328 3989 1340 4024 :
1373 3987 1500 4026 ecce
1550 3971 1604 4026 in
1662 3973 2060 4040 penetralibus,

497 4062 666 4116 nolite
700 4063 938 4116 credere.
965 4062 1160 4134 [CCLVI,
1187 4063 1266 4134 5.]
1295 4063 1448 4118 Sicut
1469 4065 1613 4116 enim
1647 4063 1828 4132 fulgur
1859 4067 1970 4118 exit
1992 4065 2060 4119 ab

495 4153 730 4217 oriente,
755 4165 807 4209 et
848 4165 1000 4222 paret
1041 4170 1213 4223 usque
1247 4156 1300 4208 in
1332 4155 1672 4209 occidentem
1704 4172 1718 4208 :
1757 4156 1830 4210 ita
1871 4159 1974 4212 erit
2005 4166 2061 4212 et

496 4249 762 4302 adventus
816 4247 936 4300 Filii
994 4246 1250 4300 hominis.
1292 4246 1485 4317 [cccvn
1518 4287 1533 4311 ,
1601 4247 1679 4319 5.]
1734 4249 2061 4318 Ubicunque

498 4347 508 4391 t
554 4343 657 4396 erit
712 4356 951 4410 corpus,
1009 4340 1119 4394 illic
1183 4341 1664 4410 congregabantur
1724 4349 1780 4395 et
1842 4342 2061 4412 aquilzn.

497 4433 830 4504 [.tcvttt,2.]
872 4433 1063 4488 Statim
1105 4440 1285 4487 autem
1311 4442 1434 4502 post
1481 4433 1887 4488 tribulationem
1942 4436 2061 4490 die-

2175 559 2301 613 dico
2337 561 2509 625 vobis,
2535 564 2661 630 quia
2695 579 2800 618 non
2833 565 3134 632 prmteribit
3164 573 3419 636 generatio
3449 575 3560 643 hac,
3586 581 3661 635 do-

2173 665 2276 707 nec
2304 652 2483 706 omnia
2512 653 2625 707 haec
2658 653 2808 707 fiant.
2859 653 3071 709 Caelum
3123 666 3178 710 et
3213 645 3342 712 terra
3387 666 3665 731 transibunt.

2173 741 2339 796 verba
2379 756 2561 799 autem
2597 759 2712 798 mea
2743 760 2851 799 non
2885 745 3254 814 praeteribunt.
3302 747 3477 820 [ccu.
3509 757 3586 830 6.]
3614 761 3670 814 De

2174 831 2262 886 die
2291 843 2472 888 autem
2509 835 2598 889 illa
2625 844 2682 891 et
2711 835 2841 889 hora
2872 853 3036 890 nemo
3065 839 3187 900 scit.
3219 856 3382 910 neque
3410 847 3561 915 angeli
3586 864 3672 904 ce:-

2172 925 2375 990 lorntn,
2408 926 2511 980 nisi
2547 927 2694 982 solus
2725 927 2904 983 Pater.
2940 928 3129 998 (cem.
3161 930 3194 984 5
3239 933 3255 994 )
3287 931 3428 987 S‘cut
3453 947 3603 990 autem
3632 940 3672 994 in

2172 1017 2368 1073 diebus
2393 1018 2528 1084 Noe,
2557 1021 2628 1074 ita
2657 1021 2763 1074 erit
2793 1029 2848 1074 et
2871 1023 3136 1077 adventus
3161 1022 3274 1078 Filii
3303 1025 3529 1081 hominis.
3556 1029 3676 1089 Sicut

2173 1111 2318 1164 enim
2353 1112 2590 1166 erantin
2627 1114 2822 1168 diebus
2849 1127 2974 1170 ante
3013 1115 3275 1170 diluvium
3303 1119 3612 1178 comedentes
3635 1136 3677 1178 et

2172 1202 2444 1268 bibentes,
2484 1207 2772 1272 nubentes,
2805 1217 2862 1262 et
2897 1207 3095 1276 nuptui
3129 1209 3411 1275 tradentes,
3458 1217 3674 1282 usquead

2171 1310 2295 1350 eum
2340 1297 2506 1360 diem,
2547 1316 2654 1369 quo
2687 1303 2912 1356 intravit
2943 1304 3055 1358 Noe
3087 1304 3139 1357 iu
3167 1319 3369 1368 arcam,
3408 1317 3459 1361 et
3488 1323 3579 1362 non
3606 1325 3678 1363 co-

2171 1402 2496 1456 gnoverunt,
2537 1392 2714 1448 donec
2763 1397 2911 1450 venit
2945 1396 3235 1462 diluvium,
3267 1405 3318 1450 et
3349 1397 3461 1451 tulit
3484 1415 3677 1455 omnes:

2174 1481 2243 1533 ita
2272 1483 2380 1535 erit
2405 1494 2459 1537 et
2486 1485 2754 1540 adventus
2786 1487 2907 1541 Filii
2944 1489 3194 1542 hominis.
3231 1489 3440 1558 (ccun,
3461 1491 3530 1560 5.)
3561 1491 3683 1546 Tunc

2173 1569 2282 1622 duo
2319 1584 2478 1627 erunt
2513 1575 2564 1627 in
2593 1590 2722 1646 agro
2761 1594 2776 1631 :
2829 1593 2970 1632 unus
3007 1589 3336 1644 assutnetur,
3380 1590 3432 1634 et
3467 1595 3586 1634 unus
3609 1595 3678 1634 re-

2173 1661 2470 1731 linquetur.
2522 1667 2649 1722 Dua:
2677 1670 2942 1725 molentes
2973 1672 3028 1726 in
3059 1672 3199 1726 mola
3230 1689 3244 1730 ;
3278 1688 3377 1726 una
3405 1685 3680 1735 assutnetttr,

2173 1760 2227 1805 et
2256 1769 2361 1808 una
2425 1756 2762 1827 relinquetur
2791 1763 2831 1816 ¹.
2873 1765 3122 1831 (ccum,
3173 1764 3270 1830 ϐ.)
3312 1763 3522 1834 Vigilate
3563 1781 3680 1837 ergo,

2169 1843 2294 1912 quia
2323 1848 2545 1904 nescitis
2573 1866 2677 1919 qua
2713 1851 2844 1907 hora
2879 1853 3139 1908 Dominus
3165 1863 3342 1910 vester
3367 1867 3600 1909 venturus
3617 1857 3688 1911 sit.

2170 1936 2398 2004 (ccum,
2429 1941 2504 2007 2.)
2560 1941 2694 1996 illud
2737 1955 2916 1998 autem
2951 1947 3170 2009 scitote,
3216 1947 3464 2015 quoniam
3489 1947 3528 2000 si
3555 1948 3686 2000 sciret

2169 2029 2560 2100 paterfamilias
2585 2049 2692 2102 qua
2725 2035 2856 2088 hora
2890 2037 2976 2089 fur
3010 2048 3276 2091 venturus
3300 2046 3460 2099 esset,
3489 2037 3694 2107 vigilant

2167 2117 2380 2186 υιίίιυθ.
2408 2131 2463 2175 et
2496 2139 2602 2177 non
2635 2125 2842 2181 sineret
2881 2127 3090 2196 perfodi
3121 2128 3344 2182 domum
3389 2144 3550 2182 suam.
3594 2129 3693 2180 Ideo

2167 2219 2222 2262 et
2257 2226 2352 2265 vos
2385 2222 2557 2267 estote
2587 2219 2760 2285 parati
2797 2236 2810 2274 :
2854 2221 2978 2290 quia
3009 2237 3114 2290 qua
3153 2221 3374 2276 nescitis
3405 2223 3525 2276 hora
3559 2219 3694 2274 Filius

2170 2299 2407 2358 hominis
2449 2317 2710 2363 venturus
2743 2322 2844 2364 est.
2881 2313 3091 2381 (ccutv,
3135 2314 3217 2381 5.)
3248 2314 3401 2380 Quis,
3442 2323 3601 2383 putas.
3632 2321 3697 2364 est

2169 2393 2343 2450 fidelis
2369 2411 2578 2462 servus,
2611 2411 2666 2455 et
2698 2403 2958 2471 prudens,
2991 2421 3152 2474 quem
3184 2405 3464 2460 constituit
3487 2402 3702 2458 dominus

2167 2501 2299 2542 suus
2345 2505 2512 2558 super
2559 2492 2816 2549 familiam
2859 2510 3031 2560 suam,
3084 2507 3146 2552 ut
3187 2501 3278 2552 det
3313 2498 3418 2552 illis
3458 2498 3621 2552 cibutn
3660 2495 3703 2548 in

2170 2579 2455 2649 tempore?
2502 2585 2751 2654 (ccuvt,
2787 2588 2886 2655 5.)
2942 2587 3145 2643 Beatus
3190 2590 3280 2644 ille
3322 2605 3524 2650 servus,
3570 2601 3702 2658 quem

2167 2687 2289 2726 cum
2322 2677 2532 2728 venerit
2560 2678 2815 2733 dominus
2839 2680 2982 2749 ejus,
3016 2682 3296 2736 invenerit
3322 2683 3401 2736 sic
3432 2679 3702 2734 facientem.

2165 2765 2335 2821 Amen
2377 2769 2499 2822 dico
2535 2771 2708 2837 vobis,
2743 2773 3000 2842 quoniam
3051 2790 3225 2843 super
3270 2776 3447 2830 omnia
3478 2775 3603 2827 bona
3623 2785 3702 2823 sua

2167 2861 2463 2916 constituet
2498 2879 2645 2919 eum.
2688 2865 2940 2935 (ccum,
2967 2867 3044 2936 5.)
3077 2867 3136 2921 Si
3170 2878 3357 2921 autem
3392 2865 3578 2919 dixerit
3611 2876 3707 2914 ma-

2166 2952 2253 3008 lus
2282 2969 2475 3010 servus
2508 2957 2598 3012 ille
2635 2960 2689 3014 in
2716 2960 2882 3015 corde
2913 2975 3010 3015 suo
3040 2977 3058 3014 :
3094 2960 3310 3016 Moram
3347 2959 3475 3014 facit
3496 2955 3709 3011 dominus

2167 3060 2322 3100 meus
2352 3050 2538 3104 venire
2567 3067 2581 3104 :
2615 3061 2670 3105 et
2694 3054 2924 3119 coeperit
2953 3062 3250 3118 percutere
3280 3064 3564 3106 conservos
3585 3061 3711 3108 suos,

2167 3134 2462 3190 manducet
2515 3148 2695 3192 autem
2742 3149 2798 3194 et
2854 3142 3004 3196 bibat
3054 3157 3186 3196 cum
3241 3141 3470 3197 ebriosis
3515 3136 3710 3193 :vcniet

2169 3220 2424 3279 dominus
2441 3229 2581 3280 servi
2615 3229 2779 3293 illius,
2807 3229 2969 3284 indie
2992 3247 3099 3300 qua
3123 3248 3237 3287 non
3279 3243 3484 3300 sperat,
3517 3241 3567 3283 et
3589 3228 3700 3281 hora

2167 3333 2270 3386 qua
2307 3318 2522 3388 ignorat
2545 3335 2559 3371 :
2584 3329 2638 3374 et
2661 3321 2870 3376 dividet
2903 3338 3028 3376 eum
3055 3338 3388 3393 partemque
3439 3322 3552 3392 ejus
3576 3328 3712 3389 ponet

2112 3407 2124 3418 °
2168 3423 2292 3462 cum
2329 3409 2630 3479 hypecritis
2663 3413 2930 3468 :illicerit
2953 3413 3136 3482 ﬂetus,
3169 3425 3229 3470 et
3260 3415 3465 3469 stridor
3484 3411 3714 3467 dentium.

2240 3499 2561 3570 (Cap.XXV,
2593 3519 2839 3569 ccuvm,
2868 3505 2976 3575 lO.)
2997 3505 3155 3560 Tunc
3183 3507 3370 3560 simile
3397 3507 3498 3559 erit
3517 3515 3708 3570 regnum

2168 3591 2431 3647 caelorum
2486 3593 2672 3648 decem
2721 3595 3042 3664 virginibus,
3071 3613 3203 3666 qua:
3257 3595 3582 3664 accipientes
3611 3593 3720 3645 latn-

2168 3684 2335 3753 pades
2393 3699 2542 3751 suas,
2589 3685 2845 3740 exierunt
2891 3687 3106 3741 obviam
3159 3703 3374 3758 sponso
3420 3696 3472 3743 ct
3522 3697 3718 3754 sponsae.

2170 3775 2421 3846 Quinque
2469 3786 2651 3833 autem
2714 3794 2780 3833 ex
2822 3767 2905 3834 eis
2953 3789 3116 3834 erant
3173 3781 3372 3844 fatuze,
3423 3790 3476 3835 et
3515 3779 3723 3848 quinque

2169 3867 2489 3936 prudentes.
2541 3869 2647 3924 Sed
2689 3871 2932 3942 quinque
2990 3871 3199 3939 fatuae,
3269 3873 3508 3942 acceptis
3553 3871 3725 3935 lampa-

2168 3960 2349 4027 dibus,
2393 3977 2502 4016 nun
2539 3974 2894 4032 sumpserunt
2941 3966 3126 4019 oleum
3170 3982 3368 4022 secum
3421 3964 3728 4036 :prudentes

2170 4067 2300 4106 vero
2331 4064 2661 4122 acceperunt
2690 4055 2871 4110 oleum
2905 4057 2958 4111 in
2984 4058 3135 4113 Vasis
3172 4061 3299 4114 suis
3343 4075 3468 4114 cuin
3497 4055 3725 4125 lampadi-

2170 4143 2293 4198 bus.
2320 4143 2522 4198 Moram
2552 4155 2732 4200 autem
2762 4148 2997 4202 faciente
3032 4164 3280 4219 sponso,
3319 4151 3728 4206 dormitaveruut

2169 4251 2379 4301 oinnes,
2412 4245 2468 4291 et
2498 4238 2862 4295 dormierunt.
2896 4242 3071 4297 Media
3119 4253 3319 4300 autem
3353 4256 3512 4299 nocte
3558 4242 3732 4296 clamor

2173 4326 2345 4382 factus
2382 4339 2466 4384 est
2502 4346 2516 4384 :
2572 4330 2713 4386 Ecce
2741 4349 2980 4400 sponsus
3029 4335 3209 4401 venit,
3238 4337 3410 4392 exite
3449 4327 3646 4391 obviam
3673 4329 3732 4383 ei.

2171 4420 2327 4475 Tunc
2358 4433 2720 4478 surrexerunt
2748 4440 2941 4480 omnes
2971 4426 3232 4497 virgines
3276 4428 3407 4492 illae,
3441 4438 3496 4483 et
3537 4438 3733 4480 ornave-

496 4543 617 4580 r:in
674 4528 908 4590 iliorunt,
970 4527 1050 4579 sol
1091 4527 1498 4594 obscurabitur,
1558 4537 1612 4582 et
1669 4529 1796 4582 luna
1833 4543 1940 4582 non
1968 4528 2063 4582 da-

2173 4523 2302 4568 runt
2333 4515 2609 4584 lampades
2649 4533 2796 4572 suas.
2830 4518 3014 4574 Fatua:
3059 4532 3260 4576 autem
3312 4521 3643 4594 sapientibus
3668 4518 3734 4571 dio

495 4621 573 4672 bit
605 4621 785 4674 lumen
820 4635 1005 4681 suum,
1043 4629 1099 4670 ct
1126 4619 1297 4672 stella:
1333 4620 1532 4673 cadent
1564 4622 1628 4672 de
1669 4620 1829 4683 caelo,
1861 4633 1917 4674 et
1947 4621 2060 4673 vir-

496 4715 640 4761 tutes
682 4710 946 4762 cmlorum
985 4708 1518 4763 commovebuntur:
1563 4719 1618 4762 et
1665 4718 1794 4763 tunc
1848 4710 2062 4779 parebit

494 4801 706 4867 signum
749 4799 865 4853 Filii
893 4799 1129 4855 hominis
1171 4800 1224 4853 in
1258 4801 1397 4855 coelo
1445 4799 1640 4872 [CCth,
1670 4797 1754 4873 2.]
1797 4811 1893 4855 :et
1931 4813 2062 4858 tunc

495 4892 750 4959 plangent
795 4906 988 4946 omnes
1030 4891 1208 4947 tribus
1239 4900 1397 4946 terra:
1427 4908 1440 4944 :
1475 4901 1530 4946 et
1561 4892 1830 4946 videbunt
1861 4891 2058 4947 Filium

496 4981 731 5035 hominis
781 4981 1094 5035 venientem
1151 4982 1205 5035 in
1260 4981 1502 5036 nubibus
1536 4982 1660 5035 (ξαεΙὶ
1694 4996 1818 5035 cum
1857 4981 2061 5036 virtute

496 5060 688 5136 multa,
717 5084 770 5125 et
810 5072 1112 5140 majestate.
1149 5072 1215 5126 Et
1250 5074 1426 5126 mittet
1473 5072 1698 5142 angelos
1753 5086 1881 5126 suos
1933 5087 2059 5125 cum

494 5164 642 5228 tuba,
676 5173 730 5217 et
757 5179 887 5217 voce
919 5179 1108 5234 magna
1143 5182 1158 5217 :
1187 5173 1242 5218 et
1276 5165 1683 5234 congregabunt
1713 5165 1915 5218 electos
1939 5165 2059 5232 ejus

494 5275 521 5308 a
554 5239 785 5324 quatuor
812 5256 1012 5320 ventis,
1043 5269 1073 5309 a
1105 5257 1334 5311 sunnnis
1361 5257 1622 5311 caelorum
1653 5272 1824 5327 usque
1845 5259 1912 5311 ad
1947 5267 2061 5311 ter-

497 5349 674 5404 minus
696 5363 909 5402 eorum.
951 5348 1032 5401 Ab
1060 5349 1257 5403 arbore
1286 5358 1461 5402 autem
1495 5349 1578 5402 fici
1613 5349 1803 5402 discite
1832 5349 2061 5418 parabo-

495 5439 600 5492 latn
631 5456 790 5494 :cttnt
810 5442 917 5509 jam
945 5455 1128 5494 ramus
1154 5442 1272 5510 ejus
1297 5451 1448 5494 tener
1471 5439 1655 5504 fuerit,
1679 5449 1732 5492 ct
1755 5439 1882 5494 folia
1911 5449 2058 5503 nata,

494 5533 647 5586 scitis
669 5532 792 5600 quia
824 5547 991 5603 prope
1015 5540 1100 5587 est.
1127 5542 1283 5585 testas
1314 5546 1328 5583 :
1360 5533 1430 5584 ita
1454 5539 1508 5584 et
1539 5546 1634 5584 vos
1659 5547 1781 5583 cum
1816 5531 2063 5588 videritis

576 5731 588 5758 ‘
646 5730 862 5783 Addunt
909 5733 1152 5784 nonnulli
1206 5734 1402 5802 vulgati
1454 5733 1598 5789 libri.
1661 5733 1773 5786 Duo
1819 5734 1871 5784 in
1909 5733 2059 5800 lec'o,

506 5811 639 5853 unus
670 5811 981 5868 assuntetur,
1015 5815 1060 5855 et
1091 5817 1221 5858 unus
1251 5821 1304 5858 re
1329 5805 1568 5872 iitqttetur
1598 5821 1616 5870 ;
1645 5819 1763 5873 qur
1793 5813 1846 5858 ct
1875 5803 2060 5861 Greece

2171 4615 2368 4661 xerunt
2405 4625 2418 4661 :
2448 4607 2579 4662 Date
2624 4609 2785 4664 nobis
2827 4611 2895 4666 de
2921 4614 3044 4665 oleo
3073 4623 3299 4676 vestro,
3326 4617 3459 4684 quia
3489 4611 3734 4679 lampades

2171 4708 2372 4754 nostra:
2423 4701 2884 4770 exstinguuntur.
2941 4703 3398 4773 Responderunt
3451 4705 3735 4777 prudentes,

2170 4792 2420 4848 dicentes
2459 4809 2474 4851 :
2517 4793 2592 4849 Ne
2626 4795 2765 4849 forte
2815 4811 2925 4850 non
2982 4797 3236 4853 sulﬁciat
3292 4800 3459 4854 nobis
3509 4811 3559 4853 et
3589 4795 3737 4851 vobis.

2171 4882 2246 4938 ite
2309 4883 2488 4952 potius
2531 4885 2598 4938 ad
2656 4885 2975 4949 vendentes,
3014 4879 3096 4941 ἐι
3160 4893 3346 4945 emite
3406 4889 3576 4944 vobis.
3627 4886 3740 4940 Dum

2170 4987 2350 5031 autem
2389 4978 2532 5032 irent
2560 4993 2765 5046 emere,
2811 4981 2959 5034 venit
2984 4995 3238 5049 sponsus
3283 5001 3299 5042 :
3329 4993 3392 5038 et
3421 5000 3539 5052 qua:
3573 4987 3746 5052 parate

2169 5078 2346 5133 erant,
2395 5069 2739 5130 intraverunt
2772 5086 2895 5124 cum
2936 5086 3003 5125 eo
3031 5072 3102 5125 ad
3146 5075 3392 5144 nuptias
3421 5117 3437 5143 ,
3485 5084 3539 5129 et
3585 5074 3746 5126 clausa

2170 5173 2254 5218 est
2295 5165 2481 5234 janua.
2519 5161 2826 5218 Novissime
2859 5179 2988 5217 vero
3023 5167 3276 5221 veniunt
3321 5178 3380 5222 et
3415 5168 3633 5235 reliqua:
3658 5164 3746 5213 vir-

2170 5255 2345 5326 gines,
2391 5256 2678 5310 dicentes:
2725 5255 2972 5320 Domine,
3007 5258 3280 5325 Domine,
3307 5260 3466 5327 aperi
3505 5258 3672 5310 nobis.
3695 5251 3748 5305 At

2170 5345 2261 5398 ille
2305 5347 2640 5414 respondens
2668 5345 2744 5399 ait
2779 5363 2795 5400 :
2829 5350 2999 5400 Amen
3028 5347 3164 5402 dico
3201 5351 3392 5415 vobis,
3429 5353 3611 5404 nescio
3651 5359 3747 5398 vos.

2172 5439 2401 5508 Vigilate
2437 5439 2644 5508 itaque,
2676 5440 2801 5509 quia
2853 5439 3081 5494 nescitis
3120 5441 3308 5505 diem,
3377 5456 3555 5512 neque
3587 5440 3750 5492 horam

2171 5529 2404 5603 (cccxxx,
2439 5531 2519 5602 2.)
2559 5531 2711 5586 Sicut
2741 5532 2885 5586 enim
2919 5531 3084 5586 homo
3119 5549 3375 5606 peregre
3400 5528 3756 5605 proficiscensi

2173 5735 2372 5806 habent
2406 5734 2609 5806 aliquot
2646 5732 2977 5806 exemplaria
3027 5748 3045 5806 :_
3092 5733 3200 5806 Baio
3254 5737 3356 5790 ἐπὶ
3404 5737 3588 5806 κλίνης
3623 5735 3753 5804 μαῖς’

2173 5798 2247 5869 εἷς
2274 5796 2776 5874 παραλαμδάνεται,
2804 5796 2897 5856 καί
2919 5796 2997 5865 εἷς
3024 5802 3281 5872 ἀφίεται
