3880 6168
172 290 273 355 600

1149 286 1662 350 EVANGELIUM
1704 289 1861 353 SEC.
1906 290 2377 354 MATTII/EUM.

3283 289 3392 363 610
3488 316 3491 317 '

155 402 359 458 vocavit
409 417 597 457 servos
644 416 795 468 suos,
848 411 905 455 et
964 403 1186 457 tradidit
1232 404 1338 459 illis
1401 406 1541 460 bona
1594 422 1713 462 sua.
1746 414 1789 470 Α
1819 409 2059 477 quandiu
2088 408 2293 464 fecistis
2335 409 2425 462 nni
2460 425 2526 464 ex
2567 408 2651 465 his
2680 411 2943 466 fratribus
2972 412 3108 466 meis
3142 412 3408 478 minimis,

156 493 353 567 [ccx.xx,
383 494 468 567 5.]
501 495 569 549 Ει
604 494 696 548 uni
726 495 1140 565 deditquinque
1171 498 1391 558 talenta,
1426 498 1515 552 alii
1540 506 1723 553 autem

159 589 275 652 duo,
304 588 391 642 alii
419 604 550 642 vero
576 587 1091 656 unum,~unicuique
1123 591 1422 642 secundum
1451 589 1722 658 propriam

160 681 425 744 virtutem,
488 691 543 734 et
583 680 858 749 profectus
888 683 1194 734 eststatim.
1233 681 1383 734 Abiit
1413 692 1594 734 autem
1628 684 1723 750 qui

164 773 389 843 quinque
428 771 628 824 talenta
676 781 985 839 acceperat,
1018 780 1073 823 et
1105 779 1366 838 operatus
1399 780 1485 825 est
1528 771 1579 823 in
1617 786 1719 835 eis,

167 876 211 920 et
240 867 478 919 lucratus
514 872 597 917 est
632 862 735 916 alia
768 862 1029 931 quinque.
1065 861 1328 917 Similiter
1376 872 1432 916 et
1468 865 1563 931 qui
1613 866 1722 917 duo

170 965 450 1027 acceperat,
486 956 729 1008 lucratus
775 964 859 1007 est
888 954 991 1006 alia
1040 954 1168 1006 duo.
1205 951 1307 1018 Qui
1340 963 1521 1008 autem
1554 970 1721 1008 unum

171 1057 454 1118 acceperat,
518 1046 713 1100 abiens
767 1045 907 1098 fodit
957 1046 1011 1097 in
1066 1055 1290 1108 terram,
1345 1053 1399 1098 et
1436 1044 1722 1099 abscondit

170 1141 433 1214 pecuniam
462 1139 668 1194 domini
705 1138 810 1192 sui.
856 1138 983 1192 Post
1012 1138 1241 1191 multum
1283 1152 1412 1191 vero
1463 1139 1722 1206 temporis

170 1235 568 1289 venitdominus
592 1246 872 1286 servorum
898 1230 1139 1291 illorum,
1162 1239 1218 1283 et
1246 1230 1426 1299 posuit
1449 1233 1719 1285 rationem

169 1343 271 1381 cum
300 1325 399 1379 eis.
436 1324 504 1378 Et
534 1322 801 1378 accedens
837 1322 930 1391 qui
974 1322 1218 1391 quinque
1258 1325 1462 1377 talenta
1490 1337 1720 1393 accepe-

169 1428 258 1482 rat,
284 1416 482 1470 obtulit
517 1414 621 1468 alia
656 1414 901 1484 quinque
935 1414 1158 1479 talenta,
1198 1414 1431 1468 dicens:
1465 1414 1716 1480 Domine,

165 1509 383 1578 quinque
422 1508 625 1561 talenta
656 1505 928 1561 tradidisti
965 1506 1119 1571 mibi,
1159 1521 1286 1560 ecce
1335 1506 1440 1561 alia
1475 1508 1721 1577 quinque

164 1600 553 1667 superlucratus
585 1613 729 1651 sum.
774 1597 867 1650 Ait
913 1596 987 1651 illi
1036 1596 1289 1651 dominus
1327 1597 1445 1665 ejus
1489 1612 1506 1652 :
1546 1597 1715 1668 Euge,

161 1705 298 1744 scrve
327 1692 465 1744 bone
495 1698 549 1743 et
585 1688 782 1753 fidelis,
816 1686 943 1757 quia
978 1703 1144 1757 super
1182 1703 1357 1757 pauca
1399 1688 1549 1743 fuisti
1578 1688 1714 1742 lide-

1828 501 1965 555 niihi
2022 502 2265 557 fecistis.
2317 504 2469 557 Tunc
2516 503 2665 558 dicet
2718 514 2771 558 et
2826 505 2912 558 his
2960 505 3053 574 qui
3102 520 3129 559 a
3170 504 3409 559 sinisti'is

1826 601 1993 645 erunt
2023 609 2039 648 :
2096 594 2368 647 Discedite
2407 610 2438 648 a
2470 610 2579 657 me,
2614 595 2918 657 maledicti.
2954 598 3006 648 in
3042 596 3219 664 ignem
3253 605 3411 649 aeter-

1825 699 1979 748 num,
2015 686 2107 754 qui
2144 695 2365 752 paratus
2406 695 2489 741 est
2518 688 2740 741 diabolo
2767 698 2822 741 et
2858 688 3065 757 angelis
3099 689 3237 757 ejus.
3270 687 3410 740 Esu-

1826 776 1927 829 rivi
1956 777 2126 839 enim,
2155 787 2207 831 et
2242 794 2349 831 non
2383 778 2613 832 dedistis
2647 780 2777 832 mihi
2807 780 3137 833 manducare
3172 796 3183 832 :
3221 780 3393 842 sitivi,

1824 882 1875 919 ei
1912 884 2018 919 non
2052 868 2281 921 dedistis
2313 868 2446 921 mibi
2478 878 2662 935 potum
2716 885 2729 922 :
2766 868 2960 936 hospes
3003 883 3175 929 eram,
3217 878 3271 920 et
3299 884 3407 921 non

1825 959 2119 1028 collegistis
2144 975 2230 1013 me
2269 975 2283 1014 :
2321 960 2522 1023 nudus,
2555 970 2611 1013 et
2632 975 2738 1012 non
2770 960 3131 1028 cooperuistis
3161 975 3245 1013 me
3277 978 3289 1012 :
3326 958 3408 1013 in~

1828 1048 2035 1111 firmus,
2083 1060 2139 1106 et
2176 1052 2228 1104 in
2280 1067 2524 1111 carcere.
2564 1063 2616 1105 et
2658 1068 2763 1105 non
2807 1052 3067 1106 visitastis
3104 1069 3210 1106 me.
3254 1053 3407 1107 Tunc

1826 1140 2230 1208 respondebunt
2259 1142 2307 1196 ei
2337 1152 2391 1196 et
2426 1143 2547 1213 ipsi,
2584 1144 2827 1197 dicentes
2860 1160 2872 1194 :
2910 1144 3155 1209 Domine,
3187 1147 3407 1213 quando

1825 1238 1877 1284 te
1932 1231 2171 1286 vidimus
2203 1233 2561 1299 esurientem,
2599 1244 2694 1288 aut
2729 1233 3029 1298 sitientem,
3070 1244 3169 1291 aut
3213 1235 3408 1305 liOspi~

1823 1331 1956 1386 tem,
2004 1333 2099 1377 aut
2148 1325 2383 1392 nudum,
2441 1335 2538 1379 aut
2576 1326 2873 1391 inﬁrmum,
2921 1335 3017 1379 aut
3050 1327 3102 1379 in
3158 1342 3403 1387 carcere,

1823 1421 1878 1467 et
1911 1428 2018 1468 non
2057 1414 2489 1468 ministravimus
2527 1415 2672 1469 tibi?
2706 1413 2859 1469 Tunc
2896 1415 3252 1483 respondebit
3298 1416 3406 1469 illis

1823 1509 2010 1563 dicens
2066 1524 2081 1566 :
2126 1509 2297 1564 Amen
2339 1508 2461 1564 dico
2516 1508 2691 1573 vobis,
2757 1508 2999 1579 quandiu
3039 1522 3146 1561 non
3181 1507 3406 1566 fecistis.

1824 1600 1916 1653 uni
1976 1598 2044 1654 de
2100 1601 2406 1655 minoribus
2465 1600 2596 1665 his,
2677 1616 2781 1655 nec
2833 1600 2966 1655 mihi
3021 1599 3276 1654 fecistis.
3339 1599 3409 1652 Et

1824 1690 1981 1746 ibunt
2019 1692 2074 1745 hi
2116 1692 2171 1746 in
2217 1692 2546 1762 supplicium
2594 1701 2884 1758 aeternum,
2921 1691 3057 1760 justi
3108 1702 3290 1745 autem
3352 1690 3406 1743 in

159 1782 235 1838 lis.
280 1797 445 1850 super
475 1780 645 1834 multa
689 1789 740 1833 te
774 1778 1101 1833 constituam
1132 1795 1145 1831 :
1192 1778 1333 1831 intra
1369 1778 1420 1831 in
1453 1776 1711 1847 gaudium
1746 1774 1786 1826 Β
1817 1779 1983 1832 vitam
2022 1787 2306 1835 aeternam.

160 1871 345 1926 domini
374 1871 473 1924 tui.
502 1870 749 1924 Accessit
780 1876 1039 1922 autemet
1070 1868 1163 1937 qui
1191 1866 1300 1921 duo
1333 1868 1538 1921 talenta
1569 1881 1727 1920 acco-

160 1972 315 2030 perat,
358 1970 413 2016 et
439 1961 560 2015 ait:
597 1960 848 2025 Domine,
891 1956 1002 2012 duo
1033 1958 1233 2011 talenta
1278 1956 1542 2010 tradidisti
1574 1953 1726 2010 mihi'

159 2070 265 2110 ecce
290 2055 394 2109 alia
421 2052 533 2108 duo
570 2052 813 2107 lucratus
837 2066 980 2107 sum.
1032 2050 1122 2105 Ait
1152 2049 1228 2103 illi
1259 2049 1516 2103 dominus
1541 2048 1660 2118 ejus
1707 2087 1725 2114 ,

160 2148 307 2217 Euge,
340 2162 497 2203 serve
533 2147 675 2201 bone
706 2155 761 2199 et
793 2144 991 2208 fidelis,
1021 2144 1149 2213 quia
1180 2159 1346 2212 super
1373 2157 1543 2212 pauca
1575 2142 1723 2196 fuisti

162 2239 335 2300 ﬁdelis.
359 2253 529 2308 super
546 2238 712 2291 multa
742 2246 793 2290 te
814 2237 1178 2299 constituam;
1206 2236 1346 2289 intra
1376 2235 1433 2288 in
1465 2236 1722 2305 gaudium

160 2330 345 2385 domini
384 2330 483 2383 tui.
515 2329 800 2384 Accedens
828 2337 1008 2382 autem
1038 2339 1091 2382 et
1122 2328 1214 2397 qui
1251 2344 1420 2381 unum
1455 2329 1722 2382 talentum

159 2430 445 2490 acceperat,
487 2421 564 2476 ait
596 2434 611 2474 :
656 2419 904 2483 Domine,
941 2418 1055 2475 scio
1086 2420 1211 2488 quia
1244 2420 1409 2473 homo
1441 2419 1611 2474 durus
1641 2434 1719 2484 es,

158 2511 301 2566 metis
350 2512 445 2566 ubi
498 2527 607 2566 non
657 2511 979 2576 seminasti,
1032 2519 1088 2566 et
1144 2525 1442 2580 congregas
1482 2511 1574 2565 ubi
1613 2527 1719 2565 non

157 2604 388 2671 sparsisti
439 2620 457 2660 :

158 2704 293 2748 tuum
326 2695 380 2748 in
424 2704 565 2748 terra
598 2709 615 2748 :
645 2711 771 2750 ecce
806 2694 975 2749 babes
1001 2694 1145 2763 quod
1172 2702 1324 2747 tuum
1351 2705 1452 2747 est.
1476 2694 1720 2763 Respon-

155 2786 278 2837 dens
305 2797 486 2837 autem
522 2784 779 2840 dominus
806 2785 946 2853 ejus,
979 2783 1119 2837 dixit
1152 2783 1202 2837 ei
1241 2798 1255 2834 :
1289 2784 1456 2836 Serve
1495 2783 1632 2837 male
1662 2792 1718 2838 et

156 2875 312 2944 piger,
352 2876 563 2930 sciebas
606 2876 733 2945 quia
763 2885 911 2931 meto
944 2874 1036 2928 ubi
1075 2890 1183 2928 non
1217 2874 1448 2938 semine,
1497 2883 1553 2928 et
1583 2889 1716 2929 con-

154 2982 303 3036 grege
343 2969 433 3021 ubi
459 2984 568 3022 non
600 2968 816 3038 sparsi:
856 2966 1098 3037 oportuit
1139 2981 1269 3036 ergo
1321 2975 1371 3021 te
1405 2966 1717 3023 commit'e-

154 3072 208 3111 re
255 3060 541 3128 pecuniam
588 3072 761 3111 meam
802 3056 1209 3121 nummulariis,
1257 3065 1314 3110 et
1347 3055 1578 3108 veniens
1609 3069 1711 3123 ego

156 3153 472 3219 rccipessem
510 3154 699 3220 utique
722 3150 867 3219 quod
897 3164 1077 3204 meum
1107 3157 1192 3202 est
1219 3162 1342 3203 cum
1378 3161 1562 3200 usura.
1595 3145 1721 3199 Tol-

152 3241 239 3296 lite
273 3245 454 3312 itaque
499 3243 568 3297 ab
601 3258 668 3297 eo
706 3244 991 3305 talentum,
1042 3249 1099 3296 et
1148 3240 1272 3294 date
1312 3238 1362 3293 ei
1406 3237 1500 3307 qui
1557 3237 1723 3291 habet

152 3333 326 3388 decem
365 3335 588 3389 talenta.
630 3333 865 3406 [chxxi,
893 3331 971 3404 2.]
1001 3331 1160 3387 Omni
1192 3332 1337 3385 enim
1370 3330 1593 3384 habenti
1624 3330 1723 3382 da-

154 3425 309 3492 bitur,
336 3437 391 3479 et
418 3428 718 3482 abundabit
741 3428 821 3492 ;ei
849 3439 1031 3478 antem
1051 3425 1140 3493 qui
1166 3439 1271 3476 non
1291 3422 1472 3487 habet,
1500 3430 1556 3476 et
1578 3422 1724 3491 quod

153 3518 360 3573 videtur
402 3522 626 3582 habere,
677 3520 959 3574 auferetur
987 3518 1055 3571 ab
1085 3532 1173 3572 eo.
1217 3523 1488 3585 (ccuxn,
1524 3515 1622 3583 5.)
1661 3514 1725 3567 Et

152 3614 387 3667 inutilem
415 3628 633 3668 servum
665 3612 847 3680 ejicite
877 3613 931 3665 in
963 3610 1215 3665 tenebras
1241 3609 1542 3663 exteriores
1574 3618 1587 3659 :
1614 3607 1722 3661 illic

149 3706 250 3758 erit
283 3705 443 3760 ﬂetus
469 3715 525 3759 et
556 3705 762 3761 stridor
796 3704 1064 3759 dentium.
1104 3704 1401 3771 (ccuxm,
1435 3700 1545 3769 l0.)
1584 3697 1720 3752 Cum

149 3809 323 3851 autem
363 3799 577 3852 venerit
611 3796 784 3851 Filius
815 3795 1054 3851 hominis
1090 3795 1146 3848 in
1187 3794 1468 3863 majestate
1504 3808 1622 3855 sua,
1671 3801 1724 3845 et

148 3906 333 3947 omnes
382 3893 561 3963 angeli
600 3908 721 3947 cum
761 3907 851 3958 eo,
889 3902 1018 3947 tunc
1060 3890 1271 3945 sedebit
1320 3904 1488 3958 super
1536 3890 1723 3942 sedem

146 3983 442 4050 majestatis
480 3998 592 4038 sua
628 3999 644 4035 :
680 3991 736 4037 et
768 3981 1253 4050 congregabuntur
1288 3988 1415 4032 ante
1447 3992 1571 4031 eum
1607 3992 1725 4031 om.

143 4089 240 4129 nes
268 4086 483 4145 gentes,
520 4083 576 4128 et
604 4073 879 4141 separabit
900 4087 997 4128 eos
1028 4073 1096 4126 ab
1128 4070 1384 4133 invicem,
1417 4066 1562 4150 sicut
1597 4081 1724 4135 pas-

144 4172 224 4217 tor
249 4174 503 4234 segregat
531 4176 662 4217 oves
691 4163 759 4215 ab
784 4161 953 4216 haedis
978 4177 992 4214 :
1024 4171 1081 4215 et
1110 4168 1319 4213 statuet
1345 4173 1473 4212 oves
1503 4158 1723 4226 quidem

141 4270 170 4308 ι
197 4256 409 4311 dextris
442 4254 581 4320 suis,
609 4252 793 4307 haedos
824 4263 1006 4306 autem
1031 4268 1064 4306 a
1097 4251 1359 4307 sinistris.
1394 4249 1550 4303 Tunc
1579 4250 1726 4303 dicet

141 4362 231 4403 rex
268 4350 355 4403 bis
388 4350 485 4418 qui
516 4362 547 4401 a
577 4347 783 4402 dextris
806 4346 925 4415 eius
955 4356 1117 4400 erunt
1150 4362 1165 4399 :
1204 4344 1412 4409 Venite,
1451 4342 1724 4397 benedicti

504 2612 559 2659 et
605 2604 805 2658 timens
852 2602 1004 2667 abii,
1058 2612 1113 2657 et
1142 2600 1400 2657 abscondi
1456 2604 1747 2673 talentum.

1906 1871 2079 1945 [Cap.
2121 1874 2312 1930 XXVI.
2359 1892 2607 1944 ccuxrv,
2647 1872 2740 1946 1.]
2793 1875 2861 1930 Et
2894 1874 3099 1931 factum
3129 1884 3235 1938 est,
3282 1889 3407 1930 cum

1828 1977 2265 2023 consummasset
2291 1966 2452 2023 Jesus
2479 1985 2763 2024 sermones
2785 1969 2885 2024 hos
2914 1984 3127 2034 omnes,
3162 1970 3303 2025 dixit
3326 1970 3411 2024 di-

1828 2056 2054 2124 scipulis
2085 2058 2198 2113 suis
2230 2075 2246 2115 :
2280 2058 2444 2115 Scitis
2473 2061 2602 2128 quia
2640 2071 2764 2130 post
2795 2062 3019 2117 biduum
3051 2062 3258 2116 Pascha
3294 2062 3405 2127 iiet,

1826 2157 1882 2204 et
1908 2149 2080 2203 Filius
2104 2150 2344 2207 hominis
2376 2153 2640 2215 tradetur,
2675 2162 2734 2206 ut
2763 2153 3131 2223 cruciﬁgatur.
3159 2152 3406 2225 [ccuxv,

1827 2241 1879 2295 6.
1910 2240 1925 2313 Ι
1975 2243 2131 2297 'l'unc
2165 2247 2476 2314 congregati
2508 2256 2637 2300 sunt
2668 2246 2946 2315 principes
2973 2249 3323 2302 sacerdotum
3356 2258 3411 2302 et

1825 2334 2076 2390 seniores
2103 2336 2289 2405 populi
2316 2337 2369 2389 in
2396 2338 2596 2391 atrium
2627 2338 2898 2413 principis
2921 2339 3288 2402 sacerdotum,
3313 2342 3409 2409 qui

1824 2423 2112 2479 dicebatur
2142 2424 2380 2494 Caiphas
2429 2443 2445 2478 :
2495 2438 2552 2482 et
2598 2428 2889 2483 consilium
2926 2428 3192 2493 fecerunt,
3227 2438 3285 2483 ut
3316 2429 3408 2483 Je-

1822 2528 1943 2568 sum
1974 2516 2098 2570 dolo
2127 2527 2398 2583 tenerent,
2428 2528 2483 2572 et
2516 2520 2851 2575 occiderent.
2888 2520 3151 2575 Dicebant
3173 2532 3355 2575 autem
3392 2537 3409 2577 :

1822 2603 1939 2658 Non
1976 2605 2030 2659 in
2083 2606 2172 2660 die
2202 2606 2360 2675 festo,
2396 2623 2462 2663 ne
2497 2608 2637 2665 ferte
2668 2611 2931 2664 tumultus
2961 2611 3118 2665 ﬂeret
3147 2611 3199 2663 in
3232 2626 3406 2680 papu-

1818 2697 1894 2753 lo.
1942 2697 2215 2770 [ccuan
2253 2701 2346 2772 L]
2396 2703 2531 2756 Cum
2559 2714 2741 2758 autem
2770 2704 2928 2758 Jesus
2954 2714 3099 2759 esset
3126 2704 3179 2757 iu
3211 2705 3410 2759 Betha-

1820 2788 1932 2853 nia,
1954 2792 2004 2843 in
2040 2791 2203 2845 domo
2234 2791 2477 2847 Simonis
2507 2793 2731 2861 leprosi,
2766 2793 2997 2849 accessit
3019 2793 3087 2847 ad
3122 2808 3249 2849 eum
3283 2811 3407 2848 mn-

1816 2880 1921 2935 lier
1951 2880 2160 2936 habens
2189 2883 2524 2937 alabastrum
2559 2886 2821 2954 unguenti
2855 2884 3103 2954 pretiosi,
3132 2894 3185 2939 et
3210 2886 3408 2959 eﬂudi‘

1817 2987 1984 3042 super
2026 2982 2192 3043 caput
2229 2976 2397 3044 ipsius
2436 2977 2808 3031 recumbentis
2833 3014 2849 3031 .
2905 2976 3171 3032 Videntes
3223 2992 3408 3034 autem

1822 3064 2073 3134 discipuli
2110 3065 2230 3138 [ΑΙ.
2268 3066 2391 3120 add.
2417 3066 2591 3139 ejus].
2634 3068 2901 3138 indignati
2938 3082 3085 3133 sunt,
3112 3071 3357 3127 dicentes
3391 3088 3405 3124 :

1829 3158 1896 3214 Ut
1940 3160 2069 3228 quid
2114 3159 2345 3227 perditio
2385 3160 2541 3215 lucc?
2585 3162 2762 3229 potuit
2811 3163 2957 3215 enim
3006 3164 3151 3217 istud
3200 3180 3405 3218 venun-

1825 3248 1939 3301 dari
1975 3249 2168 3314 multo,
2192 3259 2248 3303 et
2271 3249 2385 3302 dari
2416 3253 2773 3321 pauperibus.
2802 3252 2995 3309 Sciens
3017 3264 3199 3311 autem
3222 3255 3406 3320 Jesus.

1823 3342 1898 3394 ait
1953 3339 2061 3393 illis
2097 3358 2109 3397 :
2140 3340 2278 3406 Quid
2330 3344 2544 3397 molesti
2597 3345 2731 3401 estis
2782 3345 2913 3401 huic
2967 3348 3229 3403 mulieri?
3274 3365 3412 3418 opus

1826 3433 1969 3485 enim
2007 3432 2207 3487 bonum
2240 3448 2462 3505 operata
2502 3445 2589 3491 est
2620 3438 2676 3492 in
2707 3454 2812 3493 me.
2847 3438 2982 3494 Nam
3024 3456 3243 3511 semper
3273 3459 3378 3512 pau
3400 3472 3413 3482 -

1826 3537 1984 3589 peres
2022 3524 2231 3579 habetis
2272 3527 2555 3583 vobiscum
2601 3545 2617 3584 ;
2667 3544 2753 3584 me
2798 3539 2981 3586 autem
3033 3548 3141 3586 non
3192 3549 3413 3604 semper

1826 3616 2039 3671 habetis
2075 3620 2114 3674 ί.
2154 3618 2445 3690 [ceu-xv“,
2474 3621 2555 3694 4.]
2587 3623 2803 3678 Mittens
2841 3625 2987 3679 enim
3019 3626 3135 3680 haec
3166 3644 3412 3696 unguen-
3498 3680 3501 3683 λ

1826 3715 1940 3762 tum
1977 3709 2079 3764 hoc
2124 3713 2176 3765 in
2206 3728 2408 3783 corpus
2446 3730 2651 3778 meum,
2690 3715 2757 3769 ad
2799 3719 3174 3785 sepeliendum
3208 3734 3295 3773 me
3326 3721 3407 3774 fe-

1824 3799 1919 3854 cit.
1950 3806 2120 3854 Amen
2148 3804 2270 3857 dico
2302 3805 2479 3871 vobis,
2514 3805 2825 3873 ubicunque
2857 3808 3210 3875 pradicatnm
3243 3810 3412 3865 fuerit

1826 3890 1931 3946 hoc
1982 3893 2321 3962 evangelium
2374 3895 2431 3949 in
2462 3904 2575 3949 toto
2626 3898 2851 3963 mundo,
2899 3898 3112 3953 dicetur
3161 3908 3216 3952 et
3262 3903 3409 3969 quod

1828 3981 1943 4034 haec
1981 3983 2110 4036 fecit
2149 3985 2202 4037 in
2235 3986 2555 4039 memoriam
2590 3987 2732 4054 ejus.
2768 3985 3079 4060 [ccuxvni,
3105 3988 3201 4061 2.]
3256 3992 3413 4045 Tunc

1827 4075 1964 4129 abiit
2027 4091 2169 4130 unus
2230 4078 2294 4132 de
2359 4079 2649 4135 duodecim
2712 4084 2808 4149 qui
2873 4083 3161 4138 dicebatur
3236 4083 3408 4139 Judas

1828 4167 2138 4232 lseariotes,
2176 4168 2242 4222 ad
2278 4170 2552 4239 principes
2592 4172 2963 4237 sacerdotum,
3017 4184 3072 4228 et
3119 4175 3197 4228 ait
3246 4175 3353 4229 illis
3392 4192 3407 4229 :

1827 4257 1967 4325 Quid
2011 4259 2174 4313 vultis
2217 4261 2346 4315 mibi
2384 4262 2535 4329 dare,
2585 4272 2643 4317 et
2669 4277 2771 4331 ego
2810 4264 2965 4318 vobis
2996 4280 3119 4318 eum
3156 4269 3411 4324 tradam!

1828 4353 1896 4407 At
1924 4353 2001 4407 illi
2030 4355 2436 4412 constituerunt
2460 4359 2510 4412 ei
2541 4359 2760 4427 triginta
2785 4369 3103 4429 argenteos.
3125 4362 3190 4415 Et
3209 4364 3409 4416 exinde

141 4439 321 4496 Patris
342 4441 476 4504 mei,
508 4439 783 4509 possidete
814 4448 1062 4508 paratum
1094 4438 1249 4492 vobis
1276 4450 1502 4505 regnum
1534 4451 1563 4488 a
1595 4450 1722 4489 con-

1830 4444 2111 4511 quazrebat
2141 4448 2630 4515 opportunitatem,
2663 4462 2721 4502 ut
2752 4465 2879 4503 eum
2914 4450 3177 4504 traderet.
3225 4450 3407 4505 Prima

137 4538 429 4591 stitutione
480 4536 690 4588 mundi.
734 4534 950 4589 Esurivi
996 4533 1166 4599 enim,
1211 4542 1268 4587 et
1316 4531 1546 4586 dedistis
1592 4530 1723 4583 mihi

137 4632 477 4685 manducare
508 4642 523 4681 :
559 4627 727 4693 sitivi,
759 4636 815 4681 et
844 4626 1073 4681 dedistis
1099 4625 1231 4678 mihi
1265 4624 1448 4679 bibere
1482 4638 1499 4676 :
1529 4623 1725 4692 hOSpes

134 4737 311 4788 eram,
337 4732 396 4776 et
418 4720 713 4789 collegistis
738 4733 825 4773 me
860 4733 877 4774 :
910 4719 1110 4781 nudus.
1141 4726 1196 4771 et
1221 4715 1584 4786 cooperuistis
1618 4730 1727 4781 me,

132 4817 416 4877 inﬁrmus,
457 4824 514 4867 et
541 4812 801 4867 visitastis
820 4826 910 4868 me
941 4824 957 4865 :
993 4811 1048 4865 in
1082 4824 1301 4864 carcere
1339 4823 1513 4874 eram,
1547 4817 1603 4862 et
1636 4823 1728 4862 ve-

134 4909 292 4963 nistis
332 4906 402 4959 ad
437 4918 546 4957 me.
581 4902 735 4956 Tunc
763 4901 1174 4972 respondebunt
1201 4900 1427 4969 eijusti,
1452 4899 1725 4963 dicentes,

132 5001 394 5062 Domine,
419 4995 642 5065 quando
675 5007 727 5051 te
757 4994 995 5049 vidimus
1020 4994 1375 5058 esurientem,
1399 5002 1453 5046 et
1478 4992 1729 5061 pavimus

128 5090 578 5160 te;sitientem,
628 5096 683 5143 et
734 5086 985 5142 dedimus
1049 5086 1146 5141 tibi
1203 5084 1431 5155 potum?
1495 5083 1727 5151 Quando

127 5197 314 5241 autem
360 5192 413 5238 te
453 5181 689 5235 vidimus
721 5180 1011 5250 hospitem,
1057 5189 1112 5235 et
1141 5181 1461 5249 collegimus
1492 5190 1542 5234 te
1578 5191 1593 5234 :
1634 5188 1728 5233 aut

128 5275 372 5333 nudum,
404 5283 461 5325 et
485 5270 873 5340 cooperuimus
898 5270 992 5325 te?
1018 5271 1122 5324 Aut
1156 5270 1376 5339 quando
1405 5280 1456 5323 te
1485 5268 1726 5323 vidimus

125 5366 447 5424 inﬁrmum,
502 5372 597 5415 aut
649 5360 705 5416 in
760 5374 1004 5423 carcere,
1050 5369 1105 5415 et
1150 5360 1398 5413 venimus
1431 5360 1499 5413 ad
1534 5358 1621 5425 tej‘i
1660 5360 1728 5413 Et

123 5458 481 5530 respondens
533 5470 664 5522 rex,
720 5454 869 5509 dicet
922 5455 1086 5509 illis:
1143 5455 1314 5508 Amen
1391 5452 1514 5507 dico
1574 5454 1725 5507 vobis

194 5601 211 5630 ⁸
264 5597 328 5653 In
369 5594 567 5649 futuro
606 5593 860 5647 habebitis
907 5592 1108 5661 legitur
1143 5591 1198 5644 in
1237 5588 1461 5660 Regina:
1490 5603 1620 5661 mss.
1660 5605 1723 5643 ac

119 5668 337 5726 Sixtina
377 5666 646 5729 editione,
687 5660 1147 5734 quemadmodum
1189 5673 1245 5715 et
1284 5662 1339 5734 in
1376 5674 1485 5734 uno
1518 5660 1722 5716 altero-

123 5756 188 5795 ve
216 5740 427 5795 Graec
458 5728 761 5805 exempla-ri
796 5735 942 5799 ἕξετε
974 5749 1074 5805 pro
1100 5733 1273 5802 ἔχετε.
1308 5728 1475 5788 l’aulo
1501 5744 1721 5801 quoque

1832 4543 2013 4589 autem
2046 4535 2135 4591 die
2169 4537 2519 4606 Azymorum,
2554 4548 2907 4594 accesserunt
2934 4540 3184 4611 discipuli
3219 4544 3284 4597 a'l
3318 4544 3409 4598 Je-

1830 4642 1974 4694 sum,
2005 4626 2250 4682 dicentes
2288 4642 2304 4682 :
2337 4626 2439 4683 Ubi
2472 4629 2552 4683 vis
2582 4646 2836 4699 paremus
2873 4632 2963 4686 tibi
2996 4634 3283 4689 comedere
3314 4636 3412 4689 Pa-

1829 4721 1958 4773 scha
1991 4719 2014 4773 ?
2056 4726 2129 4773 At
2168 4718 2327 4775 Jesus
2368 4721 2502 4776 dixit
2534 4738 2548 4775 :
2578 4723 2658 4777 lte
2696 4724 2751 4778 in
2782 4724 3078 4788 civitatem.
3115 4730 3180 4782 ad
3217 4745 3409 4798 quem-

1830 4810 1977 4877 dam,
2012 4824 2067 4866 et
2096 4812 2263 4867 dicite
2289 4814 2336 4868 ei
2381 4829 2395 4869 :
2454 4814 2707 4884 Magister
2737 4817 2868 4871 dicit
2900 4833 2917 4872 :
2950 4818 3189 4889 Tempus
3228 4838 3411 4875 meum

1831 4917 2003 4971 prOpe
2056 4914 2178 4971 est,
2221 4907 2364 4975 apud
2417 4897 2469 4961 te
2513 4907 2656 4962 facio
2699 4908 2906 4965 Pascha
2955 4926 3079 4966 cum
3131 4912 3413 4982 discipuis

1831 4996 1987 5046 meis.
2029 4991 2093 5046 Et
2126 4995 2376 5049 iecerunt
2404 4995 2658 5066 discipuli
2689 4999 2831 5053 sicut
2854 5002 3142 5055 constituit
3175 5004 3283 5057 iliis
3313 5003 3409 5057 L-

1829 5101 1946 5150 aus,
1994 5095 2050 5140 et
2095 5096 2431 5155 paraverunt
2470 5089 2700 5143 Pascha.
2754 5090 2996 5161 Vespere
3026 5104 3207 5148 autem
3244 5097 3404 5160 facto,

1829 5179 2205 5234 discumbebat
2226 5196 2349 5235 cum
2372 5181 2659 5237 duodecim
2681 5185 2965 5254 discipqu
2989 5188 3119 5242 suis.
3138 5185 3327 5259 [acus
3355 5205 3408 5245 π.

1831 5274 1908 5344 1.)
1964 5272 2028 5326 Et
2077 5275 2368 5331 edentibus
2423 5276 2555 5342 iliis,
2612 5280 2795 5336 dixit:
2830 5282 2999 5336 Amen
3052 5282 3176 5335 dico
3229 5282 3406 5348 vobis,

1828 5367 1955 5435 quia
1990 5382 2131 5421 unus
2161 5378 2403 5422 vestrum
2435 5385 2521 5423 tne
2552 5372 2852 5426 traditurus
2885 5382 2989 5428 est.
3043 5372 3289 5443 [ccuxx,
3327 5371 3405 5437 1.]

1829 5459 1893 5512 Et
1917 5459 2221 5514 contristati
2250 5460 2423 5525 valde,
2459 5474 2745 5533 cmperunt
2771 5467 2968 5533 singuli
2992 5465 3211 5516 dicere:
3258 5460 3411 5517 Nun-

1828 5608 1959 5675 post
1994 5597 2160 5675 iidem
2218 5615 2374 5675 inss_.,
2421 5602 2509 5675 qui
2543 5600 2737 5656 dicitur
2780 5599 2949 5657 ludas
3000 5598 3265 5668 Scarioth,
3313 5617 3415 5675 pro

1827 5669 2100 5723 dicebatur
2119 5668 2289 5726 ludas
2319 5668 2623 5728 Iscdriolas.
