3880 6168
495 332 595 394 6ll

1408 317 1466 375 S.
1510 309 1944 372 illERONYMl
1988 308 2258 368 DIVINA
2303 304 2825 363 BIBLIOTHECA.

3605 304 3688 364 6.2

494 441 624 510 quid
653 451 754 506 ego
785 448 928 494 sum,
980 426 1244 484 Domine?
1291 424 1581 495 [cumnam
1604 421 1655 474 2.
1684 419 1704 490 ]
1742 421 1807 470 .-\t
1839 419 1953 482 ipse
1988 431 2072 468 re-
2107 430 2147 477 Α
2179 423 2232 467 et
2272 413 2582 466 senioribus
2611 411 2818 481 populi.
2855 410 3015 481 [σεεμ
3060 410 3140 479 2.]
3179 411 3276 476 Qui
3308 421 3476 464 autem
3508 413 3699 465 tradidit

497 509 794 601 spondens,
832 525 906 578 ait
940 539 953 576 :
990 520 1090 585 Qui
1129 517 1347 585 intingit
1381 530 1594 568 mecum
1637 525 1856 564 manum
1891 509 1942 560 in
1979 524 2069 576 pa-

495 600 735 692 ropside,
775 619 861 670 hic
905 629 988 667 me
1026 611 1223 664 tradet.
1261 608 1426 661 Filius
1459 605 1674 674 quidem
1707 600 1942 654 hominis
1977 611 2069 648 va-

495 685 576 770 dii
601 713 740 766 sicut
766 715 1026 773 scriptum
1058 711 1142 755 est
1169 701 1236 754 de
1263 699 1353 753 illo
1382 712 1397 752 :
1427 712 1504 751 va:
1533 706 1711 750 autem
1745 689 1947 746 homini
1974 685 2071 746 illi,

494 823 591 875 per
621 817 780 872 quem
814 799 983 853 Filius
1018 791 1253 848 hominis
1282 791 1524 843 tradetur
1561 802 1576 840 :
1629 784 1936 858 [cccxxxm
1976 777 2029 830 6.
2060 773 2075 845 ]

495 872 701 954 bonum
762 901 877 945 erat
931 888 978 941 ei
1032 887 1076 940 si
1117 895 1274 937 natus
1331 897 1436 934 non
1494 878 1687 935 fuisset
1741 877 1904 928 homo
1963 872 2072 928 ille.

498 995 809 1067 [cccxxxun
857 981 966 1052 10.]
1005 977 1358 1048 Respondens
1392 989 1572 1028 autem
1610 971 1797 1034 Judas,
1831 967 1924 1037 qui
1971 973 2071 1018 tra-

493 1055 633 1140 didit
655 1095 801 1142 eum,
830 1075 1006 1130 dixit:
1037 1069 1288 1139 Nunquid
1317 1083 1415 1135 ego
1446 1079 1589 1128 sum,
1613 1060 1930 1115 Rabbi?Ait
1956 1055 2072 1108 illi:

495 1177 576 1231 Tu
629 1171 834 1229 dixisti.
889 1168 1207 1240 μακινγ,
1247 1159 1338 1231 1.]
1375 1155 1731 1212 Cmnantibus
1761 1160 1940 1205 autem
1975 1147 2076 1207 eis,

495 1265 706 1335 accepit
729 1238 1133 1327 Jesus—panem,
1166 1266 1222 1306 et
1250 1248 1554 1309 benedixit,
1586 1260 1648 1298 ac
1675 1243 1858 1313 fregit,
1900 1238 2078 1293 dedit-

495 1376 599 1429 que
632 1332 922 1422 discipulis
969 1348 1106 1408 suis,
1141 1355 1196 1400 et
1222 1345 1298 1396 ait
1327 1357 1342 1393 :
1371 1338 1631 1408 Accipite,
1665 1343 1721 1389 et
1750 1332 2018 1388 comedite
2061 1342 2075 1380 :

501 1423 603 1503 hoc
632 1459 713 1502 est
747 1457 948 1512 corpus
985 1454 1190 1492 meum.
1231 1433 1261 1507 ‘[
1283 1446 1541 1492 ccnxxxv,
1575 1428 1630 1480 2.
1657 1425 1677 1498 ]
1705 1426 1772 1479 Ει
1805 1423 2080 1490 accipiens

499 1543 746 1600 calicem,
782 1534 986 1604 gratias
1022 1530 1153 1598 egit,
1189 1537 1244 1580 et
1283 1523 1436 1577 dedit
1468 1521 1594 1581 illis,
1630 1519 1815 1572 dicens
1849 1529 1862 1565 :
1905 1513 2080 1566 Bibite

500 1648 566 1685 ex
620 1630 721 1681 hoc
769 1634 1006 1678 omnes:
1046 1619 1134 1672 hic
1170 1626 1254 1670 est
1301 1614 1446 1668 enim
1495 1609 1714 1678 sanguis
1763 1620 1918 1659 incus
1954 1604 2081 1656 novi

503 1717 836 1778 testamenti,
883 1713 975 1780 qui
1021 1727 1122 1780 pro
1159 1707 1345 1760 multis
1375 1702 1688 1758 ell‘undetur
1718 1702 1772 1753 in
1802 1695 2080 1750 remissio-

503 1829 628 1870 nem
682 1819 1052 1880 peccatorum.
1087 1802 1218 1856 Dico
1259 1806 1440 1851 autem
1470 1794 1624 1849 vobis
1675 1808 1692 1850 ς
1735 1791 1852 1845 Non
1889 1788 2072 1843 bibam

503 1879 698 1961 amodo
727 1902 794 1956 de
831 1900 930 1952 hoc
961 1892 1235 1965 genitnine
1265 1890 1410 1953 vitis,
1460 1901 1631 1956 usque
1663 1886 1718 1939 in
1746 1883 1887 1937 diem
1920 1879 2072 1934 illum

505 2013 628 2054 cum
680 1993 816 2051 illud
856 1991 1038 2045 bibam
1070 1967 1351 2039 vobiscum
1394 1994 1594 2033 novum
1628 1979 1679 2030 in
1707 1989 1872 2045 regno
1899 1971 2074 2026 Patris

507 2089 636 2143 mei.
680 2082 997 2155 [cccxxxvn
1025 2073 1119 2144 6.]
1165 2073 1231 2126 Et
1268 2071 1470 2141 hymno
1515 2067 1685 2129 dicto,
1729 2061 2078 2155 exierunt_in

509 2151 746 2232 montem
779 2170 999 2228 Oliveti.
1035 2165 1360 2239 [CCLXXXVI],
1391 2158 1471 2233 1.]
1502 2158 1659 2213 Tunc
1685 2157 1818 2211 dicit
1847 2154 1954 2209 illis
1985 2151 2076 2208 Je-

507 2283 604 2324 sus
637 2279 654 2320 :
684 2263 887 2320 Omnes
913 2275 1011 2314 vos
1043 2255 1354 2313 scandalum
1386 2250 1666 2323 patiemini
1695 2249 1748 2303 in
1779 2263 1865 2303 me
1895 2248 1949 2302 in
1977 2246 2083 2303 ista

510 2369 691 2416 nocte.
731 2356 1082 2428 [ccnxxxvnt,
1122 2346 1207 2419 6.]
1236 2346 1512 2414 Scriptum
1541 2350 1628 2398 est
1658 2341 1802 2396 enim
1831 2352 1850 2394 τ
1881 2339 2083 2394 Percu-

511 2456 641 2507 tiam
679 2459 974 2519 pastorem,
1002 2453 1058 2497 et
1095 2441 1485 2509 dispergentur
1521 2450 1651 2489 oves
1680 2433 1878 2505 grcgis.
1930 2432 2085 2486 Poste

509 2561 674 2614 quam
725 2548 906 2593 autem
957 2547 1333 2593 resurrexero,
1389 2528 1695 2598 priecedam
1728 2540 1823 2578 vos
1857 2525 1911 2579 in
1941 2522 2086 2578 Gali-

513 2638 687 2690 laeam.
720 2630 1024 2704 [ecuxxtx,
1057 2623 1138 2696 1.]
1171 2621 1527 2692 Res-ponderis
1555 2628 1735 2673 autem
1769 2617 1980 2682 Petrus,
2015 2614 2089 2668 ait

512 2727 591 2782 illi
641 2739 656 2776 :
701 2723 816 2777 Etsi
869 2733 1064 2773 omnes
1115 2715 1467 2770 scandalizati
1516 2710 1724 2765 fuerint
1779 2709 1834 2762 in
1867 2716 1941 2774 te,
1986 2721 2089 2776 ego

512 2826 790 2883 nunquam
840 2806 1274 2865 scandalizabor.
1306 2803 1394 2856 Ait
1426 2801 1499 2856 Illi
1530 2801 1692 2855 Jesus
1719 2813 1736 2856 :
1770 2800 1939 2851 Amen
1966 2797 2092 2851 dico

514 2910 634 2972 tibi,
688 2905 816 2974 quia
857 2902 912 2955 in
968 2899 1072 2953 hac
1116 2905 1298 2959 nocte,
1333 2902 1624 2962 antequam
1663 2890 1838 2961 gallus
1881 2898 2090 2953 cantet,

515 3008 597 3052 ter
633 3012 718 3050 me
750 2992 997 3061 negabis.
1036 2987 1222 3062 [ccxc,
1251 2985 1345 3060 6.]
1376 2985 1466 3040 Ait
1495 2984 1569 3039 illi
1601 2985 1796 3039 Petrus
1823 3000 1838 3038 :
1867 2981 2092 3037 Etiamsi

513 3086 819 3157 oportuerit
854 3099 939 3138 me
987 3083 1129 3138 mori
1164 3091 1368 3146 tecum,
1396 3095 1505 3134 non
1540 3089 1592 3132 te
1635 3078 1866 3146 negabo.
1925 3075 2091 3130 Simi-

516 3181 638 3234 liter
667 3189 722 3234 et
757 3192 946 3231 omnes
977 3174 1232 3244 discipuli
1264 3173 1540 3227 dixerunt.
1587 3173 1786 3243 [ccxcr,
1824 3167 1901 3240 1.]
1941 3169 2094 3222 Tunc

515 3273 664 3326 venit
687 3270 850 3324 Jesus
872 3282 996 3322 cum
1033 3267 1139 3320 illis
1168 3267 1220 3319 in
1253 3265 1459 3327 villain,
1487 3280 1608 3334 qua:
1641 3263 1840 3317 dicitur
1872 3262 2098 3316 Gethsc-

515 3363 689 3428 niani,
738 3359 963 3432 [ccxcn,
1003 3357 1089 3431 6.]
1121 3369 1178 3412 et
1210 3359 1347 3413 dixit
1383 3357 1669 3425 discipulis
1697 3357 1807 3410 suis
1841 3371 1857 3412 :
1901 3355 2098 3411 Sedete

520 3455 632 3519 hic,
678 3454 852 3507 donec
882 3450 1072 3505 vadam
1111 3451 1262 3516 illuc,
1291 3459 1348 3503 et
1373 3463 1543 3502 orem.
1588 3447 1654 3502 Et
1684 3456 1964 3516 assumpto
1998 3445 2096 3500 Pe-

522 3556 628 3609 tro,
659 3556 714 3598 et
742 3543 960 3597 duobus
996 3543 1122 3596 filiis
1159 3541 1432 3604 Zebedasi,
1468 3540 1636 3610 cmpit
1664 3538 2002 3601 contristari,
2041 3545 2098 3592 et

521 3645 754 3693 mestus
794 3651 935 3690 esse.
967 3633 1223 3706 [ccxcni,
1266 3629 1344 3705 4.]
1399 3631 1552 3686 Tunc
1583 3633 1658 3684 ait
1699 3630 1854 3684 illis:
1897 3627 2096 3684 Tristis

518 3740 606 3785 est
639 3727 823 3782 anima
881 3741 1000 3780 mea
1038 3739 1208 3795 usque
1243 3725 1311 3779 ad
1357 3735 1587 3778 mortem
1621 3737 1635 3774 :
1675 3722 1943 3776 sustinete
1984 3721 2093 3784 hic,

519 3834 576 3876 et
613 3820 835 3892 vigilate
866 3833 1078 3874 mecum
1111 3816 1173 3890 :[
1201 3832 1406 3882 ccxcrv,
1445 3814 1522 3889 1.]
1555 3814 1620 3869 Et
1653 3829 1970 3884 progressus
1996 3831 2096 3883 pu-

521 3915 724 3976 sillum,
774 3911 1014 3981 procidit
1055 3912 1106 3964 in
1138 3909 1328 3964 faciem
1363 3924 1517 3964 suam
1556 3922 1745 3970 orans,
1779 3915 1835 3960 et
1863 3908 2047 3962 dicens
2077 3921 2095 3962 :

521 4005 684 4058 Pater
715 4004 810 4069 mi,
836 4003 879 4056 si
913 4001 1173 4072 possibile
1199 4011 1302 4064 est,
1339 4009 1582 4054 transeat
1611 4014 1642 4052 a
1673 4014 1757 4053 me
1783 3997 1927 4052 calix
1971 3997 2095 4051 iste.

523 4096 751 4168 [ccxcv,
781 4094 832 4148 1.
861 4093 882 4166 ]
941 4092 1327 4148 Verumtamen
1359 4107 1465 4146 non
1507 4093 1648 4145 sicut
1675 4105 1776 4159 ego
1804 4089 1949 4154 volo,
2002 4087 2098 4143 sed

522 4190 670 4244 sicut
703 4197 780 4242 tu.
818 4185 1072 4259 [ccxcvr,
1113 4183 1214 4257 2.]
1249 4185 1315 4239 Ει
1347 4184 1492 4238 venit
1525 4184 1590 4238 ad
1624 4182 1920 4250 discipulos
1948 4194 2098 4245 suos,

521 4293 580 4335 et
610 4280 823 4334 invenit
849 4294 946 4334 eos
975 4277 1333 4342 dormientes,
1369 4283 1424 4330 et
1447 4275 1576 4329 dicit
1607 4274 1770 4329 Petro
1802 4289 1815 4325 :
1855 4271 1947 4328 Sic
1987 4286 2096 4327 non

525 4372 782 4441 potuistis
814 4387 921 4426 una
970 4371 1102 4426 hora
1152 4370 1377 4440 vigilare
1422 4367 1682 4423 mecum?
1734 4365 1984 4437 Vigilate,
2043 4373 2099 4419 et

523 4471 699 4524 orate,
757 4472 815 4517 ut
866 4477 972 4517 non
1035 4463 1249 4518 intretis
1296 4459 1764 4516 intentationem.

474 4597 482 4605 .
525 4555 624 4627 4.]
666 4555 905 4624 Spiritus
943 4555 1160 4624 quidem
1193 4564 1478 4624 promptus
1509 4564 1612 4616 est,
1647 4567 1777 4607 caro
1802 4563 1984 4607 autem
2018 4552 2098 4604 in-

527 4648 705 4700 lirma.
738 4645 1012 4717 [ccxcvnt,
1041 4643 1121 4715 6.]
1143 4645 1342 4699 lterum
1362 4645 1605 4699 secundo
1631 4645 1783 4709 abiit,
1814 4653 1868 4698 et
1899 4644 2095 4711 oravit,

523 4739 720 4792 dicens
750 4754 766 4792 :
799 4738 958 4791 Pater
997 4739 1090 4802 mi,
1124 4739 1168 4791 si
1198 4751 1303 4791 non
1353 4747 1533 4806 potest
1570 4736 1660 4790 hic
1689 4737 1828 4791 calix
1871 4737 2101 4792 transire

524 4830 636 4882 nisi
665 4829 841 4883 bibam
869 4829 1044 4893 illum,
1075 4829 1162 4884 liat
1189 4829 1443 4883 voluntas
1474 4837 1585 4884 tua.
1613 4829 1679 4882 Et
1706 4831 1855 4884 venit
1881 4830 2099 4893 iterum,

520 4932 584 4974 et
615 4923 819 4974 invenit
847 4938 941 4976 eos
970 4923 1305 4977 dormientes
1337 4932 1350 4973 :
1382 4932 1535 4976 erant
1561 4922 1708 4976 enim
1739 4921 1879 4974 oculi
1912 4937 2100 4973 eorum

523 5016 761 5082 gravati.
793 5013 860 5068 Et
896 5017 1100 5069 relictis
1133 5016 1258 5080 illis,
1292 5015 1488 5070 iterum
1521 5017 1676 5080 abiit,
1706 5023 1761 5069 et
1793 5015 1966 5069 oravit
1998 5025 2104 5068 ter-

526 5111 630 5169 tio,
683 5111 934 5162 eumdem
994 5122 1304 5163 sermonem
1359 5110 1568 5164 dicens.
1630 5109 1783 5162 Tunc
1836 5112 1986 5162 venit
2037 5108 2104 5161 ad

525 5200 831 5270 discipulos
863 5216 1014 5267 suos,
1045 5211 1100 5256 et
1131 5202 1263 5256 dicit
1293 5202 1397 5255 illis
1434 5212 1447 5252 :
1504 5203 1742 5255 Dormite
1768 5200 1898 5269 jam,
1939 5207 1994 5251 et
2027 5215 2108 5253 re-

527 5290 795 5359 quiescite
836 5309 852 5359 ;
891 5289 1142 5364 [ccxcxn
1175 5292 1267 5364 4.]
1303 5307 1431 5346 ecce
1459 5290 1916 5362 appropinquavit
1949 5289 2104 5350 hora,

525 5393 586 5437 et
620 5380 788 5438 Filius
819 5383 1055 5438 hominis
1095 5384 1339 5437 tradetur
1385 5386 1438 5435 in
1486 5398 1676 5434 manus
1732 5391 2104 5448 peccatorum.

526 5476 770 5544 Surgite,
799 5491 988 5532 eain—us
1024 5493 1040 5531 :
1085 5493 1211 5531 ecce
1253 5476 1708 5544 appropinquavit
1747 5473 1838 5541 qui
1881 5487 1964 5524 me
2004 5485 2108 5525 tra-

528 5567 645 5622 det.
677 5567 813 5639 Ith,
849 5569 927 5641 1.]
960 5570 1153 5622 Adhuc
1185 5585 1250 5623 eo
1287 5570 1567 5636 loutiente,
1597 5582 1723 5621 ecce
1761 5564 1930 5618 .ludas
1971 5579 2110 5617 unus

531 5657 602 5707 de
642 5661 928 5712 duodecim
965 5666 1132 5725 venit,
1178 5671 1232 5714 ct
1270 5675 1392 5714 cum
1452 5675 1518 5712 eo
1563 5661 1720 5713 turba
1763 5659 1953 5720 multa,
1985 5671 2108 5710 cum

526 5745 722 5812 gladiis
752 5757 805 5802 et
836 5750 1090 5816 fustibus,
1123 5753 1271 5808 missi
1305 5771 1332 5804 a
1369 5753 1706 5821 principibus
1735 5752 2109 5814 sacerdotum,

2122 3081 2444 3166 cmonium
2503 3083 2700 3135 falsum
2763 3091 2956 3134 contra
3010 3079 3245 3144 Jesum,

2174 520 2322 569 eum,
2362 504 2510 557 dedit
2545 504 2652 558 illis
2687 520 2926 572 signum,
2957 502 3144 578 dicens
3170 515 3187 557 :
3212 502 3582 569 Quemcunque
3623 515 3699 554 os-

2175 598 2389 649 culatus
2441 594 2613 657 fuero,
2657 597 2771 664 ipse
2809 608 2910 657 est,
2956 580 3134 650 tenete
3168 609 3313 649 eum.
3346 593 3410 647 Et
3455 592 3697 648 tonfestim

2175 689 2446 740 accedens
2472 687 2534 738 ad
2569 687 2776 750 Jesum,
2805 686 2940 740 dixit
2973 702 2986 741 :
3045 689 3174 749 Ave,
3209 683 3403 738 Ralbi.
3433 683 3495 736 Et
3520 685 3698 739 osenla-

2179 788 2264 832 tus
2301 788 2384 832 est
2433 793 2581 831 eum.
2631 777 2880 846 Dixitque
2917 777 2993 831 ilii
3023 777 3176 831 Jesus
3214 790 3231 829 :
3264 775 3465 839 Amice,
3494 776 3551 828 ad
3593 776 3698 844 quid

2179 871 2371 924 venisti
2397 870 2419 922 ?
2453 869 2609 923 Tunc
2642 881 3009 933 ειρορεερνυιιι,
3039 880 3094 925 et
3131 886 3320 922 manus
3348 869 3628 936 iniecerunt
3659 869 3699 920 in

2178 962 2384 1024 Jesum,
2423 973 2473 1016 et
2511 971 2802 1016 tenuerunt
2843 978 2989 1018 eum.
3031 964 3213 1033 (cccn,
3242 961 3321 1031 1.)
3361 961 3565 1015 Etecce
3589 976 3701 1013 unus

2179 1068 2242 1106 ex
2278 1053 2360 1105 his
2389 1054 2480 1119 qui
2514 1063 2671 1106 erant
2707 1069 2829 1128 eum
2867 1053 3020 1120 Jesu,
3047 1055 3348 1110 extendens
3410 1067 3605 1114 manus,
3629 1067 3704 1107 ex-

2181 1144 2312 1198 emit
2343 1144 2577 1212 gladium
2599 1158 2782 1205 suum,
2817 1156 2872 1198 et
2907 1147 3446 1215 percutiensservum
3477 1142 3702 1212 principis

2181 1234 2555 1300 sacerdomm,
2587 1239 2891 1303 amputavit
2917 1236 3217 1289 auriculam
3243 1235 3382 1304 ejus.
3410 1238 3592 1301 (eccm,
3615 1234 3702 1302 10.)

2182 1325 2337 1379 Tunc
2370 1325 2447 1380 ait
2475 1325 2550 1379 illi
2587 1325 2747 1380 Jesus
2774 1343 2790 1383 :
2830 1325 3098 1380 Converte
3119 1327 3360 1396 gladium
3398 1338 3536 1378 tuum
3567 1324 3612 1376 in
3639 1325 3703 1376 lo-

2181 1433 2306 1472 cum
2335 1433 2517 1474 suum.
2558 1416 2764 1472 Omnes
2794 1419 2960 1483 enim,
2997 1418 3089 1488 qui
3122 1418 3430 1487 acceperint
3480 1417 3702 1486 gladium,

2129 1517 2137 1524 '
2185 1512 2364 1580 gladio
2394 1511 2671 1580 peribunt.
2710 1513 2790 1564 An
2825 1521 3008 1580 putas,
3040 1511 3166 1580 quia
3211 1526 3318 1564 non
3350 1525 3554 1577 possum
3584 1525 3705 1578 roga-

2185 1623 2241 1659 re
2267 1606 2482 1658 Patrem
2508 1620 2711 1668 meum,
2737 1615 2791 1658 et
2818 1606 3099 1660 exhibebit
3130 1605 3260 1658 mihi
3286 1605 3443 1660 modo
3470 1606 3705 1675 plusquam

2187 1698 2474 1753 duodecim
2523 1700 2761 1769 legiones
2811 1699 3165 1768 angelorum?
3192 1698 3471 1763 Quomodo
3499 1715 3609 1768 ergo
3632 1699 3709 1750 iiii-

2186 1792 2482 1860 plebuntur
2508 1791 2826 1860 Scripturte,
2864 1793 2991 1862 quia
3019 1794 3100 1845 sic
3134 1802 3354 1861 oportet
3381 1792 3489 1846 fieri
3512 1791 3708 1862 ?[cccrv,

2184 1883 2266 1958 1.]
2317 1885 2375 1940 In
2418 1885 2506 1940 illa
2557 1885 2688 1939 hora
2737 1885 2877 1940 dixit
2910 1888 3068 1941 Jesus
3099 1888 3276 1941 turbis
3311 1903 3325 1946 ;
3367 1887 3618 1954 Tanquam
3658 1889 3710 1938 ad

2185 1976 2452 2033 latronem
2509 1981 2698 2033 existis
2748 1994 2872 2034 cum
2913 1979 3107 2048 gladiis
3136 1990 3194 2034 et
3235 1980 3462 2034 fustibus
3511 1995 3710 2047 compre-

2187 2071 2431 2126 hendere
2463 2085 2548 2125 me
2576 2087 2592 2127 :
2625 2071 2867 2141 quotidie
2891 2072 3035 2142 apud
3067 2087 3166 2127 vos
3195 2072 3444 2127 sedebam
3474 2071 3646 2124 docens
3670 2069 3711 2124 in

2190 2165 2415 2233 templo,
2437 2174 2494 2219 et
2523 2178 2633 2218 non
2669 2179 2753 2218 me
2782 2164 3082 2220 tenuistis?
3115 2164 3296 2236 [βεεν.
3339 2164 3416 2237 6.]
3444 2163 3547 2219 lloc
3567 2174 3711 2218 autem

2192 2267 2364 2312 totum
2394 2257 2596 2311 factum
2625 2267 2730 2324 est,
2760 2265 2818 2312 ut
2846 2257 3283 2325 adimplerentur
3316 2259 3590 2328 Scriptum
3617 2272 3713 2327 pro-

2191 2351 2504 2418 phetarum.
2553 2350 2708 2403 Tunc
2741 2349 2988 2419 discipuli
3019 2365 3232 2416 omnes,
3260 2350 3445 2406 relicto
3468 2365 3546 2413 eo,
3584 2354 3713 2420 luge-

2195 2451 2343 2495 runt.
2370 2438 2564 2512 [cccvt,
2591 2439 2668 2511 1.]
2695 2441 2763 2494 At
2789 2440 2864 2495 illi
2895 2451 3140 2498 tenentes
3166 2443 3371 2507 Jesum,
3402 2442 3640 2496 duxerunt
3662 2444 3714 2495 ad

2192 2530 2452 2601 Caipham
2487 2531 2792 2601 principem
2824 2533 3197 2597 sacerdotum,
3248 2533 3336 2587 ubi
3366 2532 3558 2588 Scriba:
3582 2543 3628 2587 et
3649 2547 3717 2587 se-

2195 2621 2379 2674 niores
2410 2630 2804 2676 convenerant.
2838 2618 3074 2692 [cccvu,
3116 2620 3215 2694 4.]
3252 2623 3439 2682 Petrus
3469 2631 3626 2675 autem
3652 2634 3718 2673 se-

2197 2711 2470 2779 quebatur
2507 2723 2634 2763 eum
2666 2709 2906 2780 alonge,
2956 2726 3133 2780 usque
3183 2711 3241 2765 in
3285 2711 3476 2766 atrium
3511 2711 3719 2782 principis

2199 2802 2568 2857 sacerdotum.
2607 2803 2675 2856 Et
2711 2803 2988 2872 ingressus
3014 2805 3182 2869 intro,
3216 2805 3436 2860 sedebat
3463 2822 3568 2860 cum
3596 2805 3720 2856 mini-

2200 2895 2346 2957 stris.
2388 2905 2444 2950 ut
2468 2895 2675 2952 videret
2707 2897 2892 2950 linem.
2914 2897 3154 2968 [cccv:u,
3185 2897 3267 2966 2.]
3291 2898 3552 2966 Principes
3574 2907 3718 2950 autem

2202 2987 2566 3053 sacerdotum,
2623 2999 2679 3043 et
2727 3003 2888 3043 omne
2931 2985 3249 3058 concilium;
3277 2990 3572 3060 quaerebant
3605 2990 3722 3041 testi-

3326 3094 3383 3136 ut
3445 3098 3555 3138 enin
3609 3095 3722 3133 mor-

2206 3173 2244 3224 ti
2307 3174 2585 3228 traderent
2637 3189 2651 3227 :
2723 3183 2778 3227 et
2840 3189 2950 3228 non
3006 3173 3386 3240 invenerunt,
3437 3189 3546 3228 eum
3605 3171 3722 3225 multi

2204 3266 2324 3321 falsi
2382 3277 2548 3322 testes
2597 3268 2977 3322 accessissent.
3033 3264 3254 3338 [eccm
3310 3265 3413 3339 6.]
3470 3265 3720 3320 Novissime

2204 3372 2384 3416 autem
2419 3368 2687 3414 venerunt
2717 3361 2826 3414 duo
2850 3359 2969 3415 falsi
3005 3370 3195 3427 testes,
3222 3374 3280 3418 et
3315 3360 3550 3416 dixerunt
3578 3376 3592 3415 z
3624 3359 3719 3410 Hec

2203 3454 2342 3508 dixit
2378 3471 2393 3507 :
2427 3453 2652 3507 Possum
2684 3453 2968 3507 destruere
2996 3455 3260 3524 templum
3287 3453 3401 3516 Dei,
3449 3462 3500 3506 et
3523 3460 3622 3521 post
3649 3449 3721 3502 tri-

2205 3547 2374 3599 duum
2415 3545 2744 3599 reaedilicare
2774 3543 2926 3599 illud.
2976 3546 3041 3598 Et
3064 3560 3294 3615 surgens
3319 3547 3554 3615 princeps
3581 3557 3719 3596 sacer-

2205 3637 2415 3705 dotum,
2458 3638 2533 3691 ait
2564 3637 2642 3691 illi
2676 3653 2691 3693 :
2731 3637 2878 3692 Nihil
2928 3639 3233 3707 respondes
3283 3639 3348 3692 ad
3394 3653 3474 3703 ea,
3517 3653 3617 3704 (ιυςῑ
3655 3635 3718 3685 isti

2205 3731 2498 3787 adversum
2528 3739 2580 3784 te
2615 3730 3015 3785 testificantur?
3043 3729 3208 3787 Jesus
3239 3739 3416 3785 autem
3449 3728 3646 3785 tacebat.
3671 3726 3719 3780 Et

2207 3823 2464 3894 princeps
2498 3820 2840 3877 sacerdotum
2875 3823 2951 3876 ait
2982 3823 3058 3878 illi
3088 3837 3102 3877 :
3135 3825 3344 3894 Adjuro
3387 3833 3433 3876 te
3467 3837 3554 3891 per
3590 3820 3720 3874 Deum

2206 3916 2409 3978 vivum,
2446 3923 2505 3968 ut
2541 3912 2691 3967 dicas
2724 3913 2901 3979 nobis,
2929 3913 2973 3966 si
3007 3923 3061 3967 tu
3091 3928 3153 3968 es
3182 3915 3433 3968 Christus
3469 3914 3608 3967 Filius
3635 3911 3720 3962 Ilei.

2206 4008 2348 4061 Dicit
2382 4006 2458 4061 illi
2495 4003 2656 4058 Jesus
2685 4015 2699 4056 ε
2734 4004 2813 4058 Tu
2848 4005 3032 4060 dixisti
3064 4005 3285 4076 :[cccx,
3319 4007 3392 4076 1.]
3416 4013 3722 4058 verumtamen

2207 4098 2330 4152 dico
2365 4097 2541 4163 vobis,
2582 4095 2779 4150 amodo
2815 4095 3070 4151 videbitis
3096 4096 3298 4151 Filium
3335 4095 3555 4151 hominis
3574 4095 3722 4146 seden-

2208 4202 2313 4244 tem
2341 4205 2370 4242 a
2405 4189 2614 4242 dextris
2641 4188 2862 4242 virtutis
2892 4185 3011 4251 Dei,
3041 4197 3097 4242 et
3121 4192 3428 4242 venientem
3463 4186 3509 4239 in
3537 4181 3723 4238 nubibus

2207 4283 2352 4338 «eali.
2389 4279 2608 4352 Lcccxi,
2636 4279 2735 4351 6.]
2785 4280 2938 4336 Tunc
2969 4281 3220 4351 princeps
3251 4281 3573 4338 sacerdotum
3597 4273 3722 4330 scidit

2211 4377 2674 4447 vestimentasua,
2710 4373 2899 4426 dicens
2933 4385 2948 4424 :
2982 4371 3402 4441 Blasphemavit,
3437 4370 3637 4442 [cccxm
3662 4359 3720 4430 Ξ]

1847 4455 2100 4531 [CCXCVlli
2130 4460 2182 4520 Ι)
2208 4463 2338 4534 quid
2374 4465 2552 4517 adhuc
2587 4478 2811 4534 egemus
2863 4464 3098 4517 testibus
3137 4466 3156 4516 ἲ
3199 4481 3325 4519 ecce
3371 4481 3504 4517 nunc
3543 4456 3720 4514 audistis

2205 4556 2599 4626 blasphemiam
2640 4573 2653 4609 :
2705 4555 2830 4626 quid
2866 4556 3019 4610 vobis
3052 4557 3312 4611 videtur?
3357 4558 3421 4609 At
3450 4556 3518 4609 illi
3549 4565 3720 4620 respon-

2203 4652 2396 4706 dentes
2447 4649 2705 4703 dixerunt
2751 4667 2765 4702 :
2803 4650 2948 4704 licus
2997 4659 3082 4704 est
3128 4649 3342 4705 mortis.
3394 4638 3717 4720 [cccxm,1.]

2205 4744 2358 4798 Tunc
2385 4751 2730 4813 exspuerunt
2783 4744 2837 4796 in
2882 4744 3074 4798 faciem
3115 4743 3255 4810 ejus,
3288 4751 3343 4795 et
3371 4739 3589 4808 colaphis
3624 4750 3717 4788 eum

2205 4835 2542 4898 ceciderunt,
2585 4833 2672 4886 alii
2709 4842 2889 4886 autem
2921 4833 3126 4902 palmas
3157 4833 3211 4886 in
3255 4833 3441 4887 faciem
3469 4831 3572 4900 ejus
3597 4825 3721 4878 ὐθιιθο

2206 4937 2356 4990 runt,
2388 4925 2637 4980 dicentes
2668 4935 2682 4976 :
2721 4924 3044 4993 Prophetiza
3080 4923 3266 4986 nobis,
3296 4923 3517 4986 Christe,
3540 4918 3638 4986 quis
3657 4919 3719 4964 est

2206 5018 2299 5087 qui
2342 5028 2391 5071 te
2420 5017 2733 5086 percussit?
2768 5015 3018 5086 [cccxrv,
3054 5015 3144 5086 1.]
3177 5014 3372 5070 Petrus
3400 5025 3514 5068 vero
3543 5005 3718 5063 sedebat

2210 5110 2342 5162 loris
2387 5109 2440 5162 in
2475 5111 2626 5175 atrio;
2666 5123 2683 5164 :
2726 5117 2780 5163 et
2822 5109 3051 5163 accessit
3093 5108 3156 5161 ad
3211 5122 3332 5162 eum
3379 5119 3477 5159 una
3522 5097 3714 5155 ancilla.

2210 5201 2400 5255 dicens
2430 5219 2443 5255 :
2476 5211 2530 5255 et
2563 5213 2615 5254 tu
2651 5216 2775 5255 cum
2819 5201 2944 5255 Jesu
2980 5200 3198 5254 Galilaeo
3225 5213 3365 5253 eras.
3395 5200 3458 5249 At
3486 5194 3561 5248 ille
3590 5203 3715 5256 negl-

2209 5291 2288 5341 vit
2312 5304 2497 5343 coram
2522 5291 3009 5358 omnibusndieens
3030 5307 3041 5342 :
3061 5290 3255 5344 Nescio
3275 5289 3395 5358 quid
3413 5287 3536 5340 dicis
3551 5286 3711 5350 (θαῦμ’.

2214 5382 2312 5450 1.)
2367 5382 2612 5436 Exeunte
2653 5393 2833 5436 autem
2869 5383 2960 5438 illo
3007 5383 3253 5453 januam,
3309 5381 3435 5434 vidit
3482 5389 3589 5431 eum
3631 5371 3710 5422 alia

2214 5475 2433 5534 ancilla,
2471 5485 2526 5526 et
2567 5478 2642 5527 ait
2675 5475 2781 5535 his,
2815 5475 2906 5543 qui
2947 5487 3100 5528 erant
3136 5475 3206 5528 ibi
3242 5490 3256 5526 ε
3289 5473 3356 5528 Ει
3384 5471 3463 5525 hic
3489 5470 3712 5522 eratcum

2212 5565 2340 5620 Jcsu
2367 5566 2672 5620 Nazareno.
2709 5566 2773 5621 Et
2804 5567 3003 5623 iterum
3041 5569 3253 5637 negavit
3281 5584 3397 5623 cum
3426 5563 3708 5635 iuramento.

2213 5661 2347 5724 Quia
2393 5674 2500 5712 non
2554 5659 2677 5715 novi
2719 5661 3013 5715 hominem.
3054 5662 3119 5714 Et
3145 5672 3268 5729 post
3306 5657 3536 5730 pusillum
3566 5657 3708 5701 acces-

2216 5761 2403 5806 serunt
2439 5752 2528 5820 qui
2570 5755 2801 5819 stabant,
2839 5763 2891 5808 et
2927 5751 3176 5808 dixerunt
3214 5752 3365 5805 P.tro
3410 5765 3422 5802 ;
3455 5745 3571 5799 \‘cre
3599 5747 3641 5788 et
3667 5742 3707 5783 tu
