3880 6168
159 327 249 390 613

1076 412 1079 415 Α
1137 322 1649 396 EVANGELlUEﬁ
1694 336 1846 398 see.
1890 311 2367 400 MATTIIJZUM.

3275 332 3380 395 6M

158 463 215 500 ex
242 444 345 500 illis
377 461 436 501 es
467 463 482 505 :
513 460 637 500 nam
668 455 721 499 et
752 447 965 516 loquela
999 456 1086 503 tua
1121 450 1466 505 manifestum
1492 463 1543 506 te
1564 451 1711 506 facil.
1746 464 1784 514 Α
1818 451 1886 503 At
1944 452 2017 505 illi
2074 453 2244 520 magis
2289 449 2597 506 clamabant
2647 450 2894 506 dicentes
2950 467 2964 505 :
3004 450 3389 519 Crucillgatur-

159 535 296 591 Tune
340 539 506 607 erepit
538 538 796 592 detestari
846 546 901 593 et
926 541 1113 607 jurare
1148 541 1278 608 quia
1328 555 1435 595 non
1468 542 1711 595 novisset

161 630 441 685 hominem.
490 628 557 682 Et
580 628 841 683 continuo
864 629 1036 698 gallus
1063 630 1329 684 cantavit.
1364 628 1594 701 lCCCXVl,
1629 630 1711 703 2.]

160 720 216 775 Et
244 719 553 774 recordatus
582 729 665 773 est
687 719 882 774 Petrus
914 720 1065 774 verbi
1094 719 1241 786 Jesu,
1276 723 1420 789 quod
1451 724 1661 778 dist-rat
1695 739 1711 779 :

160 812 455 880 Priusquam
488 812 663 879 gallus
683 821 888 878 cantet,
922 820 1007 867 ter
1039 828 1122 870 me
1152 815 1394 884 negabis.
1436 814 1501 869 Et
1536 831 1709 885 egres'

161 918 238 958 sus
267 907 404 958 foras
431 904 579 958 ﬂevit
613 918 831 960 amare.t
1028 970 1051 989 κ
1616 952 1617 955 η

219 994 358 1066 [ϐαρ.
378 995 586 1050 XXV’lI.
618 1011 813 1061 cccxtl,
839 996 920 1069 2.]
937 996 1090 1052 Mune
1120 1007 1299 1053 autem
1334 1000 1504 1069 facto,l
1533 999 1714 1053 consi-

161 1086 276 1141 lium
322 1087 564 1140 inierunt
607 1103 798 1142 omnes
839 1090 1116 1158 principes
1148 1090 1497 1144 sacerdotum
1529 1102 1585 1146 et
1624 1106 1711 1145 se-

162 1178 323 1231 niores
346 1178 526 1245 pepuli
559 1177 823 1232 adversus
847 1178 1063 1242 Jesunt,
1094 1190 1152 1232 ut
1182 1196 1307 1233 eum
1339 1183 1500 1235 morti
1533 1183 1712 1238 trade-

163 1279 281 1321 rent.
312 1267 595 1339 [ccexvttn
632 1269 707 1340 l.]
752 1271 813 1322 Et
837 1273 1079 1325 vinctum
1110 1271 1452 1327 adduxerunt
1478 1289 1626 1335 eum,
1658 1284 1712 1329 et

164 1362 478 1414 tradiderunt
528 1362 716 1416 Pontio
756 1362 927 1416 Pilato
979 1364 1214 1431 praesidi.
1290 1364 1536 1435 [cccx1x,
1573 1365 1711 1439 ΗΜ]

163 1452 299 1506 Tunc
337 1452 523 1506 videns
546 1452 733 1516 Judas,
761 1456 853 1520 qui
886 1468 1010 1506 eunt
1037 1454 1282 1517 tradidit,
1316 1458 1457 1524 quod
1488 1456 1713 1511 damna-

165 1552 242 1595 lus
292 1553 478 1609 esset,
547 1543 865 1609 pmnitentia
932 1544 1176 1608 ductus,
1238 1549 1429 1600 retulit
1493 1549 1711 1617 triginta

163 1640 424 1702 argenteos
479 1633 821 1702 principibus
867 1636 1232 1703 sacerdotum,
1289 1649 1342 1692 et
1380 1640 1710 1704 senioribus,

165 1723 332 1777 dicens
362 1723 648 1788 :Peccavi,
685 1723 904 1778 tradens
931 1729 1248 1796 sanguinem
1274 1730 1503 1799 justum.
1538 1733 1603 1783 At
1635 1732 1712 1786 illi

1815 549 2106 613 (cccsxvu,
2139 544 2247 610 lO.)
2276 544 2476 598 Videns
2502 551 2682 598 autem
2714 544 2921 598 Pilatus
2947 546 3074 612 quia
3102 545 3235 598 nihil
3268 561 3391 614 pro-

1815 636 2047 699 liceret,
2104 634 2213 710 _sed
2293 636 2465 705 magis
2538 636 2803 689 tumultus
2874 636 3024 689 lierct
3083 653 3097 688 :~
3173 645 3391 705 accepti

1812 741 1972 792 aqua,
2035 725 2168 778 lavit
2199 740 2396 778 manus
2435 738 2621 779 curam
2672 726 2891 794 populo,
2945 727 3133 780 dicens
3180 728 3393 781 :lnno-

1812 834 1940 872 cens
1973 831 2074 884 ego
2106 833 2226 870 sum
2262 832 2291 866 a
2325 817 2589 884 sanguine
2620 816 2754 886 justi
2802 816 2960 886 hujus
2996 832 3014 872 :
3048 833 3142 872 vos
3187 810 3394 871 videri-

1814 909 1905 962 tis.
1989 908 2056 962 Et
2116 907 2455 975 respoadens
2509 907 2796 961 universus
2849 908 3127 975 populus,
3185 909 3319 961 dixit
3371 923 3388 963 τ

1816 1001 2051 1069 Sanguis
2103 999 2220 1068 ejus
2274 1014 2437 1064 super
2489 1013 2611 1060 nos,
2664 1009 2718 1053 et
2769 1013 2931 1066 super
2961 998 3097 1052 ﬁlios
3151 1007 3389 1055 nostros.

1815 1090 2123 1162 lCCCXXt’lII,
2155 1087 2233 1159 1.]
2269 1087 2424 1143 Tunc
2450 1088 2656 1142 dimisit
2695 1087 2798 1141 illis
2832 1087 3129 1143 Barabbam
3161 1106 3174 1143 :
3204 1091 3388 1144 .lesnm

1816 1194 1997 1235 autem
2057 1181 2380 1249 ﬂagellatum
2442 1180 2790 1243 tradiditeis,
2828 1191 2886 1234 ut
2952 1181 3387 1249 cruciﬁgeretur,

1828 1272 2209 1342 [cccxxtx,4.]
2265 1272 2417 1324 Tunc
2481 1272 2685 1325 milites
2741 1272 2988 1341 praesidis
3028 1269 3392 1342 suscipientes

1814 1360 1998 1414 vaunt
2076 1362 2128 1413 in
2187 1363 2527 1428 prmtorium,
2604 1373 3080 1431 congregaverunt
3143 1366 3209 1416 ad
3264 1375 3388 1419 eum

1818 1440 2125 1505 universam
2158 1453 2438 1506 cohortem
2473 1460 2566 1505 :ct
2589 1463 2852 1506 exuentes
2876 1469 3024 1518 eum,
3049 1454 3388 1527 chlamydem

1817 1546 2128 1594 corcltteatn
2192 1541 2675 1595 circumdederunt
2709 1542 2783 1606 ei,
2820 1551 2876 1593 et
2906 1546 3209 1611 plectentes
3239 1561 3389 1595 mro.

1822 1649 1943 1686 nam
1971 1635 2036 1687 de
2064 1633 2259 1702 spinis,
2284 1642 2585 1702 posuerunt
2611 1648 2774 1702 super
2797 1642 2961 1701 caput
2984 1634 3123 1703 ejus,
3148 1644 3203 1693 ct
3230 1651 3393 1688 aruu-

1819 1723 1999 1777 dinem
2030 1724 2083 1778 in
2113 1724 2334 1778 dextera
2367 1726 2508 1793 ejus.
2539 1726 2606 1778 Et
2638 1740 2778 1793 genu
2804 1726 2942 1778 ﬂexo
2978 1736 3104 1781 ante
3150 1742 3295 1791 cum,
3326 1728 3392 1780 il-

164 1816 398 1870 dixerunt
447 1814 634 1880 :Quid
683 1814 749 1869 ad
789 1817 926 1872 nos?
974 1827 1028 1871 tu
1065 1819 1285 1875 videris.
1324 1821 1393 1875 Et
1446 1823 1700 1891 projeetis

1826 1814 2434 1878 ludebanteiydicentes
2458 1833 2471 1869 :
2493 1816 2624 1879 Ave,
2649 1830 2742 1870 rex
2770 1816 3106 1871 Iudaeorum.
3135 1817 3390 1890 [cccxxx,

163 1908 410 1977 argenteis
450 1907 505 1959 in
551 1908 774 1977 templo,
805 1908 1029 1961 recessit
1063 1925 1077 1960 :
1106 1917 1159 1963 et
1182 1909 1373 1964 abiens
1401 1927 1459 1965 se
1489 1927 1719 1982 suspen-

165 1998 236 2052 dit
268 2000 299 2051 ⁸.
327 1998 612 2068 Principes
636 1982 817 2053 autem
845 2001 1225 2065 sacerdotum,
1257 2006 1495 2073 acceptis
1523 2020 1718 2073 argen-

167 2090 275 2155 teis,
307 2091 602 2145 dixerunt:
631 2090 750 2145 Non
776 2091 906 2146 licet
932 2106 1028 2146 eos
1066 2093 1281 2148 mittere
1313 2096 1368 2149 in
1403 2098 1714 2164 corbonam,

166 2185 275 2253 quia
321 2187 551 2252 pretium
584 2184 863 2255 sanguinis
904 2196 1006 2239 est.
1040 2184 1282 2241 Consilio
1312 2196 1493 2241 autem
1556 2188 1711 2254 inito,

166 2284 391 2329 emerunt
420 2288 487 2328 ex
526 2274 634 2328 illis
664 2289 853 2345 agrum
888 2275 1060 2345 ﬁguli,
1091 2276 1145 2328 in
1186 2276 1520 2345 sepulturam
1554 2293 1715 2347 pere-

167 2365 444 2436 grinorum.
473 2367 705 2436 Propter
734 2366 839 2421 hoc
864 2375 1084 2422 vocatus
1114 2376 1197 2421 est
1230 2381 1358 2436 ager
1385 2368 1496 2431 ille,
1527 2367 1718 2424 Hace!-

166 2458 327 2523 datna,
359 2459 462 2515 hoc
487 2468 594 2526 est,
651 2475 777 2530 ager
815 2460 1086 2531 sanguinis
1114 2474 1283 2530 usque
1315 2463 1368 2513 in
1392 2461 1717 2516 hodiernum

167 2550 317 2605 diem.
362 2551 517 2607 Tunc
568 2551 850 2619 impletum
904 2560 990 2605 est
1043 2552 1188 2620 quod
1241 2551 1449 2606 dictum
1497 2562 1582 2606 est
1626 2568 1719 2621 per

166 2641 431 2696 Jeremiam
473 2642 817 2710 prophetam,
865 2640 1140 2695 dicentem
1195 2656 1211 2696 ‘.
1270 2639 1338 2695 Et
1389 2650 1720 2720 acceperunt

171 2735 369 2805 triginta
392 2745 683 2803 argenteos
714 2734 947 2803 pretium
978 2732 1293 2802 apprctiati,
1321 2747 1485 2801 quem
1517 2746 1715 2800 appre-

172 2822 422 2877 tiaverunt
456 2838 487 2877 a
519 2822 646 2882 (iliis
684 2822 849 2877 Israel
887 2837 903 2874 :
934 2832 987 2876 et
1017 2812 1291 2875 dederunt
1318 2836 1411 2876 eos
1442 2821 1495 2874 in
1532 2834 1716 2890 agrum

168 2915 325 2986 ﬁguli,
351 2916 487 2972 sicut
510 2916 797 2971 constituit
834 2914 971 2969 mihi
1001 2913 1288 2971 Dominus.
1340 2913 1569 2986 [δραι.
1618 2912 1716 2987 1.]

167 3004 314 3062 Jesus
351 3018 531 3062 autem
574 3008 729 3063 stetit
773 3015 899 3062 ante
929 3007 1236 3077 praesident,
1284 3013 1340 3061 et
1367 3007 1720 3076 interrogavit

168 3115 280 3153 eum
323 3114 540 3168 praases,
574 3099 764 3154 dicens
801 3113 817 3151 :
859 3098 939 3152 'l‘u
976 3112 1039 3154 es
1064 3113 1159 3153 rex
1197 3097 1552 3153 Judaaorum?
1582 3099 1719 3153 Dicit

168 3185 238 3242 illi
263 3187 416 3243 Jesus
450 3202 466 3241 :
510 3186 595 3243 'l’u
630 3187 782 3244 dicis.
814 3186 1043 3260 [cccxxt,
1070 3186 1152 3260 4.]
1190 3189 1400 3243 Etcum
1435 3202 1717 3243 accusare-

166 3288 252 3333 tur
283 3294 311 3333 a
339 3279 679 3349 principibus
706 3279 1072 3344 sacerdotum,
1122 3287 1177 3334 et
1217 3279 1547 3345 senioribus,
1580 3279 1716 3334 nihil

166 3372 448 3441 respondit.
478 3372 636 3427 Tunc
656 3372 788 3427 dicit
815 3371 893 3427 illi
918 3371 1123 3427 Pilatus
1150 3389 1164 3425 :
1195 3372 1314 3426 Non
1336 3373 1491 3427 audis
1515 3383 1719 3442 quanta

165 3464 436 3521 adversum
474 3476 527 3522 te
569 3466 761 3521 dicunt
801 3465 1150 3521 testimonia?
1193 3463 1261 3519 Et
1299 3480 1407 3519 non
1428 3465 1720 3535 respondit

164 3554 213 3608 ei
238 3554 305 3609 ad
329 3556 493 3610 ullum
524 3556 776 3622 verbum,
807 3558 882 3611 ita
922 3566 981 3611 ut
1013 3559 1305 3610 miraretur
1331 3571 1530 3624 praeses
1558 3557 1721 3615 vehe-

166 3657 385 3702 menter.
436 3647 710 3721 jcecsxn,
738 3648 788 3702 2.
823 3645 845 3718 ]
894 3646 998 3702 Per
1023 3646 1166 3702 diem
1204 3658 1388 3702 autem
1422 3647 1715 3702 solemnem

164 3749 507 3793 consueverat
534 3752 732 3808 preses
755 3738 954 3808 populo
981 3740 1258 3794 dimittere
1284 3754 1453 3793 unum
1475 3750 1719 3795 vmctum

161 3836 319 3892 quem
348 3826 665 3881 voluissent.
686 3828 964 3896 luscum,
994 3825 1078 3900 4.]
1109 3826 1351 3882 Habebat
1374 3838 1558 3882 autem
1590 3840 1721 3886 tunc

162 3918 393 3972 vinctum
440 3917 728 3988 insignem,
767 3919 861 3988 qui
902 3918 1187 3974 dicebatur
1230 3919 1525 3976 Barabbas.
1573 3922 1721 3976 Con-

157 4010 389 4077 gregatis
441 4023 574 4079 ergo
612 4008 722 4063 illis
754 4046 770 4072 ,
825 4008 967 4064 dixit
1007 4009 1215 4065 Pilatus
1259 4023 1275 4063 :
1334 4011 1504 4077 Quem
1559 4011 1722 4068 vultis

157 4098 423 4154 dimittam
464 4100 623 4154 vobis
652 4113 670 4155 :
709 4098 1037 4161 Barabbam,
1072 4116 1139 4155 an
1163 4099 1368 4166 Jesum,
1398 4103 1491 4172 qui
1521 4104 1722 4158 dicitur

156 4191 445 4246 Christus?
481 4191 700 4245 Sciebat
728 4190 875 4245 enim
914 4191 1058 4260 quod
1109 4207 1208 4262 per
1252 4193 1511 4248 invidiam
1549 4194 1720 4248 tradi-

154 4283 365 4337 dissent
389 4296 537 4336 eum.
573 4280 837 4352 [eccum
876 4280 987 4353 l0.]
1024 4282 1264 4339 Sedente
1291 4294 1471 4340 autem
1504 4286 1594 4340 illo
1624 4300 1721 4355 pro

156 4373 438 4439 tribunali,
485 4372 636 4428 misit
676 4374 743 4427 ad
792 4388 919 4428 eum
955 4388 1094 4428 uxor
1136 4375 1278 4444 ejus,
1310 4376 1541 4431 dicens:
1574 4378 1724 4433 Nihil

154 4462 271 4561 tibi,
303 4476 367 4519 et
389 4465 540 4533 justo
569 4464 668 4518 illi.
700 4463 867 4561 Multa
909 4466 1054 4520 enim
1089 4481 1249 4561 passa
1279 4483 1397 4523 sum
1433 4470 1593 4526 hodie
1625 4487 1724 4542 per
1758 4506 1799 4561 ο

151 4556 327 4612 risum
364 4566 590 4627 propter
612 4571 761 4612 eum.
804 4556 1047 4630 [cccxxv,
1077 4558 1193 4631 10.]
1226 4560 1507 4632 Principes
1542 4575 1727 4634 autem

142 4648 524 4714 sacerdotum,
568 4658 623 4704 et
654 4649 901 4705 seniores
929 4663 1319 4718 persuaserunt
1357 4652 1610 4722 populis,
1670 4662 1731 4709 ut

146 4751 407 4809 peterent
434 4741 757 4807 Barabbam,
781 4740 964 4798 lesum
991 4758 1122 4799 vero
1145 4744 1455 4814 perderent.
1486 4747 1735 4818 Respon-

144 4833 281 4887 «ιω
330 4844 521 4888 autem
582 4849 803 4904 praeses,
838 4836 915 4888 ait
948 4828 1130 4889 'illis:
1184 4836 1355 4901 Quem
1431 4839 1597 4894 vultis
1662 4842 1730 4897 de

150 4921 380 4979 duobus
445 4924 695 4981 dimitti?
749 4927 819 4980 At
872 4925 948 4979 illi
1006 4926 1313 4982 dixerunt:
1381 4930 1728 4987 Barabbam.

143 5011 424 5084 icccsnt,
454 5014 531 5089 1.]
570 5017 711 5072 Dicit
736 5018 845 5072 illis
873 5018 1080 5075 Pilatus
1112 5036 1128 5073 :
1162 5020 1303 5085 Quid
1338 5021 1501 5090 igitur
1534 5023 1726 5079 faciam

140 5103 207 5157 de
234 5105 398 5172 Jesu,
436 5110 528 5176 qui
555 5108 755 5162 dicitur
783 5108 1078 5164 Christus?
1105 5111 1302 5167 Dicunt
1330 5126 1562 5168 omnes:
1592 5114 1729 5169 Cru-

139 5198 418 5268 eiligatur.
460 5198 551 5254 Ait
593 5200 701 5253 illis
734 5214 980 5268 praeses:
1019 5200 1158 5267 Quid
1196 5206 1343 5258 enim
1390 5205 1517 5258 mali
1558 5205 1737 5260 fecit?

208 5332 224 5361 '
258 5333 320 5387 In
357 5333 583 5408 Regina}
618 5333 939 5405 ms.,laqueo
968 5352 1023 5391 se
1049 5338 1313 5408 suspendit
1348 5355 1367 5396 .'
1406 5338 1583 5395 erce
1608 5352 1731 5397 tan-

138 5412 245 5456 tum
277 5414 361 5456 est
390 5405 685 5471 ἀπήγξατο

207 5476 225 5503 ³
254 5474 402 5526 Tota
438 5473 555 5551 haec
585 5474 866 5551 pericope,
904 5473 972 5529 Ut
1005 5475 1311 5551 impkretur
1334 5481 1489 5551 [quod
1531 5481 1728 5536 dictum

136 5550 207 5597 est
235 5559 335 5612 per
365 5544 682 5609 prophetam
704 5544 956 5599 dicentem
976 5562 996 5601 :
1014 5544 1309 5605 Diriserunt
1330 5544 1426 5605 sibi
1456 5555 1729 5606 vestimen-

136 5624 187 5663 ta
211 5630 373 5687 sua,
407 5621 464 5665 et
490 5628 648 5687 super
676 5623 867 5687 restent
893 5630 1061 5687 meam
1096 5619 1349 5674 miserunt
1413 5630 1628 5687 sortem,
1669 5625 1724 5676 in

136 5684 340 5759 nullae
372 5686 590 5759 nostris
620 5698 751 5759 mss.
788 5682 1269 5759 hieloci‘additur;
1298 5698 1455 5743 abest
1505 5682 1726 5759 quo’pue

136 5758 199 5808 ab
228 5754 359 5809 aliis
398 5754 683 5807 veteribus
722 5752 929 5809 Latinis
974 5752 1283 5829 (imusque
1319 5752 1723 5830 aliquet'lin'rts,

1822 1904 1912 1977 6:]
1973 1905 2038 1959 Et
2088 1915 2421 1975 exspueutes
2483 1907 2535 1960 in
2579 1922 2729 1970 eum,
2789 1901 3122 1977 acceperunt
3163 1913 3391 1966 arundi-

1821 2012 1969 2060 nem,
2001 2007 2056 2050 et
2092 1996 2472 2066 percutiebant
2529 2009 2697 2068 caput
2722 1999 2860 2068 ejus.
2892 1999 2961 2054 Et
2992 2012 3279 2070 postquam
3331 2005 3393 2056 it-

1822 2090 2066 2144 lnseruul
2095 2089 2169 2155 ei,
2192 2098 2462 2145 exuerunt
2484 2106 2610 2146 eum
2639 2092 2938 2163 chlamyde,
2973 2100 3030 2147 et
3098 2093 3393 2149 induerunt

1819 2195 1943 2235 eum
1983 2181 2326 2236 vestimentis
2359 2182 2500 2252 ejus,
2546 2194 2600 2236 et
2640 2185 2917 2237 duxerunt
2946 2197 3094 2247 eum,
3126 2192 3184 2238 ut
3212 2185 3395 2240 cruci-

1822 2271 2073 2342 ﬁgerent.
2116 2271 2488 2344 [cccxxx1,l.]
2534 2273 2804 2327 Exeuntcs
2853 2284 3034 2327 autem
3068 2275 3395 2329 invenerunt

1822 2364 2096 2418 hominem
2125 2365 2469 2434 Cyrenarum,
2508 2366 2726 2419 nomilie
2760 2364 3037 2420 Simonem
3076 2383 3093 2423 :
3122 2365 3268 2421 hunc
3295 2383 3394 2422 an-

1828 2456 2201 2522 gariaverunt.
2236 2466 2293 2511 ut
2330 2457 2543 2512 tolleret
2584 2472 2802 2511 crucem
2841 2458 2961 2528 ejus
2989 2462 3278 2526 (cccxxru,
3317 2459 3393 2514 Ll

1821 2546 1885 2600 Et
1952 2557 2221 2601 venerunt
2288 2547 2342 2602 in
2413 2547 2634 2612 locum,
2687 2549 2779 2617 qui
2840 2550 3045 2603 dicitur
3106 2549 3394 2619 Golgotha,

1820 2638 1964 2708 quod
2022 2648 2107 2693 est
2156 2637 2417 2694 Calvariae
2475 2639 2648 2694 locus.
2699 2636 3010 2709 [cccxxxiu,
3039 2639 3123 2711 4.]
3171 2641 3394 2695 Etcum

1819 2740 2108 2800 gustasset,
2160 2731 2339 2785 noluit
2391 2731 2604 2794 bibere,
2646 2731 2949 2804 lacertam,
2978 2731 3055 2803 1.]
3097 2731 3390 2802 Postquam

1819 2831 2003 2875 autem
2041 2824 2435 2876 crucilixerunt
2488 2837 2636 2886 eum,
2696 2823 3005 2877 diviserunt
3071 2825 3394 2879 vestimenta

1819 2913 1958 2984 ejus,
1999 2923 2199 2967 sortem
2243 2914 2611 2969 mittentes-ut
2658 2914 2977 2985 impleretur
3010 2916 3156 2984 quod
3185 2916 3391 2971 dictum

1820 3012 1903 3057 est
1930 3018 2025 3073 per
2054 3005 2402 3072 prephetam,
2441 3005 2714 3059 dicentem
2756 3020 2770 3057 :
2807 2994 3125 3058 Diviserunt
3164 3005 3270 3059 sibi
3301 3021 3395 3061 ve-

1820 3095 2075 3148 stimenta
2119 3109 2261 3158 mea,
2315 3103 2373 3148 et
2434 3106 2597 3163 super
2655 3101 2864 3149 vestem
2901 3109 3079 3150 meam
3128 3095 3396 3151 miserunt

1821 3194 2022 3238 sortem
2051 3187 2071 3217 ⁸
2102 3222 2120 3239 .
2157 3184 2225 3239 Ει
2250 3185 2502 3241 sedentes
2517 3185 2807 3240 servabant
2834 3199 2982 3240 eum.
3010 3183 3347 3257 [cccxxxv,l.
3372 3185 3395 3260 ]

1822 3274 1890 3330 Et
1918 3276 2297 3347 imposuerunt
2339 3292 2505 3347 super
2561 3285 2724 3347 caput
2770 3276 2889 3347 ejus
2942 3277 3397 3347 causanripsius

1824 3368 2084 3437 scriptam
2120 3386 2134 3423 :
2168 3368 2269 3423 llic
2297 3377 2385 3424 est
2415 3368 2574 3424 .lestts
2609 3383 2702 3423 rex
2739 3368 3073 3424 .ludteorum.
3115 3365 3398 3439 [coenam

1827 3457 1908 3530 1.]
1960 3459 2116 3515 Tunc
2168 3461 2420 3516 crucilixi
2446 3468 2573 3515 sunt
2629 3474 2753 3515 cum
2834 3474 2902 3515 eo
2970 3458 3081 3515 duo
3130 3460 3394 3518 latrones.

1825 3566 1971 3607 unus
1991 3568 2021 3605 a
2052 3552 2282 3620 dextris,
2311 3563 2368 3607 et
2406 3566 2545 3607 unus
2576 3567 2607 3606 a
2655 3551 2914 3611 sinistris.
2951 3548 3275 3621 lacerum.
3304 3550 3393 3619 6.]

1820 3644 2225 3711 ,Przctereuntes
2253 3653 2435 3699 autem
2463 3643 2915 3713 blasphemabant
2936 3658 3061 3698 eum
3102 3653 3389 3696 moventes

1825 3736 2005 3805 capita
2021 3750 2142 3801 sua,
2169 3743 2224 3790 et
2243 3735 2520 3792 dicentes:
2544 3734 2658 3790 Vah
2687 3735 2701 3787 ι
2725 3732 2819 3803 qui
2842 3731 3075 3787 destruis
3100 3731 3389 3799 templum.

1826 3836 1883 3883 et
1916 3831 1969 3882 in
2012 3827 2193 3883 triduo
2215 3826 2349 3882 illud
2372 3826 2674 3882 ’remdilicas
2702 3824 2890 3881 :salva
2916 3821 3265 3891 temetipsum
3295 3838 3310 3874 :
3344 3824 3390 3874 si

1827 3918 1998 3974 Filius
2028 3917 2123 3973 Dei
2172 3933 2256 3984 es,
2291 3916 2559 3972 descende
2586 3916 2654 3970 de
2704 3927 2888 3970 cruce.
2926 3912 3275 3987 [cccxxxvttn
3303 3912 3391 3985 2.]

1829 4012 2093 4068 Similiter
2122 4023 2171 4068 et
2226 4011 2503 4082 principes
2528 4009 2876 4065 sacerdotum
2947 4007 3242 4063 illudeutes
3263 4020 3397 4061 cunt

1829 4104 2038 4160 Scribis
2056 4113 2112 4161 et
2140 4103 2455 4162 senioribus
2504 4100 2983 4159 dicebant:Alios
3034 4100 3215 4155 salvos
3243 4100 3395 4164 fecit,

1830 4200 2069 4269 scipsum
2083 4212 2190 4253 non
2213 4206 2396 4269 potest
2417 4196 2627 4251 salvum
2654 4194 2831 4249 facere
2856 4210 2870 4249 :
2895 4193 2940 4249 si
2973 4208 3067 4248 rex
3095 4192 3258 4247 lsrael
3277 4204 3384 4259 est,

1830 4288 2127 4345 descendat
2162 4304 2310 4343 nunc
2336 4289 2404 4342 de
2441 4300 2625 4353 cruce,
2658 4295 2715 4342 et
2738 4282 3018 4340 credimus
3058 4282 3140 4349 ei;
3165 4283 3393 4337 confidit

1830 4382 1885 4435 in
1918 4380 2028 4435 Deo
2053 4395 2069 4433 :
2092 4380 2282 4435 liberet
2315 4393 2479 4444 nunc,
2502 4375 3191 4449 si,vult,eum;dixitenitn
3219 4374 3390 4440 :Quia

1831 4472 1998 4529 Filius
2020 4472 2115 4527 Dei
2138 4487 2277 4527 sum.
2317 4469 2709 4544 [cccxxxtx,9..]
2749 4470 2988 4540 ldipsum
3014 4477 3195 4523 autem
3218 4479 3277 4521 et
3310 4469 3391 4520 la-

1833 4575 2040 4628 trones,
2057 4564 2149 4633 qui
2168 4564 2410 4619 cruciﬁxi
2428 4570 2727 4632 erantcum
2750 4579 2839 4625 eo,
2865 4563 2933 4616 im
2942 4564 3303 4632 properabant
3319 4560 3392 4615 ei.

1903 4654 2106 4728 [cccxr.,
2142 4654 2226 4728 2.]
2254 4658 2297 4709 Δ
2347 4663 2501 4710 sexta
2543 4663 2725 4709 autem
2777 4653 2914 4709 hora
2953 4652 3193 4709 tenebrat
3243 4652 3397 4705 facta:

1831 4756 1958 4802 sunt
1994 4763 2162 4817 super
2197 4747 2507 4802 universam
2544 4754 2744 4802 terram
2779 4761 2952 4815 usque
2982 4744 3049 4827 ad
3073 4747 3264 4799 horam
3301 4759 3403 4805 no-

1830 4855 1979 4894 nam.
2008 4839 2235 4912 [cccxu,
2268 4840 2349 4912 6.]
2378 4840 2443 4894 Et
2472 4838 2617 4895 circa
2666 4840 2852 4893 horam
2905 4852 3102 4891 nonam
3143 4838 3399 4892 clamavit

1830 4930 1991 4986 Jesus
2013 4948 2142 4987 voce
2163 4948 2356 5002 magna
2377 4972 2391 4998 ,
2417 4933 2642 4988 dicens:
2677 4932 2784 4995 Eli,
2808 4931 2913 4997 Eli,
2932 4932 3125 4985 latnma
3152 4932 3401 4986 sabacm-

1836 5026 1893 5078 ni
1918 5025 1938 5055 ⁵
1978 5025 2000 5077 ?
2024 5025 2127 5079 hoc
2145 5034 2260 5079 est:
2288 5026 2430 5079 Deus
2446 5039 2618 5089 meus,
2645 5023 2787 5079 Deus
2817 5039 2988 5088 meus,
3016 5033 3075 5078 ut
3094 5025 3222 5094 quid
3245 5026 3400 5077 dere-

1833 5117 2037 5188 liquisti
2065 5120 2185 5173 me?
2205 5119 2432 5183 Quidam
2462 5129 2643 5173 autem
2668 5118 2783 5173 illic
2812 5120 3411 5186 stantes,etaudientes

1833 5209 2107 5264 dicebant:
2133 5209 2308 5263 Etiam
2334 5220 2488 5265 vocat
2522 5210 2642 5265 iste.
2664 5209 2914 5282 [ccchtl,
2938 5210 3016 5285 2.]
3053 5212 3119 5266 Et
3138 5211 3407 5268 continuo

1830 5346 2049 5425 demum
2078 5355 2135 5401 et
2162 5361 2189 5398 a
2212 5345 2586 5416 Complutensi
2624 5323 2870 5404 editione
2896 5363 2960 5404 ac
3024 5346 3274 5403 versione
3300 5346 3407 5418 Sy-

1832 5430 1999 5469 “303.

1904 5484 1925 5515 ³
1954 5499 2057 5554 qua
2100 5484 2167 5538 de
2194 5500 2252 5540 re
2276 5485 2423 5542 adito
2452 5484 2686 5543 Criticos
2716 5503 2920 5544 sacros.

1829 5553 2051 5629 addunt
2076 5553 2291 5625 R--gtuae
2324 5558 2500 5629 missa
2522 5556 2618 5610 Dei
2651 5574 2869 5629 nomen,
2920 5557 3059 5629 quod
3112 5566 3309 5629 tamen
3338 5576 3373 5615 ει

1830 5626 2022 5678 Gra-eo
2062 5632 2376 5693 archetypo,
2435 5627 2666 5695 aliisque
2713 5627 2869 5682 libris
2930 5626 3155 5695 {ulgatis
3217 5632 3401 5685 abest.

1900 5694 1921 5722 ⁸
1945 5695 2003 5815 lla
2040 5690 2313 5773 vetuste—ri
2346 5690 2718 5765 Reginae—cod.
2745 5704 2903 5763 paulo
2934 5690 3268 5767 boriuplius,
3308 5702 3413 5760 Lb

1900 5782 1915 5815 ι
1994 5775 2198 5815 autaut.

1832 5782 1915 5818 ma
1949 5766 2198 5834 Zaptani.
