3920 6180
282 337 384 405 621

286 540 388 593 dit.
418 538 488 593 Et
515 538 665 593 aliud
683 539 887 591 cec'dit
911 538 965 591 in
997 547 1198 593 terram
1217 539 1414 594 bonam
1437 557 1453 595 :
1477 550 1533 595 et
1553 542 1720 597 dabat
1737 542 1855 597 fru-

281 640 435 686 ctum
482 630 897 695 ascendentem,
946 640 1029 707 et‘
1057 641 1399 686 crescentem
1438 647 1454 685 :
1509 641 1567 687 et
1597 634 1858 688 alerebat

280 737 459 778 unum
486 724 726 791 triginta,
766 739 935 777 unum
970 727 1275 794 sexaginta,
1307 736 1365 782 et
1393 743 1565 781 unum
1610 735 1854 782 centum.

283 814 350 867 Et
369 812 593 867 dicebat
623 829 640 868 :
675 812 778 879 Qui
818 814 980 868 habet
1008 831 1172 870 aures
1198 817 1489 882 audiendi,
1543 819 1750 872 audiat.
1794 820 1858 873 Et

279 918 411 957 cum
438 914 586 958 esset
614 903 929 972 singularis,
965 905 1452 975 interrogaverunt
1482 921 1610 961 eum
1643 908 1723 971 bi,
1759 908 1855 977 qui

276 1011 406 1051 cum
446 1010 513 1049 eo
538 1005 697 1049 erant
742 994 1054 1055 duodecim.
1085 999 1398 1065 parabolam
1444 998 1564 1069 [ΑΙ.
1618 1000 1853 1070 parabo-

285 1086 410 1157 las].
453 1086 517 1139 Et
548 1087 767 1140 dicebat
797 1087 879 1141 eis
908 1102 928 1141 :
958 1087 1125 1142 Vobis
1145 1088 1332 1142 datum
1373 1101 1461 1144 est
1486 1106 1648 1145 nosse
1684 1092 1701 1123 ¹
1736 1107 1856 1160 my.

278 1178 516 1231 sterium
554 1177 811 1245 reguiDei
837 1176 1101 1249 :[xxxm,
1134 1177 1211 1247 LI
1243 1179 1349 1231 illis
1364 1190 1572 1244 autem,
1600 1181 1692 1248 qui
1724 1181 1854 1236 loris

284 1275 438 1333 sn_nt,
471 1268 525 1322 in
547 1268 824 1335 parabolis
852 1268 1035 1321 omnia
1064 1268 1220 1329 linat,
1248 1276 1303 1320 ut
1334 1269 1582 1323 videntes
1610 1271 1851 1336 videant,

274 1365 471 1409 etnon
510 1356 757 1416 videant,
780 1364 839 1407 et
856 1356 1143 1409 audientes
1170 1357 1397 1408 audiant
1425 1368 1483 1411 et
1512 1374 1620 1411 non
1652 1360 1853 1413 intelli-

283 1457 415 1515 gant
443 1461 460 1499 :
492 1446 783 1511 nequando
813 1456 1222 1511 etnivertantur,
1279 1458 1339 1500 et
1382 1447 1737 1501 dimittantur
1773 1448 1855 1501 eis

277 1547 526 1605 peccata.
569 1534 634 1588 Et
656 1539 733 1588 ait
760 1536 871 1590 illis
904 1550 924 1593 :
961 1536 1197 1590 Nescitis
1227 1538 1535 1606 parabolam
1570 1538 1711 1592 hanc
1747 1538 1854 1592 tet

278 1631 557 1697 quomodo
583 1628 1071 1695 omnesparabolas
1098 1630 1470 1698 cognoscetis?
1495 1629 1744 1701 lxxxviii,
1767 1629 1849 1701 2.]

282 1718 385 1781 Qui
411 1718 671 1782 seminat,
709 1718 932 1774 verbum
965 1720 1224 1774 seminat.
1257 1718 1321 1773 Hi
1350 1734 1533 1775 autem
1571 1735 1724 1785 sunt,
1755 1723 1849 1792 qui

1365 343 1877 407 EVANGELIUM
1919 347 2071 409 SEC.
2121 346 2474 407 MARCUS}.

282 452 476 519 spinae,
508 454 564 503 et
593 447 1007 504 stiﬂocavernnt
1043 448 1201 516 illud,
1229 460 1285 507 et
1341 452 1585 509 fructum
1620 469 1731 509 non
1762 456 1852 510 de-
1880 457 2284 527 Aloqnebatar
2346 455 2427 509 eis
2481 471 2494 509 :

2561 452 2765 525 [XLVI,
2832 452 2959 523 l0]
3036 468 3277 504 seorsum
3337 465 3518 508 autem

1957 547 2241 618 discipulis
2285 547 2401 602 suis
2448 545 2755 600 disserebat
2800 547 3005 598 omnia.
3069 541 3258 615 [\Lth,
3309 542 3392 616 2]
3454 546 3522 601 Et

1958 638 2034 689 ait
2056 636 2171 689 illis
2217 635 2270 688 in
2299 635 2390 688 illa
2419 633 2663 699 die,cum
2697 646 2823 686 sero
2850 641 2995 685 esset
3023 630 3224 683 factum
3264 645 3281 683 :
3312 628 3521 684 Trans-

1956 740 2147 780 eamus
2162 734 2373 780 contra.
2392 724 2463 778 Et
2477 724 2819 779 dimittentes
2836 725 3071 787 turbam,
3090 734 3376 777 assumunt
3395 739 3521 777 eum

1958 814 2032 867 ita
2065 824 2123 867 ut
2147 826 2265 868 erat
2286 815 2339 867 in
2364 813 2511 877 navi,
2541 823 2598 867 et
2623 802 2745 866 alia
2774 828 2953 867 naves
2986 822 3290 865 erantcum
3318 812 3431 865 illo.
3456 813 3524 865 Et

1956 903 2094 957 facta
2126 915 2210 957 est
2243 903 2480 971 procella
2519 919 2710 970 magna
2746 892 2916 963 venti,
2943 911 2998 954 et
3034 901 3233 955 ﬂuctus
3271 901 3523 955 mittebat

1954 994 2010 1044 iit
2060 994 2261 1055 navim,
2294 993 2442 1047 itaut
2476 984 3010 1060 impleretur’navis.
3052 991 3255 1044 Eterat
3286 989 3405 1057 ipse
3464 994 3518 1041 in

1958 1084 2123 1150 puppi
2157 1098 2320 1149 super
2350 1082 2581 1136 cervical
2606 1076 2924 1141 dormiens:
2954 1064 3523 1143 et‘excitantcummt

1955 1174 2036 1226 dit
2051 1184 2145 1225 unt
2180 1173 2250 1225 illi
2289 1190 2303 1226 :
2335 1175 2608 1242 Magister,
2640 1189 2745 1226 non
2778 1163 2844 1226 ad
2876 1156 2929 1226 te
2966 1162 3227 1245 pertinet,
3250 1174 3372 1241 quia
3402 1186 3525 1240 pcr-

1957 1262 2100 1316 imus
2147 1264 2172 1315 ?
2218 1263 2283 1315 Et
2330 1279 2631 1333 exsurgens
2688 1266 3052 1318 comminatus
3110 1274 3193 1316 est
3222 1272 3426 1327 vento,
3466 1273 3523 1315 et

1955 1355 2093 1406 άιλὶι
2111 1356 2244 1407 mari
2265 1371 2279 1406 :
2302 1354 2467 1418 Tace,
2487 1356 2834 1409 obmutesce.
2862 1356 2924 1408 Et
2940 1354 3175 1408 cessavit
3203 1364 3392 1407 ventus
3424 1371 3436 1406 :
3464 1364 3523 1407 et

1957 1443 2099 1497 facta
2119 1445 2595 1513 esttrauquillitas
2614 1462 2825 1513 magna.
2848 1444 3001 1498 Etait
3026 1445 3130 1498 illis
3150 1460 3169 1500 ξ
3187 1444 3326 1510 Quid
3347 1444 3519 1497 timidi

1952 1535 2126 1589 estis?
2161 1536 2393 1589 necdum
2440 1536 2654 1591 habetis
2679 1535 3288 1590 ﬁdemtEttimuerunt
3323 1536 3519 1590 timore

1957 1641 2155 1696 magno
2177 1641 2230 1681 ei
2256 1627 2513 1683 dici-bant
2542 1629 2607 1681 ad
2641 1628 2967 1683 alterutrum
2996 1644 3012 1679 :
3036 1627 3196 1693 Quis,
3232 1638 3413 1697 putas,
3435 1640 3521 1684 est
3572 1627 3593 1684 ἰ

1957 1721 2060 1773 iste
2095 1720 2221 1788 quia
2247 1728 2304 1773 et
2337 1730 2534 1773 ventus
2563 1728 2619 1773 et
2657 1734 2807 1772 mare
2839 1718 3105 1773 obediunt
3128 1720 3179 1772 ei
3208 1719 3231 1771 ?

273 1807 428 1861 circa
453 1809 617 1874 viam,
654 1808 747 1862 ubi
780 1810 1079 1863 seminatur
1108 1810 1358 1876 verbum,
1386 1821 1443 1865 et
1486 1826 1611 1864 cum
1647 1811 1843 1866 audieo
1874 1823 1917 1876 Β
2010 1808 2169 1881 [ϐαρ.
2207 1807 2297 1879 V.]
2328 1807 2392 1863 Et
2419 1818 2690 1863 venerunt
2720 1817 2874 1861 trans
2906 1807 3102 1860 fretum
3138 1810 3304 1862 maris
3339 1809 3393 1861 in
3430 1826 3517 1862 re-

276 1896 413 1962 rint,
439 1900 728 1952 confestim
758 1900 905 1955 venit
964 1900 1212 1963 Satanas,
1244 1913 1301 1956 et
1356 1902 1535 1956 aufert
1584 1904 1839 1967 verbum,
1952 1904 2166 1969 giunem
2192 1900 2613 1956 Gerasenorum.
2637 1899 2705 1953 Et
2727 1898 2947 1954 exeunti
2977 1899 3028 1953 ei
3060 1898 3128 1953 de
3154 1900 3302 1962 navi,
3332 1902 3517 1955 statim

272 1991 425 2059 quod
461 1992 787 2045 seminatum
836 2000 930 2045 est
960 1992 1015 2046 in
1068 1994 1332 2047 cordibus
1389 2007 1601 2047 eorum.
1669 1994 1734 2047 Et
1789 1992 1851 2048 hi
1949 1991 2192 2046 occurrit
2223 1993 2287 2043 de
2321 1993 2685 2044 monumentis
2708 1991 2871 2044 homo
2896 1991 2949 2043 in
2980 1992 3176 2061 spiritu
3206 1991 3514 2052 immundo.

271 2092 410 2137 sunt
433 2084 712 2148 similiter,
744 2084 837 2153 qui
877 2100 1047 2153 super
1073 2095 1290 2154 petrosa
1325 2086 1669 2140 seminantur
1708 2104 1726 2141 ε
1753 2085 1875 2156 (ιιιιί
1948 2082 2039 2151 qui
2069 2082 2405 2135 domicilium
2446 2079 2677 2135 habebat
2704 2082 2757 2134 in
2792 2084 3181 2149 monumentis,
3248 2094 3305 2140 et
3337 2101 3515 2157 neque

272 2177 693 2230 cumandierint
737 2177 982 2241 verbum,
1049 2178 1233 2232 statim
1294 2193 1417 2232 cum
1476 2178 1679 2247 gaudio
1706 2181 1851 2233 acci-
1944 2172 2158 2227 catenis
2181 2173 2290 2241 jam
2319 2172 2605 2243 quisquam
2637 2183 2849 2242 poterat
2872 2175 3225 2244 eumligare:
3257 2177 3514 2245 quoniam

274 2268 444 2337 piunt
474 2267 608 2321 illud
633 2285 648 2322 ;
676 2276 732 2321 et
760 2282 866 2321 non
887 2268 1087 2321 habent
1108 2268 1346 2323 radicem
1373 2271 1424 2321 in
1457 2284 1540 2335 se,
1586 2270 1680 2323 sed
1713 2280 1849 2324 tem-

281 2360 499 2428 porales
543 2369 674 2413 sunt
700 2377 717 2413 :
746 2359 945 2413 deinde
998 2371 1117 2413 orta
1147 2361 1501 2423 tribulatione
1562 2370 1619 2415 et
1658 2376 1849 2426 perse-

273 2452 503 2505 cutione
534 2462 751 2520 propter
775 2451 1029 2513 verbum,
1062 2452 1358 2505 confestim
1379 2452 1843 2507 scandalizentur.

278 2540 349 2603 Et
377 2541 470 2594 alii
494 2549 626 2596 sunt
658 2541 751 2609 qui
780 2541 839 2594 in
868 2542 1043 2610 spinis
1075 2543 1415 2595 seminantur
1455 2558 1471 2598 :
1512 2543 1571 2596 hi
1601 2554 1728 2597 sunt
1751 2546 1844 2613 qui

278 2633 511 2687 verbum
554 2632 810 2697 audiunt,
840 2643 905 2687 et
956 2648 1216 2686 aerumnae
1250 2635 1457 2693 saeculi,
1508 2645 1565 2688 et
1599 2634 1846 2702 deceptio

281 2726 619 2790 divitiarum,
650 2734 709 2781 et
734 2726 881 2781 circa
912 2727 1119 2795 reliqua
1165 2726 1625 2795 concupiscentia
1673 2726 1847 2779 intro-

273 2830 477 2875 cnntes
505 2818 775 2874 sull‘ocant
801 2818 1048 2877 verbum.
1078 2827 1127 2871 et
1177 2818 1298 2871 sine
1364 2818 1543 2871 tinctu
1588 2816 1839 2872 eﬁcitur.

281 2908 419 2963 Ethi
444 2918 599 2975 sunt,
624 2913 717 2977 qui
751 2921 916 2977 super
950 2917 1151 2961 terram
1178 2908 1376 2961 bonant
1409 2910 1662 2961 scminati
1694 2916 1843 2973 sunt,

280 3003 374 3071 qui
401 2999 634 3055 audiunt
670 3000 923 3061 verbum,
955 3008 1014 3053 et
1046 3000 1359 3068 suscipiunt
1385 3010 1440 3053 et
1487 2999 1840 3065 lrnctitiraut,

278 3109 449 3148 unum
472 3093 715 3161 triginta,
752 3106 918 3145 unum
970 3091 1271 3160 sexaginta.
1307 3099 1365 3145 et
1394 3107 1565 3144 unum
1598 3102 1839 3146 centum.

1947 2279 2090 2332 saepe
2123 2266 2483 2334 compedibus
2510 2275 2567 2320 et
2593 2266 2805 2319 catenis
2837 2266 3070 2331 vinctus,
3100 2268 3399 2336 dirupissct
3422 2288 3518 2325 ca-

1950 2364 2121 2417 tenas,
2160 2369 2216 2409 et
2247 2357 2536 2424 compedes
2564 2358 2996 2426 comminuisset,
3026 2369 3079 2414 et
3111 2378 3269 2417 nemo
3303 2371 3517 2431 potetat

1944 2462 2074 2500 cum
2104 2447 2345 2505 domare.
2376 2447 2443 2501 Et
2474 2462 2691 2516 semper
2729 2448 2817 2503 die
2837 2463 2901 2502 ac
2925 2460 3082 2504 nocte
3110 2450 3163 2504 in
3191 2468 3519 2508 munumen-

1951 2541 2019 2591 tis
2056 2539 2191 2593 etin
2223 2539 2499 2594 montibus
2526 2550 2665 2601 erat.
2694 2541 2966 2604 clamans.
3004 2554 3059 2597 et
3091 2543 3395 2600 concidens
3456 2562 3517 2599 se

1948 2632 2240 2699 lapidibus.
2281 2630 2481 2686 Videns
2505 2644 2686 2687 autem
2711 2634 2894 2689 Jesum
2926 2635 3157 2701 alonge,
3188 2639 3434 2693 cucurrit
3454 2650 3514 2693 ct

1949 2722 2196 2773 adoravit
2222 2737 2375 2773 eunt:
2404 2728 2460 2773 et
2498 2721 2736 2775 clamans
2770 2736 2899 2775 voce
2950 2737 3141 2791 magna
3169 2725 3309 2777 dixit
3333 2743 3348 2783 ;
3374 2727 3512 2791 Quid

1948 2812 2189 2873 milii,-et
2210 2813 2327 2867 tibi.
2348 2811 2502 2875 Jcsu,
2553 2811 2658 2867 Fili
2697 2814 2786 2867 Dei
2840 2814 3089 2870 altissimi
3117 2816 3175 2869 ’Υ
3203 2817 3399 2889 adiuro
3460 2829 3514 2873 te

1948 2916 2046 2971 per
2073 2900 2262 2965 Deum,
2286 2898 2357 2955 ite
2380 2918 2464 2956 me
2502 2913 2777 2972 torqueas.
2815 2904 3038 2959 Dicebat
3068 2907 3211 2961 enim
3247 2907 3321 2961 illi
3345 2926 3361 2965 :
3386 2908 3511 2974 Exi,

1950 2994 2171 3060 spiritus
2194 2993 2492 3059 immunde,
2517 2994 2584 3047 ab
2606 2994 2846 3048 homine.
2878 2994 3329 3069 Etinterrogabat
3359 3016 3510 3056 eum:

1949 3083 2101 3148 Quod
2134 3084 2228 3136 tibi
2248 3098 2444 3137 nomen
2469 3083 2589 3137 est?
2608 3084 2676 3137 Et
2696 3083 2827 3136 dicit
2852 3084 2901 3135 ei
2926 3103 2939 3139 :
2968 3087 3129 3155 Legio
3151 3089 3284 3143 mihi
3315 3108 3513 3147 nomen

276 3156 586 3253 {xxxxx.2.']
604 3181 669 3234 Et
688 3180 1060 3236 dieebatillis:
1081 3156 1330 3250 l‘iunqnid
1356 3166 1763 3242 vcnitlucerna,
1789 3192 1847 3235 ut
1876 3156 1917 3211 ο
1944 3177 1997 3227 ei
2028 3180 2261 3241 εδιτίιυὶι
2291 3176 2445 3228 "tum
2475 3191 2683 3229 sumus.
2712 3177 2778 3230 Et
2809 3180 3201 3246 deprcCubatur
3218 3198 3349 3236 eum
3368 3186 3514 3238 mul-

276 3275 385 3329 sub
419 3273 603 3327 modio
620 3280 876 3341 ponatur,
916 3279 1015 3324 aut
1048 3271 1355 3325 subiecto?
1388 3287 1567 3325 nonne
1592 3283 1650 3325 ut
1678 3287 1844 3341 super

278 3364 665 3423 candelabrum
684 3361 960 3431 ponatur?
989 3359 1102 3431 [ιι.
1120 3359 1202 3431 2.]
1224 3360 1338 3414 Non
1359 3371 1441 3415 est
1466 3363 1609 3414 enim
1628 3361 1836 3431 aliquid

276 3456 685 3519 absconditum,
702 3452 845 3523 quod
867 3468 973 3506 non
998 3450 1372 3505 intuifestetur
1392 3467 1519 3506 :ncc
1532 3450 1739 3507 factum
1758 3462 1843 3509 est

282 3550 577 3607 occultant,
599 3545 695 3598 sed
718 3555 776 3599 nl.
804 3545 853 3597 in
875 3541 1054 3611 palam
1073 3541 1279 3596 veniat.
1306 3541 1366 3596 Si
1400 3546 1522 3610 quis
1556 3542 1720 3596 habet
1739 3559 1837 3595 au-

277 3637 655 3700 resaudiendi,
674 3634 1029 3705 audiat.[xsi,
1055 3632 1136 3704 2.]
1157 3633 1447 3687 Etdicebat
1465 3634 1572 3688 illis
1602 3650 1620 3689 :
1651 3634 1841 3689 Videte

282 3734 407 3801 quid
423 3732 679 3784 audiatis.
700 3729 757 3782 lu
777 3743 883 3798 qua
918 3740 1175 3780 mensura
1197 3727 1370 3779 mensi
1388 3727 1413 3779 ῐ
1420 3727 1635 3793 ueritis,
1663 3742 1839 3782 reme-

279 3826 441 3877 tietur
456 3825 629 3886 vobis,
647 3832 701 3875 et
714 3820 1001 3889 adjicietur
1018 3818 1192 3873 vobis.
1210 3816 1361 3889 [XLII,
1374 3817 1425 3869 2.
1436 3816 1454 3887 J
1468 3818 1570 3883 Qui
1585 3818 1729 3872 enim
1748 3820 1842 3873 ha-

283 3922 370 3969 bet
397 3915 616 3968 dabitur
651 3912 733 3966 illi
762 3928 781 3963 :
808 3920 863 3966 et
888 3912 981 3980 qui
1013 3926 1120 3963 non
1156 3910 1337 3973 habet,
1373 3910 1535 3962 etiam
1562 3910 1706 3978 quod
1740 3910 1838 3963 ha-

280 4011 386 4073 bet,
414 4007 693 4061 auleretur
725 4004 915 4086 ab'eo.
974 4000 1152 4074 [ωιι,
1183 4000 1293 4072 10.]
1356 4000 1420 4055 Et
1451 4004 1664 4058 dicebat
1700 4018 1718 4059 :
1746 4003 1838 4059 Sic

274 4110 360 4154 est
380 4114 600 4169 regnum
633 4097 748 4158 Dei,
774 4094 1236 4163 quemadmodum
1261 4094 1306 4147 si
1364 4095 1527 4149 homo
1551 4095 1722 4165 jaciat
1744 4110 1834 4149 se-

281 4209 399 4247 mea
422 4170 427 4173 δ
450 4193 504 4246 in
564 4200 788 4252 terrain,
824 4196 879 4241 et
913 4185 1175 4250 dormiat,
1214 4195 1271 4238 et
1296 4195 1557 4259 exsurgat
1591 4195 1749 4241 nocte
1780 4199 1835 4241 et

277 4287 381 4350 die,
414 4294 472 4338 et
504 4297 694 4337 semen
734 4281 1024 4347 germinet,
1077 4287 1137 4334 et
1170 4279 1465 4343 increscat,
1499 4278 1627 4332 dum
1666 4279 1837 4334 nescit

277 4380 383 4430 ille.
418 4376 574 4432 Ultro
604 4374 748 4427 enim
775 4383 920 4426 terra
956 4370 1266 4435 lructillcat,
1301 4370 1541 4440 primum
1582 4370 1833 4434 herbam,

274 4468 470 4524 deinde
499 4455 727 4535 spicam;
753 4464 950 4523 deinde
980 4463 1202 4531 plenum
1220 4461 1559 4515 frumentum
1580 4461 1634 4514 iii
1659 4464 1830 4531 spica.
1867 4490 1915 4551 η

277 4563 337 4615 Et
364 4577 488 4615 cunt
516 4558 832 4628 produxerit
859 4559 879 4588 ³
936 4556 1168 4622 fructus,
1197 4558 1379 4628 statim
1417 4555 1587 4609 mittit
1617 4554 1833 4615 falcem,

272 4626 529 4721 quon‘ani
551 4656 705 4705 adest
725 4647 939 4702 messis.
986 4646 1160 4718 [ιιιν.
1201 4644 1282 4717 2.]
1310 4626 1380 4699 Εἰ
1404 4646 1619 4699 dicebat
1664 4662 1680 4701 :
1730 4642 1831 4698 Cui

273 4745 693 4803 assimilabitnus
714 4755 945 4809 regnum
979 4740 1071 4793 Dei
1098 4738 1239 4793 ?aut
1267 4739 1353 4793 cui
1382 4739 1657 4807 parabolae
1684 4752 1835 4789 coui-

274 4839 583 4907 parabimus
606 4834 741 4889 illud
767 4833 790 4886 ἲ
820 4833 976 4888 Sicut
1002 4846 1236 4899 granum
1269 4832 1501 4902 sinapis,
1522 4830 1671 4899 quod
1706 4844 1831 4885 cum

270 4933 594 4983 seminatum
626 4925 787 4979 fuerit
813 4924 868 4976 in
904 4931 1072 4985 terra,
1106 4921 1287 4973 minus
1315 4930 1401 4974 est
1453 4921 1717 4974 omnibus
1744 4934 1833 4974 se-

272 5023 528 5078 minibus.
560 5032 680 5085 qua:
705 5015 916 5070 suntin
970 5025 1118 5070 terra
1154 5028 1168 5065 ;
1201 5022 1259 5067 et
1313 5027 1439 5066 cum
1499 5014 1829 5067 seminatum

271 5114 450 5177 tuerit,
482 5110 750 5171 ascendit,
782 5119 838 5164 et
871 5108 932 5161 lit
966 5108 1141 5177 majus
1187 5106 1442 5160 omnibus
1472 5106 1739 5170 oleribus,
1775 5116 1831 5161 et

269 5205 399 5257 facit
426 5217 603 5258 ramos
646 5215 891 5268 magnos,
942 5202 1012 5253 ita
1072 5209 1131 5253 ut
1189 5198 1401 5267 possint
1462 5199 1563 5251 sub
1634 5199 1828 5251 umbra

268 5297 387 5361 ejus
422 5310 550 5347 aves
575 5293 699 5347 cmli
733 5290 1001 5344 habitare.
1050 5288 1203 5361 μιν,
1236 5285 1315 5359 6.]
1353 5286 1417 5341 Ει
1450 5287 1650 5340 talibus
1689 5288 1831 5340 ntul-

272 5388 344 5437 tis
392 5384 662 5449 parabolis
742 5382 1068 5449 loquebatur
1136 5378 1217 5432 eis
1282 5378 1507 5431 verbum
1578 5417 1593 5437 ,
1667 5387 1827 5446 prout

270 5487 519 5545 poterant
594 5474 791 5528 audire
855 5491 870 5527 :
934 5471 1061 5525 Sine
1137 5470 1396 5538 parabola
1476 5481 1654 5522 autem
1717 5485 1825 5522 non

345 5615 360 5644 ¹
391 5614 605 5679 Reginae
639 5628 768 5667 mss.
808 5614 956 5676 scire,
986 5627 1084 5679 pro
1118 5627 1291 5664 nosse.

347 5631 360 5644 ·
392 5631 461 5665 ne
503 5631 605 5667 inae
639 5631 768 5667 mss.
808 5631 956 5676 scire,
986 5631 1084 5679 pro
1118 5631 1291 5664 nosse.

342 5688 361 5715 ¹
393 5685 443 5735 ln
468 5631 685 5751 ftegner
717 5700 847 5735 mss.
893 5682 955 5734 Et
988 5698 1105 5733 cum
1133 5701 1183 5734 se
1211 5679 1533 5751 produserit,
1564 5689 1668 5733 eze.
1696 5693 1820 5731 cum

266 5750 589 5807 LotatttrttSi
650 5754 905 5807 Edttione
965 5763 1128 5819 atque
1184 5753 1331 5804 aliis:
1384 5750 1593 5802 Sixdna
1637 5751 1819 5803 Edita

1944 3275 2082 3333 tim,
2118 3282 2189 3319 ne
2220 3282 2278 3319 se
2317 3267 2787 3335 expelleretextra
2816 3270 3119 3338 regionem.
3160 3273 3288 3328 Erat
3326 3286 3508 3330 autem

1944 3360 2018 3411 ibi
2052 3360 2197 3412 circa
2233 3370 2472 3412 montem
2504 3374 2629 3427 grex
2658 3375 2948 3429 porcorum
2977 3379 3226 3435 magnus,
3260 3384 3511 3436 pascens.

1944 3450 2010 3505 Et
2032 3452 2469 3523 deprecabantur
2492 3470 2617 3509 eum
2645 3456 2886 3523 spiritus,
2918 3456 3164 3512 dicentes
3187 3475 3203 3514 :
3232 3460 3387 3516 Mitte
3412 3478 3513 3518 nos

1944 3546 1996 3599 in
2031 3561 2249 3615 porcos,
2288 3556 2346 3601 ut
2396 3549 2458 3601 in
2489 3562 2582 3601 eos
2612 3548 2967 3604 introeainns.
2992 3550 3065 3605 Et
3093 3553 3373 3606 concessit
3429 3556 3513 3609 eis

1941 3638 2122 3691 statim
2152 3636 2330 3692 Iesus.
2367 3637 2435 3691 Et
2483 3649 2748 3693 exeuntes
2802 3640 3030 3707 spiritus
3092 3644 3358 3697 immundi
3420 3646 3510 3699 itt-

1943 3730 2210 3785 troierunt
2238 3730 2291 3784 in
2329 3746 2563 3800 porcos:
2590 3740 2646 3786 et
2680 3746 2873 3802 magno
2900 3731 3109 3801 impetu
3144 3749 3273 3802 grex
3307 3737 3501 3805 praeci-

1941 3825 2146 3894 pitatus
2180 3835 2263 3878 est
2298 3825 2352 3878 in
2384 3839 2533 3878 mare
2554 3823 2619 3876 ad
2642 3823 2750 3877 duo
2787 3824 2978 3889 millia,
3007 3835 3064 3879 et
3089 3825 3341 3884 sun‘ocati
3374 3842 3506 3886 sunt

1941 3916 1995 3970 in
2023 3916 2180 3969 mari.
2218 3916 2317 3979 Qui
2372 3925 2553 3969 autem
2603 3916 2895 3985 pascebant
2942 3929 3058 3977 eos.
3116 3916 3395 3986 fugerunt.
3449 3932 3507 3977 et

1939 4009 2328 4062 nuntiaverunt
2354 4008 2406 4060 iii
2436 4008 2711 4061 civitatem
2762 4016 2818 4062 et
2865 4007 2924 4062 in
2971 4024 3149 4079 agros.
3188 4011 3255 4067 Et
3299 4017 3502 4083 egressi

1938 4112 2067 4156 sunt
2088 4101 2274 4154 videre
2304 4100 2431 4168 quid
2449 4108 2592 4155 esset
2612 4099 2809 4154 factum
2841 4097 2950 4173 [ΑΙ.
2983 4099 3131 4174 facti]
3155 4116 3168 4155 ε
3192 4113 3247 4158 et
3276 4106 3503 4159 veniunt

1939 4193 2005 4247 ad
2042 4192 2227 4247 Iesum
2258 4209 2274 4248 ς
2309 4201 2367 4247 et
2397 4193 2583 4247 vident
2622 4194 2794 4254 illum,
2833 4195 2929 4263 qui
2976 4211 3003 4245 a
3034 4196 3306 4249 daemonio
3336 4212 3499 4251 vexa-

1938 4282 2115 4348 batur,
2143 4285 2447 4354 sedentem,
2499 4283 2775 4344 vestitum,
2816 4293 2871 4337 et
2917 4299 3063 4339 sanie
3098 4286 3314 4350 mentis,
3340 4296 3395 4340 ct
3428 4286 3501 4339 ti-

1920 4372 2218 4430 muerunt.
2258 4376 2321 4429 Et
2366 4384 2726 4429 narraverunt
2759 4373 2887 4435 illis.
2914 4376 3007 4443 qui
3036 4375 3285 4430 viderant
3316 4379 3499 4446 quali-

1943 4474 2023 4516 ter
2056 4463 2256 4517 fai-tuni
2293 4473 2438 4518 esset
2506 4465 2586 4528 ei,
2615 4465 2704 4532 qui
2756 4465 3081 4519 daemonium
3126 4465 3410 4529 habuerat,
3442 4474 3500 4522 et

1940 4554 2005 4605 de
2031 4554 2230 4620 porcis.
2265 4552 2333 4605 Et
2372 4568 2560 4622 rogare
2590 4562 2877 4622 coeperunt
2910 4568 3060 4618 cuni,
3086 4563 3145 4607 ut
3187 4554 3500 4613 discederet

1936 4646 2002 4698 de
2032 4644 2234 4698 ﬁnibus
2268 4662 2476 4699 eorum.
2521 4645 2728 4716 [vant,
2760 4646 2840 4717 8.]
2862 4644 3111 4711 Cumque
3173 4646 3498 4703 ascenderet

1935 4734 2140 4796 navim.
2162 4736 2325 4805 coepit
2344 4737 2496 4789 illum
2528 4736 2834 4804 deprecari,
2858 4738 3006 4806 quia
3035 4738 3307 4794 daemonio
3338 4752 3501 4792 vexa-

1938 4837 2025 4883 tus
2059 4828 2263 4895 fuerat,
2295 4836 2353 4883 ut
2403 4839 2546 4883 eSset
2576 4846 2699 4883 cum
2725 4828 2860 4884 illo:
2903 4839 2959 4884 et
2978 4846 3084 4883 nun
3104 4832 3323 4887 admisit
3345 4846 3494 4894 eum,

1934 4920 2028 4974 sed
2070 4922 2145 4973 ait
2178 4921 2253 4974 illi
2282 4937 2294 4973 :
2331 4920 2474 4974 Vade
2505 4921 2560 4973 in
2591 4920 2811 4975 domum
2858 4931 3002 4973 tuam
3036 4922 3101 4975 ad
3139 4932 3283 4988 tuus,
3313 4934 3367 4978 et
3400 4940 3498 4979 an-

1935 5012 2127 5064 nuntia
2146 5012 2251 5065 illis
2282 5022 2478 5079 quanta
2510 5012 2604 5066 tibi
2632 5011 2892 5065 Dominus
2919 5012 3134 5077 fecerit,
3159 5026 3212 5068 et
3237 5016 3497 5072 misertus

1932 5104 2004 5157 sit
2034 5102 2132 5158 tui.
2189 5104 2253 5157 Et
2288 5103 2443 5167 abiit,
2491 5113 2547 5158 et
2586 5104 2749 5171 creuit
2784 5100 3079 5171 prmdicare
3113 5105 3166 5159 in
3221 5106 3490 5177 Decapoli,

1933 5205 2135 5266 quanta
2175 5196 2278 5250 sibi
2310 5195 2525 5250 fecisset
2557 5194 2716 5250 .lesus
2742 5211 2758 5251 :
2788 5205 2845 5250 et
2905 5211 3097 5251 omnes
3125 5199 3490 5251 mirabantur.

1934 5291 2098 5362 [xux,
2122 5289 2161 5341 2
2190 5289 2204 5359 j
2234 5286 2300 5342 Et
2327 5303 2448 5342 cum
2477 5288 2900 5343 transcendisset
2928 5289 3088 5345 Jesus
3135 5294 3183 5342 in
3210 5291 3335 5343 navi
3372 5306 3491 5344 rur-

1931 5396 2050 5436 sum
2089 5390 2235 5433 trans
2263 5378 2480 5443 fretum,
2508 5380 2760 5433 convenit
2796 5380 2953 5433 turba
3002 5384 3166 5434 mufta
3205 5382 3270 5433 ad
3312 5396 3437 5433 eum
3470 5422 3488 5447 δ

1932 5483 1987 5528 ct
2021 5483 2139 5527 erat
2164 5477 2306 5527 circa
2345 5488 2513 5526 mare.
2552 5472 2617 5526 Et
2650 5472 2795 5526 venit
2833 5472 3051 5543 quidam
3087 5472 3152 5525 de
3177 5471 3492 5540 archisyna-

1934 5608 2052 5675 plus
2073 5610 2248 5661 adhuc
2273 5609 2454 5670 habet,
2479 5606 2608 5661 Cum
2637 5621 2700 5658 ex
2736 5622 2789 5657 ss
2811 5604 3131 5672 produxerit,
3162 5612 3272 5658 etc.
3301 5603 3490 5660 Graece

1934 5687 2138 5730 tantum
2170 5688 2273 5734 est,
2302 5679 2425 5727 ὅταν
2454 5677 2507 5727 δὲ
2539 5675 2785 5743 πιραὸᾦ.

2004 5747 2024 5777 ³
2054 5747 2113 5800 ltt
2144 5750 2343 5799 nustris
2374 5761 2503 5798 mss.
2540 5745 2631 5797 Dei
2666 5751 2874 5808 summi,
2901 5759 2997 5810 pro
3028 5744 3308 5799 Allissimi.
