3880 6168
394 340 499 402 623

1297 343 1361 404 S.
1403 340 1842 403 HlEttONYMl
1885 342 2144 404 DIVINA
2188 338 2710 401 BIBLIOTHECA.

3503 329 3607 392 δεῖ

393 455 544 524 gogis
579 453 800 508 nomine
831 452 1008 508 Jairus
1041 469 1055 507 :
1091 458 1145 505 et
1182 451 1372 507 videns
1404 467 1553 514 eum,
1600 452 1834 520 procidit
1889 451 1954 507 ad
1985 458 2031 514 Α
2059 455 2277 508 dorum.
2308 453 2371 506 Et
2400 451 2658 520 praecepit
2685 449 2765 504 eis
2798 463 2864 502 ne
2907 445 3038 516 quid
3083 444 3333 499 tollerent
3393 445 3446 497 in
3506 444 3607 505 via.

395 545 560 614 pedes
593 545 732 614 ejus,
766 554 820 599 et
849 543 1242 612 deprecabatur
1271 558 1396 597 eum
1429 543 1688 608 multum,
1716 543 1906 597 dicens
1935 559 1950 600 :

393 639 660 705 Quoniam
701 636 804 690 filia
834 651 952 689 mea
1015 634 1068 688 in
1122 635 1383 689 extremis
1408 642 1513 700 est,
1547 634 1692 702 veni,
1731 634 1950 700 impone

397 746 616 784 manum
656 744 818 797 super
843 741 985 786 eam.
1030 732 1089 778 ut
1119 725 1269 780 salva
1315 725 1386 780 sit
1429 737 1484 781 et
1523 727 1687 780 vivat.
1729 726 1795 780 Et
1820 724 1955 777 abiit

394 836 516 874 cum
548 821 660 882 illo,
701 827 753 871 et
784 816 1113 885 sequebatur
1148 831 1268 869 eum
1303 817 1461 870 turba
1499 817 1688 877 multa.
1728 825 1781 869 et
1806 829 1955 868 com-

396 910 866 978 primebantettm.
898 906 964 959 Et
996 905 1215 970 mulier,
1269 921 1388 974 qua:
1428 916 1546 959 eral.
1581 905 1634 959 in
1684 904 1956 974 profluvio

393 997 674 1066 sanguinis
692 997 849 1049 annis
871 993 1180 1056 duodecim.
1214 1007 1267 1049 et
1297 994 1475 1048 fuerat
1502 996 1670 1050 multa
1693 1011 1953 1064 perpessa

392 1105 420 1140 a
449 1086 820 1155 compluribus
851 1085 1074 1139 tnedicis
1107 1101 1121 1136 :
1158 1095 1212 1142 ct
1237 1095 1556 1153 erogaverat
1613 1087 1794 1139 omnia
1829 1101 1952 1151 sua,

393 1193 491 1231 nec
517 1176 810 1245 quidquam
842 1175 1166 1245 profecerat,
1195 1177 1288 1230 sed
1319 1178 1486 1245 magis
1513 1177 1755 1230 deterius
1787 1176 1956 1232 habe-

395 1268 484 1320 bat
506 1285 519 1321 :
542 1282 666 1321 cum
707 1269 950 1320 autlisSet.
971 1270 1038 1321 de
1066 1267 1218 1327 Jesu,
1250 1267 1400 1320 venit
1431 1268 1484 1320 in
1512 1267 1673 1320 turba
1706 1278 1876 1328 retro.
1899 1275 1956 1321 et

393 1358 571 1427 tetigit
610 1359 993 1413 vestimentum
1040 1359 1205 1426 ejus;
1241 1360 1451 1412 dicebat
1500 1359 1646 1412 enim
1702 1375 1718 1414 :
1773 1358 1954 1424 Quia',

391 1453 432 1504 si
489 1449 574 1505 vel
611 1451 993 1505 vestimentum
1027 1450 1147 1518 ejus
1184 1451 1410 1520 tetigero
1437 1489 1453 1514 ,
1515 1453 1662 1504 salva
1713 1466 1831 1506 ero.
1888 1452 1958 1506 Et

390 1540 676 1595 confestim
717 1543 953 1596 siccatus
999 1551 1082 1595 est
1142 1541 1264 1596 fons
1312 1541 1595 1603 sanguinis
1633 1541 1754 1608 ejus
1811 1557 1826 1596 :
1902 1551 1960 1597 et

391 1632 559 1685 sensit
598 1646 844 1700 corpore,
869 1631 992 1698 quia
1021 1642 1210 1685 sancta
1243 1639 1389 1684 esset
1417 1647 1446 1684 a
1487 1631 1660 1699 plaga.
1683 1632 1749 1686 Et
1765 1631 1953 1687 statim

390 1723 548 1778 Jesus
610 1722 662 1776 in
734 1723 1031 1790 semetipso
1095 1737 1438 1790 cognoscens
1499 1724 1780 1787 virtutem,
1833 1737 1956 1792 qua:

390 1815 601 1868 exierat
663 1812 732 1867 de
772 1812 888 1876 illo,
934 1786 1256 1866 iconversus
1305 1813 1372 1865 ad
1436 1812 1674 1877 turbam,
1716 1786 1898 1866 aiebat
1933 1828 1950 1866 :
1988 1786 2027 1840 Β

390 1908 524 1971 Quis
559 1905 733 1974 tetigit
771 1904 1088 1959 vestimenta
1125 1903 1284 1956 mea?
1312 1903 1380 1956 Et
1417 1903 1672 1958 dicebant
1698 1903 1748 1958 ei
1780 1904 1952 1959 disci-

393 1995 503 2061 puli
544 1994 627 2048 sui
657 1992 857 2048 :Vides
882 1992 1096 2046 turbam
1121 1992 1573 2060 comprimentem
1603 2005 1652 2047 te
1684 2001 1740 2048 et
1768 1992 1950 2048 dicis?

388 2085 523 2151 Quis
561 2099 647 2138 me
684 2082 900 2152 tetigit?
931 2083 996 2137 Et
1047 2081 1530 2151 circumspiciebat
1582 2080 1769 2134 videre
1829 2095 1953 2135 eam

391 2192 512 2244 qua:
550 2177 656 2231 hoc
675 2176 897 2230 fecerat.
932 2175 1122 2229 Mulier
1150 2190 1278 2230 vero
1313 2175 1533 2236 timens.
1573 2183 1629 2229 et
1678 2183 1943 2239 tremens,

393 2271 572 2322 sciens
597 2267 739 2337 quod
774 2266 975 2321 factum
1009 2275 1157 2319 esset
1217 2267 1269 2318 in
1318 2282 1397 2328 se,
1427 2266 1596 2328 venit,
1628 2276 1684 2318 et
1719 2265 1954 2333 procidit

391 2369 516 2412 ante
556 2374 704 2421 eum,
728 2365 784 2411 et
822 2357 958 2410 dixit
988 2356 1038 2410 ei
1066 2371 1280 2409 onmem
1313 2356 1616 2409 veritatem.
1645 2354 1736 2408 Ille
1768 2363 1950 2408 autem

391 2449 529 2501 dixit
563 2449 613 2501 ei
645 2463 660 2504 :
701 2447 858 2511 Filia,
892 2445 1025 2500 fides
1055 2455 1198 2499 tuatn
1257 2455 1306 2500 te
1349 2445 1551 2499 salvam
1594 2445 1767 2500 fecit:
1818 2446 1954 2498 vade

391 2541 447 2594 in
479 2547 988 2608 pace,etestosana
1020 2553 1048 2589 a
1082 2536 1234 2607 plaga
1257 2545 1371 2590 tua.
1401 2535 1594 2588 Adhuc
1614 2535 1953 2604 eoloquente

391 2632 617 2685 veniunt
644 2630 710 2684 ab
734 2623 1178 2700 archisynagogo,
1219 2628 1503 2682 dicentes:
1547 2627 1684 2694 Quia
1718 2627 1826 2681 filia
1862 2639 1952 2682 tua

392 2736 604 2779 mortua
633 2733 757 2784 est;
794 2723 920 2792 quid
987 2721 1125 2774 ultra
1174 2735 1336 2774 vexas
1393 2719 1753 2788 magiStrunt?
1798 2721 1956 2774 Jesus

395 2827 606 2883 autem,
640 2814 828 2870 audito
861 2813 1045 2876 verbo,
1077 2811 1220 2882 quod
1254 2812 1558 2875 dicebatur,
1588 2813 1664 2864 ait
1709 2811 1955 2882 archisy-

397 2922 643 2983 nagngo:
678 2909 794 2964 Noli
831 2910 1043 2973 timere,
1075 2907 1455 2961 tantummodo
1517 2905 1724 2960 crede:
1756 2914 1810 2960 et
1845 2919 1952 2958 non

399 3003 617 3060 admisit
648 3016 972 3071 quemquam
1014 3014 1072 3054 se
1110 2997 1286 3067 sequi,
1339 2996 1443 3050 nisi
1482 2995 1724 3057 Petrum.
1769 3003 1825 3048 et
1862 2992 1954 3048 Ja-

2059 543 2162 598 nisi
2194 542 2397 613 virgam
2423 552 2660 606 tantum,
2689 554 2799 594 non
2825 551 3034 608 peram,
3065 550 3174 590 non
3200 548 3420 604 panem,
3439 548 3614 602 neque

2060 637 2115 690 in
2149 650 2286 689 zona
2315 649 2427 699 aes,-
2459 636 2552 690 sed
2594 634 2863 688 calceatos
2899 630 3181 692 sandaliis,
3218 637 3275 682 et
3314 643 3384 682 ne
3435 625 3622 681 indue-

2064 737 2253 782 rentur
2287 726 2498 781 duabus
2557 724 2774 779 tunicis.
2811 723 2942 794 [uv,
2977 720 3058 792 2.]
3111 721 3182 774 Et
3228 720 3447 774 dicebat
3499 719 3618 774 eis:

2060 819 2392 886 Quocunque
2421 815 2749 869 introieritis
2779 816 2833 867 in
2859 814 3104 877 domum,
3139 813 3249 867 illic
3277 819 3492 866 manete
3523 811 3621 863 do-

2061 924 2161 964 nec
2185 909 2394 963 exeatis
2431 907 2558 962 inde
2587 922 2600 960 :
2638 905 2748 977 [LV,
2775 903 2856 975 2.]
2884 913 2938 957 et
2967 905 3281 972 quicunque
3311 917 3420 956 non
3479 916 3623 954 rece-

2061 1002 2240 1070 perint
2266 1015 2385 1063 vos,
2420 1012 2521 1053 nec
2547 997 2824 1051 audierint
2851 1010 2966 1058 vos,
2994 1003 3258 1047 exeuntes
3282 992 3430 1054 inde,
3464 1005 3624 1044 exeo--

2062 1090 2160 1144 tite
2199 1091 2481 1158 pulverem
2518 1087 2586 1142 de
2617 1086 2845 1155 pedibus
2896 1084 3091 1140 vestris
3141 1084 3194 1136 in
3252 1083 3619 1136 teSIimoniuut

2063 1182 2192 1236 illis.
2221 1180 2356 1251 [LVl,
2389 1179 2466 1247 8.]
2500 1180 2568 1232 Et
2615 1190 2881 1240 exeuntes
2939 1174 3321 1244 prtedicabant,
3357 1183 3414 1226 ut
3448 1174 3620 1240 pteni-
3657 1157 3666 1164 ’

2062 1273 2284 1326 tentiam
2319 1280 2539 1339 agerent
2569 1287 2584 1324 :
2610 1280 2666 1324 et
2696 1267 2964 1322 dtetnonia
3000 1264 3171 1319 multa
3220 1263 3624 1330 eiiciebant,-et

2060 1362 2333 1432 ungebant
2361 1363 2480 1416 oleo
2504 1362 2702 1415 multos
2733 1375 2927 1430 aagros,
2965 1370 3019 1412 et
3043 1357 3331 1411 sanabant.
3361 1355 3516 1427 Iun,
3540 1353 3620 1426 2.]

2061 1456 2128 1511 Et
2152 1455 2361 1509 audivit
2400 1469 2493 1509 rex
2541 1452 2784 1506 llerodes
2815 1451 3185 1519 (manifestum
3231 1450 3379 1504 enim
3415 1448 3616 1503 factum

2059 1554 2146 1601 est
2180 1560 2377 1598 nomen
2409 1544 2549 1614 ejus)
2574 1554 2628 1597 et
2653 1542 2908 1597 dicebat:
2948 1540 3084 1606 Quia
3115 1540 3354 1596 Joannes
3385 1540 3620 1609 ltaptista

2063 1637 2369 1692 resurrexit
2404 1653 2433 1690 a
2467 1637 2694 1690 mortuis
2729 1651 2743 1689 :
2784 1643 2840 1688 et
2892 1643 3181 1703 propterea
3215 1633 3449 1686 virtutes
3495 1647 3621 1701 ope-

2062 1739 2252 1783 rantur
2277 1729 2330 1783 in
2357 1727 2474 1782 illo.
2500 1727 2605 1780 Alii
2636 1735 2816 1781 autem
2850 1726 3104 1780 dicebant
3131 1741 3145 1778 :
3171 1724 3307 1790 Quia
3339 1724 3486 1778 Elius
3515 1733 3615 1778 est.

2056 1819 2159 1872 Alii
2193 1833 2320 1872 vero
2346 1816 2642 1872 dicebant:
2677 1814 2814 1881 Quia
2869 1816 3131 1884 propheta
3165 1825 3268 1874 est.
3291 1815 3442 1884 quasi
3477 1829 3620 1867 unus

2058 1923 2125 1963 ex
2161 1907 2465 1978 prophetis.
2504 1904 2678 1979 [Lvnn
2717 1907 2829 1977 10.]
2862 1909 2979 1972 Quo
3012 1905 3201 1959 audito
3225 1905 3474 1958 Herodes
3504 1905 3616 1958 ait:

2056 2001 2225 2068 Quem
2249 2014 2349 2070 ego
2375 2000 2618 2053 decolavi
2641 1997 2930 2060 Joannem,
2965 1999 3052 2051 hic
3075 2013 3104 2050 a
3155 1998 3384 2050 mortuis
3434 2011 3618 2050 resur-

2055 2095 2220 2151 rexit.
2253 2093 2384 2166 [th,
2415 2093 2496 2165 2.]
2522 2094 2640 2161 ipse
2668 2082 2814 2145 enim
2853 2089 3098 2144 Herodes
3130 2092 3296 2151 misit,
3345 2104 3408 2142 ac
3445 2090 3618 2142 tenuit

2055 2183 2342 2245 Joannem.
2371 2193 2426 2238 et
2461 2183 2633 2236 vinxit
2659 2197 2781 2234 eum
2810 2181 2868 2258 in
2893 2195 3131 2245 carcere,
3180 2188 3404 2249 propter
3445 2178 3612 2234 Hero-

2059 2276 2273 2330 diadem
2311 2291 2536 2330 uxorem
2575 2274 2808 2340 Philippi
2841 2273 3026 2326 fratris
3052 2273 3156 2334 sui,
3195 2273 3322 2341 quia
3377 2272 3613 2325 duxerat

2059 2383 2200 2420 eam.
2233 2367 2458 2421 Dicebat
2486 2366 2631 2420 enim
2667 2365 2908 2419 Joannes
2946 2363 3138 2416 llerodi
3167 2381 3182 2420 :
3214 2363 3328 2416 Non
3354 2365 3478 2416 licet
3519 2363 3612 2417 tibi

2058 2456 2260 2510 habere
2289 2470 2513 2510 uxorem
2549 2454 2730 2507 fratris
2758 2454 2856 2506 tui.
2885 2451 3144 2506 llerodias
3178 2463 3360 2504 autem
3398 2449 3620 2503 insidia-

2057 2547 2214 2600 batur
2240 2546 2315 2600 illi
2350 2563 2364 2605 ;
2406 2556 2460 2600 et
2485 2545 2698 2599 volebat
2739 2542 2991 2598 occidere
3045 2557 3193 2603 eum,
3229 2555 3330 2595 nec
3381 2550 3613 2610 poterat.
3673 2601 3676 2606 1

2059 2637 2300 2692 Herodes
2317 2637 2462 2692 enim
2490 2634 3062 2696 metuebatJoannem,
3081 2633 3262 2686 sciens
3285 2647 3408 2686 eum
3435 2632 3612 2685 virum

2054 2729 2262 2796 justum
2294 2736 2350 2782 et
2380 2737 2628 2782 sanctum
2657 2741 2672 2783 :
2701 2734 2756 2779 et
2793 2723 3134 2779 custodiebat
3162 2739 3310 2787 eum,
3340 2737 3396 2778 et
3421 2725 3611 2780 audito

2058 2835 2122 2875 eo
2146 2821 2314 2875 multa
2342 2819 2592 2884 faciebat,
2616 2829 2672 2873 et
2694 2818 2928 2872 libenter
2951 2833 3074 2870 eum
3107 2817 3378 2871 audiebat.
3401 2815 3510 2888 [1.x,
3537 2817 3616 2884 6,)

2057 2914 2126 2968 Et
2155 2928 2278 2967 eum
2305 2912 2420 2966 dies
2447 2920 2788 2980 Opportunus
2812 2909 3123 2973 accidisset,
3147 2909 3386 2964 Herodes
3417 2911 3618 2965 natalis

2057 3003 2140 3057 sui
2167 3001 2307 3057 caeni
2340 3001 2470 3056 fecit
2495 3001 2852 3071 principibus,
2907 3011 2960 3055 et
3020 3002 3277 3065 tribunis,
3316 3011 3374 3056 et
3425 3003 3620 3071 primis

398 3097 619 3160 cobum,
650 3103 704 3148 et
730 3091 993 3148 Joannem
1030 3090 1252 3144 fratrem
1287 3087 1500 3148 Jacobi.
1547 3095 1602 3140 et
1630 3087 1857 3140 veniunt
1899 3087 1952 3140 in
1987 3119 2032 3178 ρ
2061 3091 2314 3148 Galilaeae.
2354 3093 2601 3159 Cumque
2629 3093 2906 3146 introisset
2941 3093 3042 3146 lilia
3078 3093 3252 3162 ipsius
3279 3091 3621 3157 Herodiadis,

395 3189 615 3244 domum
639 3183 1125 3254 arehisynagogi,et
1153 3181 1298 3236 videt
1330 3182 1640 3241 tumultum,
1661 3188 1714 3232 et
1744 3179 1955 3242 entes,

395 3291 452 3335 et
483 3279 746 3346 ejulanles
776 3276 1032 3331 multum.
1074 3273 1144 3326 Et
1194 3273 1502 3340 ingressus,
1535 3271 1610 3324 ait
1641 3271 1779 3328 illis:
1811 3271 1954 3336 Quid

396 3368 716 3435 turbamini,
747 3377 800 3422 et
838 3364 1101 3434 ploratis?
1133 3363 1314 3432 puella
1351 3378 1457 3416 non
1489 3375 1569 3416 est
1607 3363 1956 3425 mortua,sed

397 3463 612 3520 dormit.
647 3461 715 3516 Et
742 3459 1044 3514 irridebant
1069 3472 1215 3511 eum.
1251 3457 1372 3525 Ipse
1402 3470 1554 3518 vero,
1573 3453 1760 3519 ejectis
1785 3453 1958 3507 omni-

398 3559 524 3623 bus,
547 3555 774 3609 assumit
815 3564 1022 3621 patrem
1053 3559 1107 3604 et
1135 3559 1362 3602 matrem
1407 3547 1616 3616 puellm,
1651 3555 1704 3600 et
1742 3546 1835 3615 qui
1866 3563 1955 3600 se-

398 3661 522 3703 cum
554 3656 709 3701 erant
745 3655 798 3699 et
832 3642 1137 3713 ingreditur
1173 3642 1260 3695 tibi
1293 3640 1467 3708 puella
1498 3651 1614 3692 erat
1639 3640 1848 3708 jacens.
1891 3639 1956 3693 Et

397 3753 590 3795 tenens
616 3752 834 3792 manum
869 3735 1078 3804 puellae,
1104 3734 1180 3786 ait
1209 3733 1321 3788 illi:
1357 3730 1570 3784 Talitba
1606 3732 1774 3794 cutni,
1807 3732 1952 3799 quod

396 3841 478 3886 est
515 3833 928 3898 interpretatum
961 3841 976 3880 :
1019 3813 1250 3887 Ῥιιειιιι,
1314 3823 1409 3877 tibi
1445 3823 1568 3875 dico
1595 3859 1610 3884 ,
1659 3838 1832 3892 surge.
1889 3823 1957 3876 Et

397 3922 678 3975 confestim
717 3917 953 3973 surrexit
987 3916 1184 3984 puella,
1221 3926 1272 3967 et
1317 3912 1632 3976 ambulabat
1663 3949 1677 3964 .
1711 3921 1827 3966 erat
1861 3926 1956 3964 au-

397 4013 504 4068 tem
546 4025 812 4065 annorum
846 4007 1130 4061 duodecim
1163 4023 1178 4060 ξ
1216 4016 1270 4058 et
1297 4005 1694 4072 obstupuerunt
1733 4011 1956 4070 stupore

395 4122 610 4175 magno.
646 4104 708 4157 Et
745 4100 1004 4172 praaccpit
1033 4100 1138 4152 illis
1177 4098 1529 4152 vehementer
1555 4136 1569 4159 ,
1607 4104 1665 4149 ut
1697 4110 1856 4150 nemo
1899 4095 1960 4148 id

395 4195 558 4249 sciret
585 4211 599 4251 ;
629 4202 682 4246 et
710 4191 849 4245 dixit
883 4188 1001 4244 dari
1037 4186 1115 4240 illi
1155 4186 1510 4239 manducare.

467 4283 621 4356 [Cap.
661 4281 745 4347 Vl,
780 4298 832 4346 ιι,
875 4277 953 4350 1.]
990 4279 1056 4333 Et
1090 4291 1341 4347 egressus
1389 4277 1534 4339 inde,
1563 4276 1697 4330 abiit
1750 4276 1806 4329 in
1859 4291 1953 4340 pa-

398 4380 556 4431 triam
586 4390 735 4429 suam
771 4390 784 4428 :
824 4383 878 4428 et
904 4373 1273 4440 sequebantur
1298 4385 1420 4424 eum
1459 4368 1712 4437 discipuli
1753 4367 1832 4422 sui
1859 4386 1874 4424 ;
1899 4377 1954 4421 et

2062 3195 2116 3238 et
2152 3185 2425 3245 saltasset.
2452 3193 2505 3237 et
2532 3184 2824 3252 placuisset
2855 3183 3077 3248 Herodi,
3111 3184 3385 3252 simulque
3412 3201 3624 3238 rerum-

2063 3277 2353 3341 bentibus;
2388 3291 2480 3329 rex
2513 3275 2591 3328 ait
2642 3275 2868 3342 puellae:
2911 3275 3037 3330 l’ete
3069 3291 3097 3328 a
3139 3291 3223 3328 me
3255 3277 3401 3344 quod
3439 3277 3540 3340 vis,
3570 3287 3624 3331 et

2059 3368 2198 3422 dabo
2225 3369 2318 3421 tibi
2347 3385 2361 3421 :
2393 3376 2446 3422 et
2469 3367 2669 3437 juravit
2725 3367 2833 3426 illi;
2869 3365 3006 3432 Quia
3068 3368 3332 3436 quidquid
3387 3368 3619 3437 petieris

2057 3457 2198 3511 dabo
2225 3458 2344 3519 tibi,
2363 3457 2487 3510 licet
2520 3456 2800 3510 dimidium
2835 3458 2980 3522 regni
3011 3460 3136 3513 tnei.
3162 3457 3291 3523 Quae
3309 3472 3434 3511 cum
3461 3459 3613 3512 exis-

2057 3556 2159 3613 set,
2189 3548 2326 3602 dixit
2368 3548 2526 3600 matri
2580 3563 2691 3600 sua:
2721 3563 2735 3602 :
2777 3547 2919 3611 Quid
2964 3548 3186 3616 petauriI
3216 3548 3280 3602 (ιι
3317 3550 3404 3602 illa
3440 3550 3577 3603 dixit
3607 3566 3622 3605 :

2057 3640 2231 3710 Caput
2257 3639 2484 3694 Joannis
2509 3639 2786 3707 Baptistte.
2822 3637 3068 3706 Cumque
3099 3639 3384 3694 introisset
3441 3644 3625 3696 statim

2058 3748 2179 3786 cum
2236 3731 2582 3785 festinatione
2619 3729 2685 3782 ad
2713 3744 2927 3798 regem,
2966 3730 3151 3798 petivit
3208 3732 3434 3788 dicens:
3468 3733 3622 3794 Volo,

2060 3833 2117 3876 ut
2151 3823 2401 3892 protinus
2429 3821 2524 3874 des
2556 3821 2686 3874 mihi
2718 3820 2770 3872 in
2799 3821 2947 3874 disco
2981 3805 3399 3888 capnt'Joannis
3440 3823 3626 3892 Βψιὶ-

2057 3927 2174 3969 sm.
2206 3916 2273 3968 Et
2301 3918 2654 3968 contristatur.
2683 3924 2764 3966 est
2789 3929 2916 3974 rex;
2948 3924 3172 3981 propter
3208 3917 3618 3984 jusjurandum,

2059 4015 2113 4059 et
2135 4016 2351 4074 propter
2371 4003 2530 4056 simul
2556 4003 2983 4064 discumbentes,
3017 4005 3192 4057 noluit
3232 4021 3349 4057 eam
3411 4014 3625 4061 contri-

2057 4106 2238 4150 stare:
2269 4097 2361 4148 sed
2395 4094 2560 4148 misso
2601 4093 2954 4162 spiculatore,
2991 4094 3252 4163 praecepit
3281 4096 3466 4151 afferri
3526 4115 3618 4153 ca-

2059 4188 2259 4253 puteis
2288 4187 2340 4239 itt
2387 4185 2559 4239 disco.
2599 4185 2665 4239 Et
2701 4185 2987 4250 decpllavit
3019 4200 3144 4239 eum
3185 4189 3237 4239 in
3281 4203 3530 4252 carcere.
3569 4203 3626 4246 et

2057 4278 2241 4332 attulit
2269 4292 2421 4345 caput
2457 4258 2581 4347 ejus
2617 4279 2670 4328 in
2702 4276 2857 4330 disco
2888 4291 2901 4330 :
2941 4286 2994 4328 et
3039 4278 3188 4330 dedit
3243 4278 3372 4332 illud
3408 4284 3621 4348 put-lle,

2059 4381 2111 4425 et
2139 4373 2315 4438 puella
2345 4371 2492 4425 dedit
2519 4370 2680 4424 matri
2713 4386 2846 4424 suae.
2868 4371 2986 4437 Quo
3015 4371 3202 4430 audito
3227 4373 3482 4442 discipuli
3509 4378 3627 4446 ejus

397 4471 536 4524 facto
569 4465 805 4520 Sabbato
833 4465 998 4532 empit
1035 4464 1088 4516 in
1119 4477 1385 4531 synagoga
1423 4461 1620 4514 docere
1654 4476 1667 4514 ε
1705 4468 1756 4512 et
1803 4459 1958 4536 multi
1994 4471 2034 4524 υ
2068 4475 2355 4524 venetnnt.
2397 4474 2451 4518 et
2482 4466 2721 4518 tulerunt
2749 4481 2946 4533 corpus
2967 4466 3125 4534 ejus:
3159 4477 3207 4520 et
3231 4482 3538 4536 posuerunt
3573 4472 3628 4524 in

395 4559 677 4613 audientes
704 4554 1114 4609 admirabantur
1139 4555 1189 4606 in
1217 4553 1464 4607 doctrina
1495 4553 1633 4622 ejus,
1665 4551 1910 4605 dicentes
1937 4567 1952 4609 ;

397 4650 548 4707 Unde
578 4650 704 4703 huic
733 4649 846 4702 inec
876 4644 1103 4700 omnia?
1132 4653 1186 4698 et
1215 4659 1335 4712 qua:
1373 4653 1458 4697 est
1494 4642 1784 4711 sapientia,
1835 4655 1956 4709 qua:

395 4743 518 4795 data
557 4750 640 4794 est
672 4739 767 4802 illi,
801 4746 858 4792 ct
893 4738 1121 4790 virtutes
1157 4736 1314 4797 tales,
1339 4749 1459 4804 qum
1483 4749 1579 4804 per
1609 4748 1802 4786 manus
1841 4731 1957 4799 ejus

394 4829 739 4888 efficiuntur?
762 4829 954 4881 Nonne
987 4827 1073 4879 hic
1088 4836 1170 4879 est
1194 4826 1360 4883 faber.
1389 4825 1532 4879 filius
1557 4823 1758 4889 Mariae,
1786 4822 1957 4878 frater

396 4922 603 4988 Jacobi,
636 4932 688 4976 et
719 4920 946 4989 Joseph,
974 4927 1028 4972 et
1056 4917 1232 4980 Judaa,
1263 4926 1316 4971 et
1364 4913 1639 4969 Simonis?
1674 4928 1852 4968 nonne
1903 4920 1960 4967 et

397 5027 614 5070 sorores
641 5014 756 5081 ejus
785 5012 873 5065 hic
903 5009 1183 5064 nobiscum
1218 5007 1386 5060 sunt?
1419 5005 1487 5059 Et
1511 5004 1959 5059 scandalizaban-

403 5117 490 5160 tur
515 5106 567 5158 in
596 5103 704 5156 illo.
736 5101 831 5174 [Lt,
867 5100 944 5172 1.]
975 5102 1042 5155 Et
1075 5100 1289 5154 dicebat
1321 5098 1422 5151 illis
1447 5097 1638 5153 Jesus:
1675 5096 1813 5162 Quia
1848 5110 1959 5150 non

400 5197 773 5267 est'prophcta
803 5195 922 5251 sine
959 5198 1163 5248 honore
1198 5191 1302 5246 nisi
1346 5193 1398 5244 in
1442 5189 1611 5258 patria
1646 5203 1766 5253 sua,
1809 5196 1864 5241 et
1904 5190 1956 5241 in

399 5289 720 5359 cognatione
748 5302 865 5342 sua.
890 5273 960 5338 Et
995 5300 1101 5339 non
1147 5293 1354 5354 poterat
1389 5283 1460 5336 ibi
1500 5284 1757 5336 virtutem
1791 5280 1957 5333 ullam

395 5395 616 5448 tacere,
655 5379 760 5434 nisi
817 5393 1017 5448 paucos
1068 5375 1314 5430 infirmos
1375 5374 1647 5443 impositis
1702 5373 1959 5426 manibus

394 5475 625 5527 curavit.
658 5471 726 5526 Et
755 5469 1056 5525 mirabatur
1095 5476 1320 5538 propter
1369 5465 1808 5521 incredulitatem
1867 5479 1960 5518 eo-

396 5561 672 5636 rum,[t.n,
691 5559 775 5632 2.]
792 5570 846 5615 et
874 5559 1138 5614 circuibat
1161 5554 1380 5612 castella
1406 5555 1459 5609 in
1479 5554 1711 5608 circuitu
1731 5554 1958 5607 docens.

399 5655 537 5729 itan,
570 5652 648 5724 2.]
679 5652 743 5706 Et
772 5649 1291 5706 vocavitduodecim
1318 5661 1330 5700 :
1365 5656 1417 5698 et
1438 5645 1708 5714 coepiteos
1742 5644 1959 5697 mittere

399 5749 576 5810 binos,
618 5755 670 5800 et
701 5744 863 5800 dabat
894 5743 998 5799 illis
1029 5748 1355 5812 potestatem
1389 5737 1679 5808 spirituum
1710 5738 1958 5792 immun-

2059 4567 2427 4608 monutnenlo.
2457 4552 2586 4626 μυ,
2619 4556 2698 4621 8.]
2759 4555 2830 4608 Et
2865 4557 3252 4612 convenientes
3279 4563 3510 4627 apostoli
3563 4563 3630 4614 ad

2056 4643 2260 4704 Jesum,
2309 4647 2763 4700 renuntiaverunt
2817 4649 2866 4699 ei
2897 4649 3098 4710 omnia,
3130 4666 3247 4717 qua:
3288 4667 3536 4720 egerant,
3581 4669 3635 4708 et

2059 4737 2376 4790 docuerant.
2414 4735 2568 4806 [LXI],
2616 4736 2730 4809 10.]
2764 4739 2827 4791 Et
2867 4739 2941 4791 ait
2973 4739 3118 4798 illis:
3154 4740 3344 4796 Venite
3384 4761 3634 4799 seorsum

2061 4828 2114 4882 in
2151 4829 2423 4882 desertum
2453 4830 2648 4894 locum,
2683 4838 2737 4883 et
2770 4832 3100 4897 requiescite
3133 4834 3396 4902 pusillum
3455 4836 3626 4890 Erant

2060 4921 2203 4974 enim
2233 4920 2324 4989 qui
2357 4920 2648 4974 veniebant
2681 4931 2734 4975 et
2764 4921 3018 4976 redibant
3041 4924 3195 4976 multi
3222 4938 3242 4980 :
3273 4937 3328 4978 et
3355 4942 3458 4980 nec
3513 4943 3639 4997 spa-

2063 5011 2196 5062 tium
2219 5009 2580 5062 ntanducandi
2603 5011 2893 5064 habebant.
2913 5009 3086 5081 [thtn
3104 5012 3182 5084 6.]
3201 5015 3266 5067 Et
3281 5018 3638 5072 ascendentes

2064 5101 2118 5154 in
2150 5101 2349 5162 navim,
2387 5100 2647 5154 abierunt
2669 5103 2720 5156 in
2747 5102 3020 5157 desertum
3053 5104 3234 5158 locum
3269 5121 3540 5161 seorsum.
3570 5109 3641 5162 Et

2065 5189 2319 5244 viderunt
2351 5204 2448 5254 eos
2474 5190 2740 5246 abeuntes
2787 5202 2841 5246 et
2881 5203 3255 5260 cognoverunt
3323 5197 3478 5250 multi
3514 5213 3529 5254 ;
3581 5208 3637 5250 et

2069 5284 2351 5352 pedestres
2379 5285 2443 5341 de
2476 5286 2731 5339 omnibus
2762 5285 3078 5340 civitatibus
3117 5300 3520 5343 concurrerunt
3578 5292 3638 5343 il-

2069 5377 2266 5440 luc,et
2299 5385 2686 5445 praevenerunt
2741 5391 2836 5430 eos
2875 5385 2928 5428 et
2976 5375 3165 5432 exiens
3217 5377 3354 5431 vidit
3419 5380 3636 5434 turbam

2067 5467 2287 5520 multam
2332 5465 2491 5521 Jesus
2545 5481 2558 5520 :
2612 5474 2666 5519 et
2723 5468 2984 5519 misertus
3034 5477 3118 5519 est
3169 5481 3331 5536 super
3375 5486 3490 5527 eos.
3547 5471 3639 5534 qui

2069 5558 2389 5611 erantsicut
2419 5571 2548 5611 oves
2579 5573 2684 5611 ttott
2755 5556 3018 5610 habentes
3067 5567 3338 5624 pastorem
3384 5568 3437 5611 et
3473 5559 3644 5629 eu-pit

2070 5649 2190 5702 illos
2219 5651 2416 5702 docere
2473 5650 2663 5703 multa.
2697 5647 2864 5720 [thv,
2902 5646 2978 5717 1.]
3047 5647 3263 5702 Etcum
3321 5649 3434 5719 jam
3501 5651 3637 5705 hora

2072 5738 2238 5794 multa
2269 5739 2420 5796 ﬁeret
2451 5757 2463 5794 :
2498 5749 2843 5795 arcessi-runt
2876 5738 3127 5808 discipuli
3169 5739 3305 5810 ejus,
3343 5741 3590 5798 dicentes
3617 5761 3630 5776 ο
