3880 6168
222 310 317 369 625
1288 314 1668 384 EVANGELI
1686 321 1797 383 UM
1843 321 2000 384 SEC.
2037 324 2385 386 MARCUM.

3360 331 3464 395 0Ξῦ

224 419 476 473 Desertus
505 427 591 476 est
619 421 776 478 locus
815 422 928 487 hic,
961 435 1011 479 et
1034 425 1143 496 jam
1180 428 1314 485 hora
1350 434 1618 501 praeteriit
1653 451 1667 489 :
1698 435 1784 488 di-
1816 438 1860 494 Α
1888 432 2063 498 Quare
2083 434 2334 505 discipuli
2364 434 2439 490 lui
2465 449 2572 490 non
2606 434 2888 491 ambulant
2911 436 3065 508 juxta
3099 438 3451 496 traditionem

224 508 367 563 mitte
399 511 539 574 illos,
571 522 631 567 ut
670 527 867 571 euntes
894 518 947 572 in
977 520 1253 588 proximas
1298 525 1455 580 villas
1508 536 1563 579 et
1600 516 1777 588 vicos.

221 611 389 652 emant
418 602 517 655 sibi
546 604 721 665 cibos,
775 621 916 675 quos
943 610 1297 666 manducent.
1324 614 1391 667 Et
1416 614 1779 682 respondens.

222 694 285 744 ait
316 692 466 767 illis:
509 694 640 751 Date
664 697 770 752 illis
794 714 893 753 vos
929 701 1284 767 manducare.
1324 706 1387 759 Et
1417 706 1678 761 dixerunt
1703 708 1778 761 ei:

224 766 698 842 Euntesfemamus
728 789 977 846 ducentis
1005 794 1245 847 denariis
1272 810 1463 864 panes,
1510 803 1567 850 et
1622 798 1779 852 dabi-

220 889 327 926 mus
353 874 461 929 illis
488 877 839 936 manducare.
872 882 941 936 Et
993 884 1261 943 diciteis:
1293 886 1437 951 Quot
1467 902 1633 956 panes
1680 890 1780 944 ha-

222 963 391 1015 betis?
427 963 526 1026 ite,
548 976 604 1019 et
635 969 836 1024 videte.
866 971 933 1024 Et
965 987 1090 1026 cum
1122 976 1527 1045 cognovissent,
1564 980 1775 1035 dicunt:

217 1054 456 1121 Quinque
491 1066 545 1109 et
573 1057 712 1113 duos
744 1061 943 1128 pisces.
971 1061 1037 1115 Et
1097 1066 1356 1134 praecepit
1415 1067 1542 1126 illis.
1579 1079 1636 1122 ut
1688 1085 1777 1124 ac-

218 1144 466 1198 cumbere
506 1146 755 1203 facerent
806 1165 999 1205 omnes
1054 1156 1355 1209 secundum
1418 1158 1776 1215 contubernia

217 1249 368 1301 super
401 1235 574 1292 viride
610 1237 815 1294 fenum.
842 1242 903 1295 Et
933 1242 1335 1299 discubueruut
1364 1251 1417 1300 in
1452 1257 1657 1317 partes,
1684 1265 1779 1318 per

222 1332 477 1379 Centetms
533 1335 588 1380 et
639 1329 1077 1399 quinquagenos.
1118 1335 1186 1388 Et
1236 1337 1477 1405 acceptis
1532 1339 1777 1408 quinque

218 1413 436 1479 panibus
484 1427 537 1471 et
591 1418 809 1475 duobus
840 1423 1104 1492 piscibus,
1141 1428 1364 1482 intuens
1422 1429 1476 1483 in
1534 1431 1772 1499 coelum,

220 1505 507 1573 benedixit,
535 1518 592 1563 et
624 1513 784 1583 fregit
817 1531 1005 1583 panes,
1048 1527 1103 1571 et
1135 1519 1285 1574 dedit
1317 1520 1601 1590 discipulis
1628 1524 1772 1579 suis:

220 1606 268 1648 ut
297 1612 563 1664 ponerent
592 1614 718 1658 ante
752 1620 881 1660 eos:
914 1618 970 1661 ct
1002 1612 1143 1663 duos
1175 1611 1354 1678 pisces
1383 1612 1570 1667 divisit
1600 1615 1777 1668 omni-

220 1690 320 1739 bus.
353 1690 415 1742 Et
450 1693 923 1752 ntanducaverunt
952 1714 1161 1761 omnes,
1190 1712 1245 1755 et
1276 1704 1504 1756 saturati
1538 1715 1683 1758 sunt.
1710 1706 1774 1759 Et

1882 526 2197 589 seniorum,
2241 526 2337 581 sed
2373 528 2760 582 communibus
2816 530 3070 585 manibus
3128 532 3463 587 manducant

1881 618 2118 685 panem?
2152 618 2220 672 At
2250 617 2341 672 ille
2373 619 2729 689 respondens,
2754 622 2889 675 dixit
2916 622 3031 677 eis:
3058 621 3202 677 Bene
3227 624 3485 705 prophe-l

1883 710 2016 761 tavit
2048 708 2217 763 Isaias
2248 709 2315 764 de
2364 712 2514 765 vobis
2543 713 2859 781 hypocritis,
2882 714 3310 783 sicutscriptum
3350 726 3456 772 est:

1881 799 2122 867 Pupulus
2163 801 2253 854 hic
2310 801 2467 855 labiis
2519 818 2605 855 me
2667 804 2936 866 honorat,
2988 819 3085 859 cor
3130 816 3311 860 autem
3366 821 3461 860 eo-

1881 905 2003 942 rum
2033 891 2190 960 longe
2227 899 2310 946 est
2338 906 2367 945 a
2417 907 2520 946 me.
2577 891 2634 945 In
2688 908 2885 946 vanum
2919 903 3098 948 autem
3132 911 3219 950 me
3245 880 3480 959 colunt,

1880 980 2140 1035 docentes
2205 980 2486 1036 doctrinas
2560 990 2614 1036 et
2666 994 2931 1052 praecepta
2992 986 3293 1039 hominum.
3355 987 3459 1040 Re-

1879 1073 2195 1142 linqucntes
2252 1074 2431 1143 enim.
2470 1076 2785 1130 mandatum
2844 1078 2976 1140 Dei,
3043 1080 3236 1133 tenetis
3285 1078 3457 1133 tradi-

1880 1164 2081 1218 tionem
2105 1166 2409 1230 hominum,
2439 1167 2762 1236 baptismata
2783 1184 3095 1233 urceorum,
3115 1178 3169 1223 et
3199 1170 3455 1226 calicum:

1878 1265 1931 1309 et
1966 1258 2068 1309 alia
2099 1259 2299 1312 similia
2346 1260 2429 1313 his
2459 1258 2640 1314 facitis
2678 1261 2868 1325 multa,
2927 1270 2982 1315 et
3028 1263 3247 1317 dicebat
3309 1264 3453 1318 illis:

1878 1345 2025 1400 Bene
2049 1347 2261 1403 irritum
2295 1348 2475 1403 facitis
2515 1348 2844 1421 praeceptum
2872 1353 2985 1418 Dei,
3018 1365 3073 1407 ut
3104 1354 3453 1409 traditionem

1883 1448 2122 1492 vestram
2155 1441 2405 1493 servetis.
2441 1440 2649 1511 Moyses
2693 1442 2838 1497 enim
2870 1443 3006 1496 dixit
3040 1460 3053 1497 :
3099 1443 3316 1498 Honora
3358 1461 3455 1514 pa.

1878 1538 2016 1581 trem
2053 1538 2229 1593 tuum,
2260 1539 2312 1583 et
2345 1541 2571 1584 matrem
2614 1541 2783 1586 tuam.
2842 1532 2907 1586 Et
2936 1549 2947 1587 :
2975 1531 3078 1596 Qui
3108 1534 3457 1589 maledixurit

1879 1618 2040 1687 patri,
2068 1619 2149 1671 vel
2183 1621 2366 1683 matri,
2393 1632 2564 1675 morte
2591 1624 2875 1677 moriatur.
2898 1624 3003 1677 Vos
3019 1633 3200 1678 autem
3228 1624 3452 1683 dicitis:

1887 1708 1945 1763 Si
1973 1712 2173 1764 dixerit
2205 1711 2368 1765 homo
2402 1713 2542 1780 patri
2571 1725 2662 1766 aut
2699 1715 2858 1768 matri
2883 1731 2895 1767 :
2919 1714 3154 1776 Corhan,
3178 1716 3343 1787 (quod
3371 1727 3456 1771 est

220 1778 548 1873 sustulerunt
583 1784 844 1855 reliquias
880 1791 1312 1857 lragmentorum
1363 1793 1655 1848 duodecim
1682 1812 1773 1850 co-
1806 1792 1848 1845 Β
1877 1800 2105 1870 duttttttt)
2137 1778 2505 1872 quodcunque
2523 1819 2587 1856 ex
2618 1819 2702 1857 me
2732 1806 2827 1857 tibi
2860 1805 3130 1873 profuerit
3157 1778 3261 1860 :‘et
3311 1789 3453 1861 uitra

223 1864 405 1931 phinos
435 1868 645 1934 plenos,
686 1883 740 1927 et
786 1875 852 1930 de
908 1878 1173 1946 piscibus.
1226 1881 1391 1935 Erant
1442 1893 1627 1937 autem
1681 1885 1774 1953 qui

219 1954 675 2015 manducaverunt
710 1965 956 2033 quinque
1004 1969 1173 2022 millia
1211 1971 1477 2025 virorum.
1510 1972 1661 2042 Iuv,
1692 1973 1774 2046 6.]

219 2044 271 2096 Et
296 2049 476 2101 statim
511 2056 687 2123 coegit
723 2056 1024 2127 discipulos
1068 2076 1203 2115 suos
1235 2063 1537 2117 ascendere
1565 2044 1769 2130 navim,

218 2150 265 2188 ut
289 2144 658 2204 praecederent
687 2162 811 2201 eum
842 2161 988 2205 trans
1029 2152 1230 2208 fretum
1286 2156 1352 2208 ad
1409 2155 1771 2219 Bethsaidam.

214 2229 322 2282 dum
362 2234 484 2300 ipse
516 2236 810 2295 dimitteret
847 2245 1317 2317 populum.[t.xw,
1343 2246 1424 2319 2.]
1450 2248 1514 2302 Et
1539 2264 1661 2303 cum
1691 2250 1775 2303 di-

221 2326 442 2383 misisset
471 2346 587 2393 eos,
612 2334 747 2390 abiit
781 2338 835 2389 in
865 2348 1108 2395 montem
1141 2357 1319 2397 orare.
1357 2341 1545 2415 [vau,
1578 2343 1658 2416 4.]
1707 2346 1775 2401 Et

214 2431 320 2469 cuni
344 2436 474 2475 sero
513 2436 676 2485 esset.
712 2439 830 2483 erat
860 2433 1013 2486 navis
1040 2432 1091 2487 in
1136 2434 1318 2488 medio
1350 2436 1508 2501 mari,
1545 2446 1602 2491 et
1658 2438 1772 2506 ipse

217 2511 346 2564 solus
373 2514 433 2566 in
468 2526 631 2571 terra.
660 2519 723 2572 Et
755 2520 946 2575 videns
1000 2538 1096 2577 eos
1125 2523 1441 2580 laborantes
1490 2527 1544 2580 in
1600 2529 1773 2582 remi-

212 2603 367 2669 gando
393 2602 541 2674 [erat
571 2608 716 2661 enim
755 2620 947 2666 ventus
983 2615 1291 2671 contrarius
1328 2615 1459 2689 eis],
1515 2626 1571 2672 et
1624 2619 1768 2674 circa

213 2706 441 2759 quartam
479 2700 721 2768 vigiliam
758 2704 934 2758 noctis
964 2708 1114 2760 venit
1142 2706 1208 2761 ad
1238 2723 1333 2762 eos
1368 2709 1657 2765 ambulans
1681 2692 1772 2765 su-

212 2800 296 2851 pra
345 2802 535 2842 mare:
569 2800 622 2844 et
677 2793 932 2849 volebant
971 2798 1253 2865 praeterire
1304 2816 1420 2857 eos.
1474 2804 1544 2857 At
1592 2804 1668 2859 illi
1712 2815 1772 2860 ut

209 2876 449 2932 viderunt
502 2881 879 2939 ambulantem
943 2901 1109 2956 supra
1164 2906 1357 2954 mare,
1438 2902 1771 2962 putaverunt

206 2968 515 3032 phantasma
565 2988 705 3036 esse,
736 2985 791 3029 et
849 2979 1316 3035 exclamaverunt.
1374 2981 1573 3039 Omnes
1621 2988 1766 3039 enim

207 3058 636 3127 viderdnt'teum,
667 3075 722 3120 et
754 3069 1063 3123 conturbati
1096 3081 1243 3124 sunt.
1279 3073 1345 3126 Et
1382 3075 1564 3128 statim
1615 3077 1765 3130 locu-

207 3159 282 3203 tus
307 3162 387 3208 est
410 3172 543 3209 cum
579 3157 683 3223 eis,
724 3168 778 3213 et
809 3160 948 3215 dixit
972 3162 1086 3217 eis:
1124 3163 1414 3228 Conﬁdite,
1454 3182 1556 3237 ego
1617 3185 1763 3236 sum,

202 3247 353 3301 nolite
378 3249 595 3304 timere.
631 3248 849 3322 [cxvnn
879 3251 959 3324 6.]
988 3254 1052 3308 Et
1078 3257 1324 3311 ascendit
1348 3258 1413 3311 ad
1439 3259 1563 3314 illos
1588 3261 1639 3315 in
1669 3279 1766 3316 na-

202 3338 297 3390 vim
328 3350 380 3395 et
406 3346 646 3396 cessavit
676 3353 892 3398 ventus.
928 3344 990 3397 Et
1026 3346 1150 3415 plus
1180 3349 1352 3418 magis
1385 3352 1526 3404 intra
1560 3367 1618 3406 se
1651 3362 1766 3408 stu-

199 3433 416 3497 pebaut:
453 3450 567 3488 non
626 3437 774 3491 enim
822 3437 1215 3495 intellexerunt
1267 3442 1334 3496 de
1364 3445 1614 3510 panibus,
1645 3455 1765 3501 erat

198 3523 328 3574 enim
358 3539 456 3578 cor
499 3540 694 3580 eorum
730 3528 1085 3584 obcazcatum.
1141 3528 1328 3603 [Lx1x,
1361 3533 1441 3605 2.]
1506 3536 1573 3589 Et
1638 3552 1762 3592 cum

198 3616 660 3682 transfretassent,
694 3629 965 3675 venerunt
994 3621 1046 3675 in
1080 3630 1283 3677 terram
1322 3623 1681 3691 Genesareth,
1710 3639 1764 3683 et

197 3708 587 3773 applicuerunt.
625 3710 876 3781 Cumque
906 3715 1110 3785 egressi
1144 3725 1329 3769 essent
1359 3717 1428 3771 de
1467 3720 1593 3773 navi
1632 3735 1764 3776 con—

194 3798 341 3853 tinno
364 3815 747 3873 cOgnoverunt
769 3822 899 3861 eum
922 3826 935 3861 :
959 3820 1010 3862 et
1037 3818 1424 3877 percurrentes
1449 3813 1761 3869 universam

197 3897 459 3961 reg'oneru
496 3898 667 3965 illam,
702 3909 989 3969 cmperunt
1028 3902 1083 3956 in
1124 3902 1369 3973 grabatis
1399 3920 1518 3971 eos,
1558 3907 1651 3976 qui
1704 3922 1764 3963 se

194 3986 321 4038 male
360 3989 667 4054 habebant,
714 3990 1094 4057 circumferre,
1138 3992 1231 4047 ubi
1282 3994 1581 4051 audiebant
1633 4012 1760 4052 eum

190 4089 320 4129 esse.
349 4077 413 4130 Et
454 4096 791 4149 quocunque
824 4082 1102 4147 introibat,
1138 4083 1189 4137 in
1215 4083 1369 4140 vicos
1390 4086 1473 4140 vel
1505 4086 1560 4140 in
1581 4088 1762 4155 villas,

188 4178 273 4221 aut
336 4172 618 4235 civitates,
674 4173 729 4228 in
785 4174 978 4243 plateis
1041 4177 1315 4244 ponebant
1379 4177 1647 4243 inﬁrmos,
1711 4193 1765 4237 et

187 4258 614 4327 deprecabantur
665 4279 817 4328 eum,
879 4275 939 4320 ut
994 4267 1075 4321 vel
1129 4268 1397 4323 fimbriam
1452 4271 1760 4326 vestimenti

185 4349 287 4417 ejus
315 4362 648 4423 tangerent:
687 4365 743 4411 et
785 4366 1051 4428 quotquot
1080 4360 1377 4428 tangebant
1414 4374 1540 4415 eum
1564 4404 1580 4428 ,
1623 4361 1757 4417 salvi

184 4438 390 4496 ﬁebant.

240 4530 394 4604 [Cap.
431 4536 542 4590 \‘ll.
565 4553 690 4602 cxx,
724 4536 837 4609 10.}
866 4536 931 4592 Et
954 4541 1291 4594 conveniunt
1321 4539 1387 4595 ad
1413 4556 1536 4595 eum
1568 4541 1753 4597 Phari-

180 4625 351 4687 saei,et
374 4627 604 4697 quidam
630 4629 701 4685 de
716 4627 926 4685 Scribis
946 4630 1230 4686 venientes
1247 4632 1313 4687 ab
1339 4631 1750 4705 Hierosolymis.

183 4713 238 4770 Et
267 4733 393 4772 cum
429 4718 663 4775 vidisset
710 4720 977 4790 quosdam
1014 4737 1081 4777 ex
1119 4720 1408 4793 discipulis
1434 4724 1575 4795 ejus,
1604 4741 1753 4781 com-

180 4812 428 4865 munibus
470 4811 749 4876 manibus,
775 4813 827 4867 id
852 4823 939 4869 est
964 4829 1074 4869 non
1107 4815 1254 4881 lotis,
1290 4817 1627 4873 manducare
1656 4834 1752 4889 pa-

180 4913 283 4965 nes,
314 4903 802 4972 vituperaverunt.
836 4904 1099 4961 Pharisaei
1132 4907 1301 4975 enim,
1330 4917 1386 4963 et
1421 4924 1615 4965 omnes
1654 4911 1752 4966 Ju-

177 4990 289 5057 daei,
320 4994 424 5048 nisi
452 4996 657 5049 crebro
697 4995 929 5052 laverint
964 5012 1180 5063 manus,
1230 5014 1341 5054 non
1387 5001 1744 5070 manducant,

180 5091 415 5142 tenentes
486 5086 842 5143 traditionem
893 5090 1215 5147 seniorum:
1265 5100 1320 5147 et
1377 5107 1407 5148 a
1470 5093 1586 5148 foro
1643 5095 1745 5149 nisi

177 5178 541 5243 laptilenlur,
584 5196 687 5233 nun
742 5184 1078 5240 comedunt:
1121 5192 1175 5238 et
1214 5184 1319 5239 alia
1360 5186 1530 5239 multa
1591 5197 1745 5254 sunt,

174 5283 280 5334 qua!
310 5272 511 5325 tradita
542 5281 665 5327 sunt
705 5274 812 5330 illis
839 5292 1079 5341 scrvare,
1122 5277 1451 5346 baptismata
1480 5281 1742 5349 calicum,

173 5370 219 5412 et
248 5378 566 5427 urceorum,
599 5376 650 5420 et
683 5380 1129 5435 :eramentorum,
1152 5380 1206 5425 et
1227 5372 1493 5428 lectorum
1527 5390 1542 5430 :
1570 5374 1744 5446 lusi,

172 5448 240 5521 6.]
270 5462 322 5505 et
377 5455 802 5526 interrogabant
857 5475 981 5515 cum
1035 5462 1327 5526 Pharisa'i,
1380 5474 1434 5519 ct
1494 5465 1740 5524 Scribat:

231 5594 244 5622 ¹
280 5591 523 5649 Verbum
563 5599 705 5649 vadit
765 5600 979 5655 videtur
1012 5602 1100 5657 hic
1123 5602 1431 5656 abundare.
1459 5604 1620 5658 Certe
1647 5622 1744 5657 ne-

170 5677 259 5784 ;jue
296 5666 346 5715 in
386 5667 454 5719 its
478 5678 593 5731 cst,
620 5669 819 5737 quibus
842 5673 1060 5738 utimur,
1088 5691 1245 5740 mss.,
1278 5690 1450 5745 neque
1475 5691 1525 5727 tn
1557 5678 1744 5730 Unico

189 5750 271 5784 Dat)
303 5748 474 5784 ιριιυ-

189 5750 271 5797 υδυ
303 5748 474 5791 ιειιυ.

1879 1907 1986 1944 non
2025 1892 2302 1946 dimittitis
2325 1908 2450 1947 eum
2492 1895 2787 1963 quidquam
2834 1895 3012 1949 facere
3041 1897 3179 1965 patri
3208 1911 3330 1962 suo,
3359 1908 3454 1952 aut

1880 1983 2461 2051 nmtriﬁrescindentes
2484 1987 2709 2040 verbum
2738 1987 2830 2041 Dei
2865 2002 2958 2057 per
2984 1987 3334 2041 traditionem
3354 2004 3448 2043 vc-

1875 2082 2068 2139 stram,
2132 2089 2295 2143 quam
2356 2076 2661 2130 tradidistis
2700 2094 2714 2129 :
2751 2088 2805 2129 et
2864 2078 3066 2131 similia
3128 2078 3446 2148 hujusmodi

1877 2163 2043 2217 multa
2077 2163 2273 2219 facitis.
2313 2165 2380 2220 Et
2416 2165 2689 2221 advocatis
2725 2168 2921 2222 iterum
2960 2169 3199 2233 turbam,
3230 2169 3451 2224 dicebat

1876 2254 2251 2313 illis:Audite
2304 2273 2414 2323 me,
2450 2274 2661 2324 omnes,
2705 2270 2760 2313 et
2808 2261 3131 2329 intelligite:
3172 2260 3315 2315 Nihil
3365 2273 3450 2316 est

1873 2352 2025 2397 extra
2063 2346 2337 2401 hominem
2364 2349 2632 2404 introicns
2667 2349 2720 2403 in
2750 2364 2899 2415 eum,
2942 2350 3086 2420 quod
3125 2351 3297 2420 possit
3321 2366 3446 2406 eum

1874 2437 2252 2507 coinquinare,
2280 2440 2372 2494 sed
2406 2456 2524 2509 qua!
2582 2443 2649 2496 de
2702 2441 2926 2496 homine
2984 2443 3323 2513 procedunt,
3359 2443 3448 2496 illa

1873 2524 2002 2584 sunt
2033 2545 2154 2598 quae
2185 2535 2591 2587 communicant
2634 2532 2937 2589 hominem.
2975 2534 3031 2589 Si
3101 2535 3225 2602 quis
3284 2533 3450 2587 habet.

1872 2634 2034 2673 aures
2063 2621 2342 2685 audiendi,
2385 2623 2592 2677 audiat.
2629 2621 2948 2695 [Lxxttt,6.]
2973 2622 3185 2678 Etcum
3224 2623 3451 2677 introis-

1870 2719 1997 2767 sent
2027 2715 2079 2766 in
2114 2712 2334 2768 domum
2362 2730 2391 2769 a
2423 2716 2601 2778 turba,
2638 2715 3052 2786 interrogabant
3096 2730 3224 2770 eum
3276 2714 3446 2769 disci‘

1872 2805 1979 2874 puli
2015 2806 2135 2875 ejus
2171 2807 2509 2875 parabolam.
2544 2809 2607 2862 Et
2638 2807 2715 2862 ait
2752 2808 2901 2862 illis:
2938 2807 3029 2863 Sic
3079 2815 3138 2862 et
3168 2820 3267 2860 vos
3324 2807 3440 2860 im-

1872 2895 2170 2964 prudentes
2209 2898 2384 2951 estis?
2432 2898 2549 2953 Non
2579 2898 2908 2969 intelligitis,
2968 2898 3094 2969 quia
3132 2911 3295 2951 omne
3343 2910 3439 2949 ex-

1870 2989 2143 3043 trinsecus
2184 2990 2453 3045 introiens
2507 2991 2561 3045 in
2612 2991 2915 3055 hominem,
2948 3005 3058 3044 non
3098 2997 3281 3059 potest
3313 3002 3439 3041 eum

1869 3083 2315 3135 communicare:
2351 3080 2478 3151 quia
2510 3098 2621 3135 non
2652 3082 2903 3136 intratin
2936 3096 3030 3137 cor
3058 3081 3198 3150 ejus,
3239 3077 3334 3133 sed
3387 3078 3443 3130 in

1868 3178 2113 3224 ventrem
2146 3170 2293 3225 vadit
2320 3171 2357 3233 ',
2385 3172 2511 3225 etin
2529 3186 2807 3226 secessum
2827 3170 2961 3235 exit,
2986 3184 3225 3240 purgans
3252 3182 3447 3221 omnes

1866 3263 2064 3316 escas?
2114 3262 2339 3318 Dicebat
2388 3272 2594 3329 autem,
2644 3265 2903 3333 quoniam
2941 3278 3063 3333 quae
3104 3261 3172 3315 de
3226 3260 3446 3315 homine

1866 3360 2090 3417 exeunt,
2127 3352 2217 3407 illa
2246 3354 2652 3407 communicant
2679 3352 2978 3407 hominem.
3019 3351 3100 3405 Ab
3124 3351 3271 3405 intus
3298 3350 3444 3403 enim

1867 3445 1935 3499 de
1973 3446 2139 3499 corde
2172 3444 2456 3500 hominum
2495 3445 2649 3498 malae.
2682 3444 3044 3515 cogitationes
3088 3441 3393 3512 procedunt
3429 3483 3443 3504 ,

1867 3534 2158 3600 adulteria,
2189 3534 2601 3599 lornicatiOnes,
2630 3534 2948 3599 homicidia,
2977 3532 3148 3595 lurta,
3181 3531 3443 3595 avaritize,

1868 3622 2143 3690 nequitiae,
2177 3623 2358 3683 dolus,
2395 3622 2777 3691 impudicitiae,
2814 3622 3011 3676 oculus
3043 3622 3239 3686 malus,
3290 3621 3443 3676 blas-

1867 3714 2104 3784 phemia,
2161 3713 2714 3782 superbia,stultitia.
2742 3712 2936 3767 Omnia
2958 3713 3072 3767 haec
3103 3712 3240 3765 mala
3269 3714 3337 3765 ab
3359 3714 3441 3765 in-

1867 3814 1955 3857 tus
1984 3809 2304 3872 procedunt,
2332 3814 2384 3857 et
2416 3804 2827 3857 communicant
2867 3803 3169 3856 hominem.
3201 3801 3265 3856 Et
3312 3803 3440 3857 inde

1865 3909 2097 3962 surgens
2124 3893 2260 3947 abiit
2286 3892 2339 3947 in
2371 3894 2507 3948 lines
2541 3892 2674 3962 Tyri
2699 3901 2754 3947 et
2786 3891 3007 3948 Sidonis
3035 3906 3050 3948 ε
3081 3900 3135 3946 et
3160 3893 3440 3962 ingressus

1868 3987 2111 4050 domum,
2153 3986 2431 4040 neminem
2470 3985 2642 4039 voluit
2682 3984 2855 4048 scire,
2892 3998 2948 4039 et
2983 4001 3091 4039 non
3140 3984 3315 4054 potuit
3360 3984 3443 4036 lat--

1871 4085 2005 4131 tere.
2040 4078 2233 4131 Mulier
2266 4077 2414 4133 enim
2450 4077 2631 4132 statim
2670 4088 2728 4133 ut
2754 4077 2965 4131 audivit
3008 4078 3076 4131 de
3132 4090 3221 4140 eo,
3285 4077 3443 4144 cujus

1869 4170 1976 4224 ﬁlia
2009 4169 2241 4224 habebat
2270 4170 2523 4238 spiritum
2555 4168 2925 4232 immundum,
2973 4168 3200 4223 intravit
3230 4176 3286 4222 et
3321 4185 3443 4235 pru-

1865 4260 2000 4316 cidit
2029 4260 2097 4313 ad
2130 4259 2298 4329 pedes
2346 4260 2490 4330 ejus.
2534 4259 2668 4313 Erat
2726 4265 2872 4314 enim
2940 4260 3138 4313 mulier
3199 4259 3439 4328 gentilis,

1872 4349 2290 4421 Syrophmnissa
2321 4366 2541 4420 genere.
2571 4350 2883 4423 [Lxxm,6.]
2916 4352 2981 4406 Et
3011 4350 3235 4420 rogabat
3287 4366 3441 4416 eum,

1792 4454 1836 4509 ι)
1871 4452 1930 4496 ut
1956 4443 2284 4496 daemonium
2321 4443 2547 4512 ejicerct
2577 4444 2642 4496 de
2690 4445 2799 4498 tilia
2832 4445 2970 4514 ejus.
3006 4444 3107 4510 Qui
3141 4444 3278 4499 dixit
3312 4445 3389 4499 illi
3423 4461 3440 4500 :

1872 4536 2004 4589 Sine
2040 4537 2192 4604 prius
2221 4535 2457 4588 saturari
2512 4537 2701 4591 lilios:
2748 4551 2855 4589 non
2902 4547 2984 4590 est
3030 4537 3177 4591 enim
3236 4538 3439 4591 bonum

1866 4640 2084 4679 sumere
2109 4640 2301 4695 panem
2337 4626 2593 4690 (illorum,
2633 4637 2686 4682 et
2722 4628 2938 4683 mittere
2962 4629 3212 4685 canibus.
3248 4630 3317 4683 At
3348 4631 3439 4684 illa

1868 4719 2175 4787 respondit,
2227 4729 2286 4774 et
2337 4719 2476 4775 dixit
2526 4720 2645 4776 illi:
2682 4720 2899 4791 Utique,
2932 4723 3183 4789 Domine,
3218 4740 3345 4780 nam
3381 4740 3437 4779 et

1861 4814 2040 4868 catelli
2093 4815 2387 4870 comedunt
2439 4818 2542 4871 sub
2577 4832 2764 4871 mensa
2805 4818 2871 4872 de
2912 4817 3069 4873 micis
3113 4834 3433 4889 puerorum.

1866 4903 1933 4957 Et
1959 4906 2034 4959 ait
2067 4906 2181 4961 illi:
2212 4907 2442 4975 PrOpter
2462 4907 2607 4962 hunc
2634 4922 2944 4963 sermonem
2978 4911 3136 4975 vade,
3167 4911 3429 4968 exiitdm-

1861 4998 2107 5051 monium
2141 5014 2170 5052 a
2203 5000 2310 5055 [ilia
2347 5009 2457 5055 tua.
2488 5003 2550 5055 Et
2585 5018 2708 5057 cum
2738 5004 2963 5063 abiisset
2992 5010 3214 5064 domum
3249 5028 3425 5075 suam,

1861 5090 2067 5145 invenit
2106 5092 2339 5161 puellam
2367 5093 2641 5162 jacentcm
2684 5111 2847 5167 supra
2878 5099 3116 5168 lectum;
3143 5112 3196 5156 ct
3231 5103 3431 5157 dmmo-

1859 5184 2009 5235 nium
2046 5184 2247 5237 exisse.
2294 5182 2501 5255 [LXXtV,
2536 5185 2649 5259 10].
2692 5189 2755 5243 Ει
2803 5189 3001 5245 iterum
3049 5194 3235 5247 exiens
3263 5193 3328 5245 de
3370 5192 3429 5244 li-

1858 5274 2017 5328 nibus
2049 5274 2197 5346 Tyri,
2230 5278 2379 5331 venit
2437 5294 2534 5347 per
2585 5279 2845 5337 Sidouem
2878 5283 2943 5337 ad
2988 5298 3136 5336 mare
3192 5282 3430 5336 Galilzrre

1859 5367 2003 5419 inter
2034 5367 2241 5421 medios
2276 5369 2410 5423 lines
2436 5371 2783 5441 Dccapoleos.
2819 5376 2881 5429 Et
2917 5374 3193 5427 adducunt
3223 5374 3272 5427 ci
3308 5390 3430 5427 sur-

1855 5459 1982 5513 dum
2002 5468 2057 5514 et
2091 5470 2325 5531 mutum,
2349 5472 2406 5518 et
2427 5465 2901 5533 deprecabantur'
2931 5482 3077 5528 cum,
3100 5476 3159 5519 ut
3182 5466 3432 5537 imponat

1914 5603 1932 5631 '
1953 5600 2112 5674 linus
2135 5602 2350 5674 Regium
2383 5620 2483 5658 ms.
2519 5604 2572 5658 in
2608 5605 2829 5663 instanti
2874 5606 3259 5674 deprecantur:
3289 5616 3348 5662 ut
3375 5614 3440 5663 et

1856 5671 1907 5726 in
1926 5673 2015 5725 Gr.
2030 5673 2453 5745 παρακαλοῦσιν.
