  <div class='ocr_page' id='page_1' title='image "/cluster/home/n/w/nwhite01/storage/ocr_20150623/29/hvd.32044096580519/329.png"; bbox 0 0 3880 6168; ppageno 0'>
   <div class='ocr_carea' id='block_1_1' title="bbox 426 352 549 416">
    <p class='ocr_par' dir='ltr' id='par_1_1' title="bbox 426 352 549 416">
     <span class='ocr_line' id='line_1_1' title="bbox 426 352 549 416; baseline 0 -1"><span class='ocrx_word' id='word_1_1' title='bbox 426 352 549 416; x_wconf 64' lang='grc'><strong>627</strong></span> 
     </span>
    </p>
   </div>
   <div class='ocr_carea' id='block_1_2' title="bbox 1316 353 2741 422">
    <p class='ocr_par' dir='ltr' id='par_1_2' title="bbox 1316 353 2741 422">
     <span class='ocr_line' id='line_1_2' title="bbox 1316 353 2741 422; baseline 0.004 -7"><span class='ocrx_word' id='word_1_2' title='bbox 1316 356 1377 415; x_wconf 84' lang='grc'><strong>5.</strong></span> <span class='ocrx_word' id='word_1_3' title='bbox 1419 353 1857 416; x_wconf 65' lang='grc' dir='ltr'><strong>ΗΙΕΒΟΝΥΜΙ</strong></span> <span class='ocrx_word' id='word_1_4' title='bbox 1902 353 2171 416; x_wconf 78' lang='lat' dir='ltr'><strong>DIVINA</strong></span> <span class='ocrx_word' id='word_1_5' title='bbox 2210 354 2741 422; x_wconf 73' lang='grc' dir='ltr'><strong>ΒίΒιιΟΤΗΕσΑ.</strong></span> 
     </span>
    </p>
   </div>
   <div class='ocr_carea' id='block_1_3' title="bbox 3525 358 3614 423">
    <p class='ocr_par' dir='ltr' id='par_1_3' title="bbox 3525 358 3614 423">
     <span class='ocr_line' id='line_1_3' title="bbox 3525 358 3614 423; baseline 0.022 -2"><span class='ocrx_word' id='word_1_6' title='bbox 3525 358 3614 423; x_wconf 71' lang='lat'><strong>6&#39;18</strong></span> 
     </span>
    </p>
   </div>
   <div class='ocr_carea' id='block_1_4' title="bbox 420 465 3614 541">
    <p class='ocr_par' dir='ltr' id='par_1_4' title="bbox 420 465 3614 541">
     <span class='ocr_line' id='line_1_4' title="bbox 420 465 3614 541; baseline 0.002 -22"><span class='ocrx_word' id='word_1_7' title='bbox 420 467 497 521; x_wconf 88' lang='lat' dir='ltr'><strong>illi</strong></span> <span class='ocrx_word' id='word_1_8' title='bbox 541 481 780 521; x_wconf 85' lang='lat' dir='ltr'><strong>manum.</strong></span> <span class='ocrx_word' id='word_1_9' title='bbox 811 465 873 520; x_wconf 84' lang='lat' dir='ltr'><strong>Et</strong></span> <span class='ocrx_word' id='word_1_10' title='bbox 926 466 1343 537; x_wconf 66' lang='lat' dir='ltr'><strong>apprehendens</strong></span> <span class='ocrx_word' id='word_1_11' title='bbox 1373 483 1497 523; x_wconf 76' lang='lat' dir='ltr'><strong>etnn</strong></span> <span class='ocrx_word' id='word_1_12' title='bbox 1529 468 1598 524; x_wconf 81' lang='lat' dir='ltr'><strong>de</strong></span> <span class='ocrx_word' id='word_1_13' title='bbox 1624 468 1788 524; x_wconf 81' lang='lat' dir='ltr'><strong>turba</strong></span> <span class='ocrx_word' id='word_1_14' title='bbox 1816 484 1978 524; x_wconf 74' lang='grc' dir='ltr'><strong>θεοτ-</strong></span> <span class='ocrx_word' id='word_1_15' title='bbox 2009 472 2052 528; x_wconf 77' lang='grc' dir='ltr'><strong>Δ</strong></span> <span class='ocrx_word' id='word_1_16' title='bbox 2086 468 2205 537; x_wconf 88' lang='lat' dir='ltr'><strong>ejus</strong></span> <span class='ocrx_word' id='word_1_17' title='bbox 2240 480 2337 526; x_wconf 89' lang='lat' dir='ltr'><strong>:et</strong></span> <span class='ocrx_word' id='word_1_18' title='bbox 2363 472 2531 541; x_wconf 79' lang='lat' dir='ltr'><strong>cmpit</strong></span> <span class='ocrx_word' id='word_1_19' title='bbox 2558 473 2768 535; x_wconf 81' lang='lat' dir='ltr'><strong>videre,</strong></span> <span class='ocrx_word' id='word_1_20' title='bbox 2786 478 2843 526; x_wconf 90' lang='lat' dir='ltr'><strong>et</strong></span> <span class='ocrx_word' id='word_1_21' title='bbox 2872 470 3163 526; x_wconf 76' lang='lat' dir='ltr'><strong>restitutus</strong></span> <span class='ocrx_word' id='word_1_22' title='bbox 3194 478 3279 525; x_wconf 83' lang='lat' dir='ltr'><strong>est</strong></span> <span class='ocrx_word' id='word_1_23' title='bbox 3305 468 3396 535; x_wconf 90' lang='lat' dir='ltr'><strong>ita,</strong></span> <span class='ocrx_word' id='word_1_24' title='bbox 3417 478 3470 523; x_wconf 87' lang='lat' dir='ltr'><strong>ut</strong></span> <span class='ocrx_word' id='word_1_25' title='bbox 3491 471 3614 527; x_wconf 85' lang='lat' dir='ltr'><strong>clare</strong></span> 
     </span>
    </p>
   </div>
   <div class='ocr_carea' id='block_1_5' title="bbox 418 558 1984 629">
    <p class='ocr_par' dir='ltr' id='par_1_5' title="bbox 418 558 1984 629">
     <span class='ocr_line' id='line_1_5' title="bbox 418 558 1984 629; baseline 0.001 -18"><span class='ocrx_word' id='word_1_26' title='bbox 418 574 565 622; x_wconf 80' lang='lat' dir='ltr'><strong>sum,</strong></span> <span class='ocrx_word' id='word_1_27' title='bbox 595 558 746 613; x_wconf 89' lang='lat' dir='ltr'><strong>misit</strong></span> <span class='ocrx_word' id='word_1_28' title='bbox 781 558 976 628; x_wconf 88' lang='lat' dir='ltr'><strong>digitos</strong></span> <span class='ocrx_word' id='word_1_29' title='bbox 1011 574 1140 612; x_wconf 87' lang='lat' dir='ltr'><strong>suos</strong></span> <span class='ocrx_word' id='word_1_30' title='bbox 1170 559 1225 612; x_wconf 88' lang='lat' dir='ltr'><strong>in</strong></span> <span class='ocrx_word' id='word_1_31' title='bbox 1261 559 1535 614; x_wconf 71' lang='lat' dir='ltr'><strong>auriculas</strong></span> <span class='ocrx_word' id='word_1_32' title='bbox 1572 559 1689 629; x_wconf 85' lang='lat' dir='ltr'><strong>ejus</strong></span> <span class='ocrx_word' id='word_1_33' title='bbox 1719 575 1736 618; x_wconf 85' lang='lat'><strong>:</strong></span> <span class='ocrx_word' id='word_1_34' title='bbox 1782 568 1841 615; x_wconf 90' lang='lat' dir='ltr'><strong>et</strong></span> <span class='ocrx_word' id='word_1_35' title='bbox 1889 575 1984 614; x_wconf 82' lang='lat' dir='ltr'><strong>ex-</strong></span> 
     </span>
    </p>
   </div>
   <div class='ocr_carea' id='block_1_6' title="bbox 420 649 1982 719">
    <p class='ocr_par' dir='ltr' id='par_1_6' title="bbox 420 649 1982 719">
     <span class='ocr_line' id='line_1_6' title="bbox 420 649 1982 719; baseline 0 -16"><span class='ocrx_word' id='word_1_36' title='bbox 420 664 646 718; x_wconf 79' lang='lat' dir='ltr'><strong>spuens,</strong></span> <span class='ocrx_word' id='word_1_37' title='bbox 667 649 845 718; x_wconf 85' lang='lat' dir='ltr'><strong>tetigit</strong></span> <span class='ocrx_word' id='word_1_38' title='bbox 864 649 1099 718; x_wconf 83' lang='lat' dir='ltr'><strong>linguam</strong></span> <span class='ocrx_word' id='word_1_39' title='bbox 1118 651 1251 719; x_wconf 86' lang='lat' dir='ltr'><strong>ejus.</strong></span> <span class='ocrx_word' id='word_1_40' title='bbox 1270 649 1335 703; x_wconf 79' lang='lat' dir='ltr'><strong>Et</strong></span> <span class='ocrx_word' id='word_1_41' title='bbox 1360 651 1661 719; x_wconf 78' lang='lat' dir='ltr'><strong>suspiciens</strong></span> <span class='ocrx_word' id='word_1_42' title='bbox 1681 651 1732 703; x_wconf 89' lang='lat' dir='ltr'><strong>in</strong></span> <span class='ocrx_word' id='word_1_43' title='bbox 1760 651 1982 716; x_wconf 67' lang='lat' dir='ltr'><strong>caelum,</strong></span> 
     </span>
    </p>
   </div>
   <div class='ocr_carea' id='block_1_7' title="bbox 425 739 1986 809">
    <p class='ocr_par' dir='ltr' id='par_1_7' title="bbox 425 739 1986 809">
     <span class='ocr_line' id='line_1_7' title="bbox 425 739 1986 809; baseline 0.001 -16"><span class='ocrx_word' id='word_1_44' title='bbox 425 741 705 808; x_wconf 76' lang='lat' dir='ltr'><strong>ingemuit,</strong></span> <span class='ocrx_word' id='word_1_45' title='bbox 732 749 793 793; x_wconf 84' lang='lat' dir='ltr'><strong>et</strong></span> <span class='ocrx_word' id='word_1_46' title='bbox 815 739 891 792; x_wconf 87' lang='lat' dir='ltr'><strong>ait</strong></span> <span class='ocrx_word' id='word_1_47' title='bbox 921 740 993 792; x_wconf 76' lang='lat' dir='ltr'><strong>illi</strong></span> <span class='ocrx_word' id='word_1_48' title='bbox 1027 757 1041 797; x_wconf 88' lang='lat'><strong>:</strong></span> <span class='ocrx_word' id='word_1_49' title='bbox 1085 740 1373 809; x_wconf 81' lang='lat' dir='ltr'><strong>Ephpheta</strong></span> <span class='ocrx_word' id='word_1_50' title='bbox 1403 779 1421 805; x_wconf 91' lang='lat'><strong>,</strong></span> <span class='ocrx_word' id='word_1_51' title='bbox 1491 740 1637 808; x_wconf 86' lang='lat' dir='ltr'><strong>quod</strong></span> <span class='ocrx_word' id='word_1_52' title='bbox 1676 749 1761 793; x_wconf 90' lang='lat' dir='ltr'><strong>est</strong></span> <span class='ocrx_word' id='word_1_53' title='bbox 1784 740 1986 806; x_wconf 77' lang='lat' dir='ltr'><strong>adape-</strong></span> 
     </span>
    </p>
   </div>
   <div class='ocr_carea' id='block_1_8' title="bbox 424 829 1983 899">
    <p class='ocr_par' dir='ltr' id='par_1_8' title="bbox 424 829 1983 899">
     <span class='ocr_line' id='line_1_8' title="bbox 424 829 1983 899; baseline 0.001 -18"><span class='ocrx_word' id='word_1_54' title='bbox 424 834 547 882; x_wconf 82' lang='lat' dir='ltr'><strong>rire.</strong></span> <span class='ocrx_word' id='word_1_55' title='bbox 580 829 646 883; x_wconf 85' lang='lat' dir='ltr'><strong>Et</strong></span> <span class='ocrx_word' id='word_1_56' title='bbox 674 831 857 883; x_wconf 81' lang='lat' dir='ltr'><strong>Statim</strong></span> <span class='ocrx_word' id='word_1_57' title='bbox 890 839 1091 898; x_wconf 71' lang='lat' dir='ltr'><strong>apertae</strong></span> <span class='ocrx_word' id='word_1_58' title='bbox 1122 840 1251 884; x_wconf 90' lang='lat' dir='ltr'><strong>sunt</strong></span> <span class='ocrx_word' id='word_1_59' title='bbox 1280 845 1445 884; x_wconf 88' lang='lat' dir='ltr'><strong>aures</strong></span> <span class='ocrx_word' id='word_1_60' title='bbox 1467 831 1611 899; x_wconf 87' lang='lat' dir='ltr'><strong>ejus,</strong></span> <span class='ocrx_word' id='word_1_61' title='bbox 1650 840 1705 884; x_wconf 92' lang='lat' dir='ltr'><strong>et</strong></span> <span class='ocrx_word' id='word_1_62' title='bbox 1742 832 1983 885; x_wconf 85' lang='lat' dir='ltr'><strong>solutum</strong></span> 
     </span>
    </p>
   </div>
   <div class='ocr_carea' id='block_1_9' title="bbox 424 917 1990 990">
    <p class='ocr_par' dir='ltr' id='par_1_9' title="bbox 424 917 1990 990">
     <span class='ocr_line' id='line_1_9' title="bbox 424 917 1990 990; baseline 0.001 -18"><span class='ocrx_word' id='word_1_63' title='bbox 424 932 506 973; x_wconf 80' lang='lat' dir='ltr'><strong>est</strong></span> <span class='ocrx_word' id='word_1_64' title='bbox 534 918 811 971; x_wconf 80' lang='lat' dir='ltr'><strong>vinculum</strong></span> <span class='ocrx_word' id='word_1_65' title='bbox 859 917 1059 989; x_wconf 72' lang='lat' dir='ltr'><strong>lingua:</strong></span> <span class='ocrx_word' id='word_1_66' title='bbox 1096 919 1235 990; x_wconf 85' lang='lat' dir='ltr'><strong>ejus,</strong></span> <span class='ocrx_word' id='word_1_67' title='bbox 1265 927 1322 972; x_wconf 86' lang='lat' dir='ltr'><strong>et</strong></span> <span class='ocrx_word' id='word_1_68' title='bbox 1356 920 1685 989; x_wconf 79' lang='lat' dir='ltr'><strong>loquebatur</strong></span> <span class='ocrx_word' id='word_1_69' title='bbox 1710 929 1879 974; x_wconf 86' lang='lat' dir='ltr'><strong>recte.</strong></span> <span class='ocrx_word' id='word_1_70' title='bbox 1920 921 1990 974; x_wconf 81' lang='lat' dir='ltr'><strong>Et</strong></span> 
     </span>
    </p>
   </div>
   <div class='ocr_carea' id='block_1_10' title="bbox 426 1008 1991 1081">
    <p class='ocr_par' dir='ltr' id='par_1_10' title="bbox 426 1008 1991 1081">
     <span class='ocr_line' id='line_1_10' title="bbox 426 1008 1991 1081; baseline 0.003 -22"><span class='ocrx_word' id='word_1_71' title='bbox 426 1009 681 1077; x_wconf 64' lang='lat' dir='ltr'><strong>pra’cepit</strong></span> <span class='ocrx_word' id='word_1_72' title='bbox 710 1008 836 1075; x_wconf 86' lang='lat' dir='ltr'><strong>illis,</strong></span> <span class='ocrx_word' id='word_1_73' title='bbox 867 1024 935 1061; x_wconf 88' lang='lat' dir='ltr'><strong>ne</strong></span> <span class='ocrx_word' id='word_1_74' title='bbox 995 1009 1082 1063; x_wconf 92' lang='lat' dir='ltr'><strong>cui</strong></span> <span class='ocrx_word' id='word_1_75' title='bbox 1121 1009 1386 1063; x_wconf 90' lang='lat' dir='ltr'><strong>dicerent.</strong></span> <span class='ocrx_word' id='word_1_76' title='bbox 1432 1009 1615 1081; x_wconf 70' lang='lat' dir='ltr'><strong>Iun,</strong></span> <span class='ocrx_word' id='word_1_77' title='bbox 1663 1009 1743 1081; x_wconf 75' lang='grc'><strong>8.]</strong></span> <span class='ocrx_word' id='word_1_78' title='bbox 1779 1010 1991 1076; x_wconf 85' lang='lat' dir='ltr'><strong>Quanto</strong></span> 
     </span>
    </p>
   </div>
   <div class='ocr_carea' id='block_1_11' title="bbox 424 1098 1993 1169">
    <p class='ocr_par' dir='ltr' id='par_1_11' title="bbox 424 1098 1993 1169">
     <span class='ocr_line' id='line_1_11' title="bbox 424 1098 1993 1169; baseline 0.001 -18"><span class='ocrx_word' id='word_1_79' title='bbox 424 1108 605 1151; x_wconf 89' lang='lat' dir='ltr'><strong>autem</strong></span> <span class='ocrx_word' id='word_1_80' title='bbox 640 1098 719 1152; x_wconf 91' lang='lat' dir='ltr'><strong>eis</strong></span> <span class='ocrx_word' id='word_1_81' title='bbox 747 1098 1119 1167; x_wconf 63' lang='lat' dir='ltr'><strong>prmcipiebat,</strong></span> <span class='ocrx_word' id='word_1_82' title='bbox 1151 1105 1302 1154; x_wconf 87' lang='lat' dir='ltr'><strong>tanto</strong></span> <span class='ocrx_word' id='word_1_83' title='bbox 1343 1100 1516 1169; x_wconf 85' lang='lat' dir='ltr'><strong>magis</strong></span> <span class='ocrx_word' id='word_1_84' title='bbox 1565 1100 1685 1167; x_wconf 85' lang='lat' dir='ltr'><strong>plus</strong></span> <span class='ocrx_word' id='word_1_85' title='bbox 1736 1099 1993 1166; x_wconf 61' lang='lat' dir='ltr'><strong>praedica-</strong></span> 
     </span>
    </p>
   </div>
   <div class='ocr_carea' id='block_1_12' title="bbox 423 1188 1991 1257">
    <p class='ocr_par' dir='ltr' id='par_1_12' title="bbox 423 1188 1991 1257">
     <span class='ocr_line' id='line_1_12' title="bbox 423 1188 1991 1257; baseline -0.001 -18"><span class='ocrx_word' id='word_1_86' title='bbox 423 1189 595 1241; x_wconf 82' lang='lat' dir='ltr'><strong>bant:</strong></span> <span class='ocrx_word' id='word_1_87' title='bbox 655 1196 709 1243; x_wconf 89' lang='lat' dir='ltr'><strong>et</strong></span> <span class='ocrx_word' id='word_1_88' title='bbox 770 1202 837 1241; x_wconf 91' lang='lat' dir='ltr'><strong>eo</strong></span> <span class='ocrx_word' id='word_1_89' title='bbox 895 1188 1127 1257; x_wconf 83' lang='lat' dir='ltr'><strong>amplius</strong></span> <span class='ocrx_word' id='word_1_90' title='bbox 1181 1188 1643 1252; x_wconf 85' lang='lat' dir='ltr'><strong>admirabuntur,</strong></span> <span class='ocrx_word' id='word_1_91' title='bbox 1704 1188 1991 1241; x_wconf 76' lang='lat' dir='ltr'><strong>dicentes:</strong></span> 
     </span>
    </p>
   </div>
   <div class='ocr_carea' id='block_1_13' title="bbox 427 1277 1993 1351">
    <p class='ocr_par' dir='ltr' id='par_1_13' title="bbox 427 1277 1993 1351">
     <span class='ocr_line' id='line_1_13' title="bbox 427 1277 1993 1351; baseline 0 -20"><span class='ocrx_word' id='word_1_92' title='bbox 427 1278 632 1349; x_wconf 57' lang='grc' dir='ltr'><strong>[ιλινι.</strong></span> <span class='ocrx_word' id='word_1_93' title='bbox 675 1278 754 1351; x_wconf 78' lang='lat'><strong>6.]</strong></span> <span class='ocrx_word' id='word_1_94' title='bbox 784 1279 927 1334; x_wconf 83' lang='lat' dir='ltr'><strong>Bene</strong></span> <span class='ocrx_word' id='word_1_95' title='bbox 953 1280 1137 1334; x_wconf 81' lang='lat' dir='ltr'><strong>omnia</strong></span> <span class='ocrx_word' id='word_1_96' title='bbox 1169 1277 1296 1335; x_wconf 78' lang='lat' dir='ltr'><strong>fecit</strong></span> <span class='ocrx_word' id='word_1_97' title='bbox 1328 1296 1343 1337; x_wconf 82' lang='lat'><strong>:</strong></span> <span class='ocrx_word' id='word_1_98' title='bbox 1375 1288 1432 1334; x_wconf 83' lang='lat' dir='ltr'><strong>et</strong></span> <span class='ocrx_word' id='word_1_99' title='bbox 1464 1280 1664 1335; x_wconf 85' lang='lat' dir='ltr'><strong>surdos</strong></span> <span class='ocrx_word' id='word_1_100' title='bbox 1709 1277 1839 1333; x_wconf 82' lang='lat' dir='ltr'><strong>fecit</strong></span> <span class='ocrx_word' id='word_1_101' title='bbox 1893 1294 1993 1331; x_wconf 88' lang='lat' dir='ltr'><strong>au-</strong></span> 
     </span>
    </p>
   </div>
   <div class='ocr_carea' id='block_1_14' title="bbox 434 1371 1052 1442">
    <p class='ocr_par' dir='ltr' id='par_1_14' title="bbox 434 1371 1052 1442">
     <span class='ocr_line' id='line_1_14' title="bbox 434 1371 1052 1442; baseline -0.002 -17"><span class='ocrx_word' id='word_1_102' title='bbox 434 1372 575 1435; x_wconf 88' lang='lat' dir='ltr'><strong>dire,</strong></span> <span class='ocrx_word' id='word_1_103' title='bbox 598 1380 653 1426; x_wconf 92' lang='lat' dir='ltr'><strong>et</strong></span> <span class='ocrx_word' id='word_1_104' title='bbox 670 1380 856 1426; x_wconf 88' lang='lat' dir='ltr'><strong>mutos</strong></span> <span class='ocrx_word' id='word_1_105' title='bbox 882 1371 1052 1442; x_wconf 85' lang='lat' dir='ltr'><strong>loqui.</strong></span> 
     </span>
    </p>
   </div>
   <div class='ocr_carea' id='block_1_15' title="bbox 501 1459 1999 1535">
    <p class='ocr_par' dir='ltr' id='par_1_15' title="bbox 501 1459 1999 1535">
     <span class='ocr_line' id='line_1_15' title="bbox 501 1459 1999 1535; baseline 0 -21"><span class='ocrx_word' id='word_1_106' title='bbox 501 1459 658 1533; x_wconf 84' lang='lat' dir='ltr'><strong>[Cap.</strong></span> <span class='ocrx_word' id='word_1_107' title='bbox 694 1459 861 1535; x_wconf 50' lang='grc' dir='ltr'><strong>νηί]</strong></span> <span class='ocrx_word' id='word_1_108' title='bbox 910 1462 968 1517; x_wconf 85' lang='lat' dir='ltr'><strong>In</strong></span> <span class='ocrx_word' id='word_1_109' title='bbox 1021 1462 1215 1519; x_wconf 84' lang='lat' dir='ltr'><strong>diebus</strong></span> <span class='ocrx_word' id='word_1_110' title='bbox 1271 1462 1380 1518; x_wconf 84' lang='lat' dir='ltr'><strong>illis</strong></span> <span class='ocrx_word' id='word_1_111' title='bbox 1417 1462 1613 1517; x_wconf 77' lang='lat' dir='ltr'><strong>iterum</strong></span> <span class='ocrx_word' id='word_1_112' title='bbox 1662 1477 1782 1516; x_wconf 91' lang='lat' dir='ltr'><strong>cum</strong></span> <span class='ocrx_word' id='word_1_113' title='bbox 1840 1460 1999 1515; x_wconf 89' lang='lat' dir='ltr'><strong>turba</strong></span> 
     </span>
    </p>
   </div>
   <div class='ocr_carea' id='block_1_16' title="bbox 435 1553 2002 1624">
    <p class='ocr_par' dir='ltr' id='par_1_16' title="bbox 435 1553 2002 1624">
     <span class='ocr_line' id='line_1_16' title="bbox 435 1553 2002 1624; baseline -0.001 -17"><span class='ocrx_word' id='word_1_114' title='bbox 435 1553 607 1607; x_wconf 85' lang='lat' dir='ltr'><strong>multa</strong></span> <span class='ocrx_word' id='word_1_115' title='bbox 633 1564 803 1618; x_wconf 88' lang='lat' dir='ltr'><strong>esset,</strong></span> <span class='ocrx_word' id='word_1_116' title='bbox 831 1568 934 1609; x_wconf 90' lang='lat' dir='ltr'><strong>nec</strong></span> <span class='ocrx_word' id='word_1_117' title='bbox 954 1554 1242 1618; x_wconf 85' lang='lat' dir='ltr'><strong>haberent,</strong></span> <span class='ocrx_word' id='word_1_118' title='bbox 1273 1554 1417 1624; x_wconf 91' lang='lat' dir='ltr'><strong>quod</strong></span> <span class='ocrx_word' id='word_1_119' title='bbox 1441 1555 1854 1616; x_wconf 91' lang='lat' dir='ltr'><strong>manducarent,</strong></span> <span class='ocrx_word' id='word_1_120' title='bbox 1872 1567 2002 1605; x_wconf 88' lang='lat' dir='ltr'><strong>con-</strong></span> 
     </span>
    </p>
   </div>
   <div class='ocr_carea' id='block_1_17' title="bbox 438 1641 1999 1709">
    <p class='ocr_par' dir='ltr' id='par_1_17' title="bbox 438 1641 1999 1709">
     <span class='ocr_line' id='line_1_17' title="bbox 438 1641 1999 1709; baseline 0 -17"><span class='ocrx_word' id='word_1_121' title='bbox 438 1644 644 1696; x_wconf 79' lang='lat' dir='ltr'><strong>vocatis</strong></span> <span class='ocrx_word' id='word_1_122' title='bbox 701 1642 1003 1709; x_wconf 87' lang='lat' dir='ltr'><strong>discipulis,</strong></span> <span class='ocrx_word' id='word_1_123' title='bbox 1055 1643 1133 1697; x_wconf 83' lang='lat' dir='ltr'><strong>ait</strong></span> <span class='ocrx_word' id='word_1_124' title='bbox 1187 1642 1295 1698; x_wconf 88' lang='lat' dir='ltr'><strong>illis</strong></span> <span class='ocrx_word' id='word_1_125' title='bbox 1336 1658 1354 1697; x_wconf 90' lang='lat'><strong>:</strong></span> <span class='ocrx_word' id='word_1_126' title='bbox 1387 1641 1651 1696; x_wconf 77' lang='lat' dir='ltr'><strong>Misereor</strong></span> <span class='ocrx_word' id='word_1_127' title='bbox 1686 1655 1848 1709; x_wconf 89' lang='lat' dir='ltr'><strong>super</strong></span> <span class='ocrx_word' id='word_1_128' title='bbox 1873 1648 1999 1693; x_wconf 85' lang='lat' dir='ltr'><strong>tur—</strong></span> 
     </span>
    </p>
   </div>
   <div class='ocr_carea' id='block_1_18' title="bbox 438 1730 2004 1804">
    <p class='ocr_par' dir='ltr' id='par_1_18' title="bbox 438 1730 2004 1804">
     <span class='ocr_line' id='line_1_18' title="bbox 438 1730 2004 1804; baseline -0.003 -17"><span class='ocrx_word' id='word_1_129' title='bbox 438 1732 560 1787; x_wconf 81' lang='lat' dir='ltr'><strong>bam</strong></span> <span class='ocrx_word' id='word_1_130' title='bbox 594 1746 608 1783; x_wconf 90' lang='lat'><strong>:</strong></span> <span class='ocrx_word' id='word_1_131' title='bbox 645 1733 771 1802; x_wconf 82' lang='lat' dir='ltr'><strong>quia</strong></span> <span class='ocrx_word' id='word_1_132' title='bbox 802 1748 932 1789; x_wconf 83' lang='lat' dir='ltr'><strong>ecce</strong></span> <span class='ocrx_word' id='word_1_133' title='bbox 958 1735 1070 1804; x_wconf 79' lang='lat' dir='ltr'><strong>jam</strong></span> <span class='ocrx_word' id='word_1_134' title='bbox 1128 1734 1309 1788; x_wconf 85' lang='lat' dir='ltr'><strong>triduo</strong></span> <span class='ocrx_word' id='word_1_135' title='bbox 1340 1733 1608 1788; x_wconf 87' lang='lat' dir='ltr'><strong>sustinent</strong></span> <span class='ocrx_word' id='word_1_136' title='bbox 1653 1746 1760 1794; x_wconf 86' lang='lat' dir='ltr'><strong>me,</strong></span> <span class='ocrx_word' id='word_1_137' title='bbox 1785 1745 1885 1784; x_wconf 91' lang='lat' dir='ltr'><strong>nec</strong></span> <span class='ocrx_word' id='word_1_138' title='bbox 1912 1730 2004 1783; x_wconf 88' lang='lat' dir='ltr'><strong>ha-</strong></span> 
     </span>
    </p>
   </div>
   <div class='ocr_carea' id='block_1_19' title="bbox 436 1826 1163 1895">
    <p class='ocr_par' dir='ltr' id='par_1_19' title="bbox 436 1826 1163 1895">
     <span class='ocr_line' id='line_1_19' title="bbox 436 1826 1163 1895; baseline -0.003 -15"><span class='ocrx_word' id='word_1_139' title='bbox 436 1827 569 1880; x_wconf 83' lang='lat' dir='ltr'><strong>bent</strong></span> <span class='ocrx_word' id='word_1_140' title='bbox 598 1826 741 1895; x_wconf 81' lang='lat' dir='ltr'><strong>quod</strong></span> <span class='ocrx_word' id='word_1_141' title='bbox 772 1827 1101 1881; x_wconf 84' lang='lat' dir='ltr'><strong>manducent</strong></span> <span class='ocrx_word' id='word_1_142' title='bbox 1146 1840 1163 1885; x_wconf 82' lang='lat'><strong>;</strong></span> 
     </span>
    </p>
   </div>
   <div class='ocr_carea' id='block_1_20' title="bbox 434 1913 1997 1985">
    <p class='ocr_par' dir='ltr' id='par_1_20' title="bbox 434 1913 1997 1985">
     <span class='ocr_line' id='line_1_20' title="bbox 434 1913 1997 1985; baseline -0.003 -16"><span class='ocrx_word' id='word_1_143' title='bbox 434 1919 489 1971; x_wconf 90' lang='lat' dir='ltr'><strong>in</strong></span> <span class='ocrx_word' id='word_1_144' title='bbox 524 1919 741 1973; x_wconf 80' lang='lat' dir='ltr'><strong>domum</strong></span> <span class='ocrx_word' id='word_1_145' title='bbox 764 1933 939 1985; x_wconf 88' lang='lat' dir='ltr'><strong>suam,</strong></span> <span class='ocrx_word' id='word_1_146' title='bbox 968 1916 1227 1972; x_wconf 82' lang='lat' dir='ltr'><strong>deﬁcient</strong></span> <span class='ocrx_word' id='word_1_147' title='bbox 1248 1917 1300 1970; x_wconf 94' lang='lat' dir='ltr'><strong>in</strong></span> <span class='ocrx_word' id='word_1_148' title='bbox 1336 1916 1424 1970; x_wconf 86' lang='lat' dir='ltr'><strong>via</strong></span> <span class='ocrx_word' id='word_1_149' title='bbox 1463 1931 1478 1973; x_wconf 84' lang='lat'><strong>:</strong></span> <span class='ocrx_word' id='word_1_150' title='bbox 1509 1915 1729 1984; x_wconf 86' lang='lat' dir='ltr'><strong>quidem</strong></span> <span class='ocrx_word' id='word_1_151' title='bbox 1762 1913 1907 1966; x_wconf 89' lang='lat' dir='ltr'><strong>enim</strong></span> <span class='ocrx_word' id='word_1_152' title='bbox 1931 1927 1997 1966; x_wconf 79' lang='lat' dir='ltr'><strong>ex</strong></span> 
     </span>
    </p>
   </div>
   <div class='ocr_carea' id='block_1_21' title="bbox 434 1998 2001 2078">
    <p class='ocr_par' dir='ltr' id='par_1_21' title="bbox 434 1998 2001 2078">
     <span class='ocr_line' id='line_1_21' title="bbox 434 1998 2001 2078; baseline -0.001 -19"><span class='ocrx_word' id='word_1_153' title='bbox 434 2010 520 2063; x_wconf 63' lang='lat' dir='ltr'><strong>vis</strong></span> <span class='ocrx_word' id='word_1_154' title='bbox 540 1998 608 2063; x_wconf 87' lang='lat' dir='ltr'><strong>de</strong></span> <span class='ocrx_word' id='word_1_155' title='bbox 635 2009 793 2078; x_wconf 78' lang='lat' dir='ltr'><strong>longe</strong></span> <span class='ocrx_word' id='word_1_156' title='bbox 816 2017 1105 2063; x_wconf 80' lang='lat' dir='ltr'><strong>venerunt.</strong></span> <span class='ocrx_word' id='word_1_157' title='bbox 1140 2008 1208 2062; x_wconf 86' lang='lat' dir='ltr'><strong>Et</strong></span> <span class='ocrx_word' id='word_1_158' title='bbox 1239 2008 1644 2076; x_wconf 86' lang='lat' dir='ltr'><strong>responderunt</strong></span> <span class='ocrx_word' id='word_1_159' title='bbox 1672 2007 1725 2061; x_wconf 86' lang='lat' dir='ltr'><strong>ei</strong></span> <span class='ocrx_word' id='word_1_160' title='bbox 1746 2005 2001 2074; x_wconf 87' lang='lat' dir='ltr'><strong>discipuli</strong></span> 
     </span>
    </p>
   </div>
   <div class='ocr_carea' id='block_1_22' title="bbox 435 2096 2054 2169">
    <p class='ocr_par' dir='ltr' id='par_1_22' title="bbox 435 2096 2054 2169">
     <span class='ocr_line' id='line_1_22' title="bbox 435 2096 2054 2169; baseline -0.002 -14"><span class='ocrx_word' id='word_1_161' title='bbox 435 2101 522 2155; x_wconf 85' lang='lat' dir='ltr'><strong>sui</strong></span> <span class='ocrx_word' id='word_1_162' title='bbox 562 2116 577 2157; x_wconf 88' lang='lat'><strong>:</strong></span> <span class='ocrx_word' id='word_1_163' title='bbox 609 2100 762 2156; x_wconf 84' lang='lat' dir='ltr'><strong>Unde</strong></span> <span class='ocrx_word' id='word_1_164' title='bbox 786 2100 908 2154; x_wconf 87' lang='lat' dir='ltr'><strong>illos</strong></span> <span class='ocrx_word' id='word_1_165' title='bbox 969 2099 1091 2167; x_wconf 88' lang='lat' dir='ltr'><strong>quis</strong></span> <span class='ocrx_word' id='word_1_166' title='bbox 1117 2098 1319 2169; x_wconf 86' lang='lat' dir='ltr'><strong>poterit</strong></span> <span class='ocrx_word' id='word_1_167' title='bbox 1353 2098 1441 2151; x_wconf 82' lang='lat' dir='ltr'><strong>hic</strong></span> <span class='ocrx_word' id='word_1_168' title='bbox 1469 2108 1717 2151; x_wconf 86' lang='lat' dir='ltr'><strong>saturare</strong></span> <span class='ocrx_word' id='word_1_169' title='bbox 1768 2096 2002 2165; x_wconf 87' lang='lat' dir='ltr'><strong>panibus</strong></span> <span class='ocrx_word' id='word_1_170' title='bbox 2048 2098 2054 2104; x_wconf 85' lang='lat'>&#39;</span> 
     </span>
    </p>
   </div>
   <div class='ocr_carea' id='block_1_23' title="bbox 438 2187 2003 2260">
    <p class='ocr_par' dir='ltr' id='par_1_23' title="bbox 438 2187 2003 2260">
     <span class='ocr_line' id='line_1_23' title="bbox 438 2187 2003 2260; baseline -0.001 -18"><span class='ocrx_word' id='word_1_171' title='bbox 438 2195 490 2244; x_wconf 88' lang='lat' dir='ltr'><strong>in</strong></span> <span class='ocrx_word' id='word_1_172' title='bbox 517 2191 851 2246; x_wconf 85' lang='lat' dir='ltr'><strong>solitudine?</strong></span> <span class='ocrx_word' id='word_1_173' title='bbox 882 2189 946 2243; x_wconf 87' lang='lat' dir='ltr'><strong>Et</strong></span> <span class='ocrx_word' id='word_1_174' title='bbox 981 2190 1337 2260; x_wconf 80' lang='lat' dir='ltr'><strong>interrogavit</strong></span> <span class='ocrx_word' id='word_1_175' title='bbox 1367 2204 1462 2244; x_wconf 81' lang='lat' dir='ltr'><strong>eos</strong></span> <span class='ocrx_word' id='word_1_176' title='bbox 1498 2188 1681 2255; x_wconf 82' lang='lat' dir='ltr'><strong>:Quot</strong></span> <span class='ocrx_word' id='word_1_177' title='bbox 1709 2203 1880 2257; x_wconf 88' lang='lat' dir='ltr'><strong>panes</strong></span> <span class='ocrx_word' id='word_1_178' title='bbox 1902 2187 2003 2240; x_wconf 75' lang='lat' dir='ltr'><strong>ha-</strong></span> 
     </span>
    </p>
   </div>
   <div class='ocr_carea' id='block_1_24' title="bbox 436 2277 2006 2350">
    <p class='ocr_par' dir='ltr' id='par_1_24' title="bbox 436 2277 2006 2350">
     <span class='ocr_line' id='line_1_24' title="bbox 436 2277 2006 2350; baseline -0.002 -15"><span class='ocrx_word' id='word_1_179' title='bbox 436 2282 740 2347; x_wconf 78' lang='lat' dir='ltr'><strong>betis?Qui</strong></span> <span class='ocrx_word' id='word_1_180' title='bbox 792 2281 1044 2336; x_wconf 78' lang='lat' dir='ltr'><strong>dixerunt</strong></span> <span class='ocrx_word' id='word_1_181' title='bbox 1097 2279 1381 2349; x_wconf 88' lang='lat' dir='ltr'><strong>:Septem.</strong></span> <span class='ocrx_word' id='word_1_182' title='bbox 1431 2279 1492 2334; x_wconf 86' lang='lat' dir='ltr'><strong>Et</strong></span> <span class='ocrx_word' id='word_1_183' title='bbox 1521 2277 1784 2350; x_wconf 68' lang='lat' dir='ltr'><strong>praecepit</strong></span> <span class='ocrx_word' id='word_1_184' title='bbox 1833 2279 2006 2332; x_wconf 64' lang='lat' dir='ltr'><strong>turbae</strong></span> 
     </span>
    </p>
   </div>
   <div class='ocr_carea' id='block_1_25' title="bbox 438 2372 2008 2441">
    <p class='ocr_par' dir='ltr' id='par_1_25' title="bbox 438 2372 2008 2441">
     <span class='ocr_line' id='line_1_25' title="bbox 438 2372 2008 2441; baseline -0.003 -16"><span class='ocrx_word' id='word_1_185' title='bbox 438 2374 785 2428; x_wconf 79' lang='lat' dir='ltr'><strong>discumbere</strong></span> <span class='ocrx_word' id='word_1_186' title='bbox 810 2386 979 2441; x_wconf 81' lang='lat' dir='ltr'><strong>super</strong></span> <span class='ocrx_word' id='word_1_187' title='bbox 1009 2380 1229 2427; x_wconf 87' lang='lat' dir='ltr'><strong>terram.</strong></span> <span class='ocrx_word' id='word_1_188' title='bbox 1258 2372 1326 2425; x_wconf 85' lang='lat' dir='ltr'><strong>Et</strong></span> <span class='ocrx_word' id='word_1_189' title='bbox 1357 2372 1635 2440; x_wconf 88' lang='lat' dir='ltr'><strong>accipiens</strong></span> <span class='ocrx_word' id='word_1_190' title='bbox 1667 2380 1874 2438; x_wconf 80' lang='lat' dir='ltr'><strong>septem</strong></span> <span class='ocrx_word' id='word_1_191' title='bbox 1904 2383 2008 2439; x_wconf 84' lang='lat' dir='ltr'><strong>pa-</strong></span> 
     </span>
    </p>
   </div>
   <div class='ocr_carea' id='block_1_26' title="bbox 441 2459 2003 2534">
    <p class='ocr_par' dir='ltr' id='par_1_26' title="bbox 441 2459 2003 2534">
     <span class='ocr_line' id='line_1_26' title="bbox 441 2459 2003 2534; baseline -0.004 -17"><span class='ocrx_word' id='word_1_192' title='bbox 441 2480 563 2529; x_wconf 81' lang='lat' dir='ltr'><strong>nes,</strong></span> <span class='ocrx_word' id='word_1_193' title='bbox 598 2463 801 2534; x_wconf 89' lang='lat' dir='ltr'><strong>gratias</strong></span> <span class='ocrx_word' id='word_1_194' title='bbox 844 2477 1011 2531; x_wconf 89' lang='lat' dir='ltr'><strong>agens</strong></span> <span class='ocrx_word' id='word_1_195' title='bbox 1064 2460 1244 2531; x_wconf 80' lang='lat' dir='ltr'><strong>fregit,</strong></span> <span class='ocrx_word' id='word_1_196' title='bbox 1281 2471 1335 2515; x_wconf 92' lang='lat' dir='ltr'><strong>et</strong></span> <span class='ocrx_word' id='word_1_197' title='bbox 1366 2462 1529 2515; x_wconf 83' lang='lat' dir='ltr'><strong>dabat</strong></span> <span class='ocrx_word' id='word_1_198' title='bbox 1556 2460 1836 2529; x_wconf 85' lang='lat' dir='ltr'><strong>discipulis</strong></span> <span class='ocrx_word' id='word_1_199' title='bbox 1866 2459 2003 2522; x_wconf 90' lang='lat' dir='ltr'><strong>suis,</strong></span> 
     </span>
    </p>
   </div>
   <div class='ocr_carea' id='block_1_27' title="bbox 441 2550 2009 2622">
    <p class='ocr_par' dir='ltr' id='par_1_27' title="bbox 441 2550 2009 2622">
     <span class='ocr_line' id='line_1_27' title="bbox 441 2550 2009 2622; baseline -0.001 -19"><span class='ocrx_word' id='word_1_200' title='bbox 441 2564 498 2608; x_wconf 80' lang='lat' dir='ltr'><strong>nt</strong></span> <span class='ocrx_word' id='word_1_201' title='bbox 523 2562 883 2622; x_wconf 90' lang='lat' dir='ltr'><strong>apponerent,</strong></span> <span class='ocrx_word' id='word_1_202' title='bbox 919 2562 975 2606; x_wconf 88' lang='lat' dir='ltr'><strong>et</strong></span> <span class='ocrx_word' id='word_1_203' title='bbox 1003 2562 1374 2622; x_wconf 73' lang='lat' dir='ltr'><strong>apposueram</strong></span> <span class='ocrx_word' id='word_1_204' title='bbox 1425 2553 1617 2606; x_wconf 60' lang='lat' dir='ltr'><strong>turbat.</strong></span> <span class='ocrx_word' id='word_1_205' title='bbox 1642 2551 1709 2605; x_wconf 86' lang='lat' dir='ltr'><strong>Et</strong></span> <span class='ocrx_word' id='word_1_206' title='bbox 1738 2550 2009 2605; x_wconf 83' lang='lat' dir='ltr'><strong>habebant</strong></span> 
     </span>
    </p>
   </div>
   <div class='ocr_carea' id='block_1_28' title="bbox 442 2642 2010 2715">
    <p class='ocr_par' dir='ltr' id='par_1_28' title="bbox 442 2642 2010 2715">
     <span class='ocr_line' id='line_1_28' title="bbox 442 2642 2010 2715; baseline 0.001 -22"><span class='ocrx_word' id='word_1_207' title='bbox 442 2645 738 2715; x_wconf 79' lang='lat' dir='ltr'><strong>pisciculos</strong></span> <span class='ocrx_word' id='word_1_208' title='bbox 771 2660 973 2715; x_wconf 84' lang='lat' dir='ltr'><strong>paucos</strong></span> <span class='ocrx_word' id='word_1_209' title='bbox 998 2660 1013 2697; x_wconf 95' lang='lat'><strong>:</strong></span> <span class='ocrx_word' id='word_1_210' title='bbox 1038 2656 1092 2699; x_wconf 90' lang='lat' dir='ltr'><strong>et</strong></span> <span class='ocrx_word' id='word_1_211' title='bbox 1143 2645 1293 2713; x_wconf 80' lang='lat' dir='ltr'><strong>ipsos</strong></span> <span class='ocrx_word' id='word_1_212' title='bbox 1323 2644 1615 2709; x_wconf 79' lang='lat' dir='ltr'><strong>benedixit,</strong></span> <span class='ocrx_word' id='word_1_213' title='bbox 1643 2653 1699 2697; x_wconf 89' lang='lat' dir='ltr'><strong>et</strong></span> <span class='ocrx_word' id='word_1_214' title='bbox 1726 2642 1887 2713; x_wconf 88' lang='lat' dir='ltr'><strong>jussit</strong></span> <span class='ocrx_word' id='word_1_215' title='bbox 1913 2657 2010 2710; x_wconf 85' lang='lat' dir='ltr'><strong>ap-</strong></span> 
     </span>
    </p>
   </div>
   <div class='ocr_carea' id='block_1_29' title="bbox 443 2735 2031 2804">
    <p class='ocr_par' dir='ltr' id='par_1_29' title="bbox 443 2735 2031 2804">
     <span class='ocr_line' id='line_1_29' title="bbox 443 2735 2031 2804; baseline -0.004 -16"><span class='ocrx_word' id='word_1_216' title='bbox 443 2736 590 2804; x_wconf 89' lang='lat' dir='ltr'><strong>poni.</strong></span> <span class='ocrx_word' id='word_1_217' title='bbox 625 2736 688 2790; x_wconf 86' lang='lat' dir='ltr'><strong>Et</strong></span> <span class='ocrx_word' id='word_1_218' title='bbox 722 2737 1208 2800; x_wconf 87' lang='lat' dir='ltr'><strong>manducaverunt,</strong></span> <span class='ocrx_word' id='word_1_219' title='bbox 1247 2744 1304 2789; x_wconf 91' lang='lat' dir='ltr'><strong>et</strong></span> <span class='ocrx_word' id='word_1_220' title='bbox 1328 2735 1553 2789; x_wconf 89' lang='lat' dir='ltr'><strong>saturati</strong></span> <span class='ocrx_word' id='word_1_221' title='bbox 1582 2744 1728 2799; x_wconf 88' lang='lat' dir='ltr'><strong>sunt,</strong></span> <span class='ocrx_word' id='word_1_222' title='bbox 1748 2742 1801 2789; x_wconf 91' lang='lat' dir='ltr'><strong>et</strong></span> <span class='ocrx_word' id='word_1_223' title='bbox 1827 2744 2031 2787; x_wconf 45' lang='lat' dir='ltr'><strong>sustum</strong></span> 
     </span>
    </p>
   </div>
   <div class='ocr_carea' id='block_1_30' title="bbox 440 2826 2005 2896">
    <p class='ocr_par' dir='ltr' id='par_1_30' title="bbox 440 2826 2005 2896">
     <span class='ocr_line' id='line_1_30' title="bbox 440 2826 2005 2896; baseline -0.003 -16"><span class='ocrx_word' id='word_1_224' title='bbox 440 2829 622 2881; x_wconf 76' lang='lat' dir='ltr'><strong>lerunt</strong></span> <span class='ocrx_word' id='word_1_225' title='bbox 669 2828 812 2896; x_wconf 89' lang='lat' dir='ltr'><strong>quod</strong></span> <span class='ocrx_word' id='word_1_226' title='bbox 862 2836 1219 2896; x_wconf 71' lang='lat' dir='ltr'><strong>superaverat</strong></span> <span class='ocrx_word' id='word_1_227' title='bbox 1269 2827 1337 2880; x_wconf 88' lang='lat' dir='ltr'><strong>de</strong></span> <span class='ocrx_word' id='word_1_228' title='bbox 1396 2826 1733 2894; x_wconf 77' lang='lat' dir='ltr'><strong>fragmentis,</strong></span> <span class='ocrx_word' id='word_1_229' title='bbox 1799 2833 2005 2892; x_wconf 75' lang='lat' dir='ltr'><strong>Septem</strong></span> 
     </span>
    </p>
   </div>
   <div class='ocr_carea' id='block_1_31' title="bbox 443 2913 2007 2984">
    <p class='ocr_par' dir='ltr' id='par_1_31' title="bbox 443 2913 2007 2984">
     <span class='ocr_line' id='line_1_31' title="bbox 443 2913 2007 2984; baseline -0.001 -16"><span class='ocrx_word' id='word_1_230' title='bbox 443 2924 678 2983; x_wconf 89' lang='lat' dir='ltr'><strong>sportas.</strong></span> <span class='ocrx_word' id='word_1_231' title='bbox 738 2914 904 2969; x_wconf 82' lang='lat' dir='ltr'><strong>Erant</strong></span> <span class='ocrx_word' id='word_1_232' title='bbox 931 2926 1111 2971; x_wconf 88' lang='lat' dir='ltr'><strong>autem</strong></span> <span class='ocrx_word' id='word_1_233' title='bbox 1163 2913 1254 2984; x_wconf 88' lang='lat' dir='ltr'><strong>qui</strong></span> <span class='ocrx_word' id='word_1_234' title='bbox 1314 2915 1797 2977; x_wconf 86' lang='lat' dir='ltr'><strong>manducaverant,</strong></span> <span class='ocrx_word' id='word_1_235' title='bbox 1853 2913 2007 2981; x_wconf 90' lang='lat' dir='ltr'><strong>quasi</strong></span> 
     </span>
    </p>
   </div>
   <div class='ocr_carea' id='block_1_32' title="bbox 443 3004 2009 3075">
    <p class='ocr_par' dir='ltr' id='par_1_32' title="bbox 443 3004 2009 3075">
     <span class='ocr_line' id='line_1_32' title="bbox 443 3004 2009 3075; baseline -0.001 -16"><span class='ocrx_word' id='word_1_236' title='bbox 443 3016 685 3075; x_wconf 81' lang='lat' dir='ltr'><strong>quatuor</strong></span> <span class='ocrx_word' id='word_1_237' title='bbox 708 3008 871 3061; x_wconf 88' lang='lat' dir='ltr'><strong>millia</strong></span> <span class='ocrx_word' id='word_1_238' title='bbox 906 3016 1001 3062; x_wconf 89' lang='lat' dir='ltr'><strong>:et</strong></span> <span class='ocrx_word' id='word_1_239' title='bbox 1027 3007 1369 3061; x_wconf 82' lang='lat' dir='ltr'><strong>dimisitcos.</strong></span> <span class='ocrx_word' id='word_1_240' title='bbox 1403 3006 1465 3059; x_wconf 88' lang='lat' dir='ltr'><strong>Et</strong></span> <span class='ocrx_word' id='word_1_241' title='bbox 1493 3008 1673 3060; x_wconf 84' lang='lat' dir='ltr'><strong>statim</strong></span> <span class='ocrx_word' id='word_1_242' title='bbox 1706 3004 2009 3059; x_wconf 89' lang='lat' dir='ltr'><strong>ascendens</strong></span> 
     </span>
    </p>
   </div>
   <div class='ocr_carea' id='block_1_33' title="bbox 444 3099 2012 3170">
    <p class='ocr_par' dir='ltr' id='par_1_33' title="bbox 444 3099 2012 3170">
     <span class='ocr_line' id='line_1_33' title="bbox 444 3099 2012 3170; baseline 0.001 -19"><span class='ocrx_word' id='word_1_243' title='bbox 444 3101 627 3153; x_wconf 82' lang='lat' dir='ltr'><strong>navim</strong></span> <span class='ocrx_word' id='word_1_244' title='bbox 664 3115 785 3154; x_wconf 91' lang='lat' dir='ltr'><strong>cum</strong></span> <span class='ocrx_word' id='word_1_245' title='bbox 842 3101 1119 3170; x_wconf 89' lang='lat' dir='ltr'><strong>discipulis</strong></span> <span class='ocrx_word' id='word_1_246' title='bbox 1156 3101 1291 3167; x_wconf 88' lang='lat' dir='ltr'><strong>suis,</strong></span> <span class='ocrx_word' id='word_1_247' title='bbox 1334 3101 1483 3155; x_wconf 81' lang='lat' dir='ltr'><strong>venit</strong></span> <span class='ocrx_word' id='word_1_248' title='bbox 1508 3101 1559 3153; x_wconf 90' lang='lat' dir='ltr'><strong>in</strong></span> <span class='ocrx_word' id='word_1_249' title='bbox 1588 3110 1771 3168; x_wconf 85' lang='lat' dir='ltr'><strong>partes</strong></span> <span class='ocrx_word' id='word_1_250' title='bbox 1799 3099 2012 3153; x_wconf 83' lang='lat' dir='ltr'><strong>Dalma-</strong></span> 
     </span>
    </p>
   </div>
   <div class='ocr_carea' id='block_1_34' title="bbox 445 3188 2013 3261">
    <p class='ocr_par' dir='ltr' id='par_1_34' title="bbox 445 3188 2013 3261">
     <span class='ocr_line' id='line_1_34' title="bbox 445 3188 2013 3261; baseline 0.001 -20"><span class='ocrx_word' id='word_1_251' title='bbox 445 3190 640 3243; x_wconf 85' lang='lat' dir='ltr'><strong>nutba.</strong></span> <span class='ocrx_word' id='word_1_252' title='bbox 672 3188 897 3261; x_wconf 70' lang='lat' dir='ltr'><strong>[LXXVI],</strong></span> <span class='ocrx_word' id='word_1_253' title='bbox 923 3190 955 3241; x_wconf 74' lang='grc'>4</span> <span class='ocrx_word' id='word_1_254' title='bbox 982 3189 1003 3261; x_wconf 72' lang='lat' dir='ltr'><strong>j</strong></span> <span class='ocrx_word' id='word_1_255' title='bbox 1034 3190 1101 3243; x_wconf 84' lang='lat' dir='ltr'><strong>Et</strong></span> <span class='ocrx_word' id='word_1_256' title='bbox 1130 3191 1380 3244; x_wconf 79' lang='lat' dir='ltr'><strong>exierunt</strong></span> <span class='ocrx_word' id='word_1_257' title='bbox 1430 3188 1706 3252; x_wconf 72' lang='lat' dir='ltr'><strong>Phariszni,</strong></span> <span class='ocrx_word' id='word_1_258' title='bbox 1737 3198 1792 3242; x_wconf 92' lang='lat' dir='ltr'><strong>et</strong></span> <span class='ocrx_word' id='word_1_259' title='bbox 1834 3202 2013 3257; x_wconf 84' lang='lat' dir='ltr'><strong>ccepe-</strong></span> 
     </span>
    </p>
   </div>
   <div class='ocr_carea' id='block_1_35' title="bbox 452 3278 2013 3349">
    <p class='ocr_par' dir='ltr' id='par_1_35' title="bbox 452 3278 2013 3349">
     <span class='ocr_line' id='line_1_35' title="bbox 452 3278 2013 3349; baseline 0.001 -18"><span class='ocrx_word' id='word_1_260' title='bbox 452 3289 578 3331; x_wconf 84' lang='lat' dir='ltr'><strong>runt</strong></span> <span class='ocrx_word' id='word_1_261' title='bbox 618 3279 941 3347; x_wconf 87' lang='lat' dir='ltr'><strong>conquirere</strong></span> <span class='ocrx_word' id='word_1_262' title='bbox 963 3295 1085 3334; x_wconf 91' lang='lat' dir='ltr'><strong>cum</strong></span> <span class='ocrx_word' id='word_1_263' title='bbox 1124 3296 1210 3344; x_wconf 91' lang='lat' dir='ltr'><strong>eo,</strong></span> <span class='ocrx_word' id='word_1_264' title='bbox 1262 3291 1575 3349; x_wconf 68' lang='lat' dir='ltr'><strong>qurerentcs</strong></span> <span class='ocrx_word' id='word_1_265' title='bbox 1602 3278 1778 3332; x_wconf 88' lang='lat' dir='ltr'><strong>abillo</strong></span> <span class='ocrx_word' id='word_1_266' title='bbox 1802 3278 2013 3347; x_wconf 83' lang='lat' dir='ltr'><strong>signum</strong></span> 
     </span>
    </p>
   </div>
   <div class='ocr_carea' id='block_1_36' title="bbox 450 3368 2017 3441">
    <p class='ocr_par' dir='ltr' id='par_1_36' title="bbox 450 3368 2017 3441">
     <span class='ocr_line' id='line_1_36' title="bbox 450 3368 2017 3441; baseline 0.002 -19"><span class='ocrx_word' id='word_1_267' title='bbox 450 3372 519 3424; x_wconf 81' lang='lat' dir='ltr'><strong>de</strong></span> <span class='ocrx_word' id='word_1_268' title='bbox 544 3370 705 3433; x_wconf 70' lang='lat' dir='ltr'><strong>cutio,</strong></span> <span class='ocrx_word' id='word_1_269' title='bbox 725 3378 993 3423; x_wconf 86' lang='lat' dir='ltr'><strong>tentantes</strong></span> <span class='ocrx_word' id='word_1_270' title='bbox 1020 3384 1169 3425; x_wconf 89' lang='lat' dir='ltr'><strong>eum.</strong></span> <span class='ocrx_word' id='word_1_271' title='bbox 1188 3368 1434 3440; x_wconf 64' lang='lat' dir='ltr'><strong>[unum</strong></span> <span class='ocrx_word' id='word_1_272' title='bbox 1462 3368 1540 3441; x_wconf 89' lang='lat'><strong>6.]</strong></span> <span class='ocrx_word' id='word_1_273' title='bbox 1566 3369 1630 3422; x_wconf 84' lang='lat' dir='ltr'><strong>Et</strong></span> <span class='ocrx_word' id='word_1_274' title='bbox 1656 3370 2017 3438; x_wconf 84' lang='lat' dir='ltr'><strong>ingemiscens</strong></span> 
     </span>
    </p>
   </div>
   <div class='ocr_carea' id='block_1_37' title="bbox 452 3459 2018 3530">
    <p class='ocr_par' dir='ltr' id='par_1_37' title="bbox 452 3459 2018 3530">
     <span class='ocr_line' id='line_1_37' title="bbox 452 3459 2018 3530; baseline 0.001 -17"><span class='ocrx_word' id='word_1_275' title='bbox 452 3461 670 3526; x_wconf 80' lang='lat' dir='ltr'><strong>spiritu,</strong></span> <span class='ocrx_word' id='word_1_276' title='bbox 704 3459 818 3514; x_wconf 84' lang='lat' dir='ltr'><strong>ait:</strong></span> <span class='ocrx_word' id='word_1_277' title='bbox 856 3460 996 3525; x_wconf 88' lang='lat' dir='ltr'><strong>Quid</strong></span> <span class='ocrx_word' id='word_1_278' title='bbox 1050 3460 1331 3530; x_wconf 83' lang='lat' dir='ltr'><strong>generatio</strong></span> <span class='ocrx_word' id='word_1_279' title='bbox 1390 3462 1491 3514; x_wconf 87' lang='lat' dir='ltr'><strong>ista</strong></span> <span class='ocrx_word' id='word_1_280' title='bbox 1525 3461 1738 3530; x_wconf 88' lang='lat' dir='ltr'><strong>signum</strong></span> <span class='ocrx_word' id='word_1_281' title='bbox 1785 3460 2018 3529; x_wconf 73' lang='lat' dir='ltr'><strong>quaerit?</strong></span> 
     </span>
    </p>
   </div>
   <div class='ocr_carea' id='block_1_38' title="bbox 453 3551 2020 3622">
    <p class='ocr_par' dir='ltr' id='par_1_38' title="bbox 453 3551 2020 3622">
     <span class='ocr_line' id='line_1_38' title="bbox 453 3551 2020 3622; baseline 0 -16"><span class='ocrx_word' id='word_1_282' title='bbox 453 3556 622 3606; x_wconf 80' lang='lat' dir='ltr'><strong>Amen</strong></span> <span class='ocrx_word' id='word_1_283' title='bbox 660 3552 781 3607; x_wconf 86' lang='lat' dir='ltr'><strong>dico</strong></span> <span class='ocrx_word' id='word_1_284' title='bbox 820 3552 994 3617; x_wconf 83' lang='lat' dir='ltr'><strong>vobis,</strong></span> <span class='ocrx_word' id='word_1_285' title='bbox 1057 3553 1102 3606; x_wconf 87' lang='lat' dir='ltr'><strong>si</strong></span> <span class='ocrx_word' id='word_1_286' title='bbox 1157 3551 1375 3605; x_wconf 87' lang='lat' dir='ltr'><strong>dabitur</strong></span> <span class='ocrx_word' id='word_1_287' title='bbox 1418 3554 1759 3622; x_wconf 84' lang='lat' dir='ltr'><strong>generationi</strong></span> <span class='ocrx_word' id='word_1_288' title='bbox 1818 3552 1904 3606; x_wconf 89' lang='lat' dir='ltr'><strong>isti</strong></span> <span class='ocrx_word' id='word_1_289' title='bbox 1945 3555 2020 3608; x_wconf 89' lang='lat' dir='ltr'><strong>si-</strong></span> 
     </span>
    </p>
   </div>
   <div class='ocr_carea' id='block_1_39' title="bbox 453 3644 2020 3714">
    <p class='ocr_par' dir='ltr' id='par_1_39' title="bbox 453 3644 2020 3714">
     <span class='ocr_line' id='line_1_39' title="bbox 453 3644 2020 3714; baseline 0.001 -18"><span class='ocrx_word' id='word_1_290' title='bbox 453 3659 641 3714; x_wconf 84' lang='lat' dir='ltr'><strong>gnum.</strong></span> <span class='ocrx_word' id='word_1_291' title='bbox 672 3644 738 3698; x_wconf 86' lang='lat' dir='ltr'><strong>Et</strong></span> <span class='ocrx_word' id='word_1_292' title='bbox 773 3644 1055 3698; x_wconf 87' lang='lat' dir='ltr'><strong>dimittens</strong></span> <span class='ocrx_word' id='word_1_293' title='bbox 1081 3657 1175 3697; x_wconf 86' lang='lat' dir='ltr'><strong>eus</strong></span> <span class='ocrx_word' id='word_1_294' title='bbox 1213 3644 1457 3698; x_wconf 89' lang='lat' dir='ltr'><strong>ascendit</strong></span> <span class='ocrx_word' id='word_1_295' title='bbox 1509 3645 1704 3698; x_wconf 87' lang='lat' dir='ltr'><strong>iterum</strong></span> <span class='ocrx_word' id='word_1_296' title='bbox 1735 3646 1935 3710; x_wconf 87' lang='lat' dir='ltr'><strong>navim,</strong></span> <span class='ocrx_word' id='word_1_297' title='bbox 1966 3654 2020 3698; x_wconf 89' lang='lat' dir='ltr'><strong>et</strong></span> 
     </span>
    </p>
   </div>
   <div class='ocr_carea' id='block_1_40' title="bbox 453 3733 2020 3802">
    <p class='ocr_par' dir='ltr' id='par_1_40' title="bbox 453 3733 2020 3802">
     <span class='ocr_line' id='line_1_40' title="bbox 453 3733 2020 3802; baseline 0 -15"><span class='ocrx_word' id='word_1_298' title='bbox 453 3735 589 3788; x_wconf 82' lang='lat' dir='ltr'><strong>abiit</strong></span> <span class='ocrx_word' id='word_1_299' title='bbox 623 3745 772 3789; x_wconf 83' lang='lat' dir='ltr'><strong>trans</strong></span> <span class='ocrx_word' id='word_1_300' title='bbox 797 3733 1019 3789; x_wconf 84' lang='lat' dir='ltr'><strong>fretum.</strong></span> <span class='ocrx_word' id='word_1_301' title='bbox 1046 3734 1114 3788; x_wconf 87' lang='lat' dir='ltr'><strong>Et</strong></span> <span class='ocrx_word' id='word_1_302' title='bbox 1144 3734 1299 3788; x_wconf 87' lang='lat' dir='ltr'><strong>obliti</strong></span> <span class='ocrx_word' id='word_1_303' title='bbox 1320 3745 1446 3787; x_wconf 89' lang='lat' dir='ltr'><strong>sunt</strong></span> <span class='ocrx_word' id='word_1_304' title='bbox 1476 3750 1649 3802; x_wconf 89' lang='lat' dir='ltr'><strong>panes</strong></span> <span class='ocrx_word' id='word_1_305' title='bbox 1686 3750 1904 3789; x_wconf 90' lang='lat' dir='ltr'><strong>sumere</strong></span> <span class='ocrx_word' id='word_1_306' title='bbox 1928 3753 1943 3791; x_wconf 94' lang='lat'><strong>:</strong></span> <span class='ocrx_word' id='word_1_307' title='bbox 1966 3744 2020 3787; x_wconf 88' lang='lat' dir='ltr'><strong>et</strong></span> 
     </span>
    </p>
   </div>
   <div class='ocr_carea' id='block_1_41' title="bbox 457 3825 2018 3894">
    <p class='ocr_par' dir='ltr' id='par_1_41' title="bbox 457 3825 2018 3894">
     <span class='ocr_line' id='line_1_41' title="bbox 457 3825 2018 3894; baseline -0.001 -13"><span class='ocrx_word' id='word_1_308' title='bbox 457 3829 563 3882; x_wconf 90' lang='lat' dir='ltr'><strong>nisi</strong></span> <span class='ocrx_word' id='word_1_309' title='bbox 599 3843 763 3881; x_wconf 87' lang='lat' dir='ltr'><strong>unum</strong></span> <span class='ocrx_word' id='word_1_310' title='bbox 822 3842 1017 3894; x_wconf 89' lang='lat' dir='ltr'><strong>panem</strong></span> <span class='ocrx_word' id='word_1_311' title='bbox 1072 3841 1180 3879; x_wconf 90' lang='lat' dir='ltr'><strong>nou</strong></span> <span class='ocrx_word' id='word_1_312' title='bbox 1214 3825 1485 3882; x_wconf 87' lang='lat' dir='ltr'><strong>habebant</strong></span> <span class='ocrx_word' id='word_1_313' title='bbox 1545 3842 1727 3880; x_wconf 77' lang='lat' dir='ltr'><strong>secum</strong></span> <span class='ocrx_word' id='word_1_314' title='bbox 1770 3828 1823 3879; x_wconf 91' lang='lat' dir='ltr'><strong>in</strong></span> <span class='ocrx_word' id='word_1_315' title='bbox 1872 3828 2018 3881; x_wconf 87' lang='lat' dir='ltr'><strong>navi.</strong></span> 
     </span>
    </p>
   </div>
   <div class='ocr_carea' id='block_1_42' title="bbox 459 3914 2024 3989">
    <p class='ocr_par' dir='ltr' id='par_1_42' title="bbox 459 3914 2024 3989">
     <span class='ocr_line' id='line_1_42' title="bbox 459 3914 2024 3989; baseline -0.001 -19"><span class='ocrx_word' id='word_1_316' title='bbox 459 3917 666 3989; x_wconf 61' lang='lat' dir='ltr'><strong>[cum</strong></span> <span class='ocrx_word' id='word_1_317' title='bbox 699 3914 778 3987; x_wconf 77' lang='grc'><strong>2.]</strong></span> <span class='ocrx_word' id='word_1_318' title='bbox 806 3916 872 3970; x_wconf 85' lang='lat' dir='ltr'><strong>Et</strong></span> <span class='ocrx_word' id='word_1_319' title='bbox 920 3915 1268 3985; x_wconf 71' lang='lat' dir='ltr'><strong>prmcipiebat</strong></span> <span class='ocrx_word' id='word_1_320' title='bbox 1299 3915 1400 3982; x_wconf 92' lang='lat' dir='ltr'><strong>eis,</strong></span> <span class='ocrx_word' id='word_1_321' title='bbox 1431 3916 1619 3971; x_wconf 84' lang='lat' dir='ltr'><strong>dicens</strong></span> <span class='ocrx_word' id='word_1_322' title='bbox 1652 3928 1665 3967; x_wconf 89' lang='lat'><strong>:</strong></span> <span class='ocrx_word' id='word_1_323' title='bbox 1719 3914 1927 3978; x_wconf 85' lang='lat' dir='ltr'><strong>Videte,</strong></span> <span class='ocrx_word' id='word_1_324' title='bbox 1968 3921 2024 3968; x_wconf 91' lang='lat' dir='ltr'><strong>et</strong></span> 
     </span>
    </p>
   </div>
   <div class='ocr_carea' id='block_1_43' title="bbox 456 4006 2024 4067">
    <p class='ocr_par' dir='ltr' id='par_1_43' title="bbox 456 4006 2024 4067">
     <span class='ocr_line' id='line_1_43' title="bbox 456 4006 2024 4067; baseline -0.002 -5"><span class='ocrx_word' id='word_1_325' title='bbox 456 4017 645 4062; x_wconf 83' lang='lat' dir='ltr'><strong>cavete</strong></span> <span class='ocrx_word' id='word_1_326' title='bbox 680 4023 709 4061; x_wconf 91' lang='lat' dir='ltr'><strong>a</strong></span> <span class='ocrx_word' id='word_1_327' title='bbox 736 4007 1003 4061; x_wconf 81' lang='lat' dir='ltr'><strong>fermento</strong></span> <span class='ocrx_word' id='word_1_328' title='bbox 1028 4006 1448 4067; x_wconf 69' lang='lat' dir='ltr'><strong>Pharisaeorum.</strong></span> <span class='ocrx_word' id='word_1_329' title='bbox 1480 4018 1534 4061; x_wconf 89' lang='lat' dir='ltr'><strong>et</strong></span> <span class='ocrx_word' id='word_1_330' title='bbox 1561 4007 1828 4061; x_wconf 77' lang='lat' dir='ltr'><strong>fermento</strong></span> <span class='ocrx_word' id='word_1_331' title='bbox 1852 4006 2024 4059; x_wconf 84' lang='lat' dir='ltr'><strong>Hero-</strong></span> 
     </span>
    </p>
   </div>
   <div class='ocr_carea' id='block_1_44' title="bbox 457 4096 2026 4170">
    <p class='ocr_par' dir='ltr' id='par_1_44' title="bbox 457 4096 2026 4170">
     <span class='ocr_line' id='line_1_44' title="bbox 457 4096 2026 4170; baseline -0.002 -17"><span class='ocrx_word' id='word_1_332' title='bbox 457 4101 561 4153; x_wconf 87' lang='lat' dir='ltr'><strong>dis.</strong></span> <span class='ocrx_word' id='word_1_333' title='bbox 602 4097 789 4170; x_wconf 60' lang='grc' dir='ltr'><strong>[ιλιι.</strong></span> <span class='ocrx_word' id='word_1_334' title='bbox 818 4096 900 4170; x_wconf 87' lang='grc'><strong>6.]</strong></span> <span class='ocrx_word' id='word_1_335' title='bbox 934 4096 996 4151; x_wconf 82' lang='lat' dir='ltr'><strong>Et</strong></span> <span class='ocrx_word' id='word_1_336' title='bbox 1022 4098 1330 4168; x_wconf 82' lang='lat' dir='ltr'><strong>cogitabant</strong></span> <span class='ocrx_word' id='word_1_337' title='bbox 1353 4098 1417 4153; x_wconf 89' lang='lat' dir='ltr'><strong>ad</strong></span> <span class='ocrx_word' id='word_1_338' title='bbox 1447 4099 1789 4160; x_wconf 84' lang='lat' dir='ltr'><strong>alterutrum,</strong></span> <span class='ocrx_word' id='word_1_339' title='bbox 1839 4098 2026 4151; x_wconf 87' lang='lat' dir='ltr'><strong>dicen-</strong></span> 
     </span>
    </p>
   </div>
   <div class='ocr_carea' id='block_1_45' title="bbox 461 4189 2027 4260">
    <p class='ocr_par' dir='ltr' id='par_1_45' title="bbox 461 4189 2027 4260">
     <span class='ocr_line' id='line_1_45' title="bbox 461 4189 2027 4260; baseline -0.001 -12"><span class='ocrx_word' id='word_1_340' title='bbox 461 4205 541 4248; x_wconf 85' lang='lat' dir='ltr'><strong>tes</strong></span> <span class='ocrx_word' id='word_1_341' title='bbox 568 4210 583 4245; x_wconf 92' lang='lat'><strong>:</strong></span> <span class='ocrx_word' id='word_1_342' title='bbox 614 4193 750 4258; x_wconf 84' lang='lat' dir='ltr'><strong>Quia</strong></span> <span class='ocrx_word' id='word_1_343' title='bbox 786 4206 953 4260; x_wconf 87' lang='lat' dir='ltr'><strong>panes</strong></span> <span class='ocrx_word' id='word_1_344' title='bbox 984 4204 1093 4244; x_wconf 92' lang='lat' dir='ltr'><strong>non</strong></span> <span class='ocrx_word' id='word_1_345' title='bbox 1123 4191 1407 4245; x_wconf 86' lang='lat' dir='ltr'><strong>habemus.</strong></span> <span class='ocrx_word' id='word_1_346' title='bbox 1433 4189 1550 4255; x_wconf 89' lang='lat' dir='ltr'><strong>Quo</strong></span> <span class='ocrx_word' id='word_1_347' title='bbox 1569 4191 1805 4260; x_wconf 79' lang='lat' dir='ltr'><strong>cognito,</strong></span> <span class='ocrx_word' id='word_1_348' title='bbox 1825 4190 1901 4243; x_wconf 87' lang='lat' dir='ltr'><strong>ait</strong></span> <span class='ocrx_word' id='word_1_349' title='bbox 1919 4190 2027 4246; x_wconf 87' lang='lat' dir='ltr'><strong>illis</strong></span> 
     </span>
    </p>
   </div>
   <div class='ocr_carea' id='block_1_46' title="bbox 457 4280 2029 4355">
    <p class='ocr_par' dir='ltr' id='par_1_46' title="bbox 457 4280 2029 4355">
     <span class='ocr_line' id='line_1_46' title="bbox 457 4280 2029 4355; baseline -0.004 -14"><span class='ocrx_word' id='word_1_350' title='bbox 457 4287 617 4341; x_wconf 82' lang='lat' dir='ltr'><strong>Jcsus</strong></span> <span class='ocrx_word' id='word_1_351' title='bbox 668 4303 683 4340; x_wconf 92' lang='lat'><strong>:</strong></span> <span class='ocrx_word' id='word_1_352' title='bbox 728 4286 869 4350; x_wconf 87' lang='lat' dir='ltr'><strong>Quid</strong></span> <span class='ocrx_word' id='word_1_353' title='bbox 897 4284 1172 4355; x_wconf 81' lang='lat' dir='ltr'><strong>cogitatis,</strong></span> <span class='ocrx_word' id='word_1_354' title='bbox 1223 4284 1353 4353; x_wconf 80' lang='lat' dir='ltr'><strong>quia</strong></span> <span class='ocrx_word' id='word_1_355' title='bbox 1407 4297 1572 4353; x_wconf 84' lang='lat' dir='ltr'><strong>panes</strong></span> <span class='ocrx_word' id='word_1_356' title='bbox 1618 4298 1725 4336; x_wconf 87' lang='lat' dir='ltr'><strong>non</strong></span> <span class='ocrx_word' id='word_1_357' title='bbox 1786 4280 2029 4337; x_wconf 80' lang='lat' dir='ltr'><strong>habetis?</strong></span> 
     </span>
    </p>
   </div>
   <div class='ocr_carea' id='block_1_47' title="bbox 462 4370 2027 4446">
    <p class='ocr_par' dir='ltr' id='par_1_47' title="bbox 462 4370 2027 4446">
     <span class='ocr_line' id='line_1_47' title="bbox 462 4370 2027 4446; baseline -0.003 -16"><span class='ocrx_word' id='word_1_358' title='bbox 462 4377 700 4433; x_wconf 91' lang='lat' dir='ltr'><strong>nondum</strong></span> <span class='ocrx_word' id='word_1_359' title='bbox 725 4376 1066 4446; x_wconf 83' lang='lat' dir='ltr'><strong>cognoscetis</strong></span> <span class='ocrx_word' id='word_1_360' title='bbox 1089 4391 1189 4430; x_wconf 89' lang='lat' dir='ltr'><strong>nec</strong></span> <span class='ocrx_word' id='word_1_361' title='bbox 1213 4370 1552 4444; x_wconf 81' lang='lat' dir='ltr'><strong>iutelligitis?</strong></span> <span class='ocrx_word' id='word_1_362' title='bbox 1569 4371 1752 4427; x_wconf 89' lang='lat' dir='ltr'><strong>adhuc</strong></span> <span class='ocrx_word' id='word_1_363' title='bbox 1768 4382 2027 4427; x_wconf 79' lang='lat' dir='ltr'><strong>caecatum</strong></span> 
     </span>
    </p>
   </div>
   <div class='ocr_carea' id='block_1_48' title="bbox 2092 561 3618 624">
    <p class='ocr_par' dir='ltr' id='par_1_48' title="bbox 2092 561 3618 624">
     <span class='ocr_line' id='line_1_48' title="bbox 2092 561 3618 624; baseline -0.003 -7"><span class='ocrx_word' id='word_1_364' title='bbox 2092 563 2302 617; x_wconf 85' lang='lat' dir='ltr'><strong>videret</strong></span> <span class='ocrx_word' id='word_1_365' title='bbox 2336 563 2539 617; x_wconf 88' lang='lat' dir='ltr'><strong>omnia.</strong></span> <span class='ocrx_word' id='word_1_366' title='bbox 2589 563 2659 618; x_wconf 85' lang='lat' dir='ltr'><strong>Et</strong></span> <span class='ocrx_word' id='word_1_367' title='bbox 2690 562 2841 617; x_wconf 86' lang='lat' dir='ltr'><strong>misit</strong></span> <span class='ocrx_word' id='word_1_368' title='bbox 2863 562 3015 615; x_wconf 91' lang='lat' dir='ltr'><strong>illum</strong></span> <span class='ocrx_word' id='word_1_369' title='bbox 3043 563 3095 615; x_wconf 87' lang='lat' dir='ltr'><strong>iu</strong></span> <span class='ocrx_word' id='word_1_370' title='bbox 3122 561 3335 614; x_wconf 88' lang='lat' dir='ltr'><strong>domum</strong></span> <span class='ocrx_word' id='word_1_371' title='bbox 3362 575 3523 624; x_wconf 88' lang='lat' dir='ltr'><strong>suam,</strong></span> <span class='ocrx_word' id='word_1_372' title='bbox 3549 562 3618 613; x_wconf 87' lang='lat' dir='ltr'><strong>di-</strong></span> 
     </span>
    </p>
   </div>
   <div class='ocr_carea' id='block_1_49' title="bbox 2094 647 3618 708">
    <p class='ocr_par' dir='ltr' id='par_1_49' title="bbox 2094 647 3618 708">
     <span class='ocr_line' id='line_1_49' title="bbox 2094 647 3618 708; baseline -0.006 0"><span class='ocrx_word' id='word_1_373' title='bbox 2094 668 2261 708; x_wconf 80' lang='lat' dir='ltr'><strong>cens:</strong></span> <span class='ocrx_word' id='word_1_374' title='bbox 2284 650 2430 706; x_wconf 87' lang='lat' dir='ltr'><strong>Vade</strong></span> <span class='ocrx_word' id='word_1_375' title='bbox 2454 652 2510 705; x_wconf 88' lang='lat' dir='ltr'><strong>in</strong></span> <span class='ocrx_word' id='word_1_376' title='bbox 2539 652 2762 704; x_wconf 85' lang='lat' dir='ltr'><strong>domum</strong></span> <span class='ocrx_word' id='word_1_377' title='bbox 2798 658 2949 703; x_wconf 88' lang='lat' dir='ltr'><strong>tuam</strong></span> <span class='ocrx_word' id='word_1_378' title='bbox 2975 666 2989 704; x_wconf 88' lang='lat'><strong>:</strong></span> <span class='ocrx_word' id='word_1_379' title='bbox 3016 656 3073 701; x_wconf 89' lang='lat' dir='ltr'><strong>et</strong></span> <span class='ocrx_word' id='word_1_380' title='bbox 3092 648 3134 701; x_wconf 86' lang='lat' dir='ltr'><strong>si</strong></span> <span class='ocrx_word' id='word_1_381' title='bbox 3158 648 3212 700; x_wconf 89' lang='lat' dir='ltr'><strong>in</strong></span> <span class='ocrx_word' id='word_1_382' title='bbox 3230 648 3398 699; x_wconf 81' lang='lat' dir='ltr'><strong>vicum</strong></span> <span class='ocrx_word' id='word_1_383' title='bbox 3424 647 3618 699; x_wconf 55' lang='lat' dir='ltr'><strong>introiec</strong></span> 
     </span>
    </p>
   </div>
   <div class='ocr_carea' id='block_1_50' title="bbox 2096 736 3620 812">
    <p class='ocr_par' dir='ltr' id='par_1_50' title="bbox 2096 736 3620 812">
     <span class='ocr_line' id='line_1_50' title="bbox 2096 736 3620 812; baseline -0.006 -14"><span class='ocrx_word' id='word_1_384' title='bbox 2096 746 2192 809; x_wconf 86' lang='lat' dir='ltr'><strong>ris,</strong></span> <span class='ocrx_word' id='word_1_385' title='bbox 2216 745 2421 799; x_wconf 89' lang='lat' dir='ltr'><strong>nemini</strong></span> <span class='ocrx_word' id='word_1_386' title='bbox 2437 743 2658 797; x_wconf 81' lang='lat' dir='ltr'><strong>dixeris.</strong></span> <span class='ocrx_word' id='word_1_387' title='bbox 2679 741 2907 812; x_wconf 61' lang='lat' dir='ltr'><strong>[unm</strong></span> <span class='ocrx_word' id='word_1_388' title='bbox 2935 738 3017 809; x_wconf 70' lang='grc'><strong>1.]</strong></span> <span class='ocrx_word' id='word_1_389' title='bbox 3036 740 3362 807; x_wconf 79' lang='lat' dir='ltr'><strong>Etegressus</strong></span> <span class='ocrx_word' id='word_1_390' title='bbox 3375 736 3620 799; x_wconf 78' lang='lat' dir='ltr'><strong>estJesus,</strong></span> 
     </span>
    </p>
   </div>
   <div class='ocr_carea' id='block_1_51' title="bbox 2098 828 3625 903">
    <p class='ocr_par' dir='ltr' id='par_1_51' title="bbox 2098 828 3625 903">
     <span class='ocr_line' id='line_1_51' title="bbox 2098 828 3625 903; baseline -0.007 -14"><span class='ocrx_word' id='word_1_391' title='bbox 2098 845 2153 890; x_wconf 90' lang='lat' dir='ltr'><strong>et</strong></span> <span class='ocrx_word' id='word_1_392' title='bbox 2179 834 2430 903; x_wconf 83' lang='lat' dir='ltr'><strong>discipuli</strong></span> <span class='ocrx_word' id='word_1_393' title='bbox 2480 834 2620 903; x_wconf 87' lang='lat' dir='ltr'><strong>ejus,</strong></span> <span class='ocrx_word' id='word_1_394' title='bbox 2680 833 2734 886; x_wconf 88' lang='lat' dir='ltr'><strong>in</strong></span> <span class='ocrx_word' id='word_1_395' title='bbox 2769 832 2987 886; x_wconf 83' lang='lat' dir='ltr'><strong>castella</strong></span> <span class='ocrx_word' id='word_1_396' title='bbox 3013 831 3272 886; x_wconf 61' lang='lat' dir='ltr'><strong>Casurum</strong></span> <span class='ocrx_word' id='word_1_397' title='bbox 3295 828 3509 896; x_wconf 83' lang='lat' dir='ltr'><strong>Philippi</strong></span> <span class='ocrx_word' id='word_1_398' title='bbox 3539 846 3550 879; x_wconf 87' lang='lat'><strong>:</strong></span> <span class='ocrx_word' id='word_1_399' title='bbox 3577 838 3625 881; x_wconf 89' lang='lat' dir='ltr'><strong>et</strong></span> 
     </span>
    </p>
   </div>
   <div class='ocr_carea' id='block_1_52' title="bbox 2102 915 3624 990">
    <p class='ocr_par' dir='ltr' id='par_1_52' title="bbox 2102 915 3624 990">
     <span class='ocr_line' id='line_1_52' title="bbox 2102 915 3624 990; baseline -0.005 -13"><span class='ocrx_word' id='word_1_400' title='bbox 2102 925 2159 977; x_wconf 89' lang='lat' dir='ltr'><strong>in</strong></span> <span class='ocrx_word' id='word_1_401' title='bbox 2206 923 2292 977; x_wconf 86' lang='lat' dir='ltr'><strong>via</strong></span> <span class='ocrx_word' id='word_1_402' title='bbox 2346 923 2718 990; x_wconf 69' lang='lat' dir='ltr'><strong>interrogabat</strong></span> <span class='ocrx_word' id='word_1_403' title='bbox 2763 920 3069 988; x_wconf 83' lang='lat' dir='ltr'><strong>discipulos</strong></span> <span class='ocrx_word' id='word_1_404' title='bbox 3112 931 3269 978; x_wconf 83' lang='lat' dir='ltr'><strong>suos,</strong></span> <span class='ocrx_word' id='word_1_405' title='bbox 3306 915 3486 969; x_wconf 77' lang='lat' dir='ltr'><strong>dicens</strong></span> <span class='ocrx_word' id='word_1_406' title='bbox 3519 916 3624 969; x_wconf 87' lang='lat' dir='ltr'><strong>eis:</strong></span> 
     </span>
    </p>
   </div>
   <div class='ocr_carea' id='block_1_53' title="bbox 2102 1006 3629 1079">
    <p class='ocr_par' dir='ltr' id='par_1_53' title="bbox 2102 1006 3629 1079">
     <span class='ocr_line' id='line_1_53' title="bbox 2102 1006 3629 1079; baseline -0.006 -12"><span class='ocrx_word' id='word_1_407' title='bbox 2102 1012 2273 1079; x_wconf 83' lang='lat' dir='ltr'><strong>Quem</strong></span> <span class='ocrx_word' id='word_1_408' title='bbox 2320 1028 2406 1068; x_wconf 83' lang='lat' dir='ltr'><strong>me</strong></span> <span class='ocrx_word' id='word_1_409' title='bbox 2438 1014 2628 1066; x_wconf 87' lang='lat' dir='ltr'><strong>dicunt</strong></span> <span class='ocrx_word' id='word_1_410' title='bbox 2652 1027 2775 1067; x_wconf 86' lang='lat' dir='ltr'><strong>esse</strong></span> <span class='ocrx_word' id='word_1_411' title='bbox 2826 1010 3113 1064; x_wconf 84' lang='lat' dir='ltr'><strong>homines?</strong></span> <span class='ocrx_word' id='word_1_412' title='bbox 3139 1008 3240 1072; x_wconf 89' lang='lat' dir='ltr'><strong>Qui</strong></span> <span class='ocrx_word' id='word_1_413' title='bbox 3273 1006 3629 1074; x_wconf 86' lang='lat' dir='ltr'><strong>responderunt</strong></span> 
     </span>
    </p>
   </div>
   <div class='ocr_carea' id='block_1_54' title="bbox 2102 1095 3630 1169">
    <p class='ocr_par' dir='ltr' id='par_1_54' title="bbox 2102 1095 3630 1169">
     <span class='ocr_line' id='line_1_54' title="bbox 2102 1095 3630 1169; baseline -0.007 -11"><span class='ocrx_word' id='word_1_414' title='bbox 2102 1105 2201 1169; x_wconf 87' lang='lat' dir='ltr'><strong>illi,</strong></span> <span class='ocrx_word' id='word_1_415' title='bbox 2236 1104 2484 1158; x_wconf 78' lang='lat' dir='ltr'><strong>dicentes</strong></span> <span class='ocrx_word' id='word_1_416' title='bbox 2511 1121 2524 1157; x_wconf 88' lang='lat'><strong>:</strong></span> <span class='ocrx_word' id='word_1_417' title='bbox 2550 1102 2815 1157; x_wconf 66' lang='lat' dir='ltr'><strong>Ioannem</strong></span> <span class='ocrx_word' id='word_1_418' title='bbox 2856 1099 3184 1168; x_wconf 72' lang='lat' dir='ltr'><strong>Baptistam,</strong></span> <span class='ocrx_word' id='word_1_419' title='bbox 3214 1097 3302 1149; x_wconf 86' lang='lat' dir='ltr'><strong>alii</strong></span> <span class='ocrx_word' id='word_1_420' title='bbox 3349 1095 3527 1157; x_wconf 87' lang='lat' dir='ltr'><strong>Eliam,</strong></span> <span class='ocrx_word' id='word_1_421' title='bbox 3553 1095 3630 1147; x_wconf 84' lang='lat' dir='ltr'><strong>alti</strong></span> 
     </span>
    </p>
   </div>
   <div class='ocr_carea' id='block_1_55' title="bbox 2103 1181 3631 1261">
    <p class='ocr_par' dir='ltr' id='par_1_55' title="bbox 2103 1181 3631 1261">
     <span class='ocr_line' id='line_1_55' title="bbox 2103 1181 3631 1261; baseline -0.007 -16"><span class='ocrx_word' id='word_1_422' title='bbox 2103 1209 2231 1246; x_wconf 82' lang='lat' dir='ltr'><strong>vero</strong></span> <span class='ocrx_word' id='word_1_423' title='bbox 2255 1193 2408 1261; x_wconf 85' lang='lat' dir='ltr'><strong>quasi</strong></span> <span class='ocrx_word' id='word_1_424' title='bbox 2434 1208 2600 1245; x_wconf 82' lang='lat' dir='ltr'><strong>unum</strong></span> <span class='ocrx_word' id='word_1_425' title='bbox 2622 1192 2688 1242; x_wconf 89' lang='lat' dir='ltr'><strong>de</strong></span> <span class='ocrx_word' id='word_1_426' title='bbox 2717 1189 3012 1259; x_wconf 81' lang='lat' dir='ltr'><strong>prophetis.</strong></span> <span class='ocrx_word' id='word_1_427' title='bbox 3039 1186 3193 1240; x_wconf 78' lang='lat' dir='ltr'><strong>Tunc</strong></span> <span class='ocrx_word' id='word_1_428' title='bbox 3213 1185 3345 1239; x_wconf 88' lang='lat' dir='ltr'><strong>dicit</strong></span> <span class='ocrx_word' id='word_1_429' title='bbox 3364 1184 3466 1236; x_wconf 85' lang='lat' dir='ltr'><strong>illis</strong></span> <span class='ocrx_word' id='word_1_430' title='bbox 3494 1197 3509 1237; x_wconf 89' lang='lat'><strong>:</strong></span> <span class='ocrx_word' id='word_1_431' title='bbox 3541 1181 3631 1234; x_wconf 79' lang='lat' dir='ltr'><strong>Vos</strong></span> 
     </span>
    </p>
   </div>
   <div class='ocr_carea' id='block_1_56' title="bbox 2105 1275 3631 1351">
    <p class='ocr_par' dir='ltr' id='par_1_56' title="bbox 2105 1275 3631 1351">
     <span class='ocr_line' id='line_1_56' title="bbox 2105 1275 3631 1351; baseline -0.003 -17"><span class='ocrx_word' id='word_1_432' title='bbox 2105 1299 2237 1336; x_wconf 71' lang='lat' dir='ltr'><strong>vero</strong></span> <span class='ocrx_word' id='word_1_433' title='bbox 2304 1300 2466 1351; x_wconf 76' lang='lat' dir='ltr'><strong>quem</strong></span> <span class='ocrx_word' id='word_1_434' title='bbox 2526 1299 2612 1338; x_wconf 88' lang='lat' dir='ltr'><strong>me</strong></span> <span class='ocrx_word' id='word_1_435' title='bbox 2640 1297 2763 1338; x_wconf 70' lang='lat' dir='ltr'><strong>esse</strong></span> <span class='ocrx_word' id='word_1_436' title='bbox 2816 1280 3039 1337; x_wconf 78' lang='lat' dir='ltr'><strong>dicitis?</strong></span> <span class='ocrx_word' id='word_1_437' title='bbox 3068 1278 3419 1347; x_wconf 76' lang='lat' dir='ltr'><strong>Respondeas</strong></span> <span class='ocrx_word' id='word_1_438' title='bbox 3451 1275 3631 1342; x_wconf 75' lang='lat' dir='ltr'><strong>Petrus,</strong></span> 
     </span>
    </p>
   </div>
   <div class='ocr_carea' id='block_1_57' title="bbox 2105 1369 3634 1444">
    <p class='ocr_par' dir='ltr' id='par_1_57' title="bbox 2105 1369 3634 1444">
     <span class='ocr_line' id='line_1_57' title="bbox 2105 1369 3634 1444; baseline -0.006 -16"><span class='ocrx_word' id='word_1_439' title='bbox 2105 1374 2178 1428; x_wconf 84' lang='lat' dir='ltr'><strong>ait</strong></span> <span class='ocrx_word' id='word_1_440' title='bbox 2203 1374 2255 1427; x_wconf 91' lang='lat' dir='ltr'><strong>ei</strong></span> <span class='ocrx_word' id='word_1_441' title='bbox 2291 1389 2306 1428; x_wconf 91' lang='lat'><strong>:</strong></span> <span class='ocrx_word' id='word_1_442' title='bbox 2339 1372 2418 1427; x_wconf 83' lang='lat' dir='ltr'><strong>Tn</strong></span> <span class='ocrx_word' id='word_1_443' title='bbox 2454 1389 2514 1428; x_wconf 82' lang='lat' dir='ltr'><strong>es</strong></span> <span class='ocrx_word' id='word_1_444' title='bbox 2539 1375 2812 1428; x_wconf 81' lang='lat' dir='ltr'><strong>Christus.</strong></span> <span class='ocrx_word' id='word_1_445' title='bbox 2838 1369 3189 1444; x_wconf 71' lang='lat' dir='ltr'><strong>{uxx1n,‘2.]</strong></span> <span class='ocrx_word' id='word_1_446' title='bbox 3215 1369 3634 1423; x_wconf 68' lang='lat' dir='ltr'><strong>Etcotnutinatus</strong></span> 
     </span>
    </p>
   </div>
   <div class='ocr_carea' id='block_1_58' title="bbox 2105 1457 3633 1527">
    <p class='ocr_par' dir='ltr' id='par_1_58' title="bbox 2105 1457 3633 1527">
     <span class='ocr_line' id='line_1_58' title="bbox 2105 1457 3633 1527; baseline -0.007 -7"><span class='ocrx_word' id='word_1_447' title='bbox 2105 1475 2190 1520; x_wconf 87' lang='lat' dir='ltr'><strong>est</strong></span> <span class='ocrx_word' id='word_1_448' title='bbox 2220 1465 2321 1527; x_wconf 82' lang='lat' dir='ltr'><strong>eis.</strong></span> <span class='ocrx_word' id='word_1_449' title='bbox 2340 1464 2521 1519; x_wconf 83' lang='lat' dir='ltr'><strong>necui</strong></span> <span class='ocrx_word' id='word_1_450' title='bbox 2542 1464 2877 1518; x_wconf 82' lang='lat' dir='ltr'><strong>dicerentde</strong></span> <span class='ocrx_word' id='word_1_451' title='bbox 2896 1462 3008 1515; x_wconf 76' lang='lat' dir='ltr'><strong>illo.</strong></span> <span class='ocrx_word' id='word_1_452' title='bbox 3034 1460 3103 1514; x_wconf 67' lang='lat' dir='ltr'><strong>ﬂ</strong></span> <span class='ocrx_word' id='word_1_453' title='bbox 3128 1461 3297 1527; x_wconf 69' lang='lat' dir='ltr'><strong>erepit</strong></span> <span class='ocrx_word' id='word_1_454' title='bbox 3326 1457 3509 1511; x_wconf 85' lang='lat' dir='ltr'><strong>docere</strong></span> <span class='ocrx_word' id='word_1_455' title='bbox 3536 1470 3633 1516; x_wconf 85' lang='lat' dir='ltr'><strong>eos,</strong></span> 
     </span>
    </p>
   </div>
   <div class='ocr_carea' id='block_1_59' title="bbox 2107 1549 3637 1625">
    <p class='ocr_par' dir='ltr' id='par_1_59' title="bbox 2107 1549 3637 1625">
     <span class='ocr_line' id='line_1_59' title="bbox 2107 1549 3637 1625; baseline -0.007 -18"><span class='ocrx_word' id='word_1_456' title='bbox 2107 1558 2362 1625; x_wconf 79' lang='lat' dir='ltr'><strong>quoniam</strong></span> <span class='ocrx_word' id='word_1_457' title='bbox 2386 1563 2600 1624; x_wconf 76' lang='lat' dir='ltr'><strong>oportet</strong></span> <span class='ocrx_word' id='word_1_458' title='bbox 2629 1553 2820 1608; x_wconf 73' lang='lat' dir='ltr'><strong>Filium</strong></span> <span class='ocrx_word' id='word_1_459' title='bbox 2850 1550 3087 1606; x_wconf 81' lang='lat' dir='ltr'><strong>hominis</strong></span> <span class='ocrx_word' id='word_1_460' title='bbox 3107 1551 3225 1617; x_wconf 80' lang='lat' dir='ltr'><strong>pati</strong></span> <span class='ocrx_word' id='word_1_461' title='bbox 3266 1549 3450 1607; x_wconf 76' lang='lat' dir='ltr'><strong>multa,</strong></span> <span class='ocrx_word' id='word_1_462' title='bbox 3482 1555 3533 1598; x_wconf 90' lang='lat' dir='ltr'><strong>et</strong></span> <span class='ocrx_word' id='word_1_463' title='bbox 3554 1560 3637 1597; x_wconf 70' lang='lat' dir='ltr'><strong>re-</strong></span> 
     </span>
    </p>
   </div>
   <div class='ocr_carea' id='block_1_60' title="bbox 2109 1638 3639 1713">
    <p class='ocr_par' dir='ltr' id='par_1_60' title="bbox 2109 1638 3639 1713">
     <span class='ocr_line' id='line_1_60' title="bbox 2109 1638 3639 1713; baseline -0.008 -13"><span class='ocrx_word' id='word_1_464' title='bbox 2109 1645 2329 1713; x_wconf 75' lang='lat' dir='ltr'><strong>probari</strong></span> <span class='ocrx_word' id='word_1_465' title='bbox 2359 1660 2389 1699; x_wconf 92' lang='lat' dir='ltr'><strong>a</strong></span> <span class='ocrx_word' id='word_1_466' title='bbox 2418 1644 2751 1707; x_wconf 77' lang='lat' dir='ltr'><strong>senioribus,</strong></span> <span class='ocrx_word' id='word_1_467' title='bbox 2775 1652 2833 1697; x_wconf 90' lang='lat' dir='ltr'><strong>et</strong></span> <span class='ocrx_word' id='word_1_468' title='bbox 2858 1658 2888 1695; x_wconf 89' lang='lat' dir='ltr'><strong>a</strong></span> <span class='ocrx_word' id='word_1_469' title='bbox 2917 1642 3147 1697; x_wconf 76' lang='lat' dir='ltr'><strong>summis</strong></span> <span class='ocrx_word' id='word_1_470' title='bbox 3192 1638 3573 1700; x_wconf 78' lang='lat' dir='ltr'><strong>sacerdotibus,</strong></span> <span class='ocrx_word' id='word_1_471' title='bbox 3592 1644 3639 1689; x_wconf 83' lang='lat' dir='ltr'><strong>et</strong></span> 
     </span>
    </p>
   </div>
   <div class='ocr_carea' id='block_1_61' title="bbox 2114 1726 3641 1804">
    <p class='ocr_par' dir='ltr' id='par_1_61' title="bbox 2114 1726 3641 1804">
     <span class='ocr_line' id='line_1_61' title="bbox 2114 1726 3641 1804; baseline -0.009 -13"><span class='ocrx_word' id='word_1_472' title='bbox 2114 1737 2340 1801; x_wconf 79' lang='lat' dir='ltr'><strong>Scribis,</strong></span> <span class='ocrx_word' id='word_1_473' title='bbox 2365 1746 2423 1793; x_wconf 85' lang='lat' dir='ltr'><strong>et</strong></span> <span class='ocrx_word' id='word_1_474' title='bbox 2471 1736 2671 1796; x_wconf 83' lang='lat' dir='ltr'><strong>occidi,</strong></span> <span class='ocrx_word' id='word_1_475' title='bbox 2706 1745 2762 1789; x_wconf 91' lang='lat' dir='ltr'><strong>et</strong></span> <span class='ocrx_word' id='word_1_476' title='bbox 2790 1743 2911 1804; x_wconf 78' lang='lat' dir='ltr'><strong>post</strong></span> <span class='ocrx_word' id='word_1_477' title='bbox 2972 1742 3085 1786; x_wconf 86' lang='lat' dir='ltr'><strong>tres</strong></span> <span class='ocrx_word' id='word_1_478' title='bbox 3115 1732 3235 1785; x_wconf 79' lang='lat' dir='ltr'><strong>dies</strong></span> <span class='ocrx_word' id='word_1_479' title='bbox 3275 1743 3559 1797; x_wconf 84' lang='lat' dir='ltr'><strong>resurgere.</strong></span> <span class='ocrx_word' id='word_1_480' title='bbox 3587 1726 3641 1779; x_wconf 84' lang='lat' dir='ltr'><strong>Et</strong></span> 
     </span>
    </p>
   </div>
   <div class='ocr_carea' id='block_1_62' title="bbox 1217 1811 3639 1893">
    <p class='ocr_par' dir='ltr' id='par_1_62' title="bbox 1217 1811 3639 1893">
     <span class='ocr_line' id='line_1_62' title="bbox 1217 1811 3639 1893; baseline -0.005 -13"><span class='ocrx_word' id='word_1_481' title='bbox 1217 1834 1272 1880; x_wconf 89' lang='lat' dir='ltr'><strong>et</strong></span> <span class='ocrx_word' id='word_1_482' title='bbox 1293 1825 1341 1878; x_wconf 93' lang='lat' dir='ltr'><strong>si</strong></span> <span class='ocrx_word' id='word_1_483' title='bbox 1370 1824 1630 1878; x_wconf 83' lang='lat' dir='ltr'><strong>dimisero</strong></span> <span class='ocrx_word' id='word_1_484' title='bbox 1669 1836 1764 1875; x_wconf 87' lang='lat' dir='ltr'><strong>eos</strong></span> <span class='ocrx_word' id='word_1_485' title='bbox 1783 1822 2001 1892; x_wconf 87' lang='lat' dir='ltr'><strong>jejunos</strong></span> <span class='ocrx_word' id='word_1_486' title='bbox 2033 1811 2073 1867; x_wconf 77' lang='grc' dir='ltr'><strong><em>Β</em></strong></span> <span class='ocrx_word' id='word_1_487' title='bbox 2105 1825 2280 1892; x_wconf 84' lang='lat' dir='ltr'><strong>palam</strong></span> <span class='ocrx_word' id='word_1_488' title='bbox 2312 1824 2536 1878; x_wconf 80' lang='lat' dir='ltr'><strong>verbum</strong></span> <span class='ocrx_word' id='word_1_489' title='bbox 2593 1823 2939 1890; x_wconf 79' lang='lat' dir='ltr'><strong>loquebatur.</strong></span> <span class='ocrx_word' id='word_1_490' title='bbox 2997 1822 3243 1893; x_wconf 69' lang='grc' dir='ltr'><strong>[ωηεν.</strong></span> <span class='ocrx_word' id='word_1_491' title='bbox 3280 1816 3357 1888; x_wconf 75' lang='lat'><strong>6.]</strong></span> <span class='ocrx_word' id='word_1_492' title='bbox 3384 1819 3448 1870; x_wconf 77' lang='lat' dir='ltr'><strong>Et</strong></span> <span class='ocrx_word' id='word_1_493' title='bbox 3470 1829 3639 1883; x_wconf 83' lang='lat' dir='ltr'><strong>appre-</strong></span> 
     </span>
    </p>
   </div>
   <div class='ocr_carea' id='block_1_63' title="bbox 2108 1904 3641 1977">
    <p class='ocr_par' dir='ltr' id='par_1_63' title="bbox 2108 1904 3641 1977">
     <span class='ocr_line' id='line_1_63' title="bbox 2108 1904 3641 1977; baseline -0.006 -14"><span class='ocrx_word' id='word_1_494' title='bbox 2108 1910 2358 1964; x_wconf 86' lang='lat' dir='ltr'><strong>hendens</strong></span> <span class='ocrx_word' id='word_1_495' title='bbox 2401 1923 2531 1964; x_wconf 87' lang='lat' dir='ltr'><strong>eum</strong></span> <span class='ocrx_word' id='word_1_496' title='bbox 2566 1909 2789 1974; x_wconf 85' lang='lat' dir='ltr'><strong>Petrus,</strong></span> <span class='ocrx_word' id='word_1_497' title='bbox 2848 1910 3018 1977; x_wconf 67' lang='lat' dir='ltr'><strong>erepit</strong></span> <span class='ocrx_word' id='word_1_498' title='bbox 3063 1909 3351 1975; x_wconf 82' lang='lat' dir='ltr'><strong>increpare</strong></span> <span class='ocrx_word' id='word_1_499' title='bbox 3390 1920 3529 1959; x_wconf 83' lang='lat' dir='ltr'><strong>cum.</strong></span> <span class='ocrx_word' id='word_1_500' title='bbox 3558 1904 3641 1968; x_wconf 90' lang='lat' dir='ltr'><strong>Qui</strong></span> 
     </span>
    </p>
   </div>
   <div class='ocr_carea' id='block_1_64' title="bbox 2108 1996 3645 2069">
    <p class='ocr_par' dir='ltr' id='par_1_64' title="bbox 2108 1996 3645 2069">
     <span class='ocr_line' id='line_1_64' title="bbox 2108 1996 3645 2069; baseline -0.005 -14"><span class='ocrx_word' id='word_1_501' title='bbox 2108 2014 2429 2065; x_wconf 85' lang='lat' dir='ltr'><strong>conversus,</strong></span> <span class='ocrx_word' id='word_1_502' title='bbox 2456 2008 2513 2054; x_wconf 90' lang='lat' dir='ltr'><strong>et</strong></span> <span class='ocrx_word' id='word_1_503' title='bbox 2561 2000 2754 2054; x_wconf 81' lang='lat' dir='ltr'><strong>videns</strong></span> <span class='ocrx_word' id='word_1_504' title='bbox 2782 2000 3081 2069; x_wconf 79' lang='lat' dir='ltr'><strong>discipulos</strong></span> <span class='ocrx_word' id='word_1_505' title='bbox 3133 2013 3287 2059; x_wconf 89' lang='lat' dir='ltr'><strong>suos,</strong></span> <span class='ocrx_word' id='word_1_506' title='bbox 3316 1996 3645 2051; x_wconf 78' lang='lat' dir='ltr'><strong>comminatus</strong></span> 
     </span>
    </p>
   </div>
   <div class='ocr_carea' id='block_1_65' title="bbox 2108 2084 3645 2155">
    <p class='ocr_par' dir='ltr' id='par_1_65' title="bbox 2108 2084 3645 2155">
     <span class='ocr_line' id='line_1_65' title="bbox 2108 2084 3645 2155; baseline -0.006 -11"><span class='ocrx_word' id='word_1_507' title='bbox 2108 2100 2192 2145; x_wconf 90' lang='lat' dir='ltr'><strong>est</strong></span> <span class='ocrx_word' id='word_1_508' title='bbox 2215 2090 2395 2153; x_wconf 85' lang='lat' dir='ltr'><strong>Petro,</strong></span> <span class='ocrx_word' id='word_1_509' title='bbox 2426 2090 2614 2144; x_wconf 87' lang='lat' dir='ltr'><strong>dicens</strong></span> <span class='ocrx_word' id='word_1_510' title='bbox 2640 2106 2655 2144; x_wconf 85' lang='lat'><strong>:</strong></span> <span class='ocrx_word' id='word_1_511' title='bbox 2680 2088 2823 2144; x_wconf 78' lang='lat' dir='ltr'><strong>Vade</strong></span> <span class='ocrx_word' id='word_1_512' title='bbox 2854 2098 2999 2144; x_wconf 86' lang='lat' dir='ltr'><strong>retro</strong></span> <span class='ocrx_word' id='word_1_513' title='bbox 3021 2104 3129 2153; x_wconf 89' lang='lat' dir='ltr'><strong>me,</strong></span> <span class='ocrx_word' id='word_1_514' title='bbox 3166 2088 3388 2151; x_wconf 84' lang='lat' dir='ltr'><strong>Satana,</strong></span> <span class='ocrx_word' id='word_1_515' title='bbox 3421 2084 3645 2155; x_wconf 73' lang='lat' dir='ltr'><strong>quoniam</strong></span> 
     </span>
    </p>
   </div>
   <div class='ocr_carea' id='block_1_66' title="bbox 2111 2176 3646 2261">
    <p class='ocr_par' dir='ltr' id='par_1_66' title="bbox 2111 2176 3646 2261">
     <span class='ocr_line' id='line_1_66' title="bbox 2111 2176 3646 2261; baseline -0.005 -28"><span class='ocrx_word' id='word_1_516' title='bbox 2111 2196 2220 2234; x_wconf 85' lang='lat' dir='ltr'><strong>non</strong></span> <span class='ocrx_word' id='word_1_517' title='bbox 2272 2181 2419 2251; x_wconf 86' lang='lat' dir='ltr'><strong>sapis</strong></span> <span class='ocrx_word' id='word_1_518' title='bbox 2468 2196 2593 2248; x_wconf 68' lang='lat' dir='ltr'><strong>quae</strong></span> <span class='ocrx_word' id='word_1_519' title='bbox 2623 2183 2714 2237; x_wconf 88' lang='lat' dir='ltr'><strong>Dei</strong></span> <span class='ocrx_word' id='word_1_520' title='bbox 2763 2191 2913 2244; x_wconf 74' lang='lat' dir='ltr'><strong>sunt,</strong></span> <span class='ocrx_word' id='word_1_521' title='bbox 2946 2180 3040 2235; x_wconf 88' lang='lat' dir='ltr'><strong>sed</strong></span> <span class='ocrx_word' id='word_1_522' title='bbox 3072 2195 3191 2250; x_wconf 64' lang='lat' dir='ltr'><strong>quae</strong></span> <span class='ocrx_word' id='word_1_523' title='bbox 3242 2188 3371 2261; x_wconf 69' lang='lat' dir='ltr'><strong>sunt</strong></span> <span class='ocrx_word' id='word_1_524' title='bbox 3397 2176 3646 2229; x_wconf 85' lang='lat' dir='ltr'><strong>hominum</strong></span> 
     </span>
    </p>
   </div>
   <div class='ocr_carea' id='block_1_67' title="bbox 2113 2266 3647 2344">
    <p class='ocr_par' dir='ltr' id='par_1_67' title="bbox 2113 2266 3647 2344">
     <span class='ocr_line' id='line_1_67' title="bbox 2113 2266 3647 2344; baseline -0.007 -17"><span class='ocrx_word' id='word_1_525' title='bbox 2113 2273 2336 2344; x_wconf 61' lang='grc' dir='ltr'><strong>μιαν,</strong></span> <span class='ocrx_word' id='word_1_526' title='bbox 2366 2272 2447 2344; x_wconf 76' lang='grc'><strong>2.]</strong></span> <span class='ocrx_word' id='word_1_527' title='bbox 2468 2274 2538 2327; x_wconf 80' lang='lat' dir='ltr'><strong>Et</strong></span> <span class='ocrx_word' id='word_1_528' title='bbox 2560 2284 2856 2328; x_wconf 81' lang='lat' dir='ltr'><strong>convocata</strong></span> <span class='ocrx_word' id='word_1_529' title='bbox 2905 2272 3070 2326; x_wconf 83' lang='lat' dir='ltr'><strong>turba</strong></span> <span class='ocrx_word' id='word_1_530' title='bbox 3100 2286 3223 2325; x_wconf 86' lang='lat' dir='ltr'><strong>cum</strong></span> <span class='ocrx_word' id='word_1_531' title='bbox 3243 2266 3513 2337; x_wconf 88' lang='lat' dir='ltr'><strong>discipulis</strong></span> <span class='ocrx_word' id='word_1_532' title='bbox 3534 2266 3647 2326; x_wconf 81' lang='lat' dir='ltr'><strong>suis,</strong></span> 
     </span>
    </p>
   </div>
   <div class='ocr_carea' id='block_1_68' title="bbox 2112 2358 3647 2430">
    <p class='ocr_par' dir='ltr' id='par_1_68' title="bbox 2112 2358 3647 2430">
     <span class='ocr_line' id='line_1_68' title="bbox 2112 2358 3647 2430; baseline -0.007 -14"><span class='ocrx_word' id='word_1_533' title='bbox 2112 2362 2252 2416; x_wconf 70' lang='lat' dir='ltr'><strong>dixit</strong></span> <span class='ocrx_word' id='word_1_534' title='bbox 2283 2362 2367 2416; x_wconf 90' lang='lat' dir='ltr'><strong>eis</strong></span> <span class='ocrx_word' id='word_1_535' title='bbox 2419 2376 2436 2416; x_wconf 90' lang='lat'><strong>:</strong></span> <span class='ocrx_word' id='word_1_536' title='bbox 2466 2363 2527 2416; x_wconf 82' lang='lat' dir='ltr'><strong>Si</strong></span> <span class='ocrx_word' id='word_1_537' title='bbox 2566 2365 2690 2430; x_wconf 82' lang='lat' dir='ltr'><strong>quis</strong></span> <span class='ocrx_word' id='word_1_538' title='bbox 2722 2362 2833 2417; x_wconf 83' lang='lat' dir='ltr'><strong>vult</strong></span> <span class='ocrx_word' id='word_1_539' title='bbox 2872 2376 2959 2415; x_wconf 90' lang='lat' dir='ltr'><strong>me</strong></span> <span class='ocrx_word' id='word_1_540' title='bbox 2989 2360 3165 2429; x_wconf 81' lang='lat' dir='ltr'><strong>sequi,</strong></span> <span class='ocrx_word' id='word_1_541' title='bbox 3197 2358 3427 2426; x_wconf 86' lang='lat' dir='ltr'><strong>deneget</strong></span> <span class='ocrx_word' id='word_1_542' title='bbox 3476 2362 3647 2409; x_wconf 87' lang='lat' dir='ltr'><strong>semet-</strong></span> 
     </span>
    </p>
   </div>
   <div class='ocr_carea' id='block_1_69' title="bbox 2114 2443 3647 2523">
    <p class='ocr_par' dir='ltr' id='par_1_69' title="bbox 2114 2443 3647 2523">
     <span class='ocr_line' id='line_1_69' title="bbox 2114 2443 3647 2523; baseline -0.006 -18"><span class='ocrx_word' id='word_1_543' title='bbox 2114 2453 2335 2523; x_wconf 80' lang='lat' dir='ltr'><strong>ipsum:</strong></span> <span class='ocrx_word' id='word_1_544' title='bbox 2373 2462 2426 2506; x_wconf 92' lang='lat' dir='ltr'><strong>et</strong></span> <span class='ocrx_word' id='word_1_545' title='bbox 2455 2452 2602 2506; x_wconf 89' lang='lat' dir='ltr'><strong>tollat</strong></span> <span class='ocrx_word' id='word_1_546' title='bbox 2632 2466 2848 2506; x_wconf 78' lang='lat' dir='ltr'><strong>crucem</strong></span> <span class='ocrx_word' id='word_1_547' title='bbox 2886 2467 3062 2520; x_wconf 80' lang='lat' dir='ltr'><strong>suam,</strong></span> <span class='ocrx_word' id='word_1_548' title='bbox 3097 2460 3151 2505; x_wconf 90' lang='lat' dir='ltr'><strong>et</strong></span> <span class='ocrx_word' id='word_1_549' title='bbox 3173 2461 3433 2518; x_wconf 77' lang='lat' dir='ltr'><strong>sequatur</strong></span> <span class='ocrx_word' id='word_1_550' title='bbox 3450 2443 3647 2509; x_wconf 73' lang='grc' dir='ltr'>ωε.οιιὶ</span> 
     </span>
    </p>
   </div>
   <div class='ocr_carea' id='block_1_70' title="bbox 2114 2537 3649 2608">
    <p class='ocr_par' dir='ltr' id='par_1_70' title="bbox 2114 2537 3649 2608">
     <span class='ocr_line' id='line_1_70' title="bbox 2114 2537 3649 2608; baseline -0.007 -11"><span class='ocrx_word' id='word_1_551' title='bbox 2114 2544 2258 2597; x_wconf 90' lang='lat' dir='ltr'><strong>enim</strong></span> <span class='ocrx_word' id='word_1_552' title='bbox 2282 2544 2520 2597; x_wconf 88' lang='lat' dir='ltr'><strong>voluerit</strong></span> <span class='ocrx_word' id='word_1_553' title='bbox 2551 2543 2791 2597; x_wconf 85' lang='lat' dir='ltr'><strong>animam</strong></span> <span class='ocrx_word' id='word_1_554' title='bbox 2825 2538 2979 2596; x_wconf 79' lang='lat' dir='ltr'><strong>suam</strong></span> <span class='ocrx_word' id='word_1_555' title='bbox 3012 2542 3218 2596; x_wconf 87' lang='lat' dir='ltr'><strong>salvam</strong></span> <span class='ocrx_word' id='word_1_556' title='bbox 3251 2542 3444 2601; x_wconf 83' lang='lat' dir='ltr'><strong>facere,</strong></span> <span class='ocrx_word' id='word_1_557' title='bbox 3483 2537 3649 2608; x_wconf 86' lang='lat' dir='ltr'><strong>perdet</strong></span> 
     </span>
    </p>
   </div>
   <div class='ocr_carea' id='block_1_71' title="bbox 2114 2636 3650 2705">
    <p class='ocr_par' dir='ltr' id='par_1_71' title="bbox 2114 2636 3650 2705">
     <span class='ocr_line' id='line_1_71' title="bbox 2114 2636 3650 2705; baseline -0.008 -14"><span class='ocrx_word' id='word_1_558' title='bbox 2114 2651 2234 2691; x_wconf 85' lang='lat' dir='ltr'><strong>eam</strong></span> <span class='ocrx_word' id='word_1_559' title='bbox 2264 2651 2278 2690; x_wconf 91' lang='lat'><strong>:</strong></span> <span class='ocrx_word' id='word_1_560' title='bbox 2310 2638 2400 2705; x_wconf 88' lang='lat' dir='ltr'><strong>qui</strong></span> <span class='ocrx_word' id='word_1_561' title='bbox 2446 2646 2627 2689; x_wconf 81' lang='lat' dir='ltr'><strong>autem</strong></span> <span class='ocrx_word' id='word_1_562' title='bbox 2677 2636 2983 2705; x_wconf 78' lang='lat' dir='ltr'><strong>perdiderit</strong></span> <span class='ocrx_word' id='word_1_563' title='bbox 3016 2636 3258 2687; x_wconf 88' lang='lat' dir='ltr'><strong>animam</strong></span> <span class='ocrx_word' id='word_1_564' title='bbox 3283 2647 3430 2687; x_wconf 89' lang='lat' dir='ltr'><strong>suam</strong></span> <span class='ocrx_word' id='word_1_565' title='bbox 3460 2637 3650 2699; x_wconf 83' lang='lat' dir='ltr'><strong>propter</strong></span> 
     </span>
    </p>
   </div>
   <div class='ocr_carea' id='block_1_72' title="bbox 2116 2720 3650 2798">
    <p class='ocr_par' dir='ltr' id='par_1_72' title="bbox 2116 2720 3650 2798">
     <span class='ocr_line' id='line_1_72' title="bbox 2116 2720 3650 2798; baseline -0.007 -16"><span class='ocrx_word' id='word_1_566' title='bbox 2116 2744 2202 2782; x_wconf 89' lang='lat' dir='ltr'><strong>me</strong></span> <span class='ocrx_word' id='word_1_567' title='bbox 2233 2736 2289 2783; x_wconf 87' lang='lat' dir='ltr'><strong>et</strong></span> <span class='ocrx_word' id='word_1_568' title='bbox 2317 2728 2688 2798; x_wconf 81' lang='lat' dir='ltr'><strong>Evangelinm.</strong></span> <span class='ocrx_word' id='word_1_569' title='bbox 2722 2729 2924 2780; x_wconf 84' lang='lat' dir='ltr'><strong>salvam</strong></span> <span class='ocrx_word' id='word_1_570' title='bbox 2950 2727 3125 2781; x_wconf 81' lang='lat' dir='ltr'><strong>l‘aeiet</strong></span> <span class='ocrx_word' id='word_1_571' title='bbox 3176 2740 3325 2779; x_wconf 88' lang='lat' dir='ltr'><strong>eam.</strong></span> <span class='ocrx_word' id='word_1_572' title='bbox 3368 2722 3497 2788; x_wconf 90' lang='lat' dir='ltr'><strong>Quid</strong></span> <span class='ocrx_word' id='word_1_573' title='bbox 3525 2720 3650 2774; x_wconf 88' lang='lat' dir='ltr'><strong>enim</strong></span> 
     </span>
    </p>
   </div>
   <div class='ocr_carea' id='block_1_73' title="bbox 2114 2809 3648 2885">
    <p class='ocr_par' dir='ltr' id='par_1_73' title="bbox 2114 2809 3648 2885">
     <span class='ocr_line' id='line_1_73' title="bbox 2114 2809 3648 2885; baseline -0.006 -16"><span class='ocrx_word' id='word_1_574' title='bbox 2114 2816 2357 2885; x_wconf 85' lang='lat' dir='ltr'><strong>proderit</strong></span> <span class='ocrx_word' id='word_1_575' title='bbox 2389 2817 2612 2877; x_wconf 84' lang='lat' dir='ltr'><strong>homini,</strong></span> <span class='ocrx_word' id='word_1_576' title='bbox 2644 2816 2689 2870; x_wconf 88' lang='lat' dir='ltr'><strong>si</strong></span> <span class='ocrx_word' id='word_1_577' title='bbox 2725 2816 2971 2868; x_wconf 73' lang='lat' dir='ltr'><strong>uteretur</strong></span> <span class='ocrx_word' id='word_1_578' title='bbox 3000 2813 3270 2867; x_wconf 85' lang='lat' dir='ltr'><strong>mundum</strong></span> <span class='ocrx_word' id='word_1_579' title='bbox 3296 2822 3480 2873; x_wconf 89' lang='lat' dir='ltr'><strong>totum,</strong></span> <span class='ocrx_word' id='word_1_580' title='bbox 3501 2809 3648 2863; x_wconf 89' lang='lat' dir='ltr'><strong>etde-</strong></span> 
     </span>
    </p>
   </div>
   <div class='ocr_carea' id='block_1_74' title="bbox 2117 2899 3655 2969">
    <p class='ocr_par' dir='ltr' id='par_1_74' title="bbox 2117 2899 3655 2969">
     <span class='ocr_line' id='line_1_74' title="bbox 2117 2899 3655 2969; baseline -0.008 -11"><span class='ocrx_word' id='word_1_581' title='bbox 2117 2906 2434 2959; x_wconf 88' lang='lat' dir='ltr'><strong>trimenturn</strong></span> <span class='ocrx_word' id='word_1_582' title='bbox 2456 2905 2651 2957; x_wconf 80' lang='lat' dir='ltr'><strong>animae</strong></span> <span class='ocrx_word' id='word_1_583' title='bbox 2683 2919 2792 2957; x_wconf 69' lang='lat' dir='ltr'><strong>sua:</strong></span> <span class='ocrx_word' id='word_1_584' title='bbox 2824 2902 3027 2956; x_wconf 72' lang='lat' dir='ltr'><strong>faciat?</strong></span> <span class='ocrx_word' id='word_1_585' title='bbox 3056 2905 3161 2955; x_wconf 78' lang='lat' dir='ltr'><strong>Aut</strong></span> <span class='ocrx_word' id='word_1_586' title='bbox 3191 2902 3327 2969; x_wconf 88' lang='lat' dir='ltr'><strong>quid</strong></span> <span class='ocrx_word' id='word_1_587' title='bbox 3352 2900 3493 2954; x_wconf 85' lang='lat' dir='ltr'><strong>dabit</strong></span> <span class='ocrx_word' id='word_1_588' title='bbox 3516 2899 3655 2950; x_wconf 87' lang='lat' dir='ltr'><strong>homo</strong></span> 
     </span>
    </p>
   </div>
   <div class='ocr_carea' id='block_1_75' title="bbox 2115 2987 3651 3064">
    <p class='ocr_par' dir='ltr' id='par_1_75' title="bbox 2115 2987 3651 3064">
     <span class='ocr_line' id='line_1_75' title="bbox 2115 2987 3651 3064; baseline -0.007 -13"><span class='ocrx_word' id='word_1_589' title='bbox 2115 2995 2559 3051; x_wconf 87' lang='lat' dir='ltr'><strong>commutationis</strong></span> <span class='ocrx_word' id='word_1_590' title='bbox 2610 3010 2714 3062; x_wconf 55' lang='grc' dir='ltr'><strong>χιιι-ο</strong></span> <span class='ocrx_word' id='word_1_591' title='bbox 2759 2994 2938 3048; x_wconf 82' lang='lat' dir='ltr'><strong>anima</strong></span> <span class='ocrx_word' id='word_1_592' title='bbox 2962 2993 3093 3048; x_wconf 84' lang='lat' dir='ltr'><strong>sua?</strong></span> <span class='ocrx_word' id='word_1_593' title='bbox 3152 2991 3401 3064; x_wconf 58' lang='lat' dir='ltr'><strong>[cxxxvu</strong></span> <span class='ocrx_word' id='word_1_594' title='bbox 3454 2987 3531 3059; x_wconf 74' lang='lat'><strong>2.]</strong></span> <span class='ocrx_word' id='word_1_595' title='bbox 3564 2987 3651 3053; x_wconf 85' lang='lat' dir='ltr'><strong>Qui</strong></span> 
     </span>
    </p>
   </div>
   <div class='ocr_carea' id='block_1_76' title="bbox 2115 3084 3656 3155">
    <p class='ocr_par' dir='ltr' id='par_1_76' title="bbox 2115 3084 3656 3155">
     <span class='ocr_line' id='line_1_76' title="bbox 2115 3084 3656 3155; baseline -0.006 -14"><span class='ocrx_word' id='word_1_596' title='bbox 2115 3089 2261 3142; x_wconf 87' lang='lat' dir='ltr'><strong>enim</strong></span> <span class='ocrx_word' id='word_1_597' title='bbox 2298 3102 2384 3140; x_wconf 91' lang='lat' dir='ltr'><strong>me</strong></span> <span class='ocrx_word' id='word_1_598' title='bbox 2420 3085 2680 3141; x_wconf 80' lang='lat' dir='ltr'><strong>confusus</strong></span> <span class='ocrx_word' id='word_1_599' title='bbox 2716 3085 2896 3155; x_wconf 73' lang='lat' dir='ltr'><strong>fuerit,</strong></span> <span class='ocrx_word' id='word_1_600' title='bbox 2920 3094 2973 3138; x_wconf 89' lang='lat' dir='ltr'><strong>et</strong></span> <span class='ocrx_word' id='word_1_601' title='bbox 3006 3084 3171 3138; x_wconf 84' lang='lat' dir='ltr'><strong>verba</strong></span> <span class='ocrx_word' id='word_1_602' title='bbox 3200 3100 3347 3146; x_wconf 89' lang='lat' dir='ltr'><strong>mea,</strong></span> <span class='ocrx_word' id='word_1_603' title='bbox 3384 3085 3656 3149; x_wconf 50' lang='lat' dir='ltr'><strong>ingenera.</strong></span> 
     </span>
    </p>
   </div>
   <div class='ocr_carea' id='block_1_77' title="bbox 2118 3160 3657 3247">
    <p class='ocr_par' dir='ltr' id='par_1_77' title="bbox 2118 3160 3657 3247">
     <span class='ocr_line' id='line_1_77' title="bbox 2118 3160 3657 3247; baseline -0.006 -15"><span class='ocrx_word' id='word_1_604' title='bbox 2118 3182 2261 3234; x_wconf 85' lang='lat' dir='ltr'><strong>tione</strong></span> <span class='ocrx_word' id='word_1_605' title='bbox 2292 3180 2395 3233; x_wconf 86' lang='lat' dir='ltr'><strong>ista</strong></span> <span class='ocrx_word' id='word_1_606' title='bbox 2427 3180 2667 3234; x_wconf 87' lang='lat' dir='ltr'><strong>adultera</strong></span> <span class='ocrx_word' id='word_1_607' title='bbox 2715 3160 2772 3232; x_wconf 68' lang='lat' dir='ltr'><strong>et</strong></span> <span class='ocrx_word' id='word_1_608' title='bbox 2799 3178 3102 3247; x_wconf 85' lang='lat' dir='ltr'><strong>peccatrice</strong></span> <span class='ocrx_word' id='word_1_609' title='bbox 3136 3193 3151 3228; x_wconf 93' lang='lat'><strong>:</strong></span> <span class='ocrx_word' id='word_1_610' title='bbox 3189 3188 3253 3232; x_wconf 90' lang='lat' dir='ltr'><strong>et</strong></span> <span class='ocrx_word' id='word_1_611' title='bbox 3284 3177 3426 3231; x_wconf 77' lang='lat' dir='ltr'><strong>tilias</strong></span> <span class='ocrx_word' id='word_1_612' title='bbox 3453 3170 3657 3227; x_wconf 86' lang='lat' dir='ltr'><strong>hominis</strong></span> 
     </span>
    </p>
   </div>
   <div class='ocr_carea' id='block_1_78' title="bbox 2116 3265 3659 3339">
    <p class='ocr_par' dir='ltr' id='par_1_78' title="bbox 2116 3265 3659 3339">
     <span class='ocr_line' id='line_1_78' title="bbox 2116 3265 3659 3339; baseline -0.004 -14"><span class='ocrx_word' id='word_1_613' title='bbox 2116 3272 2483 3327; x_wconf 80' lang='lat' dir='ltr'><strong>coofundetur</strong></span> <span class='ocrx_word' id='word_1_614' title='bbox 2509 3286 2656 3333; x_wconf 90' lang='lat' dir='ltr'><strong>eum,</strong></span> <span class='ocrx_word' id='word_1_615' title='bbox 2710 3284 2839 3324; x_wconf 87' lang='lat' dir='ltr'><strong>cum</strong></span> <span class='ocrx_word' id='word_1_616' title='bbox 2876 3270 3088 3324; x_wconf 82' lang='lat' dir='ltr'><strong>venerit</strong></span> <span class='ocrx_word' id='word_1_617' title='bbox 3113 3271 3165 3323; x_wconf 91' lang='lat' dir='ltr'><strong>in</strong></span> <span class='ocrx_word' id='word_1_618' title='bbox 3192 3269 3374 3339; x_wconf 75' lang='lat' dir='ltr'><strong>gloria</strong></span> <span class='ocrx_word' id='word_1_619' title='bbox 3396 3268 3564 3323; x_wconf 80' lang='lat' dir='ltr'><strong>Patris</strong></span> <span class='ocrx_word' id='word_1_620' title='bbox 3588 3265 3659 3319; x_wconf 89' lang='lat' dir='ltr'><strong>sui</strong></span> 
     </span>
    </p>
   </div>
   <div class='ocr_carea' id='block_1_79' title="bbox 2116 3358 3654 3431">
    <p class='ocr_par' dir='ltr' id='par_1_79' title="bbox 2116 3358 3654 3431">
     <span class='ocr_line' id='line_1_79' title="bbox 2116 3358 3654 3431; baseline -0.005 -15"><span class='ocrx_word' id='word_1_621' title='bbox 2116 3378 2239 3416; x_wconf 88' lang='lat' dir='ltr'><strong>cum</strong></span> <span class='ocrx_word' id='word_1_622' title='bbox 2280 3363 2487 3431; x_wconf 84' lang='lat' dir='ltr'><strong>angelis</strong></span> <span class='ocrx_word' id='word_1_623' title='bbox 2543 3361 2769 3417; x_wconf 87' lang='lat' dir='ltr'><strong>sanctis.</strong></span> <span class='ocrx_word' id='word_1_624' title='bbox 2806 3360 3065 3431; x_wconf 71' lang='grc' dir='ltr'><strong>[ωιιινιι.</strong></span> <span class='ocrx_word' id='word_1_625' title='bbox 3095 3359 3255 3431; x_wconf 80' lang='lat' dir='ltr'><strong>2.]Et</strong></span> <span class='ocrx_word' id='word_1_626' title='bbox 3284 3359 3494 3415; x_wconf 83' lang='lat' dir='ltr'><strong>dicebat</strong></span> <span class='ocrx_word' id='word_1_627' title='bbox 3520 3358 3654 3411; x_wconf 88' lang='lat' dir='ltr'><strong>illis:</strong></span> 
     </span>
    </p>
   </div>
   <div class='ocr_carea' id='block_1_80' title="bbox 2117 3446 3662 3522">
    <p class='ocr_par' dir='ltr' id='par_1_80' title="bbox 2117 3446 3662 3522">
     <span class='ocr_line' id='line_1_80' title="bbox 2117 3446 3662 3522; baseline -0.007 -14"><span class='ocrx_word' id='word_1_628' title='bbox 2117 3455 2286 3508; x_wconf 84' lang='lat' dir='ltr'><strong>Amen</strong></span> <span class='ocrx_word' id='word_1_629' title='bbox 2320 3453 2442 3507; x_wconf 89' lang='lat' dir='ltr'><strong>dico</strong></span> <span class='ocrx_word' id='word_1_630' title='bbox 2484 3454 2660 3515; x_wconf 88' lang='lat' dir='ltr'><strong>vobis,</strong></span> <span class='ocrx_word' id='word_1_631' title='bbox 2696 3453 2822 3522; x_wconf 83' lang='lat' dir='ltr'><strong>quia</strong></span> <span class='ocrx_word' id='word_1_632' title='bbox 2861 3461 2989 3507; x_wconf 90' lang='lat' dir='ltr'><strong>sunt</strong></span> <span class='ocrx_word' id='word_1_633' title='bbox 3018 3451 3242 3519; x_wconf 81' lang='lat' dir='ltr'><strong>quidam</strong></span> <span class='ocrx_word' id='word_1_634' title='bbox 3280 3451 3351 3505; x_wconf 90' lang='lat' dir='ltr'><strong>de</strong></span> <span class='ocrx_word' id='word_1_635' title='bbox 3380 3448 3468 3503; x_wconf 87' lang='lat' dir='ltr'><strong>hic</strong></span> <span class='ocrx_word' id='word_1_636' title='bbox 3494 3446 3662 3501; x_wconf 80' lang='lat' dir='ltr'><strong>stanti-</strong></span> 
     </span>
    </p>
   </div>
   <div class='ocr_carea' id='block_1_81' title="bbox 2119 3540 3661 3613">
    <p class='ocr_par' dir='ltr' id='par_1_81' title="bbox 2119 3540 3661 3613">
     <span class='ocr_line' id='line_1_81' title="bbox 2119 3540 3661 3613; baseline -0.007 -13"><span class='ocrx_word' id='word_1_637' title='bbox 2119 3546 2245 3606; x_wconf 84' lang='lat' dir='ltr'><strong>bus,</strong></span> <span class='ocrx_word' id='word_1_638' title='bbox 2267 3545 2359 3613; x_wconf 90' lang='lat' dir='ltr'><strong>qui</strong></span> <span class='ocrx_word' id='word_1_639' title='bbox 2398 3560 2502 3600; x_wconf 88' lang='lat' dir='ltr'><strong>non</strong></span> <span class='ocrx_word' id='word_1_640' title='bbox 2533 3545 2830 3613; x_wconf 82' lang='lat' dir='ltr'><strong>gustabunt</strong></span> <span class='ocrx_word' id='word_1_641' title='bbox 2851 3553 3108 3607; x_wconf 80' lang='lat' dir='ltr'><strong>mortem,</strong></span> <span class='ocrx_word' id='word_1_642' title='bbox 3138 3542 3321 3598; x_wconf 87' lang='lat' dir='ltr'><strong>donec</strong></span> <span class='ocrx_word' id='word_1_643' title='bbox 3361 3540 3567 3596; x_wconf 82' lang='lat' dir='ltr'><strong>videant</strong></span> <span class='ocrx_word' id='word_1_644' title='bbox 3589 3550 3661 3590; x_wconf 88' lang='lat' dir='ltr'><strong>re-</strong></span> 
     </span>
    </p>
   </div>
   <div class='ocr_carea' id='block_1_82' title="bbox 2120 3636 2963 3708">
    <p class='ocr_par' dir='ltr' id='par_1_82' title="bbox 2120 3636 2963 3708">
     <span class='ocr_line' id='line_1_82' title="bbox 2120 3636 2963 3708; baseline 0 -19"><span class='ocrx_word' id='word_1_645' title='bbox 2120 3654 2285 3708; x_wconf 88' lang='lat' dir='ltr'><strong>gnum</strong></span> <span class='ocrx_word' id='word_1_646' title='bbox 2310 3637 2401 3690; x_wconf 90' lang='lat' dir='ltr'><strong>Dei</strong></span> <span class='ocrx_word' id='word_1_647' title='bbox 2425 3636 2649 3692; x_wconf 88' lang='lat' dir='ltr'><strong>veniens</strong></span> <span class='ocrx_word' id='word_1_648' title='bbox 2669 3637 2721 3690; x_wconf 90' lang='lat' dir='ltr'><strong>in</strong></span> <span class='ocrx_word' id='word_1_649' title='bbox 2741 3636 2963 3690; x_wconf 85' lang='lat' dir='ltr'><strong>virtute.</strong></span> 
     </span>
    </p>
   </div>
   <div class='ocr_carea' id='block_1_83' title="bbox 2177 3716 3665 3799">
    <p class='ocr_par' dir='ltr' id='par_1_83' title="bbox 2177 3716 3665 3799">
     <span class='ocr_line' id='line_1_83' title="bbox 2177 3716 3665 3799; baseline -0.01 -16"><span class='ocrx_word' id='word_1_650' title='bbox 2177 3727 2334 3799; x_wconf 72' lang='grc' dir='ltr'><strong>[ϐαρ.</strong></span> <span class='ocrx_word' id='word_1_651' title='bbox 2367 3726 2484 3798; x_wconf 78' lang='lat' dir='ltr'><strong>IX.]</strong></span> <span class='ocrx_word' id='word_1_652' title='bbox 2515 3728 2585 3780; x_wconf 76' lang='lat' dir='ltr'><strong>Et</strong></span> <span class='ocrx_word' id='word_1_653' title='bbox 2634 3734 2757 3796; x_wconf 86' lang='lat' dir='ltr'><strong>post</strong></span> <span class='ocrx_word' id='word_1_654' title='bbox 2798 3724 2915 3780; x_wconf 88' lang='lat' dir='ltr'><strong>dies</strong></span> <span class='ocrx_word' id='word_1_655' title='bbox 2962 3740 3057 3780; x_wconf 82' lang='lat' dir='ltr'><strong>sex</strong></span> <span class='ocrx_word' id='word_1_656' title='bbox 3090 3725 3326 3779; x_wconf 87' lang='lat' dir='ltr'><strong>assumit</strong></span> <span class='ocrx_word' id='word_1_657' title='bbox 3376 3722 3528 3779; x_wconf 83' lang='lat' dir='ltr'><strong>Jesus</strong></span> <span class='ocrx_word' id='word_1_658' title='bbox 3578 3716 3665 3770; x_wconf 81' lang='lat' dir='ltr'><strong>Pe-</strong></span> 
     </span>
    </p>
   </div>
   <div class='ocr_carea' id='block_1_84' title="bbox 2125 3807 3664 3882">
    <p class='ocr_par' dir='ltr' id='par_1_84' title="bbox 2125 3807 3664 3882">
     <span class='ocr_line' id='line_1_84' title="bbox 2125 3807 3664 3882; baseline -0.011 -9"><span class='ocrx_word' id='word_1_659' title='bbox 2125 3830 2293 3882; x_wconf 85' lang='lat' dir='ltr'><strong>trum.</strong></span> <span class='ocrx_word' id='word_1_660' title='bbox 2315 3828 2365 3873; x_wconf 86' lang='lat' dir='ltr'><strong>et</strong></span> <span class='ocrx_word' id='word_1_661' title='bbox 2417 3817 2705 3882; x_wconf 84' lang='lat' dir='ltr'><strong>Jacobum,</strong></span> <span class='ocrx_word' id='word_1_662' title='bbox 2743 3828 2798 3874; x_wconf 90' lang='lat' dir='ltr'><strong>et</strong></span> <span class='ocrx_word' id='word_1_663' title='bbox 2832 3818 3094 3874; x_wconf 73' lang='lat' dir='ltr'><strong>Joannem</strong></span> <span class='ocrx_word' id='word_1_664' title='bbox 3126 3829 3144 3871; x_wconf 87' lang='lat'><strong>:</strong></span> <span class='ocrx_word' id='word_1_665' title='bbox 3178 3827 3241 3872; x_wconf 80' lang='lat' dir='ltr'><strong>et</strong></span> <span class='ocrx_word' id='word_1_666' title='bbox 3298 3816 3447 3870; x_wconf 86' lang='lat' dir='ltr'><strong>ducit</strong></span> <span class='ocrx_word' id='word_1_667' title='bbox 3476 3812 3583 3866; x_wconf 90' lang='lat' dir='ltr'><strong>illos</strong></span> <span class='ocrx_word' id='word_1_668' title='bbox 3619 3807 3664 3860; x_wconf 89' lang='lat' dir='ltr'><strong>in</strong></span> 
     </span>
    </p>
   </div>
   <div class='ocr_carea' id='block_1_85' title="bbox 2127 3905 3666 3973">
    <p class='ocr_par' dir='ltr' id='par_1_85' title="bbox 2127 3905 3666 3973">
     <span class='ocr_line' id='line_1_85' title="bbox 2127 3905 3666 3973; baseline -0.006 -9"><span class='ocrx_word' id='word_1_669' title='bbox 2127 3922 2365 3964; x_wconf 90' lang='lat' dir='ltr'><strong>montem</strong></span> <span class='ocrx_word' id='word_1_670' title='bbox 2399 3910 2675 3964; x_wconf 77' lang='lat' dir='ltr'><strong>excelsum</strong></span> <span class='ocrx_word' id='word_1_671' title='bbox 2704 3923 2953 3965; x_wconf 82' lang='lat' dir='ltr'><strong>seorsum</strong></span> <span class='ocrx_word' id='word_1_672' title='bbox 2997 3908 3165 3969; x_wconf 88' lang='lat' dir='ltr'><strong>solos,</strong></span> <span class='ocrx_word' id='word_1_673' title='bbox 3195 3918 3255 3961; x_wconf 87' lang='lat' dir='ltr'><strong>et</strong></span> <span class='ocrx_word' id='word_1_674' title='bbox 3290 3905 3666 3973; x_wconf 82' lang='lat' dir='ltr'><strong>transﬁguratus</strong></span> 
     </span>
    </p>
   </div>
   <div class='ocr_carea' id='block_1_86' title="bbox 2127 3992 3666 4071">
    <p class='ocr_par' dir='ltr' id='par_1_86' title="bbox 2127 3992 3666 4071">
     <span class='ocr_line' id='line_1_86' title="bbox 2127 3992 3666 4071; baseline -0.008 -16"><span class='ocrx_word' id='word_1_675' title='bbox 2127 4011 2409 4056; x_wconf 87' lang='lat' dir='ltr'><strong>estcoram</strong></span> <span class='ocrx_word' id='word_1_676' title='bbox 2440 4001 2593 4071; x_wconf 88' lang='lat' dir='ltr'><strong>ipsis.</strong></span> <span class='ocrx_word' id='word_1_677' title='bbox 2615 4000 2681 4054; x_wconf 86' lang='lat' dir='ltr'><strong>Et</strong></span> <span class='ocrx_word' id='word_1_678' title='bbox 2709 4000 3031 4056; x_wconf 86' lang='lat' dir='ltr'><strong>vestimenta</strong></span> <span class='ocrx_word' id='word_1_679' title='bbox 3061 4000 3177 4070; x_wconf 88' lang='lat' dir='ltr'><strong>ejus</strong></span> <span class='ocrx_word' id='word_1_680' title='bbox 3205 3999 3348 4053; x_wconf 80' lang='lat' dir='ltr'><strong>facta</strong></span> <span class='ocrx_word' id='word_1_681' title='bbox 3378 3992 3666 4063; x_wconf 88' lang='lat' dir='ltr'><strong>suutsplen-</strong></span> 
     </span>
    </p>
   </div>
   <div class='ocr_carea' id='block_1_87' title="bbox 2128 4086 3667 4160">
    <p class='ocr_par' dir='ltr' id='par_1_87' title="bbox 2128 4086 3667 4160">
     <span class='ocr_line' id='line_1_87' title="bbox 2128 4086 3667 4160; baseline -0.012 -10"><span class='ocrx_word' id='word_1_682' title='bbox 2128 4095 2308 4150; x_wconf 84' lang='lat' dir='ltr'><strong>(lentia</strong></span> <span class='ocrx_word' id='word_1_683' title='bbox 2335 4092 2662 4148; x_wconf 82' lang='lat' dir='ltr'><strong>etcandida</strong></span> <span class='ocrx_word' id='word_1_684' title='bbox 2686 4091 2854 4147; x_wconf 84' lang='lat' dir='ltr'><strong>nimis</strong></span> <span class='ocrx_word' id='word_1_685' title='bbox 2885 4092 3034 4146; x_wconf 88' lang='lat' dir='ltr'><strong>velut</strong></span> <span class='ocrx_word' id='word_1_686' title='bbox 3062 4090 3176 4152; x_wconf 77' lang='lat' dir='ltr'><strong>nix,</strong></span> <span class='ocrx_word' id='word_1_687' title='bbox 3210 4090 3396 4160; x_wconf 89' lang='lat' dir='ltr'><strong>qualia</strong></span> <span class='ocrx_word' id='word_1_688' title='bbox 3428 4086 3547 4141; x_wconf 78' lang='lat' dir='ltr'><strong>fullo</strong></span> <span class='ocrx_word' id='word_1_689' title='bbox 3576 4096 3667 4135; x_wconf 88' lang='lat' dir='ltr'><strong>non</strong></span> 
     </span>
    </p>
   </div>
   <div class='ocr_carea' id='block_1_88' title="bbox 2132 4171 3672 4255">
    <p class='ocr_par' dir='ltr' id='par_1_88' title="bbox 2132 4171 3672 4255">
     <span class='ocr_line' id='line_1_88' title="bbox 2132 4171 3672 4255; baseline -0.009 -18"><span class='ocrx_word' id='word_1_690' title='bbox 2132 4192 2309 4255; x_wconf 87' lang='lat' dir='ltr'><strong>potest</strong></span> <span class='ocrx_word' id='word_1_691' title='bbox 2340 4198 2507 4252; x_wconf 90' lang='lat' dir='ltr'><strong>super</strong></span> <span class='ocrx_word' id='word_1_692' title='bbox 2536 4193 2737 4236; x_wconf 85' lang='lat' dir='ltr'><strong>terram</strong></span> <span class='ocrx_word' id='word_1_693' title='bbox 2764 4183 2993 4236; x_wconf 86' lang='lat' dir='ltr'><strong>candida</strong></span> <span class='ocrx_word' id='word_1_694' title='bbox 3017 4182 3219 4237; x_wconf 81' lang='lat' dir='ltr'><strong>facere.</strong></span> <span class='ocrx_word' id='word_1_695' title='bbox 3245 4181 3315 4234; x_wconf 84' lang='lat' dir='ltr'><strong>Et</strong></span> <span class='ocrx_word' id='word_1_696' title='bbox 3336 4171 3672 4247; x_wconf 84' lang='lat' dir='ltr'><strong>apparuitillis</strong></span> 
     </span>
    </p>
   </div>
   <div class='ocr_carea' id='block_1_89' title="bbox 2129 4265 3673 4343">
    <p class='ocr_par' dir='ltr' id='par_1_89' title="bbox 2129 4265 3673 4343">
     <span class='ocr_line' id='line_1_89' title="bbox 2129 4265 3673 4343; baseline -0.01 -11"><span class='ocrx_word' id='word_1_697' title='bbox 2129 4278 2277 4332; x_wconf 89' lang='lat' dir='ltr'><strong>Elias</strong></span> <span class='ocrx_word' id='word_1_698' title='bbox 2314 4290 2436 4329; x_wconf 90' lang='lat' dir='ltr'><strong>cum</strong></span> <span class='ocrx_word' id='word_1_699' title='bbox 2465 4275 2683 4342; x_wconf 73' lang='lat' dir='ltr'><strong>Moyse:</strong></span> <span class='ocrx_word' id='word_1_700' title='bbox 2715 4283 2772 4329; x_wconf 90' lang='lat' dir='ltr'><strong>et</strong></span> <span class='ocrx_word' id='word_1_701' title='bbox 2793 4284 2950 4329; x_wconf 85' lang='lat' dir='ltr'><strong>erant</strong></span> <span class='ocrx_word' id='word_1_702' title='bbox 2977 4275 3270 4343; x_wconf 89' lang='lat' dir='ltr'><strong>loquentes</strong></span> <span class='ocrx_word' id='word_1_703' title='bbox 3294 4288 3416 4326; x_wconf 90' lang='lat' dir='ltr'><strong>cum</strong></span> <span class='ocrx_word' id='word_1_704' title='bbox 3457 4270 3590 4324; x_wconf 85' lang='lat' dir='ltr'><strong>Jesu.</strong></span> <span class='ocrx_word' id='word_1_705' title='bbox 3619 4265 3673 4316; x_wconf 80' lang='lat' dir='ltr'><strong>Et</strong></span> 
     </span>
    </p>
   </div>
   <div class='ocr_carea' id='block_1_90' title="bbox 2132 4362 3674 4437">
    <p class='ocr_par' dir='ltr' id='par_1_90' title="bbox 2132 4362 3674 4437">
     <span class='ocr_line' id='line_1_90' title="bbox 2132 4362 3674 4437; baseline -0.011 -15"><span class='ocrx_word' id='word_1_706' title='bbox 2132 4366 2475 4437; x_wconf 89' lang='lat' dir='ltr'><strong>respondens</strong></span> <span class='ocrx_word' id='word_1_707' title='bbox 2499 4366 2709 4428; x_wconf 83' lang='lat' dir='ltr'><strong>Petrus,</strong></span> <span class='ocrx_word' id='word_1_708' title='bbox 2735 4366 2810 4419; x_wconf 90' lang='lat' dir='ltr'><strong>ait</strong></span> <span class='ocrx_word' id='word_1_709' title='bbox 2833 4362 2959 4418; x_wconf 80' lang='lat' dir='ltr'><strong>Jesu</strong></span> <span class='ocrx_word' id='word_1_710' title='bbox 2990 4380 3007 4417; x_wconf 94' lang='lat'><strong>:</strong></span> <span class='ocrx_word' id='word_1_711' title='bbox 3039 4363 3241 4430; x_wconf 80' lang='lat' dir='ltr'><strong>Rabbi,</strong></span> <span class='ocrx_word' id='word_1_712' title='bbox 3272 4364 3475 4418; x_wconf 88' lang='lat' dir='ltr'><strong>bonum</strong></span> <span class='ocrx_word' id='word_1_713' title='bbox 3499 4370 3571 4413; x_wconf 87' lang='lat' dir='ltr'><strong>est</strong></span> <span class='ocrx_word' id='word_1_714' title='bbox 3592 4366 3674 4408; x_wconf 88' lang='lat' dir='ltr'><strong>nos</strong></span> 
     </span>
    </p>
   </div>
   <div class='ocr_carea' id='block_1_91' title="bbox 464 4448 3673 4527">
    <p class='ocr_par' dir='ltr' id='par_1_91' title="bbox 464 4448 3673 4527">
     <span class='ocr_line' id='line_1_91' title="bbox 464 4448 3673 4527; baseline -0.006 -5"><span class='ocrx_word' id='word_1_715' title='bbox 464 4470 680 4525; x_wconf 87' lang='lat' dir='ltr'><strong>habetis</strong></span> <span class='ocrx_word' id='word_1_716' title='bbox 702 4485 797 4524; x_wconf 89' lang='lat' dir='ltr'><strong>cor</strong></span> <span class='ocrx_word' id='word_1_717' title='bbox 819 4469 1104 4523; x_wconf 86' lang='lat' dir='ltr'><strong>vestrum?</strong></span> <span class='ocrx_word' id='word_1_718' title='bbox 1136 4468 1327 4523; x_wconf 82' lang='lat' dir='ltr'><strong>oculos</strong></span> <span class='ocrx_word' id='word_1_719' title='bbox 1353 4465 1620 4519; x_wconf 87' lang='lat' dir='ltr'><strong>habentes</strong></span> <span class='ocrx_word' id='word_1_720' title='bbox 1657 4477 1767 4517; x_wconf 93' lang='lat' dir='ltr'><strong>non</strong></span> <span class='ocrx_word' id='word_1_721' title='bbox 1798 4462 2039 4517; x_wconf 81' lang='lat' dir='ltr'><strong>videtis?</strong></span> <span class='ocrx_word' id='word_1_722' title='bbox 2068 4468 2112 4527; x_wconf 80' lang='grc' dir='ltr'><strong>ι)</strong></span> <span class='ocrx_word' id='word_1_723' title='bbox 2139 4461 2229 4514; x_wconf 87' lang='lat' dir='ltr'><strong>hic</strong></span> <span class='ocrx_word' id='word_1_724' title='bbox 2263 4475 2386 4514; x_wconf 89' lang='lat' dir='ltr'><strong>esse</strong></span> <span class='ocrx_word' id='word_1_725' title='bbox 2418 4476 2432 4512; x_wconf 91' lang='lat'><strong>:</strong></span> <span class='ocrx_word' id='word_1_726' title='bbox 2471 4468 2527 4512; x_wconf 85' lang='lat' dir='ltr'><strong>et</strong></span> <span class='ocrx_word' id='word_1_727' title='bbox 2554 4458 2821 4513; x_wconf 77' lang='lat' dir='ltr'><strong>iaciamus</strong></span> <span class='ocrx_word' id='word_1_728' title='bbox 2852 4458 2953 4510; x_wconf 90' lang='lat' dir='ltr'><strong>tria</strong></span> <span class='ocrx_word' id='word_1_729' title='bbox 2993 4456 3362 4516; x_wconf 85' lang='lat' dir='ltr'><strong>tabernacula,</strong></span> <span class='ocrx_word' id='word_1_730' title='bbox 3399 4448 3488 4505; x_wconf 80' lang='lat' dir='ltr'><strong>tibi</strong></span> <span class='ocrx_word' id='word_1_731' title='bbox 3510 4460 3673 4504; x_wconf 76' lang='lat' dir='ltr'><strong>unum.</strong></span> 
     </span>
    </p>
   </div>
   <div class='ocr_carea' id='block_1_92' title="bbox 463 4553 2031 4618">
    <p class='ocr_par' dir='ltr' id='par_1_92' title="bbox 463 4553 2031 4618">
     <span class='ocr_line' id='line_1_92' title="bbox 463 4553 2031 4618; baseline -0.006 -3"><span class='ocrx_word' id='word_1_732' title='bbox 463 4572 517 4615; x_wconf 89' lang='lat' dir='ltr'><strong>et</strong></span> <span class='ocrx_word' id='word_1_733' title='bbox 553 4577 714 4617; x_wconf 89' lang='lat' dir='ltr'><strong>aures</strong></span> <span class='ocrx_word' id='word_1_734' title='bbox 752 4562 1015 4616; x_wconf 87' lang='lat' dir='ltr'><strong>habentes</strong></span> <span class='ocrx_word' id='word_1_735' title='bbox 1058 4575 1169 4614; x_wconf 86' lang='lat' dir='ltr'><strong>non</strong></span> <span class='ocrx_word' id='word_1_736' title='bbox 1202 4558 1439 4613; x_wconf 86' lang='lat' dir='ltr'><strong>auditis?</strong></span> <span class='ocrx_word' id='word_1_737' title='bbox 1488 4556 1599 4610; x_wconf 81' lang='lat' dir='ltr'><strong>Nec</strong></span> <span class='ocrx_word' id='word_1_738' title='bbox 1648 4553 2031 4618; x_wconf 88' lang='lat' dir='ltr'><strong>recordamini,</strong></span> 
     </span>
    </p>
   </div>
   <div class='ocr_carea' id='block_1_93' title="bbox 462 4647 2035 4724">
    <p class='ocr_par' dir='ltr' id='par_1_93' title="bbox 462 4647 2035 4724">
     <span class='ocr_line' id='line_1_93' title="bbox 462 4647 2035 4724; baseline -0.004 -18"><span class='ocrx_word' id='word_1_739' title='bbox 462 4654 680 4722; x_wconf 89' lang='lat' dir='ltr'><strong>quando</strong></span> <span class='ocrx_word' id='word_1_740' title='bbox 709 4655 951 4724; x_wconf 91' lang='lat' dir='ltr'><strong>quinque</strong></span> <span class='ocrx_word' id='word_1_741' title='bbox 979 4667 1147 4722; x_wconf 90' lang='lat' dir='ltr'><strong>panes</strong></span> <span class='ocrx_word' id='word_1_742' title='bbox 1176 4651 1315 4720; x_wconf 82' lang='lat' dir='ltr'><strong>fregi</strong></span> <span class='ocrx_word' id='word_1_743' title='bbox 1337 4652 1388 4704; x_wconf 92' lang='lat' dir='ltr'><strong>in</strong></span> <span class='ocrx_word' id='word_1_744' title='bbox 1408 4650 1648 4718; x_wconf 87' lang='lat' dir='ltr'><strong>quinque</strong></span> <span class='ocrx_word' id='word_1_745' title='bbox 1664 4647 1827 4701; x_wconf 86' lang='lat' dir='ltr'><strong>millia</strong></span> <span class='ocrx_word' id='word_1_746' title='bbox 1853 4662 1867 4697; x_wconf 92' lang='lat'><strong>:</strong></span> <span class='ocrx_word' id='word_1_747' title='bbox 1898 4654 2035 4715; x_wconf 91' lang='lat' dir='ltr'><strong>quot</strong></span> 
     </span>
    </p>
   </div>
   <div class='ocr_carea' id='block_1_94' title="bbox 2139 4531 3674 4622">
    <p class='ocr_par' dir='ltr' id='par_1_94' title="bbox 2139 4531 3674 4622">
     <span class='ocr_line' id='line_1_94' title="bbox 2139 4531 3674 4622; baseline -0.012 -15"><span class='ocrx_word' id='word_1_748' title='bbox 2139 4562 2195 4607; x_wconf 88' lang='lat' dir='ltr'><strong>et</strong></span> <span class='ocrx_word' id='word_1_749' title='bbox 2226 4552 2395 4622; x_wconf 74' lang='lat' dir='ltr'><strong>Moysi</strong></span> <span class='ocrx_word' id='word_1_750' title='bbox 2438 4565 2628 4614; x_wconf 75' lang='lat' dir='ltr'><strong>unum,</strong></span> <span class='ocrx_word' id='word_1_751' title='bbox 2654 4558 2712 4603; x_wconf 83' lang='lat' dir='ltr'><strong>et</strong></span> <span class='ocrx_word' id='word_1_752' title='bbox 2741 4547 2871 4604; x_wconf 67' lang='lat' dir='ltr'><strong>Elite</strong></span> <span class='ocrx_word' id='word_1_753' title='bbox 2912 4560 3105 4602; x_wconf 80' lang='lat' dir='ltr'><strong>unum.</strong></span> <span class='ocrx_word' id='word_1_754' title='bbox 3159 4545 3277 4599; x_wconf 73' lang='lat' dir='ltr'><strong>Non</strong></span> <span class='ocrx_word' id='word_1_755' title='bbox 3332 4542 3532 4598; x_wconf 85' lang='lat' dir='ltr'><strong>sciebat</strong></span> <span class='ocrx_word' id='word_1_756' title='bbox 3568 4531 3674 4605; x_wconf 87' lang='lat' dir='ltr'><strong>quid</strong></span> 
     </span>
    </p>
   </div>
   <div class='ocr_carea' id='block_1_95' title="bbox 2139 4629 3678 4701">
    <p class='ocr_par' dir='ltr' id='par_1_95' title="bbox 2139 4629 3678 4701">
     <span class='ocr_line' id='line_1_95' title="bbox 2139 4629 3678 4701; baseline -0.016 0"><span class='ocrx_word' id='word_1_757' title='bbox 2139 4647 2347 4701; x_wconf 91' lang='lat' dir='ltr'><strong>diceret</strong></span> <span class='ocrx_word' id='word_1_758' title='bbox 2386 4659 2400 4697; x_wconf 93' lang='lat'><strong>:</strong></span> <span class='ocrx_word' id='word_1_759' title='bbox 2453 4652 2609 4696; x_wconf 88' lang='lat' dir='ltr'><strong>erant</strong></span> <span class='ocrx_word' id='word_1_760' title='bbox 2639 4642 2784 4696; x_wconf 84' lang='lat' dir='ltr'><strong>enim</strong></span> <span class='ocrx_word' id='word_1_761' title='bbox 2837 4639 3032 4695; x_wconf 84' lang='lat' dir='ltr'><strong>timore</strong></span> <span class='ocrx_word' id='word_1_762' title='bbox 3052 4637 3326 4692; x_wconf 80' lang='lat' dir='ltr'><strong>exterriti.</strong></span> <span class='ocrx_word' id='word_1_763' title='bbox 3367 4633 3433 4688; x_wconf 89' lang='lat' dir='ltr'><strong>Et</strong></span> <span class='ocrx_word' id='word_1_764' title='bbox 3461 4631 3585 4685; x_wconf 72' lang='lat' dir='ltr'><strong>facta</strong></span> <span class='ocrx_word' id='word_1_765' title='bbox 3611 4629 3678 4677; x_wconf 86' lang='lat' dir='ltr'><strong>est</strong></span> 
     </span>
    </p>
   </div>
   <div class='ocr_carea' id='block_1_96' title="bbox 464 4736 2038 4817">
    <p class='ocr_par' dir='ltr' id='par_1_96' title="bbox 464 4736 2038 4817">
     <span class='ocr_line' id='line_1_96' title="bbox 464 4736 2038 4817; baseline -0.008 -16"><span class='ocrx_word' id='word_1_766' title='bbox 464 4748 730 4817; x_wconf 83' lang='lat' dir='ltr'><strong>cophinos</strong></span> <span class='ocrx_word' id='word_1_767' title='bbox 791 4747 1216 4816; x_wconf 79' lang='lat' dir='ltr'><strong>fragmentorum</strong></span> <span class='ocrx_word' id='word_1_768' title='bbox 1246 4742 1440 4810; x_wconf 86' lang='lat' dir='ltr'><strong>plenos</strong></span> <span class='ocrx_word' id='word_1_769' title='bbox 1467 4736 1804 4794; x_wconf 85' lang='lat' dir='ltr'><strong>sustulistis?</strong></span> <span class='ocrx_word' id='word_1_770' title='bbox 1840 4737 2038 4790; x_wconf 85' lang='lat' dir='ltr'><strong>Dicunt</strong></span> 
     </span>
    </p>
   </div>
   <div class='ocr_carea' id='block_1_97' title="bbox 466 4829 2035 4901">
    <p class='ocr_par' dir='ltr' id='par_1_97' title="bbox 466 4829 2035 4901">
     <span class='ocr_line' id='line_1_97' title="bbox 466 4829 2035 4901; baseline -0.008 -8"><span class='ocrx_word' id='word_1_771' title='bbox 466 4842 515 4893; x_wconf 88' lang='lat' dir='ltr'><strong>ei</strong></span> <span class='ocrx_word' id='word_1_772' title='bbox 547 4857 563 4897; x_wconf 92' lang='lat'><strong>:</strong></span> <span class='ocrx_word' id='word_1_773' title='bbox 595 4838 913 4893; x_wconf 89' lang='lat' dir='ltr'><strong>Duodecim.</strong></span> <span class='ocrx_word' id='word_1_774' title='bbox 938 4836 1167 4900; x_wconf 88' lang='lat' dir='ltr'><strong>Quando</strong></span> <span class='ocrx_word' id='word_1_775' title='bbox 1197 4842 1251 4888; x_wconf 88' lang='lat' dir='ltr'><strong>et</strong></span> <span class='ocrx_word' id='word_1_776' title='bbox 1279 4841 1484 4901; x_wconf 84' lang='lat' dir='ltr'><strong>septem</strong></span> <span class='ocrx_word' id='word_1_777' title='bbox 1523 4845 1691 4901; x_wconf 90' lang='lat' dir='ltr'><strong>panes</strong></span> <span class='ocrx_word' id='word_1_778' title='bbox 1714 4829 1767 4883; x_wconf 91' lang='lat' dir='ltr'><strong>in</strong></span> <span class='ocrx_word' id='word_1_779' title='bbox 1801 4838 2035 4898; x_wconf 89' lang='lat' dir='ltr'><strong>quatuor</strong></span> 
     </span>
    </p>
   </div>
   <div class='ocr_carea' id='block_1_98' title="bbox 468 4918 2037 4999">
    <p class='ocr_par' dir='ltr' id='par_1_98' title="bbox 468 4918 2037 4999">
     <span class='ocr_line' id='line_1_98' title="bbox 468 4918 2037 4999; baseline -0.008 -14"><span class='ocrx_word' id='word_1_780' title='bbox 468 4931 636 4985; x_wconf 86' lang='lat' dir='ltr'><strong>millia</strong></span> <span class='ocrx_word' id='word_1_781' title='bbox 674 4947 688 4985; x_wconf 86' lang='lat'><strong>:</strong></span> <span class='ocrx_word' id='word_1_782' title='bbox 721 4938 853 4999; x_wconf 91' lang='lat' dir='ltr'><strong>quot</strong></span> <span class='ocrx_word' id='word_1_783' title='bbox 880 4935 1095 4997; x_wconf 88' lang='lat' dir='ltr'><strong>sportas</strong></span> <span class='ocrx_word' id='word_1_784' title='bbox 1122 4924 1551 4996; x_wconf 80' lang='lat' dir='ltr'><strong>lragmentorum</strong></span> <span class='ocrx_word' id='word_1_785' title='bbox 1595 4921 1842 4975; x_wconf 87' lang='lat' dir='ltr'><strong>tulistis?</strong></span> <span class='ocrx_word' id='word_1_786' title='bbox 1870 4918 1934 4972; x_wconf 82' lang='lat' dir='ltr'><strong>Et</strong></span> <span class='ocrx_word' id='word_1_787' title='bbox 1957 4919 2037 4973; x_wconf 92' lang='lat' dir='ltr'><strong>di-</strong></span> 
     </span>
    </p>
   </div>
   <div class='ocr_carea' id='block_1_99' title="bbox 468 5012 2041 5091">
    <p class='ocr_par' dir='ltr' id='par_1_99' title="bbox 468 5012 2041 5091">
     <span class='ocr_line' id='line_1_99' title="bbox 468 5012 2041 5091; baseline -0.01 -12"><span class='ocrx_word' id='word_1_788' title='bbox 468 5032 599 5079; x_wconf 88' lang='lat' dir='ltr'><strong>cunt</strong></span> <span class='ocrx_word' id='word_1_789' title='bbox 629 5024 677 5076; x_wconf 92' lang='lat' dir='ltr'><strong>ei</strong></span> <span class='ocrx_word' id='word_1_790' title='bbox 709 5039 724 5075; x_wconf 92' lang='lat'><strong>:</strong></span> <span class='ocrx_word' id='word_1_791' title='bbox 758 5022 998 5091; x_wconf 88' lang='lat' dir='ltr'><strong>Septem.</strong></span> <span class='ocrx_word' id='word_1_792' title='bbox 1027 5018 1323 5072; x_wconf 84' lang='lat' dir='ltr'><strong>Etdicebat</strong></span> <span class='ocrx_word' id='word_1_793' title='bbox 1346 5017 1429 5070; x_wconf 92' lang='lat' dir='ltr'><strong>eis</strong></span> <span class='ocrx_word' id='word_1_794' title='bbox 1454 5032 1465 5067; x_wconf 85' lang='lat'><strong>:</strong></span> <span class='ocrx_word' id='word_1_795' title='bbox 1486 5014 1769 5081; x_wconf 88' lang='lat' dir='ltr'><strong>Quomodo</strong></span> <span class='ocrx_word' id='word_1_796' title='bbox 1802 5012 2041 5066; x_wconf 91' lang='lat' dir='ltr'><strong>nondum</strong></span> 
     </span>
    </p>
   </div>
   <div class='ocr_carea' id='block_1_100' title="bbox 467 5104 2035 5186">
    <p class='ocr_par' dir='ltr' id='par_1_100' title="bbox 467 5104 2035 5186">
     <span class='ocr_line' id='line_1_100' title="bbox 467 5104 2035 5186; baseline -0.008 -16"><span class='ocrx_word' id='word_1_797' title='bbox 467 5112 810 5186; x_wconf 77' lang='lat' dir='ltr'><strong>intelligitis?</strong></span> <span class='ocrx_word' id='word_1_798' title='bbox 838 5112 1047 5183; x_wconf 74' lang='lat' dir='ltr'><strong>Iunt,</strong></span> <span class='ocrx_word' id='word_1_799' title='bbox 1080 5108 1194 5181; x_wconf 81' lang='lat'><strong>10.]</strong></span> <span class='ocrx_word' id='word_1_800' title='bbox 1220 5108 1286 5162; x_wconf 87' lang='lat' dir='ltr'><strong>Et</strong></span> <span class='ocrx_word' id='word_1_801' title='bbox 1319 5107 1545 5161; x_wconf 86' lang='lat' dir='ltr'><strong>veniunt</strong></span> <span class='ocrx_word' id='word_1_802' title='bbox 1576 5104 1945 5165; x_wconf 83' lang='lat' dir='ltr'><strong>Betbsaidam,</strong></span> <span class='ocrx_word' id='word_1_803' title='bbox 1978 5112 2035 5157; x_wconf 91' lang='lat' dir='ltr'><strong>et</strong></span> 
     </span>
    </p>
   </div>
   <div class='ocr_carea' id='block_1_101' title="bbox 2139 4714 3737 4823">
    <p class='ocr_par' dir='ltr' id='par_1_101' title="bbox 2139 4714 3737 4823">
     <span class='ocr_line' id='line_1_101' title="bbox 2139 4714 3737 4823; baseline -0.016 -30"><span class='ocrx_word' id='word_1_804' title='bbox 2139 4740 2316 4793; x_wconf 88' lang='lat' dir='ltr'><strong>nubes</strong></span> <span class='ocrx_word' id='word_1_805' title='bbox 2360 4735 2693 4791; x_wconf 81' lang='lat' dir='ltr'><strong>obumbrans</strong></span> <span class='ocrx_word' id='word_1_806' title='bbox 2741 4747 2837 4786; x_wconf 89' lang='lat' dir='ltr'><strong>eos</strong></span> <span class='ocrx_word' id='word_1_807' title='bbox 2871 4748 2885 4785; x_wconf 96' lang='lat'><strong>:</strong></span> <span class='ocrx_word' id='word_1_808' title='bbox 2916 4739 2970 4785; x_wconf 89' lang='lat' dir='ltr'><strong>et</strong></span> <span class='ocrx_word' id='word_1_809' title='bbox 2994 4730 3143 4783; x_wconf 86' lang='lat' dir='ltr'><strong>venit</strong></span> <span class='ocrx_word' id='word_1_810' title='bbox 3192 4741 3299 4803; x_wconf 62' lang='lat' dir='ltr'><strong>vos</strong></span> <span class='ocrx_word' id='word_1_811' title='bbox 3331 4726 3400 4779; x_wconf 91' lang='lat' dir='ltr'><strong>de</strong></span> <span class='ocrx_word' id='word_1_812' title='bbox 3423 4722 3575 4782; x_wconf 80' lang='lat' dir='ltr'><strong>nube,</strong></span> <span class='ocrx_word' id='word_1_813' title='bbox 3617 4714 3737 4823; x_wconf 48' lang='grc' dir='ltr'><strong>σιξ</strong></span> 
     </span>
    </p>
   </div>
   <div class='ocr_carea' id='block_1_102' title="bbox 2141 4808 3727 4882">
    <p class='ocr_par' dir='ltr' id='par_1_102' title="bbox 2141 4808 3727 4882">
     <span class='ocr_line' id='line_1_102' title="bbox 2141 4808 3727 4882; baseline -0.013 0"><span class='ocrx_word' id='word_1_814' title='bbox 2141 4843 2271 4882; x_wconf 78' lang='lat' dir='ltr'><strong>cens</strong></span> <span class='ocrx_word' id='word_1_815' title='bbox 2305 4842 2321 4882; x_wconf 89' lang='lat'><strong>:</strong></span> <span class='ocrx_word' id='word_1_816' title='bbox 2352 4824 2449 4880; x_wconf 81' lang='lat' dir='ltr'><strong>liic</strong></span> <span class='ocrx_word' id='word_1_817' title='bbox 2472 4835 2555 4879; x_wconf 92' lang='lat' dir='ltr'><strong>est</strong></span> <span class='ocrx_word' id='word_1_818' title='bbox 2576 4823 2743 4878; x_wconf 81' lang='lat' dir='ltr'><strong>Filius</strong></span> <span class='ocrx_word' id='word_1_819' title='bbox 2773 4820 2928 4878; x_wconf 87' lang='lat' dir='ltr'><strong>meus</strong></span> <span class='ocrx_word' id='word_1_820' title='bbox 2957 4820 3317 4875; x_wconf 69' lang='lat' dir='ltr'><strong>citatissimos</strong></span> <span class='ocrx_word' id='word_1_821' title='bbox 3364 4832 3382 4871; x_wconf 93' lang='lat'><strong>:</strong></span> <span class='ocrx_word' id='word_1_822' title='bbox 3411 4814 3583 4869; x_wconf 78' lang='lat' dir='ltr'><strong>audite</strong></span> <span class='ocrx_word' id='word_1_823' title='bbox 3622 4808 3675 4859; x_wconf 80' lang='lat' dir='ltr'><strong>il~</strong></span> <span class='ocrx_word' id='word_1_824' title='bbox 3700 4808 3727 4869; x_wconf 65' lang='grc' dir='ltr'><strong>ξί</strong></span> 
     </span>
    </p>
   </div>
   <div class='ocr_carea' id='block_1_103' title="bbox 2143 4900 3680 4984">
    <p class='ocr_par' dir='ltr' id='par_1_103' title="bbox 2143 4900 3680 4984">
     <span class='ocr_line' id='line_1_103' title="bbox 2143 4900 3680 4984; baseline -0.014 -12"><span class='ocrx_word' id='word_1_825' title='bbox 2143 4919 2277 4972; x_wconf 90' lang='lat' dir='ltr'><strong>lum.</strong></span> <span class='ocrx_word' id='word_1_826' title='bbox 2303 4918 2371 4973; x_wconf 84' lang='lat' dir='ltr'><strong>Et</strong></span> <span class='ocrx_word' id='word_1_827' title='bbox 2393 4919 2578 4973; x_wconf 85' lang='lat' dir='ltr'><strong>statim</strong></span> <span class='ocrx_word' id='word_1_828' title='bbox 2620 4914 3146 4984; x_wconf 72' lang='lat' dir='ltr'><strong>circumspicientes,</strong></span> <span class='ocrx_word' id='word_1_829' title='bbox 3178 4910 3451 4964; x_wconf 83' lang='lat' dir='ltr'><strong>neminem</strong></span> <span class='ocrx_word' id='word_1_830' title='bbox 3480 4900 3680 4970; x_wconf 84' lang='lat' dir='ltr'><strong>amplius</strong></span> 
     </span>
    </p>
   </div>
   <div class='ocr_carea' id='block_1_104' title="bbox 2142 4993 3684 5073">
    <p class='ocr_par' dir='ltr' id='par_1_104' title="bbox 2142 4993 3684 5073">
     <span class='ocr_line' id='line_1_104' title="bbox 2142 4993 3684 5073; baseline -0.016 -10"><span class='ocrx_word' id='word_1_831' title='bbox 2142 5010 2419 5073; x_wconf 88' lang='lat' dir='ltr'><strong>viderunt,</strong></span> <span class='ocrx_word' id='word_1_832' title='bbox 2464 5009 2568 5064; x_wconf 88' lang='lat' dir='ltr'><strong>nisi</strong></span> <span class='ocrx_word' id='word_1_833' title='bbox 2601 5007 2786 5063; x_wconf 83' lang='lat' dir='ltr'><strong>Jesutn</strong></span> <span class='ocrx_word' id='word_1_834' title='bbox 2814 5016 3019 5061; x_wconf 85' lang='lat' dir='ltr'><strong>tantum</strong></span> <span class='ocrx_word' id='word_1_835' title='bbox 3053 5019 3265 5059; x_wconf 80' lang='lat' dir='ltr'><strong>secum.</strong></span> <span class='ocrx_word' id='word_1_836' title='bbox 3294 5002 3359 5055; x_wconf 83' lang='lat' dir='ltr'><strong>Et</strong></span> <span class='ocrx_word' id='word_1_837' title='bbox 3386 4993 3684 5052; x_wconf 85' lang='lat' dir='ltr'><strong>descenden-</strong></span> 
     </span>
    </p>
   </div>
   <div class='ocr_carea' id='block_1_105' title="bbox 2144 5092 3683 5168">
    <p class='ocr_par' dir='ltr' id='par_1_105' title="bbox 2144 5092 3683 5168">
     <span class='ocr_line' id='line_1_105' title="bbox 2144 5092 3683 5168; baseline -0.013 -12"><span class='ocrx_word' id='word_1_838' title='bbox 2144 5102 2297 5157; x_wconf 89' lang='lat' dir='ltr'><strong>tibus</strong></span> <span class='ocrx_word' id='word_1_839' title='bbox 2347 5101 2453 5156; x_wconf 81' lang='lat' dir='ltr'><strong>illis</strong></span> <span class='ocrx_word' id='word_1_840' title='bbox 2476 5101 2543 5154; x_wconf 91' lang='lat' dir='ltr'><strong>de</strong></span> <span class='ocrx_word' id='word_1_841' title='bbox 2564 5107 2773 5162; x_wconf 89' lang='lat' dir='ltr'><strong>monte,</strong></span> <span class='ocrx_word' id='word_1_842' title='bbox 2796 5098 3053 5168; x_wconf 69' lang='lat' dir='ltr'><strong>praecepit</strong></span> <span class='ocrx_word' id='word_1_843' title='bbox 3088 5095 3192 5148; x_wconf 86' lang='lat' dir='ltr'><strong>illis</strong></span> <span class='ocrx_word' id='word_1_844' title='bbox 3226 5108 3294 5145; x_wconf 86' lang='lat' dir='ltr'><strong>ne</strong></span> <span class='ocrx_word' id='word_1_845' title='bbox 3320 5092 3561 5156; x_wconf 82' lang='lat' dir='ltr'><strong>cuiquam</strong></span> <span class='ocrx_word' id='word_1_846' title='bbox 3584 5093 3683 5149; x_wconf 68' lang='lat' dir='ltr'><strong>qua!</strong></span> 
     </span>
    </p>
   </div>
   <div class='ocr_carea' id='block_1_106' title="bbox 468 5190 2031 5271">
    <p class='ocr_par' dir='ltr' id='par_1_106' title="bbox 468 5190 2031 5271">
     <span class='ocr_line' id='line_1_106' title="bbox 468 5190 2031 5271; baseline -0.012 -8"><span class='ocrx_word' id='word_1_847' title='bbox 468 5190 747 5263; x_wconf 89' lang='lat' dir='ltr'><strong>adducunt</strong></span> <span class='ocrx_word' id='word_1_848' title='bbox 791 5206 841 5259; x_wconf 91' lang='lat' dir='ltr'><strong>ei</strong></span> <span class='ocrx_word' id='word_1_849' title='bbox 893 5217 1119 5268; x_wconf 79' lang='lat' dir='ltr'><strong>caecum,</strong></span> <span class='ocrx_word' id='word_1_850' title='bbox 1177 5211 1233 5256; x_wconf 90' lang='lat' dir='ltr'><strong>et</strong></span> <span class='ocrx_word' id='word_1_851' title='bbox 1290 5201 1553 5271; x_wconf 85' lang='lat' dir='ltr'><strong>rogabant</strong></span> <span class='ocrx_word' id='word_1_852' title='bbox 1600 5212 1750 5262; x_wconf 90' lang='lat' dir='ltr'><strong>eum,</strong></span> <span class='ocrx_word' id='word_1_853' title='bbox 1793 5204 1849 5249; x_wconf 91' lang='lat' dir='ltr'><strong>ut</strong></span> <span class='ocrx_word' id='word_1_854' title='bbox 1879 5195 2031 5248; x_wconf 90' lang='lat' dir='ltr'><strong>illum</strong></span> 
     </span>
    </p>
   </div>
   <div class='ocr_carea' id='block_1_107' title="bbox 470 5287 2030 5371">
    <p class='ocr_par' dir='ltr' id='par_1_107' title="bbox 470 5287 2030 5371">
     <span class='ocr_line' id='line_1_107' title="bbox 470 5287 2030 5371; baseline -0.011 -17"><span class='ocrx_word' id='word_1_855' title='bbox 470 5309 737 5371; x_wconf 79' lang='lat' dir='ltr'><strong>tangeret.</strong></span> <span class='ocrx_word' id='word_1_856' title='bbox 784 5296 850 5353; x_wconf 84' lang='lat' dir='ltr'><strong>Et</strong></span> <span class='ocrx_word' id='word_1_857' title='bbox 915 5297 1254 5365; x_wconf 89' lang='lat' dir='ltr'><strong>apprehensa</strong></span> <span class='ocrx_word' id='word_1_858' title='bbox 1291 5308 1453 5347; x_wconf 87' lang='lat' dir='ltr'><strong>manu</strong></span> <span class='ocrx_word' id='word_1_859' title='bbox 1486 5290 1634 5354; x_wconf 75' lang='lat' dir='ltr'><strong>caeci,</strong></span> <span class='ocrx_word' id='word_1_860' title='bbox 1686 5287 1875 5343; x_wconf 81' lang='lat' dir='ltr'><strong>eduxit</strong></span> <span class='ocrx_word' id='word_1_861' title='bbox 1908 5300 2030 5339; x_wconf 88' lang='lat' dir='ltr'><strong>eum</strong></span> 
     </span>
    </p>
   </div>
   <div class='ocr_carea' id='block_1_108' title="bbox 468 5377 2038 5456">
    <p class='ocr_par' dir='ltr' id='par_1_108' title="bbox 468 5377 2038 5456">
     <span class='ocr_line' id='line_1_108' title="bbox 468 5377 2038 5456; baseline -0.01 -10"><span class='ocrx_word' id='word_1_862' title='bbox 468 5394 621 5446; x_wconf 80' lang='lat' dir='ltr'><strong>extra</strong></span> <span class='ocrx_word' id='word_1_863' title='bbox 647 5390 825 5446; x_wconf 87' lang='lat' dir='ltr'><strong>vicum</strong></span> <span class='ocrx_word' id='word_1_864' title='bbox 856 5405 872 5443; x_wconf 91' lang='lat'><strong>:</strong></span> <span class='ocrx_word' id='word_1_865' title='bbox 906 5396 961 5442; x_wconf 88' lang='lat' dir='ltr'><strong>et</strong></span> <span class='ocrx_word' id='word_1_866' title='bbox 1000 5401 1275 5456; x_wconf 79' lang='lat' dir='ltr'><strong>exspuens</strong></span> <span class='ocrx_word' id='word_1_867' title='bbox 1298 5385 1350 5438; x_wconf 91' lang='lat' dir='ltr'><strong>in</strong></span> <span class='ocrx_word' id='word_1_868' title='bbox 1376 5384 1567 5438; x_wconf 89' lang='lat' dir='ltr'><strong>oculos</strong></span> <span class='ocrx_word' id='word_1_869' title='bbox 1598 5383 1737 5452; x_wconf 79' lang='lat' dir='ltr'><strong>ejus,</strong></span> <span class='ocrx_word' id='word_1_870' title='bbox 1772 5377 2038 5447; x_wconf 88' lang='lat' dir='ltr'><strong>impositis</strong></span> 
     </span>
    </p>
   </div>
   <div class='ocr_carea' id='block_1_109' title="bbox 472 5468 2040 5546">
    <p class='ocr_par' dir='ltr' id='par_1_109' title="bbox 472 5468 2040 5546">
     <span class='ocr_line' id='line_1_109' title="bbox 472 5468 2040 5546; baseline -0.013 -7"><span class='ocrx_word' id='word_1_871' title='bbox 472 5485 726 5539; x_wconf 85' lang='lat' dir='ltr'><strong>manibus</strong></span> <span class='ocrx_word' id='word_1_872' title='bbox 758 5481 894 5545; x_wconf 89' lang='lat' dir='ltr'><strong>suis,</strong></span> <span class='ocrx_word' id='word_1_873' title='bbox 925 5477 1286 5546; x_wconf 85' lang='lat' dir='ltr'><strong>interrogavit</strong></span> <span class='ocrx_word' id='word_1_874' title='bbox 1311 5490 1435 5528; x_wconf 80' lang='lat' dir='ltr'><strong>eum</strong></span> <span class='ocrx_word' id='word_1_875' title='bbox 1473 5474 1517 5527; x_wconf 88' lang='lat' dir='ltr'><strong>si</strong></span> <span class='ocrx_word' id='word_1_876' title='bbox 1550 5472 1675 5541; x_wconf 83' lang='lat' dir='ltr'><strong>quid</strong></span> <span class='ocrx_word' id='word_1_877' title='bbox 1710 5470 1939 5524; x_wconf 83' lang='lat' dir='ltr'><strong>videret.</strong></span> <span class='ocrx_word' id='word_1_878' title='bbox 1971 5468 2040 5522; x_wconf 86' lang='lat' dir='ltr'><strong>Et</strong></span> 
     </span>
    </p>
   </div>
   <div class='ocr_carea' id='block_1_110' title="bbox 472 5562 2042 5645">
    <p class='ocr_par' dir='ltr' id='par_1_110' title="bbox 472 5562 2042 5645">
     <span class='ocr_line' id='line_1_110' title="bbox 472 5562 2042 5645; baseline -0.008 -17"><span class='ocrx_word' id='word_1_879' title='bbox 472 5580 768 5645; x_wconf 66' lang='lat' dir='ltr'><strong>aspiciens,</strong></span> <span class='ocrx_word' id='word_1_880' title='bbox 801 5576 912 5629; x_wconf 88' lang='lat' dir='ltr'><strong>ait:</strong></span> <span class='ocrx_word' id='word_1_881' title='bbox 959 5573 1126 5629; x_wconf 84' lang='lat' dir='ltr'><strong>Video</strong></span> <span class='ocrx_word' id='word_1_882' title='bbox 1154 5570 1403 5626; x_wconf 90' lang='lat' dir='ltr'><strong>homines</strong></span> <span class='ocrx_word' id='word_1_883' title='bbox 1429 5568 1576 5622; x_wconf 88' lang='lat' dir='ltr'><strong>velut</strong></span> <span class='ocrx_word' id='word_1_884' title='bbox 1606 5566 1829 5619; x_wconf 87' lang='lat' dir='ltr'><strong>arbores</strong></span> <span class='ocrx_word' id='word_1_885' title='bbox 1849 5562 2042 5641; x_wconf 84' lang='lat' dir='ltr'><strong>ambu-</strong></span> 
     </span>
    </p>
   </div>
   <div class='ocr_carea' id='block_1_111' title="bbox 472 5653 2044 5732">
    <p class='ocr_par' dir='ltr' id='par_1_111' title="bbox 472 5653 2044 5732">
     <span class='ocr_line' id='line_1_111' title="bbox 472 5653 2044 5732; baseline -0.008 -12"><span class='ocrx_word' id='word_1_886' title='bbox 472 5672 669 5722; x_wconf 86' lang='lat' dir='ltr'><strong>lantes.</strong></span> <span class='ocrx_word' id='word_1_887' title='bbox 700 5665 908 5719; x_wconf 78' lang='lat' dir='ltr'><strong>Deinde</strong></span> <span class='ocrx_word' id='word_1_888' title='bbox 929 5664 1126 5718; x_wconf 89' lang='lat' dir='ltr'><strong>iterum</strong></span> <span class='ocrx_word' id='word_1_889' title='bbox 1154 5659 1412 5732; x_wconf 87' lang='lat' dir='ltr'><strong>imposuit</strong></span> <span class='ocrx_word' id='word_1_890' title='bbox 1435 5671 1624 5711; x_wconf 89' lang='lat' dir='ltr'><strong>manus</strong></span> <span class='ocrx_word' id='word_1_891' title='bbox 1649 5669 1816 5724; x_wconf 82' lang='lat' dir='ltr'><strong>super</strong></span> <span class='ocrx_word' id='word_1_892' title='bbox 1848 5653 2044 5708; x_wconf 84' lang='lat' dir='ltr'><strong>oculos</strong></span> 
     </span>
    </p>
   </div>
   <div class='ocr_carea' id='block_1_112' title="bbox 2144 5176 3683 5257">
    <p class='ocr_par' dir='ltr' id='par_1_112' title="bbox 2144 5176 3683 5257">
     <span class='ocr_line' id='line_1_112' title="bbox 2144 5176 3683 5257; baseline -0.012 -10"><span class='ocrx_word' id='word_1_893' title='bbox 2144 5194 2430 5257; x_wconf 88' lang='lat' dir='ltr'><strong>vidissent,</strong></span> <span class='ocrx_word' id='word_1_894' title='bbox 2478 5200 2765 5245; x_wconf 88' lang='lat' dir='ltr'><strong>narrarent</strong></span> <span class='ocrx_word' id='word_1_895' title='bbox 2833 5204 2848 5244; x_wconf 89' lang='lat'><strong>:</strong></span> <span class='ocrx_word' id='word_1_896' title='bbox 2884 5188 2994 5242; x_wconf 87' lang='lat' dir='ltr'><strong>nisi</strong></span> <span class='ocrx_word' id='word_1_897' title='bbox 3027 5202 3147 5240; x_wconf 88' lang='lat' dir='ltr'><strong>cum</strong></span> <span class='ocrx_word' id='word_1_898' title='bbox 3177 5185 3355 5238; x_wconf 87' lang='lat' dir='ltr'><strong>Filius</strong></span> <span class='ocrx_word' id='word_1_899' title='bbox 3409 5176 3627 5235; x_wconf 85' lang='lat' dir='ltr'><strong>hominis</strong></span> <span class='ocrx_word' id='word_1_900' title='bbox 3660 5185 3683 5221; x_wconf 70' lang='grc' dir='ltr'>ε</span> 
     </span>
    </p>
   </div>
   <div class='ocr_carea' id='block_1_113' title="bbox 2141 5273 3685 5352">
    <p class='ocr_par' dir='ltr' id='par_1_113' title="bbox 2141 5273 3685 5352">
     <span class='ocr_line' id='line_1_113' title="bbox 2141 5273 3685 5352; baseline -0.012 -14"><span class='ocrx_word' id='word_1_901' title='bbox 2141 5286 2373 5339; x_wconf 85' lang='lat' dir='ltr'><strong>mortuis</strong></span> <span class='ocrx_word' id='word_1_902' title='bbox 2395 5282 2779 5337; x_wconf 67' lang='lat' dir='ltr'><strong>resurrexerit.</strong></span> <span class='ocrx_word' id='word_1_903' title='bbox 2808 5280 3096 5352; x_wconf 55' lang='lat' dir='ltr'><strong>[thxvnn</strong></span> <span class='ocrx_word' id='word_1_904' title='bbox 3120 5275 3231 5345; x_wconf 78' lang='lat'><strong>10.]</strong></span> <span class='ocrx_word' id='word_1_905' title='bbox 3265 5277 3329 5329; x_wconf 85' lang='lat' dir='ltr'><strong>Et</strong></span> <span class='ocrx_word' id='word_1_906' title='bbox 3348 5273 3562 5327; x_wconf 87' lang='lat' dir='ltr'><strong>verbum</strong></span> <span class='ocrx_word' id='word_1_907' title='bbox 3579 5279 3685 5316; x_wconf 81' lang='lat' dir='ltr'><strong>cou-</strong></span> 
     </span>
    </p>
   </div>
   <div class='ocr_carea' id='block_1_114' title="bbox 2140 5357 3685 5445">
    <p class='ocr_par' dir='ltr' id='par_1_114' title="bbox 2140 5357 3685 5445">
     <span class='ocr_line' id='line_1_114' title="bbox 2140 5357 3685 5445; baseline -0.014 -15"><span class='ocrx_word' id='word_1_908' title='bbox 2140 5378 2422 5430; x_wconf 85' lang='lat' dir='ltr'><strong>tinuerunt</strong></span> <span class='ocrx_word' id='word_1_909' title='bbox 2451 5376 2591 5445; x_wconf 88' lang='lat' dir='ltr'><strong>apud</strong></span> <span class='ocrx_word' id='word_1_910' title='bbox 2614 5389 2694 5437; x_wconf 79' lang='lat' dir='ltr'><strong>se,</strong></span> <span class='ocrx_word' id='word_1_911' title='bbox 2730 5372 3122 5439; x_wconf 82' lang='lat' dir='ltr'><strong>conquirentes</strong></span> <span class='ocrx_word' id='word_1_912' title='bbox 3160 5368 3295 5436; x_wconf 89' lang='lat' dir='ltr'><strong>quid</strong></span> <span class='ocrx_word' id='word_1_913' title='bbox 3330 5372 3474 5419; x_wconf 84' lang='lat' dir='ltr'><strong>esset</strong></span> <span class='ocrx_word' id='word_1_914' title='bbox 3518 5377 3530 5413; x_wconf 90' lang='lat'><strong>:</strong></span> <span class='ocrx_word' id='word_1_915' title='bbox 3570 5357 3685 5410; x_wconf 83' lang='lat' dir='ltr'><strong>Cum</strong></span> 
     </span>
    </p>
   </div>
   <div class='ocr_carea' id='block_1_115' title="bbox 2138 5450 3684 5532">
    <p class='ocr_par' dir='ltr' id='par_1_115' title="bbox 2138 5450 3684 5532">
     <span class='ocr_line' id='line_1_115' title="bbox 2138 5450 3684 5532; baseline -0.012 -11"><span class='ocrx_word' id='word_1_916' title='bbox 2138 5483 2167 5521; x_wconf 87' lang='lat' dir='ltr'><strong>a</strong></span> <span class='ocrx_word' id='word_1_917' title='bbox 2209 5467 2440 5521; x_wconf 89' lang='lat' dir='ltr'><strong>mortuis</strong></span> <span class='ocrx_word' id='word_1_918' title='bbox 2497 5462 2881 5519; x_wconf 79' lang='lat' dir='ltr'><strong>resurrexerit.</strong></span> <span class='ocrx_word' id='word_1_919' title='bbox 2930 5460 3174 5532; x_wconf 68' lang='lat' dir='ltr'><strong>luunt,</strong></span> <span class='ocrx_word' id='word_1_920' title='bbox 3218 5454 3385 5525; x_wconf 83' lang='lat' dir='ltr'><strong>6.]Et</strong></span> <span class='ocrx_word' id='word_1_921' title='bbox 3420 5450 3684 5513; x_wconf 60' lang='lat' dir='ltr'><strong>interroga:</strong></span> 
     </span>
    </p>
   </div>
   <div class='ocr_carea' id='block_1_116' title="bbox 2140 5539 3684 5629">
    <p class='ocr_par' dir='ltr' id='par_1_116' title="bbox 2140 5539 3684 5629">
     <span class='ocr_line' id='line_1_116' title="bbox 2140 5539 3684 5629; baseline -0.014 -14"><span class='ocrx_word' id='word_1_922' title='bbox 2140 5562 2275 5615; x_wconf 85' lang='lat' dir='ltr'><strong>bant</strong></span> <span class='ocrx_word' id='word_1_923' title='bbox 2326 5576 2472 5624; x_wconf 86' lang='lat' dir='ltr'><strong>eum,</strong></span> <span class='ocrx_word' id='word_1_924' title='bbox 2508 5560 2775 5619; x_wconf 87' lang='lat' dir='ltr'><strong>dicentes,</strong></span> <span class='ocrx_word' id='word_1_925' title='bbox 2824 5557 2955 5624; x_wconf 86' lang='lat' dir='ltr'><strong>quid</strong></span> <span class='ocrx_word' id='word_1_926' title='bbox 2994 5568 3125 5620; x_wconf 83' lang='lat' dir='ltr'><strong>ergo</strong></span> <span class='ocrx_word' id='word_1_927' title='bbox 3151 5551 3349 5603; x_wconf 84' lang='lat' dir='ltr'><strong>dicunt</strong></span> <span class='ocrx_word' id='word_1_928' title='bbox 3380 5539 3684 5629; x_wconf 16' lang='lat' dir='ltr'><strong>Pharisai‘cl</strong></span> 
     </span>
    </p>
   </div>
   <div class='ocr_carea' id='block_1_117' title="bbox 2145 5624 3681 5718">
    <p class='ocr_par' dir='ltr' id='par_1_117' title="bbox 2145 5624 3681 5718">
     <span class='ocr_line' id='line_1_117' title="bbox 2145 5624 3681 5718; baseline -0.02 -10"><span class='ocrx_word' id='word_1_929' title='bbox 2145 5652 2387 5717; x_wconf 66' lang='lat' dir='ltr'><strong>Scribat;</strong></span> <span class='ocrx_word' id='word_1_930' title='bbox 2417 5649 2543 5718; x_wconf 88' lang='lat' dir='ltr'><strong>quia</strong></span> <span class='ocrx_word' id='word_1_931' title='bbox 2578 5650 2591 5678; x_wconf 74' lang='grc' dir='ltr'>ί</span> <span class='ocrx_word' id='word_1_932' title='bbox 2628 5646 2800 5701; x_wconf 82' lang='lat' dir='ltr'><strong>Eliam</strong></span> <span class='ocrx_word' id='word_1_933' title='bbox 2834 5652 3050 5713; x_wconf 79' lang='lat' dir='ltr'><strong>Oportet</strong></span> <span class='ocrx_word' id='word_1_934' title='bbox 3080 5642 3267 5694; x_wconf 82' lang='lat' dir='ltr'><strong>venire</strong></span> <span class='ocrx_word' id='word_1_935' title='bbox 3295 5629 3556 5706; x_wconf 82' lang='lat' dir='ltr'><strong>primum?</strong></span> <span class='ocrx_word' id='word_1_936' title='bbox 3595 5624 3681 5688; x_wconf 73' lang='lat' dir='ltr'><strong>Qui</strong></span> 
     </span>
    </p>
   </div>
   <div class='ocr_carea' id='block_1_118' title="bbox 550 5750 3680 5854">
    <p class='ocr_par' dir='ltr' id='par_1_118' title="bbox 550 5750 3680 5854">
     <span class='ocr_line' id='line_1_118' title="bbox 550 5750 3680 5854; baseline -0.014 -16"><span class='ocrx_word' id='word_1_937' title='bbox 550 5785 565 5814; x_wconf 86' lang='lat'><strong>’</strong></span> <span class='ocrx_word' id='word_1_938' title='bbox 592 5784 649 5838; x_wconf 81' lang='lat' dir='ltr'><strong>in</strong></span> <span class='ocrx_word' id='word_1_939' title='bbox 687 5784 888 5841; x_wconf 67' lang='lat' dir='ltr'><strong>Grecis</strong></span> <span class='ocrx_word' id='word_1_940' title='bbox 912 5782 1315 5854; x_wconf 74' lang='lat' dir='ltr'><strong>exemplaribus</strong></span> <span class='ocrx_word' id='word_1_941' title='bbox 1360 5779 1473 5834; x_wconf 68' lang='lat' dir='ltr'><strong>haec</strong></span> <span class='ocrx_word' id='word_1_942' title='bbox 1526 5776 1654 5834; x_wconf 87' lang='lat' dir='ltr'><strong>solis</strong></span> <span class='ocrx_word' id='word_1_943' title='bbox 1686 5774 1913 5843; x_wconf 85' lang='lat' dir='ltr'><strong>Scribis,</strong></span> <span class='ocrx_word' id='word_1_944' title='bbox 1948 5791 2052 5831; x_wconf 89' lang='lat' dir='ltr'><strong>non</strong></span> <span class='ocrx_word' id='word_1_945' title='bbox 2092 5775 2253 5832; x_wconf 86' lang='lat' dir='ltr'><strong>etiam</strong></span> <span class='ocrx_word' id='word_1_946' title='bbox 2286 5770 2572 5827; x_wconf 67' lang='lat' dir='ltr'><strong>Pharisaeis</strong></span> <span class='ocrx_word' id='word_1_947' title='bbox 2615 5766 2883 5825; x_wconf 87' lang='lat' dir='ltr'><strong>sententia</strong></span> <span class='ocrx_word' id='word_1_948' title='bbox 2921 5763 3220 5833; x_wconf 85' lang='lat' dir='ltr'><strong>imputatur</strong></span> <span class='ocrx_word' id='word_1_949' title='bbox 3254 5774 3269 5807; x_wconf 91' lang='lat'><strong>:</strong></span> <span class='ocrx_word' id='word_1_950' title='bbox 3327 5756 3409 5809; x_wconf 79' lang='grc' dir='ltr'><strong>ὅτι</strong></span> <span class='ocrx_word' id='word_1_951' title='bbox 3440 5750 3680 5816; x_wconf 70' lang='grc' dir='ltr'><strong>λέγουσιν,</strong></span> 
     </span>
    </p>
   </div>
  </div>
