3880 6168
292 202 401 264 €29

288 408 543 461 restituet
567 412 748 464 omnia
780 426 797 467 :
823 423 878 467 et
903 415 1175 482 quomodo
1196 416 1456 484 scriptum
1490 428 1570 471 est
1598 420 1649 471 in
1677 417 1866 472 Filium

289 499 559 561 hominis.
620 512 676 554 ut
712 504 878 556 multa
938 505 1204 572 patiatur.
1236 517 1290 559 et
1321 518 1723 562 contemnatur.
1764 508 1867 562 Sed

286 592 414 644 uico
457 594 611 645 Vobis
634 596 761 659 quia
795 603 850 647 et
891 596 1035 649 Elias
1063 596 1209 650 venit
1245 598 1318 661 (et
1344 597 1585 651 fecerunt
1628 600 1697 651 illi
1724 616 1868 668 qure-

284 696 511 746 uinque
544 683 877 751 voluerunt),
920 684 1063 738 sicut
1108 688 1370 754 scriptum
1404 698 1486 739 est
1539 688 1607 742 de
1638 704 1721 742 eo.
1757 688 1869 758 hc,

288 769 406 841 10.]
453 774 514 822 Et
547 774 769 827 veniens
822 774 887 826 ad
940 776 1241 844 discipulos
1274 792 1429 843 suos,
1462 777 1596 829 vidit
1656 779 1870 831 turbam

284 880 551 928 magnam
601 869 745 918 circa
795 881 910 930 eos,
951 876 1007 919 et
1042 865 1263 921 Scribas
1300 868 1686 936 ronquircntes
1748 885 1870 921 cum

286 953 419 1005 illis.
457 955 831 1010 Eteonfestim
863 960 1043 1010 omnis
1069 959 1302 1026 populus
1322 958 1507 1011 videns
1522 958 1730 1023 Jesum,
1760 976 1872 1012 sin-

287 1045 554 1111 peractus
584 1056 689 1113 est,
743 1060 797 1101 et
831 1058 1191 1117 expaverunt,
1216 1059 1272 1105 et
1300 1060 1649 1103 accurrentes
1674 1052 1875 1103 saluta—

287 1139 420 1187 bant
458 1154 606 1191 eum.
642 1139 706 1191 Et
740 1140 1096 1206 interrogavit
1123 1154 1218 1194 eos
1251 1156 1265 1193 :
1291 1141 1430 1206 Quid
1460 1141 1602 1195 inter
1622 1156 1874 1206 vos_cun-

284 1229 566 1295 qniritis?
597 1231 726 1301 [ιρι.
750 1231 832 1302 2.]
862 1232 925 1286 Et
960 1233 1295 1301 respondens
1326 1248 1465 1285 unus
1491 1233 1558 1286 de
1595 1234 1773 1293 turba,
1794 1232 1877 1284 di-

288 1322 412 1375 xit:
457 1318 736 1391 Magister,
772 1322 928 1377 attuli
970 1323 1141 1376 [ilium
1189 1338 1369 1381 meum
1404 1320 1471 1377 ad
1497 1332 1547 1376 te
1586 1322 1875 1375 habentem

286 1412 563 1479 spiritum
595 1426 805 1468 mutum
838 1432 853 1471 :
886 1416 979 1485 qui
1006 1415 1319 1483 ubicunque
1340 1429 1463 1469 eum
1497 1413 1878 1482 apprehvnle-

288 1512 381 1566 rit,
416 1504 608 1557 allidit
635 1506 807 1571 illum,
834 1514 889 1559 et
921 1512 1160 1573 spumat,
1188 1515 1243 1558 et
1274 1503 1467 1557 stridet
1494 1503 1773 1566 dentibus,
1814 1512 1868 1555 et

286 1597 503 1648 arescit
534 1607 551 1647 :
585 1604 640 1649 et
681 1596 789 1649 dixi
816 1596 1101 1664 discipulis
1141 1597 1273 1657 tuis,
1313 1604 1369 1647 ut
1402 1594 1667 1662 ejicerent
1702 1593 1875 1659 illum,

284 1699 335 1739 et
364 1701 488 1738 non
524 1697 843 1755 potuerunt.
871 1685 1341 1753 Qui,respondens
1373 1686 1473 1747 eis,
1496 1685 1630 1738 dixit
1669 1698 1685 1738 :
1712 1681 1756 1737 Ο
1778 1700 1869 1751 ge-

290 1780 519 1830 neratio
564 1778 861 1839 incredula,
890 1776 1129 1844 quandiu
1174 1780 1316 1841 apud
1345 1790 1439 1826 vos
1460 1773 1593 1826 ero?
1631 1773 1871 1839 quandiu

294 1887 392 1923 \HS
432 1870 866 1937 paziariaﬂerie
900 1870 1048 1922 illum
1083 1867 1269 1922 adme.
1304 1867 1369 1921 Et
1396 1866 1697 1920 attulerunt
1726 1879 1872 1917 eum.

295 1963 363 2015 Et
404 1977 545 2014 cum
591 1961 813 2015 vidisset
884 1974 1030 2020 eum,
1065 1958 1245 2012 statim
1281 1956 1505 2024 Spiritus
1537 1955 1879 2009 conturbavit

294 2056 458 2105 illum
496 2071 512 2109 ε
553 2063 603 2106 et
630 2054 803 2105 elisus
843 2052 896 2104 in
935 2060 1160 2111 terram,
1214 2049 1559 2101 volutabatur
1600 2061 1857 2115 spumans

292 2141 357 2193 l'lt
392 2142 759 2208 interrogavit
784 2149 993 2207 patrem
1013 2137 1132 2201 ejus
1156 2150 1169 2190 :
1195 2135 1465 2201 Quantum
1497 2136 1755 2204 temporis
1776 2143 1880 2195 est,

288 2251 354 2285 ex
384 2248 511 2301 quo
548 2235 597 2285 ei
631 2232 732 2284 hoc
757 2230 992 2284 accidit?
1020 2229 1087 2282 At
1113 2220 1314 2282 ille‘ait
1345 2245 1358 2280 :
1399 2228 1481 2279 Ab
1513 2226 1736 2279 infantia
1781 2244 1792 2277 :
1830 2236 1885 2279 et

294 2330 631 2392 lrequenter
662 2338 783 2375 eum
818 2324 870 2373 iu
905 2321 1103 2388 ignem,
1131 2330 1187 2372 et
1217 2320 1268 2369 in
1293 2334 1462 2385 aquas
1483 2320 1650 2379 mi~it,
1686 2327 1881 2370 uti-um

297 2416 597 2484 perderet.
632 2411 735 2464 Sed
811 2411 855 2464 si
900 2410 1027 2478 quid
1066 2418 1240 2478 potes.
1282 2409 1473 2473 adjuva
1507 2422 1604 2459 nos
1632 2406 1887 2461 misertus

295 2507 510 2560 nostri.
540 2505 700 2559 Jcsus
739 2515 920 2556 autem
954 2502 1027 2555 ait
1054 2501 1127 2553 illi
1165 2514 1179 2552 :
1215 2498 1267 2553 Si
1313 2508 1463 2565 potes
1485 2500 1732 2560 credere,
1772 2513 1891 2550 om-

292 2616 383 2651 nia
464 2597 749 2665 possibilia
804 2606 932 2646 sunt
980 2592 1249 2646 credenti.
1293 2590 1356 2642 Et
1390 2593 1653 2644 continuo
1708 2591 1889 2644 excla-

295 2706 463 2741 mans
525 2700 680 2755 pater
718 2686 900 2751 pueri,
933 2700 1054 2737 cum
1090 2682 1348 2751 lacrymis
1405 2682 1585 2735 aiebat
1626 2702 1639 2735 :
1685 2682 1890 2750 Credo;

295 2780 565 2839 Domine,
602 2778 793 2845 adjuva
819 2776 1250 2829 incredulitatem
1281 2774 1707 2845 meummeum
1738 2775 1894 2828 vide-

292 2884 382 2927 ret
403 2873 578 2927 Jesus
607 2877 1021 2923 concurrenteui
1089 2866 1325 2931 turbam,
1389 2869 1753 2922 comminatus
1800 2877 1886 2922 est

1349 208 1597 274 EVANG
1611 214 1855 278 ELIUM
1895 221 2053 285 SEC.
2092 223 2439 287 MARCUM.

288 317 657 384 respondens,
712 319 789 375 ait
840 318 987 377 illis:
1030 320 1195 383 Elias,
1243 336 1365 378 cum
1397 326 1611 381 venerit
1670 326 1871 395 primo,

1996 332 2068 402 jui
2111 334 2255 389 misit
2286 351 2391 391 me.
2417 334 2606 407 [xcvu,
2639 332 2720 405 8.]
2756 333 3053 403 Respondit
3086 334 3156 389 illi
3184 334 3435 400 Joannes.
3462 317 3569 409 di-g

3430 224 3543 286 630

3566 304 3600 333 ιλ.

1973 440 2105 477 cens
2141 442 2154 477 :
2185 426 2457 495 Magister,
2492 427 2731 482 vidimus
2786 426 3096 495 quemdam.
3130 425 3181 479 in
3207 425 3425 479 nomine
3451 414 3571 495 tuo"

1974 517 2285 584 ejicientem
2316 519 2602 574 daemonia.
2636 517 2730 587 qui
2764 532 2871 571 non
2924 517 3170 584 sequitur
3197 532 3317 579 nos,
3345 526 3399 569 et
3420 484 3575 587 proo?

1983 608 2261 662 liibuimus
2295 623 2437 661 eum.
2465 609 2623 663 Jesus
2653 572 2853 660 .autem
2883 606 2959 658 ait
2991 622 3004 658 :
3042 605 3217 660 Nolite
3246 572 3570 673 prohibere’

1976 716 2125 751 eum.
2157 697 2327 751 Nemo
2353 710 2433 752 est
2467 700 2606 752 enim
2632 701 2722 767 qui
2754 699 2917 752 faciat
2947 698 3204 750 virtutem
3236 698 3289 750 in
3323 697 3541 750 nomine

1977 807 2113 855 meo,
2143 800 2194 843 et
2232 792 2403 859 possit
2432 794 2539 843 cito
2572 791 2710 843 male
2737 789 2881 857 loqui
2913 789 2978 842 de
3010 804 3113 842 me.
3138 787 3239 852 Qui
3266 788 3411 839 enim
3433 778 3567 841 nen'

1977 890 2057 931 Osi.
2078 882 2368 933 adversum
2402 895 2511 934 vos.
2537 896 2633 948 pro
2659 880 2922 932 vobisest.
2951 876 3255 948 ]xcvm,6.]
3274 862 3567 946 Quisquis,

1977 972 2124 1024 enim
2158 982 2344 1039 potum
2377 970 2586 1025 dederit
2606 971 2761 1025 vobis
2791 970 3015 1025 calicem
3048 984 3201 1039 aquae
3234 968 3289 1022 in
3324 968 3543 1022 nomine

1980 1076 2122 1124 meo,
2157 1066 2282 1129 quia
2310 1060 2509 1115 Christi
2540 1061 2671 1115 estis
2704 1074 2717 1110 :
2748 1060 2917 1113 Amen
2945 1060 3066 1113 dico
3092 1059 3265 1124 vobis,
3293 1072 3400 1112 non
3423 1074 3545 1128 per-

1978 1151 2067 1203 det
2100 1150 2404 1204 mercedem
2434 1166 2612 1206 suam.
2646 1138 3016 1222 [xcrx,2.]Et
3043 1148 3288 1218 quisquis
3313 1131 3569 1203 scanda-’

1980 1243 2226 1297 lizaverit
2260 1258 2426 1296 unum
2462 1258 2525 1297 ex
2567 1242 2654 1297 bis
2682 1242 2900 1305 pusillis
2922 1240 3271 1296 credentibus
3299 1240 3351 1293 in
3385 1252 3471 1291 me
3525 1228 3567 1289 2’

1976 1334 2181 1391 bonum
2205 1343 2287 1389 est
2308 1334 2357 1389 ei
2387 1334 2558 1404 magis
2580 1333 2624 1387 si
2652 1331 3089 1387 circumdaretur
3120 1330 3260 1383 mola
3304 1326 3548 1383 asinaria

1978 1425 2117 1477 collo
2141 1426 2281 1493 ejus,
2318 1435 2371 1479 et
2405 1426 2458 1479 in
2492 1440 2640 1479 mare
2669 1424 2995 1479 mitteretur.
3026 1420 3099 1494 [ο.
3127 1420 3206 1491 6.]
3236 1420 3299 1474 Et
3322 1419 3367 1475 si
3390 1433 3549 1473 scan-

1982 1518 2303 1573 dalizaverit
2337 1528 2389 1573 te
2421 1532 2615 1572 manus
2656 1527 2769 1578 tua,
2806 1515 3074 1570 abscinde
3123 1515 3269 1568 illam
3300 1527 3316 1567 :
3346 1512 3547 1565 bonum

1982 1618 2063 1661 est
2095 1609 2190 1661 tibi
2210 1608 2442 1661 debilem
2480 1607 2707 1661 introire
2739 1609 2791 1660 in
2827 1607 3014 1669 vitam,
3043 1619 3207 1673 quam
3245 1603 3379 1657 duas
3431 1614 3551 1654 ma-

1982 1712 2085 1752 nus
2138 1696 2426 1751 habentem
2461 1698 2541 1750 ire
2598 1698 2653 1750 in
2684 1696 3013 1765 gehennam,
3077 1695 3131 1747 in
3171 1693 3350 1761 ignem
3399 1692 3548 1745 inex-

3558 672 3571 719 l

1976 1787 2365 1856 stinguibilein.
2430 1786 2527 1858 [cn
2583 1786 2695 1855 10.]
2752 1786 2851 1843 Ubi
2908 1784 3107 1839 vermis
3192 1798 3380 1837 eorum
3437 1794 3545 1833 non

1979 1879 2232 1939 moritur,
2298 1886 2353 1930 et
2424 1876 2564 1943 ignis
2625 1891 2732 1929 non
2794 1872 3178 1942 exstinguitur.
3234 1870 3301 1924 Et
3347 1868 3393 1923 si
3455 1882 3550 1936 pes

1982 1976 2108 2020 tuus
2162 1975 2213 2018 te
2266 1964 2625 2025 scandalizat,
2680 1972 2900 2031 amputa
2953 1962 3154 2014 illum:
3197 1958 3398 2012 bonum
3468 1966 3554 2008 est

1985 2057 2081 2109 tibi
2117 2055 2372 2108 claudum
2404 2054 2632 2107 introire
2660 2054 2712 2106 in
2734 2052 2899 2105 vitam
2925 2061 3209 2112 aeternam,
3229 2062 3390 2116 quam
3418 2045 3557 2099 duos

1984 2147 2152 2218 pedes
2183 2145 2475 2199 habentem
2512 2144 2649 2196 mitti
2684 2144 2737 2195 in
2766 2144 3071 2211 gehennam
3126 2137 3264 2207 ignis
3294 2134 3557 2189 inexstin-

1985 2236 2212 2306 guibilis
2247 2250 2262 2291 :
2294 2235 2388 2288 ubi
2437 2234 2639 2287 vermis
2669 2246 2863 2286 eorutn
2898 2245 3005 2284 non
3042 2228 3297 2291 moritur,
3328 2238 3385 2279 et
3419 2223 3560 2293 ignis

1990 2341 2099 2380 non
2141 2324 2524 2395 exstinguitur.
2561 2322 2714 2388 Quod
2762 2322 2807 2375 si
2837 2321 3029 2374 oculus
3069 2328 3195 2372 tuus
3229 2312 3563 2370 scandalilat

1993 2429 2067 2485 te,
2103 2417 2241 2486 ejice
2268 2431 2394 2470 eum
2429 2431 2442 2467 :
2495 2414 2697 2468 bonum
2729 2421 2813 2467 est
2859 2411 2955 2466 tibi
3006 2410 3218 2462 luscum
3253 2403 3481 2459 introire
3508 2403 3561 2454 in

1999 2522 2229 2574 regnum
2284 2504 2408 2572 Dei,
2443 2519 2607 2573 quam
2633 2502 2773 2557 duos
2796 2501 2985 2556 oculos
3008 2498 3295 2553 habentem
3330 2492 3467 2547 mitti
3507 2492 3561 2543 in

1990 2598 2295 2665 gehennam
2326 2594 2468 2663 ignis
2502 2606 2519 2648 :
2552 2593 2644 2647 ubi
2688 2590 2894 2645 vermis
2932 2602 3124 2644 eorum
3150 2601 3259 2640 non
3307 2584 3561 2645 moritur,

1992 2696 2049 2740 et
2074 2685 2215 2755 ignis
2241 2699 2347 2738 non
2371 2684 2760 2753 exstinguitur.
2789 2680 2976 2733 Omnis
2994 2678 3141 2732 enim
3168 2676 3291 2745 igne
3314 2674 3559 2735 salictur,

1994 2786 2049 2829 et
2076 2775 2256 2829 omnis
2308 2772 2523 2827 victima
2564 2772 2677 2826 sale
2734 2770 2961 2825 salietur
2994 2769 3032 2821 ⁸.
3066 2766 3187 2838 [cu,
3218 2764 3298 2834 2]
3351 2762 3559 2817 Bonum

1996 2876 2080 2921 est
2105 2867 2181 2921 sal
2205 2884 2219 2920 :
2244 2866 2389 2934 quod
2425 2865 2471 2918 si
2502 2864 2581 2918 sal
2640 2863 2908 2917 insulsum
2944 2860 3128 2924 fuerit,
3182 2858 3236 2912 in
3290 2869 3398 2925 quo
3429 2854 3563 2908 illud

293 2964 530 3030 spiritui
573 2940 874 3021 immundd.
911 2960 1100 3012 dicens
1129 2959 1203 3013 illi
1248 2977 1260 3012 :
1300 2957 1479 3011 Surde
1503 2965 1559 3009 et
1591 2967 1739 3010 mute
1774 2959 1888 3026 Spi-
1917 2978 1959 3034 α
1999 2958 2306 3013 condietis?
2347 2955 2554 3011 iiabete
2601 2956 2656 3008 in
2686 2954 2839 3008 vobis
2896 2955 2997 3019 sal,
3028 2961 3083 3006 et
3112 2962 3300 3019 pacem
3364 2944 3564 2999 habete

294 3058 468 3117 ritus,
502 3069 612 3122 ego
636 3052 897 3120 praecipio
927 3050 1047 3114 tibi,
1077 3051 1163 3104 exi
1205 3051 1274 3105 ab
1308 3065 1373 3105 eo
1411 3065 1426 3104 :
1459 3059 1513 3103 et
1543 3049 1776 3117 amplius
1818 3064 1885 3104 ne

296 3150 560 3199 introeas
594 3145 645 3195 in
681 3158 828 3197 eum.
858 3144 923 3195 Et
960 3143 1291 3207 exclamans,
1330 3148 1386 3194 et
1424 3141 1651 3194 multum
1681 3140 1886 3194 discer-

299 3252 447 3304 pens
472 3251 633 3296 eum,
669 3234 798 3287 exiit
834 3233 899 3285 ab
922 3248 1009 3295 eo,
1040 3242 1095 3285 et
1128 3232 1303 3285 factus
1335 3238 1420 3283 est
1450 3231 1588 3283 sicut
1614 3240 1883 3292 mortuus,

298 3338 373 3380 ita
412 3336 478 3379 ut
536 3325 693 3393 mu/Iti
736 3323 989 3377 dicerent
1049 3336 1063 3373 :
1104 3320 1239 3387 Quia
1291 3333 1541 3374 mortuus
1578 3331 1680 3373 est.
1731 3317 1889 3374 Jcsus

299 3429 498 3472 autem
534 3428 733 3469 tenens
768 3428 985 3466 manum
1018 3412 1157 3479 ejus,
1186 3411 1419 3465 elevavit
1440 3426 1588 3473 eum,
1620 3419 1673 3463 et
1702 3424 1890 3462 surre-

307 3514 414 3563 xit.
450 3508 618 3581 [xcu,
657 3505 768 3576 10.]
799 3506 863 3558 Et
892 3519 1015 3559 cum
1049 3503 1335 3557 introisset
1372 3503 1425 3555 in
1450 3501 1694 3563 domum,
1724 3500 1889 3552 disci-

310 3604 434 3671 puli
483 3602 612 3666 ejus
658 3607 872 3653 secreto
918 3594 1330 3663 interrogabant
1368 3608 1491 3647 eum
1532 3606 1545 3645 :
1584 3592 1762 3656 Quare
1794 3605 1895 3645 nos

306 3713 422 3750 non
501 3694 790 3762 potuimus
832 3690 1035 3758 ejicere
1087 3690 1256 3740 eum?
1310 3683 1377 3737 Et
1429 3684 1564 3737 dixit
1596 3684 1701 3737 illis
1734 3698 1750 3736 :
1783 3681 1897 3736 Hoc

302 3802 496 3857 genus
541 3787 598 3838 in
658 3786 807 3838 nullo
851 3792 1028 3852 potest
1073 3782 1242 3841 exire,
1286 3778 1385 3829 nisi
1442 3777 1495 3829 in
1528 3774 1796 3838 oratione,
1842 3783 1899 3829 et

302 3877 556 3945 jejunio.
600 3875 774 3945 hem,
814 3874 894 3943 2.]
932 3872 995 3924 Et
1048 3871 1173 3948 inde
1212 3868 1442 3937 proiecti
1492 3865 1901 3936 praetergredie-

312 3972 535 4023 bantur
568 3967 849 4021 Galilazam
901 3982 913 4017 :
963 3978 1065 4017 nec
1116 3960 1329 4016 volebat
1365 3973 1688 4027 quemquam
1735 3958 1899 4011 scire.

315 4060 582 4113 Docebat
633 4066 813 4109 autem
849 4053 1146 4118 discipulos
1189 4066 1339 4113 suos,
1376 4059 1430 4102 et
1481 4048 1695 4103 dicebat
1744 4047 1901 4103 illis:

308 4151 607 4218 Quoniam
635 4148 806 4201 Filius
844 4143 1083 4199 hominis
1117 4143 1365 4196 tradetur
1395 4143 1446 4194 in
1496 4155 1689 4195 manus
1722 4140 1905 4195 homi-

310 4258 490 4306 num,
526 4249 585 4292 et
614 4236 866 4291 occident
888 4249 1035 4295 eum,
1065 4242 1119 4287 et
1147 4233 1364 4286 occisus
1410 4232 1566 4285 tertia
1596 4230 1687 4284 die
1720 4244 1903 4284 resur-

1992 3049 2133 3101 inter
2164 3064 2281 3102 vos.

2062 3137 2212 3207 [ϐαρ.
2239 3137 2305 3192 Χ.
2340 3152 2452 3201 cm,
2479 3135 2559 3209 6.]
2583 3135 2646 3190 Et
2674 3134 2799 3190 inde
2827 3148 3129 3205 exsurgens
3158 3132 3307 3187 venit
3335 3133 3388 3186 in
3419 3131 3565 3186 lines

1989 3230 2188 3283 Judaaae
2221 3230 2359 3283 ultra
2385 3230 2682 3285 Jordanem
2712 3244 2728 3285 :
2767 3237 2822 3283 et
2841 3227 3186 3281 conveniunt
3214 3228 3413 3281 iterum
3445 3233 3565 3277 tur-

1993 3320 2075 3374 bae
2107 3321 2171 3373 ad
2207 3337 2330 3375 eum
2360 3337 2377 3389 ;
2422 3331 2477 3375 et
2508 3321 2650 3375 sicut
2684 3326 3065 3382 consueverat,
3098 3316 3298 3370 iterum
3339 3312 3570 3369 docebat

1993 3411 2221 3476 illos..Et
2251 3413 2575 3465 accedentes
2590 3409 2851 3463 Pharisaei
2892 3405 3341 3475 interrogabant'
3369 3421 3383 3460 :
3417 3403 3474 3458 Si
3503 3402 3569 3456 lio

1996 3511 2083 3555 cet
2110 3504 2230 3556 viro
2277 3518 2499 3556 uxorem
2528 3501 2808 3556 dimittere
2838 3518 2853 3552 :
2889 3507 3163 3554 tentantes
3208 3511 3355 3551 eum.
3384 3494 3453 3549 At
3477 3492 3569 3547 ille

1997 3594 2352 3661 respondens,
2394 3594 2533 3647 dixit
2579 3592 2660 3646 eis
2689 3610 2703 3645 :
2737 3590 2877 3656 Quid
2927 3589 3084 3643 vobis
3118 3586 3382 3658 praecepit
3416 3584 3571 3653 Moy-

1999 3684 2129 3739 ses?
2158 3686 2259 3751 Qui
2284 3685 2579 3739 dixerunt:
2610 3683 2820 3752 Moyses
2846 3680 3091 3751 permisit
3123 3680 3363 3734 libellum
3402 3692 3567 3747 repu-

1999 3777 2073 3831 dii
2107 3779 2353 3833 scribere
2399 3789 2459 3835 et
2505 3778 2806 3832 dimittere.
2842 3775 3056 3841 Quibus
3107 3774 3451 3843 respondens
3474 3773 3567 3829 Je-

2000 3884 2117 3933 sus,
2147 3870 2259 3923 ait:
2292 3869 2371 3923 Ad
2423 3870 2680 3923 duritiam
2724 3868 2910 3923 cordis
2954 3867 3122 3922 vestri
3159 3866 3377 3935 scripsit
3415 3866 3571 3921 vobis

2002 3975 2335 4031 praeceptum
2382 3962 2553 4018 istud.
2587 3962 2669 4018 Ab
2705 3961 2861 4017 initio
2892 3968 3073 4015 autem
3109 3968 3393 4021 creaturae,
3428 3973 3569 4011 mas-

2002 4053 2187 4108 culum
2216 4064 2272 4109 et
2304 4053 2563 4109 feminam
2614 4054 2745 4109 fecit
2770 4069 2866 4110 eos
2894 4054 3059 4109 Deus.
3100 4052 3325 4122 Propter
3352 4052 3455 4105 boc
3480 4066 3569 4105 re-

2004 4146 2217 4216 linquet
2254 4147 2418 4201 bomo
2442 4154 2653 4218 patrem
2693 4161 2855 4202 suum
2880 4155 2935 4201 et
2959 4156 3213 4207 matrem,
3238 4156 3293 4199 et
3329 4142 3573 4197 adhaere—

2008 4237 2088 4291 bit
2135 4237 2203 4292 ad
2248 4254 2471 4293 uxorem
2502 4251 2700 4293 suam:
2730 4245 2788 4294 et
2812 4245 2974 4293 erunt
3005 4237 3115 4293 duo
3156 4236 3211 4291 in
3247 4250 3411 4291 carne
3440 4250 3569 4287 una.

310 4345 439 4405 get.
479 4332 555 4385 At
582 4330 659 4384 illi
700 4326 1018 4398 ignorabant
1048 4326 1273 4378 verbum
1306 4341 1318 4376 :
1355 4333 1411 4377 et
1440 4322 1708 4377 timebant
1736 4322 1905 4376 inter-
1935 4329 1981 4386 ι)
2013 4329 2201 4400 Itaque
2221 4331 2333 4401 jam
2368 4346 2475 4385 ηοη
2503 4341 2633 4386 sum
2662 4330 2793 4399 duo,
2827 4331 2924 4386 sed
2942 4344 3046 4384 una
3077 4344 3228 4384 eam,
3256 4327 3411 4394 Quod
3441 4342 3572 4395 ergo

312 4438 532 4495 rogare
564 4435 712 4475 eum.
747 4419 916 4489 μων,
947 4413 1057 4487 i0.]
1094 4414 1158 4467 Et
1194 4423 1463 4469 venerunt
1502 4411 1905 4480 Capharnaum.

310 4516 433 4581 Qui
472 4527 600 4565 cum
634 4512 779 4564 domi
807 4515 1013 4570 essent,
1047 4505 1459 4574 interrogabant
1488 4518 1583 4557 eos
1612 4520 1626 4556 :
1664 4502 1803 4566 Quid
1851 4503 1904 4556 iu

315 4610 412 4661 via
447 4602 807 4660 tractabatis?
844 4598 990 4671 [xcv,
1014 4596 1097 4669 2.]
1126 4598 1194 4652 At
1219 4598 1293 4651 illi
1331 4597 1600 4661 tacebant,
1637 4596 1906 4664 siquidem

316 4702 379 4753 in
422 4700 519 4752 via
568 4697 709 4750 inter
730 4709 790 4749 se
839 4693 1271 4761 disputaverant.
1320 4690 1445 4757 quis
1497 4703 1692 4744 eorum
1736 4690 1911 4759 major

311 4800 505 4845 esset.
540 4788 609 4841 Et
642 4786 892 4840 residens
921 4782 1136 4838 vocavit
1170 4781 1459 4836 duodecim
1488 4799 1503 4847 ;
1535 4791 1591 4837 et
1621 4782 1699 4836 ait
1748 4782 1858 4835 illis
1893 4798 1909 4835 :

316 4885 379 4935 Si
416 4881 557 4948 quis
593 4882 705 4931 vult
742 4877 951 4946 primus
975 4890 1121 4936 esse,
1145 4876 1253 4929 erit
1285 4875 1527 4928 omnium
1560 4876 1909 4940 novissimus,

318 4988 378 5027 et
414 4972 673 5025 ninnium
707 4970 986 5023 minister.
1018 4966 1081 5021 Et
1117 4967 1394 5037 accipiens
1426 4981 1679 5035 puerum,
1721 4968 1912 5020 statuit

315 5082 464 5120 eum
501 5067 552 5115 in
588 5062 767 5116 medio
806 5076 998 5114 eorum
1031 5075 1235 5129 :quem
1266 5075 1388 5112 cum
1417 5060 1738 5127 complexus
1767 5067 1914 5113 esset

317 5162 407 5211 ait
457 5157 571 5207 illis
605 5170 618 5208 :
646 5153 890 5222 Quisque
915 5169 1082 5206 unum
1111 5168 1176 5205 ex
1202 5151 1514 5221 bujusmodi
1547 5152 1733 5220 pueris
1764 5166 1914 5205 rece-

320 5249 487 5321 perit
518 5248 571 5301 in
600 5249 820 5300 nomine
851 5261 993 5305 meo,
1022 5261 1105 5299 me
1146 5245 1348 5312 recepit
1379 5262 1391 5297 :
1419 5245 1582 5317 [xcvi,
1611 5241 1683 5314 1.]
1716 5243 1917 5312 thui-

320 5354 565 5407 cunque
594 5353 677 5391 me
726 5339 1050 5407 susceperit,
1084 5353 1192 5391 non
1225 5352 1310 5390 me
1358 5337 1603 5405 suscipit,
1642 5337 1737 5389 sed
1763 5352 1914 5400 eum,

314 5473 370 5524 oi
408 5471 794 5539 γραμματεῖ-ς.
846 5470 1110 5534 Quoniam
1140 5470 1321 5523 dicunt
1381 5469 1602 5535 Srribuv,
1629 5470 1773 5539 quia,
1806 5480 1914 5524 etc.

411 5544 425 5570 '
466 5538 588 5591 Non
624 5541 691 5593 ad
720 5544 847 5593 .itur
876 5543 928 5594 in
978 5541 1181 5594 nostris
1214 5557 1341 5592 niss.
1376 5538 1509 5603 sale,
1549 5538 1693 5609 (ιιιοᾱ
1735 5550 1915 5593 tamen

318 5612 386 5664 in
442 5608 731 5680 plerisque
760 5612 966 5666 Graecis
993 5612 1404 5681 exemplaribus
1443 5608 1639 5665 nomen
1676 5619 1781 5663 est.

2014 4420 2158 4476 Deus
2213 4423 2518 4493 conjunxit,
2567 4423 2731 4477 homo
2781 4438 2891 4478 non
2922 4429 3159 4491 separet.
3193 4420 3324 4492 [ειη
3364 4418 3473 4489 10.1
3508 4419 3576 4472 Et

2012 4514 2069 4568 in
2097 4513 2261 4568 domo
2292 4514 2486 4568 iterum
2512 4512 2768 4581 discipuli
2796 4513 2916 4583 ejus
2945 4513 3014 4568 de
3042 4512 3238 4567 eodem
3273 4512 3577 4580 interrOga-

2013 4612 2213 4659 verunt
2242 4618 2389 4658 eum.
2421 4602 2550 4675 [cm
2579 4602 2660 4675 2.]
2691 4604 2755 4659 Et
2771 4605 2847 4658 ait
2878 4604 3022 4658 illis:
3058 4602 3381 4671 Quicunque
3409 4602 3578 4655 dimi-

1956 4744 1969 4764 ,
2013 4696 2155 4749 serit
2200 4710 2425 4749 uxorem
2468 4710 2648 4761 suam,
2693 4706 2745 4750 et
2768 4695 2931 4750 aliam
2973 4694 3211 4760 duxerit,
3247 4694 3575 4749 adulterium

2015 4786 2319 4841 committit
2374 4802 2538 4857 super
2567 4802 2710 4841 eam.
2743 4786 2813 4840 Et
2843 4786 2889 4840 si
2924 4800 3060 4840 uxor
3090 4786 3363 4842 dimiserit
3398 4786 3575 4839 virum

2016 4893 2202 4943 suum,
2247 4888 2301 4933 et
2352 4880 2443 4932 alii
2490 4878 2754 4948 nupserit,
2811 4877 3136 4932 mmchatur.
3198 4877 3325 4949 [cu,
3384 4876 3466 4943 2.]
3515 4876 3580 4929 Et

2016 4968 2322 5022 oﬂ'erebant
2357 4969 2433 5022 illi
2462 4970 2730 5038 parvulos,
2767 4977 2822 5021 ut
2855 4978 3097 5039 tangeret
3135 4970 3277 5028 illos.
3324 4969 3576 5037 Discipuli

2016 5070 2202 5115 autem
2233 5061 2712 5115 committebantur
2744 5060 3122 5117 oﬂerentibus.
3159 5060 3307 5128 Quos
3340 5077 3464 5116 cum
3500 5062 3545 5113 vi
3567 5083 3582 5095 -

2016 5153 2169 5206 deret
2194 5151 2371 5217 iesus,
2398 5152 2618 5222 indigne
2658 5152 2801 5220 tulit,
2829 5163 2884 5208 et
2912 5154 2987 5207 ait
3018 5155 3153 5210 illis:
3184 5152 3357 5208 Sinite
3383 5169 3581 5221 parvu-

2017 5238 2099 5293 los
2146 5240 2330 5293 venire
2371 5239 2438 5293 ad
2474 5256 2582 5306 me,
2611 5251 2665 5295 et
2695 5257 2764 5296 ne
2808 5242 3201 5312 probibueritis
3230 5258 3325 5297 eos
3349 5257 3363 5298 :
3389 5244 3577 5297 talium

2016 5332 2164 5387 enim
2193 5344 2275 5387 est
2303 5349 2533 5403 regnum
2582 5334 2701 5391 Dei.
2734 5336 2907 5391 Amen
2938 5337 3063 5391 dico
3093 5334 3283 5389 vobis:
3322 5335 3582 5406 Quisquis

2093 5470 2112 5500 ¹
2152 5468 2247 5522 ilic
2282 5484 2411 5541 vero
2438 5469 2547 5523 duo
2572 5470 2792 5541 Regina:
2828 5486 2962 5529 mss.
2991 5482 3293 5539 pronomen
3326 5484 3443 5523 eum
3485 5469 3574 5523 ad-

2020 5538 2159 5594 dunt
2192 5537 2338 5609 quod
2368 5550 2422 5596 et
2445 5537 2682 5595 retinent
2706 5540 2880 5595 Graeci
2913 5537 3055 5595 libri.
