3880 6168
370 236 471 299 αῑι

1216 216 1312 312 λδ.
1358 249 1792 316 nmnoxvm
1838 249 2103 311 DIVINA
2147 208 2679 307 BtnLtB'rnscx.

3478 231 3580 295 6"?

363 367 476 405 non
520 352 789 420 receperit
825 370 1046 424 regnum
1082 357 1173 414 Dei
1206 364 1350 416 velut
1382 368 1661 432 parvulus,
1694 374 1800 421 non
1838 368 1922 419 in-
1950 371 1996 422 Α
2027 363 2318 417 zabimini:
2345 359 2537 414 sedere
2564 365 2744 409 autem
2775 351 2840 405 ad
2876 352 3122 406 dextram
3153 362 3346 409 meam,
3386 346 3470 399 vel
3519 346 3579 399 ad

366 444 531 497 trahit
562 444 613 497 in
664 445 818 501 illud.
872 449 935 502 Et
985 453 1333 519 complcxans
1372 471 1485 519 eus,
1543 466 1598 511 et
1637 458 1919 527 imponens

367 551 558 589 manus
608 552 774 605 super
825 540 965 599 illos.
1012 542 1509 601 benedicebateos.
1545 546 1700 618 [cvm
1733 548 1817 617 2.]
1854 550 1920 602 Et

363 640 488 679 cum
539 641 789 695 egressus
826 638 972 683 esset
1012 630 1064 683 in
1120 634 1282 697 viam,
1334 652 1665 704 procurrens
1696 640 1915 708 quidam

362 732 500 779 genu
532 717 670 770 ﬂexo
690 733 813 772 ante
845 735 993 780 eum,
1022 724 1246 791 rogabat
1269 741 1392 779 eum
1420 745 1434 780 :
1473 728 1725 795 Magister
1756 731 1915 796 bene,

360 806 489 869 quid
525 805 740 871 faciam,
795 819 855 861 ut
882 809 1044 862 vitam
1087 821 1349 865 aeternam
1394 818 1731 884 percipiant?
1760 819 1917 873 Jesus

360 905 536 947 autem
567 896 702 949 dixit
752 899 836 955 ei:
877 898 1012 963 Quid
1046 916 1129 954 me
1171 904 1307 955 dicis
1343 905 1587 959 bonum?
1623 909 1794 962 Nemo
1827 910 1922 963 bo-

360 1002 482 1051 nus,
516 987 616 1040 nisi
668 1003 807 1042 unus
840 990 999 1043 Deus.
1045 992 1314 1061 Praecepta
1368 999 1551 1049 nosti:
1590 998 1666 1050 Ne
1705 1000 1921 1051 adulte-

360 1093 469 1142 rcs,
494 1078 569 1132 Ne
586 1080 827 1145 occidas,
848 1083 925 1136 Ne
956 1082 1178 1147 iuraris,
1219 1086 1298 1139 Ne
1327 1086 1520 1141 falsum
1548 1090 1916 1142 testimonium

358 1167 583 1228 dixeris,
624 1165 702 1221 Ne
731 1170 975 1223 fraudem
1019 1172 1235 1237 feceris,
1268 1173 1484 1228 Honora
1522 1177 1732 1230 Patrem
1766 1188 1916 1231 tnunt

358 1265 411 1307 et
462 1268 714 1312 matrem.
753 1262 820 1312 At
858 1262 949 1314 ille
982 1264 1340 1331 respondens,
1375 1267 1449 1318 ait
1482 1267 1599 1321 illi:
1646 1268 1914 1337 Magister,

360 1346 473 1398 haec
503 1347 682 1400 omnia
739 1349 1023 1403 observavi
1058 1368 1085 1405 a
1129 1354 1416 1422 juventute
1460 1372 1595 1410 mea.
1634 1356 1805 1429 lcvnt,
1835 1359 1919 1430 2.]

355 1436 510 1490 Jesus
534 1450 714 1492 autem
749 1441 982 1496 intuitus
1008 1458 1157 1508 eum,
1182 1445 1372 1502 dilexit
1395 1463 1543 1513 eum,
1584 1459 1637 1504 et
1666 1451 1800 1504 dixit
1824 1454 1871 1505 ei
1900 1461 1919 1502 :

358 1526 531 1579 Unutn
563 1525 658 1581 tibi
693 1528 880 1585 deest:
913 1532 1064 1594 vade,
1109 1550 1447 1602 quaecunque
1502 1538 1686 1605 habes,
1721 1541 1914 1601 vende,

354 1629 401 1665 ιιι
436 1615 503 1666 da
554 1619 903 1685 pauperibus,
948 1632 1001 1673 et
1033 1623 1258 1677 habebis
1306 1628 1621 1681 thesaurum
1656 1629 1707 1682 in
1740 1631 1914 1685 curio:

2022 451 2323 511 sinistram,
2372 463 2480 501 non
2528 455 2610 500 eSt
2646 458 2824 498 meum
2867 442 2997 495 dare
3043 439 3217 502 vobis,
3257 437 3350 491 sed
3386 436 3583 504 quibus

2022 550 2267 612 paratum
2291 548 2395 595 est.
2429 538 2594 609 [cxtv,
2626 534 2709 608 2.]
2743 534 2808 588 Et
2840 533 3126 588 audientes
3170 530 3379 590 decem.
3410 542 3584 596 crepe-

2022 644 2150 687 rnnt
2191 630 2461 700 indignari
2511 630 2576 681 de
2630 627 2831 683 Jacobo
2881 635 2935 679 et
2958 623 3188 677 Joanne.
3219 620 3381 675 Jesus
3404 628 3580 672 autem

2022 737 2223 777 vocans
2253 736 2370 781 eos,
2419 721 2495 773 ait
2544 718 2686 772 illis':
2734 718 2900 771 Scitis
2928 716 3053 785 quia
3086 714 3165 775 hi,
3207 714 3298 782 qui
3331 712 3584 764 videntur

2021 812 2318 882 principari
2354 810 2625 879 gentibus,
2663 808 3014 862 dominantur
3052 806 3131 860 eis
3164 820 3179 857 :
3213 814 3265 857 et
3314 802 3586 869 principes

2019 917 2217 955 eorum
2250 910 2575 968 potestatem
2611 899 2812 951 habent
2838 898 3097 963 ipsorum.
3122 894 3236 947 Non
3273 893 3342 945 ita
3382 900 3465 945 est
3492 905 3586 941 an-

2022 1002 2129 1045 tem
2159 992 2211 1044 in
2259 991 2435 1053 vobis,
2498 988 2592 1043 sed
2634 990 2947 1056 quicunque
2975 984 3205 1038 voluerit
3243 982 3359 1036 fieri
3392 982 3584 1051 major,

2019 1082 2123 1134 erit
2152 1092 2329 1134 vester
2365 1079 2648 1132 minister:
2681 1086 2735 1131 et
2768 1078 3077 1144 quicunque
3136 1073 3370 1127 voluerit
3408 1072 3460 1124 in
3490 1085 3586 1122 vo-

2021 1168 2106 1221 bis
2132 1168 2339 1235 primus
2355 1182 2498 1231 esse,
2524 1166 2631 1220 erit
2652 1166 2892 1220 omnium
2918 1180 3127 1217 servus.
3159 1163 3304 1234 μιν,
3338 1160 3419 1231 4.]
3451 1160 3585 1213 Nam

2018 1272 2073 1312 et
2106 1258 2274 1312 Filius
2315 1259 2561 1311 hominis
2603 1273 2711 1311 non
2754 1246 2921 1316 venit,
2969 1266 3025 1307 ut
3072 1256 3478 1307 ministraretur
3510 1251 3583 1311 ei,

2019 1350 2113 1404 sed
2149 1358 2204 1401 ut
2239 1349 2601 1410 ministraret,
2641 1356 2695 1401 et
2727 1347 2883 1401 daret
2914 1346 3148 1399 animam
3187 1359 3338 1397 suam
3374 1343 3585 1394 redem—

2019 1443 2260 1509 ptionem
2289 1455 2385 1509 pro
2415 1440 2623 1493 multis.
2661 1437 2830 1510 [cxvr,
2861 1436 2941 1507 2.]
2983 1439 3047 1491 Et
3081 1435 3309 1489 veniunt
3338 1433 3580 1494 Jericlio,

2024 1543 2080 1584 et
2126 1532 2478 1599 proficiscens
2522 1544 2599 1585 ‘eo
2625 1530 2691 1584 de
2717 1529 2958 1594 Jericho,
2989 1538 3044 1580 et
3077 1526 3325 1594 discipuli
3360 1526 3501 1593 cjns,
3533 1533 3585 1576 et

2022 1622 2255 1690 plurima
2315 1621 2685 1686 multitudine,
2738 1621 2880 1673 ﬁlius
2905 1618 3094 1671 Timaei
3130 1617 3453 1670 Bartimaeus
3483 1631 3587 1668 ca:-

353 1717 406 1757 e:
442 1708 586 1771 veni,
639 1722 870 1778 sequere
898 1726 1005 1766 me.
1053 1712 1185 1783 [etx,
1230 1715 1310 1785 2.]
1344 1716 1442 1781 Qui
1479 1720 1832 1773 contristatus
1864 1720 1917 1774 in

2021 1723 2140 1772 ens,
2173 1710 2394 1762 sedebat
2435 1710 2587 1779 juxta
2641 1711 2783 1762 viam
2832 1708 3168 1763 mendicans.
3205 1706 3455 1770 Quicum
3488 1718 3587 1756 an-

356 1796 544 1860 terbo,
594 1798 744 1862 abiit,
796 1816 1074 1855 mmrens:
1109 1814 1226 1856 erat
1268 1807 1410 1857 enim
1464 1806 1671 1861 habens
1720 1809 1917 1863 multas

354 1890 754 1951 possessiones.
790 1890 854 1943 Et
885 1892 1333 1961 circumspiciens
1359 1895 1536 1962 Jesus,
1571 1876 1646 1951 ai‘t
1675 1898 1918 1966 discipu-

354 1978 417 2029 lis
445 1979 599 2032 suis:
652 1981 823 2045 Quam
877 1982 1093 2037 difﬁcile
1128 1987 1218 2052 qui
1265 1988 1527 2054 pecunias
1582 1989 1805 2053 habent,
1864 1991 1914 2043 in

351 2085 575 2139 regnum
618 2072 707 2124 Dei
744 2074 1092 2128 mtroibnntl
1130 2077 1381 2145 Discipuli
1446 2089 1626 2132 autem
1655 2081 1918 2149 obstupe-

292 2214 305 2221 δέ
352 2162 582 2215 scebant
620 2162 673 2214 in
706 2163 887 2217 verbis
925 2165 1063 2233 ejus.
1090 2168 1157 2220 At
1186 2168 1339 2222 Jesus
1366 2186 1554 2223 rursus
1581 2172 1917 2239 respondens

351 2256 425 2302 ait
464 2254 610 2309 illis:
652 2253 851 2319 Filioli,
880 2272 1042 2324 quam
1075 2258 1292 2313 diﬂicile
1335 2273 1441 2324 est,
1478 2263 1819 2317 confidentes
1859 2264 1915 2316 in

352 2344 613 2409 pectiniis,
648 2344 701 2397 in
740 2361 963 2415 regnum
1009 2348 1102 2402 Dei
1135 2346 1394 2404 introire!
1440 2352 1678 2407 Facilius
1717 2367 1798 2408 est
1824 2372 1915 2408 ca-

350 2433 551 2487 tnelum
588 2449 683 2502 per
716 2434 963 2491 foramen
1005 2444 1159 2507 acus,"
1192 2447 1448 2506 transire,
1499 2460 1661 2512 quam
1691 2446 1911 2499 divitem

350 2524 555 2577 intrare
582 2527 633 2577 in
666 2540 891 2594 regnum
925 2529 1039 2582 Dei.
1064 2529 1167 2594 Qui
1192 2533 1361 2600 magis
1382 2533 1808 2598 admirabantur,
1834 2537 1915 2589 di-

346 2624 533 2667 centes
561 2615 627 2667 ad
677 2620 1001 2686 semetipsos
1035 2634 1049 2672 :
1081 2621 1145 2674 Et
1174 2622 1297 2689 quis
1336 2632 1510 2689 potest
1550 2626 1731 2679 salvus
1762 2626 1916 2679 ﬁeri?

344 2700 414 2757 Et
438 2705 657 2759 intuens
681 2709 802 2762 illos
838 2709 1018 2777 Jesus,
1054 2714 1167 2770 ait:
1202 2715 1355 2782 Apud
1387 2714 1635 2770 homines
1664 2718 1915 2787 impossi-

348 2797 457 2848 bile
502 2807 608 2860 est,
638 2801 731 2852 sed
780 2815 884 2853 non
924 2803 1062 2869 apud
1098 2804 1306 2859 Deum:
1345 2807 1525 2858 omnia
1558 2808 1701 2860 enim
1740 2812 1912 2878 ptiSsi-

349 2892 475 2943 liilia
515 2901 642 2945 sunt
682 2892 826 2959 apud
859 2894 1045 2948 Deum.
1082 2897 1148 2951 Et
1178 2900 1342 2966 coepit
1386 2900 1433 2952 ei
1470 2902 1658 2954 Petrus
1687 2902 1910 2959 dicere:

349 2981 483 3033 Ecce
520 2996 617 3034 nos
674 2982 982 3037 dimisimus
1036 2988 1240 3051 omnia,
1295 2999 1350 3042 et
1403 2992 1576 3044 secuti
1613 3008 1804 3045 sumus
1832 3004 1908 3046 te.

348 3068 457 3139 ίεκ,
499 3069 578 3140 2.]
612 3071 970 3138 Respondens
1010 3074 1189 3140 Jesus,
1223 3079 1334 3131 ait:
1371 3080 1537 3133 Amen
1575 3082 1697 3135 dico
1721 3084 1908 3136 Vobis:

348 3160 518 3213 Nemo
552 3170 658 3226 est,
686 3164 777 3229 qui
828 3164 1114 3229 reliquerit
1150 3168 1395 3229 domum,
1430 3181 1520 3221 aut
1562 3170 1777 3233 fratres,
1819 3184 1912 3222 aut

349 3266 587 3313 sorores,
637 3259 731 3303 aut
779 3261 1007 3320 patrem,
1059 3264 1153 3307 aut
1191 3267 1442 3320 matrem,
1476 3268 1567 3311 ant
1613 3258 1770 3322 filios,
1821 3271 1913 3312 aut

349 3358 533 3409 agros,
565 3352 789 3411 propter
814 3358 922 3408 me,
951 3356 1005 3397 et
1036 3356 1255 3413 propter
1281 3348 1655 3415 Evangelinm,
1686 3351 1777 3417 qui
1804 3366 1910 3404 non

350 3434 585 3501 accipiat
612 3436 818 3489 centies
864 3445 1068 3489 tantum
1112 3438 1341 3491 nuncin
1373 3452 1615 3507 tempore
1651 3441 1775 3503 hoc,
1818 3444 1913 3496 do-

351 3547 488 3597 mos,
523 3540 577 3585 et
608 3532 827 3596 fratres,
859 3541 913 3587 et
943 3548 1183 3600 sorores,
1223 3548 1275 3589 et
1310 3547 1525 3601 matres,
1556 3546 1610 3591 et
1651 3538 1812 3600 filios,
1855 3547 1911 3592 et

350 3637 533 3691 agros,
581 3638 704 3676 cum
754 3625 1249 3690 persecutionibus,
1298 3637 1354 3679 et
1392 3628 1444 3680 in
1497 3627 1695 3683 saeculo
1728 3630 1914 3683 futuro

351 3717 516 3769 vitam
544 3727 844 3770 a-termam.
877 3717 1007 3788 [αι.
1044 3715 1123 3787 2.]
1166 3718 1313 3772 Multi
1348 3730 1529 3774 autem
1558 3733 1719 3774 erunt
1753 3723 1909 3790 primi

352 3807 655 3869 novissimi,
696 3814 749 3861 et
798 3808 1079 3862 novissimi
1116 3811 1295 3878 primi.
1329 3811 1481 3880 [cxn,
1506 3809 1586 3883 2.]
1618 3813 1782 3865 Erant
1812 3827 1912 3865 an-

353 3913 457 3954 tem
492 3901 545 3952 in
591 3900 677 3952 via
728 3900 1093 3956 ascendentes
1136 3901 1602 3973 Hierosolymam:
1631 3914 1685 3957 et
1714 3918 1912 3972 praece-

349 3994 509 4045 debat
540 3992 660 4046 illos
688 3993 868 4058 Jesus,
898 4001 952 4047 et
982 3994 1315 4063 stupebant:
1348 4005 1402 4049 et
1427 4006 1717 4065 sequentes
1757 3997 1915 4051 time-

354 4092 501 4136 nant.
536 4083 603 4137 Et
646 4099 934 4137 assumens
981 4086 1179 4138 iterum
1229 4086 1539 4150 duodecim,
1594 4086 1763 4154 C(I’pil
1807 4087 1912 4142 illis

352 4176 534 4228 dicere
577 4191 697 4243 qua:
724 4186 908 4229 essent
944 4177 994 4230 ei
1033 4186 1335 4231 eventura:
1380 4177 1513 4243 Quia
1564 4193 1692 4232 ecce
1725 4195 1915 4234 ascen-

352 4264 1006 4333 dimusHierosolymam,
1065 4275 1121 4320 et
1168 4266 1339 4320 Filius
1386 4268 1625 4322 hominis
1668 4268 1913 4322 tradetur

2020 1800 2191 1853 disset
2218 1800 2347 1868 quia
2378 1799 2536 1853 Jesus
2566 1798 2893 1853 Nazarmnus
2923 1809 3026 1860 est,
3050 1799 3217 1865 coepit
3245 1799 3507 1857 clamare,
3538 1803 3589 1846 et

2019 1890 2242 1945 dicere:
2276 1890 2429 1952 Jesu,
2453 1890 2541 1944 ‘iili
2572 1889 2763 1952 David,
2799 1890 3063 1942 miserere
3097 1890 3220 1942 mei.
3250 1888 3316 1941 Et
3354 1887 3589 1940 commi-

2019 1981 2293 2033 nabantur
2316 1980 2365 2034 ei
2403 1978 2581 2042 multi,
2623 1986 2681 2031 ut
2712 1987 2941 2033 taceret.
2970 1979 3037 2032 At
3071 1978 3160 2030 ille
3206 1977 3379 2030 multo
3411 1977 3589 2041 magis

2017 2073 2326 2127 clamabat:
2382 2070 2481 2124 Fili
2514 2070 2708 2132 David,
2747 2072 3008 2125 miserere
3049 2071 3175 2123 mei.
3212 2069 3275 2121 Et
3314 2080 3465 2122 stans
3504 2066 3590 2120 Je-

2019 2180 2114 2216 sus
2144 2163 2402 2231 prmeepit
2434 2161 2584 2214 illum
2613 2160 2821 2214 vocari.
2846 2160 2912 2214 Et
2949 2170 3145 2214 vocant
3174 2175 3377 2212 caecum
3404 2158 3591 2212 dicen-

2018 2264 2101 2309 tes
2124 2256 2173 2307 ei
2201 2268 2217 2306 :
2266 2252 2637 2321 Animrequior
2658 2259 2776 2304 esto
2805 2269 2818 2305 :
2846 2265 3027 2320 surge,
3057 2261 3210 2304 vocat
3234 2261 3307 2304 te.
3331 2251 3431 2315 Qui
3466 2266 3591 2317 pro-

2014 2344 2160 2413 jecto
2194 2345 2521 2398 vestimento
2569 2359 2671 2398 suo
2720 2344 2999 2409 exsiliens,
3036 2345 3186 2399 venit
3235 2343 3301 2397 ad
3337 2359 3487 2396 eum.
3526 2342 3591 2395 Et

2018 2437 2357 2504 reapondens
2397 2435 2556 2489 Jesus
2588 2434 2725 2489 dixit
2758 2436 2836 2489 illi
2872 2453 2886 2489 :
2922 2435 3061 2501 Quid
3098 2436 3194 2489 tibi
3229 2435 3311 2488 vis
3356 2435 3590 2488 faciam?

2017 2527 2205 2581 Caecus
2247 2535 2429 2581 autem
2458 2526 2597 2580 dixit
2628 2529 2704 2594 ei,
2756 2525 3031 2592 Rabboni,
3074 2537 3133 2580 ut
3165 2526 3396 2581 videant.
3427 2526 3587 2580 Jesus

2016 2630 2197 2673 autem
2221 2623 2295 2672 ait
2324 2620 2397 2672 illi
2429 2635 2444 2672 :
2478 2619 2647 2683 Vade,
2682 2618 2815 2673 ﬁdes
2870 2628 2960 2672 tua
2993 2627 3045 2674 te
3095 2619 3302 2672 salvum
3336 2617 3491 2673 fecit.
3523 2617 3590 2671 Et

2019 2709 2308 2763 confestim
2354 2709 2510 2773 vidit,
2539 2719 2595 2764 et
2652 2710 2984 2778 sequebatur
3015 2724 3137 2762 eum
3178 2710 3229 2762 in
3263 2709 3372 2761 via.

2087 2800 2244 2871 [Cap.
2265 2799 2354 2854 XI.
2383 2801 2641 2872 cxvtt,2.]
2678 2802 2742 2855 Et
2771 2817 2894 2855 cum
2919 2802 3423 2871 appropinquarent
3457 2801 3586 2855 Ilie-

2019 2895 2304 2964 rosolyiuze
2330 2905 2385 2948 et
2424 2894 2701 2948 Bethania:
2751 2895 2817 2948 ad
2856 2907 3093 2948 montem
3131 2894 3433 2953 Olivarum.
3467 2897 3589 2948 mit—

2023 2986 2085 3037 tit
2115 2985 2252 3039 duos
2281 3002 2345 3039 ex
2379 2986 2666 3056 discipulis
2713 2987 2850 3051 suis,
2893 2995 2949 3041 et
2972 2989 3045 3040 ait
3074 2987 3181 3040 illis
3234 3002 3248 3041 :
3302 2985 3379 3041 Ite
3417 2988 3471 3040 in
3499 3003 3589 3042 ea-

2023 3078 2239 3130 stellum
2287 3078 2430 3145 quod
2466 3084 2657 3131 contra
2688 3092 2787 3130 vos
2812 3086 2915 3141 est,
2948 3088 3002 3131 et
3033 3078 3214 3131 statim
3241 3078 3587 3132 introeuntes

2021 3168 2171 3233 illuc,
2216 3168 2507 3222 invenietis
2561 3169 2766 3237 pullum
2806 3169 3051 3238 ligatum,
3096 3184 3259 3237 super
3292 3184 3455 3238 quem
3494 3186 3587 3224 nc-

2019 3276 2107 3314 mo
2135 3261 2315 3313 adhuc
2347 3259 2629 3312 hominum
2662 3259 2845 3313 sedit:
2888 3260 3081 3314 solvite
3114 3261 3287 3323 illum,
3320 3272 3374 3314 et
3408 3262 3585 3314 addu-

2019 3352 2148 3404 cite.
2196 3350 2260 3403 Et
2293 3350 2335 3404 si
2366 3350 2487 3419 quis
2505 3350 2659 3403 vobis
2703 3350 2901 3404 dixerit
2929 3368 2942 3405 :
2971 3350 3109 3417 Quid
3147 3352 3361 3406 facitis?
3392 3353 3584 3415 dicite,

2016 3444 2143 3512 quia
2186 3441 2416 3496 Domino
2452 3442 2795 3497 necessarius
2841 3451 2966 3499 est:
3010 3452 3064 3497 et
3113 3444 3379 3497 continuo
3426 3444 3582 3510 illum

2016 3533 2255 3586 dimittet
2288 3533 2416 3586 hnc.
2466 3532 2674 3603 [cxvnt,
2705 3531 2789 3603 2.]
2843 3530 2909 3586 Et
2962 3526 3223 3588 abeuntes
3254 3535 3586 3588 invenerunt

2015 3625 2221 3694 pullum
2253 3624 2478 3692 ligatum
2514 3624 2875 3691 antejanuam
2904 3624 3039 3679 foris
3062 3624 3116 3678 in
3149 3625 3338 3679 bivio:
3373 3636 3428 3680 et
3468 3630 3583 3679 sol-

2015 3729 2151 3772 vunt
2178 3732 2328 3772 enm.
2367 3718 2431 3772 Et
2454 3718 2676 3787 quidam
2703 3718 2770 3773 de
2796 3719 2907 3774 illic
2937 3720 3209 3774 stantibus
3228 3720 3493 3775 dieehant
3523 3722 3584 3775 il-

2013 3807 2125 3863 lis:
2163 3806 2303 3872 Qnid
2347 3807 2527 3861 facitis
2581 3807 2856 3862 solventes
2882 3809 3125 3877 pullum?
3163 3810 3265 3875 Qui
3326 3813 3581 3865 dixerunt

2015 3897 2094 3950 eis
2123 3897 2266 3951 sicut
2312 3906 2645 3966 praeceperat
2674 3898 2783 3953 illis
2832 3897 3010 3966 Jesus,
3043 3909 3099 3955 et
3127 3902 3454 3957 dimiserunt
3480 3906 3579 3957 eis.

2014 3986 2084 4042 Et
2122 3986 2397 4042 duxerunt
2444 3987 2654 4057 pullum
2697 3989 2765 4042 ad
2814 3988 3042 4046 Jesum:
3085 4003 3140 4046 et
3180 3993 3470 4062 imponunt
3505 3996 3580 4048 illi

2017 4081 2341 4135 vestimenta
2392 4095 2513 4144 sua,
2564 4090 2620 4135 et
2649 4082 2791 4135 sedit
2817 4096 2985 4151 super
3030 4099 3177 4137 eum.
3215 4086 3367 4139 Multi
3395 4098 3581 4140 autem

2016 4173 2341 4227 vestimenta
2368 4188 2463 4227 sua
2490 4182 2802 4228 straverunt
2839 4173 2894 4229 in
2932 4176 3020 4229 via
3048 4194 3062 4231 :
3101 4177 3189 4231 alii
3219 4188 3401 4231 autem
3434 4178 3583 4232 fron—

2015 4263 2113 4319 des
2158 4263 2437 4319 cazdebant
2471 4263 2540 4318 de
2580 4264 2892 4332 arboribus,
2928 4276 2980 4321 et
3029 4270 3349 4323 sternebant
3380 4270 3430 4321 in
3474 4270 3581 4322 via.

351 4357 688 4427 principibus
720 4359 1089 4423 sacerdotum,
1125 4368 1180 4413 et
1219 4360 1445 4421 Scribis,
1479 4370 1532 4413 et
1570 4360 1905 4427 senioribus,

2019 4352 2288 4425 [extx,l.]
2338 4354 2405 4408 Et
2464 4355 2557 4423 qui
2613 4356 2895 4425 prmibant,
2952 4366 3006 4411 et
3054 4358 3146 4426 qui
3188 4360 3581 4425 sequebantur,

350 4462 403 4501 et
444 4450 783 4504 damnabunt
818 4458 939 4505 e’nm
993 4460 1188 4517 morte,
1232 4460 1286 4504 et
1323 4452 1537 4505 tradent
1568 4468 1690 4506 eum
1736 4453 1910 4520 genti-

330 4544 487 4596 .lius:
520 4551 575 4595 et
628 4542 858 4595 illudent
885 4542 958 4606 ei,
986 4550 1042 4595 et
1080 4553 1385 4610 conspnent
1414 4557 1561 4607 eum,
1595 4554 1647 4596 et
1677 4543 1914 4613 ﬂagella-

350 4636 483 4687 bant
512 4650 655 4696 ettnt,
686 4646 740 4687 et
775 4634 1105 4687 interﬁeient
1134 4649 1258 4687 eum
1291 4649 1308 4689 :
1338 4644 1392 4688 et
1424 4636 1583 4687 tertia
1609 4633 1697 4687 die
1728 4650 1913 4687 resur-

350 4735 457 4791 get.
490 4723 665 4794 [cxm,
734 4724 815 4793 6.]
852 4723 916 4776 Et
950 4724 1219 4775 accedunt
1262 4725 1325 4775 ad
1380 4739 1503 4775 eum
1569 4724 1808 4776 Jacobns
1860 4732 1913 4777 et

327 4792 586 4872 {Joannes
618 4816 712 4870 lilii
744 4792 1011 4879 zebedtei,
1034 4814 1313 4869 dicentes:
1340 4814 1613 4884 Magister,
1640 4817 1909 4879 volumus,

350 4923 405 4962 ttt
433 4909 794 4978 quodcunque
826 4908 1165 4970 petierimus,
1202 4907 1370 4958 facias
1392 4909 1567 4960 nobis.
1600 4907 1667 4959 At
1712 4908 1799 4961 ille
1832 4908 1915 4961 di-

348 5004 423 5056 λιι
458 5002 575 5055 eis:
607 5000 745 5065 Quid
766 4999 951 5063 vultis,
982 5014 1037 5053 ut
1064 5000 1255 5053 faciam
1290 5001 1440 5052 vobis
1467 5002 1489 5053 ἲ
1528 5009 1585 5054 et
1614 5000 1910 5055 dixerunt:

351 5097 425 5146 Da
462 5093 646 5155 nobis,
684 5101 741 5145 ut
783 5107 925 5144 unus
960 5090 1025 5142 ad
1059 5092 1337 5143 dexteram
1375 5101 1547 5156 tuam,
1587 5102 1640 5144 et
1676 5093 1815 5144 alius
1846 5090 1909 5143 ad

344 5184 627 5236 sinistram
668 5192 839 5245 tuam,
882 5178 1173 5234 sedeamus
1206 5182 1257 5232 in
1292 5181 1461 5248 gloria
1490 5193 1600 5234 tua.
1627 5181 1784 5235 Jesus
1816 5198 1914 5234 ιιιι⁴

349 5287 455 5328 tem
489 5275 564 5326 ait
602 5274 722 5327 eis:
762 5272 994 5326 Nescitis
1015 5272 1147 5341 quid
1180 5274 1416 5341 petatis:
1455 5273 1682 5341 potestis
1722 5273 1914 5328 bibere

345 5368 596 5429 calicem,
632 5380 792 5434 quem
826 5379 928 5433 ego
981 5365 1150 5419 bibo:
1186 5373 1281 5417 attt
1332 5364 1622 5432 baptismo,
1673 5380 1782 5433 quo
1814 5382 1914 5433 ego

346 5454 613 5523 baptizor,
650 5454 959 5524 baptizari?
988 5456 1054 5506 At
1093 5455 1170 5508 illi
1198 5454 1454 5508 dixerunt
1489 5455 1537 5507 ei
1570 5470 1583 5509 :
1624 5456 1916 5509 Possumus

346 5548 505 5602 Jesus
538 5558 718 5602 autem
765 5550 840 5603 ait
887 5550 1005 5603 eis:
1039 5548 1276 5603 Calicem
1320 5547 1561 5612 quidem,
1614 5563 1775 5615 quem
1816 5564 1916 5616 ego

349 5642 498 5706 bibo,
521 5642 756 5707 iiibetis;
787 5650 840 5696 et
863 5642 1152 5710 baptismo,
1178 5657 1405 5711 qnnegu
1438 5639 1702 5708 baptizor,
1734 5640 1913 5709 bapti-

2014 4444 2342 4509 clamabant,
2369 4443 2614 4499 dicentes
2643 4459 2659 4499 :
2687 4445 2977 4500 Hosanna:
3014 4446 3340 4501 Benedictus
3363 4451 3457 4517 qui
3494 4465 3586 4502 ve-

2015 4538 2097 4589 nit
2154 4535 2205 4587 in
2260 4534 2483 4588 nomine
2550 4535 2785 4588 Domini.
2834 4536 3186 4590 Benedictum
3228 4540 3373 4608 quod
3431 4541 3586 4593 venit

2015 4640 2240 4696 regnum
2277 4630 2445 4695 patris
2484 4627 2655 4681 nostri
2696 4627 2865 4681 David
2904 4646 2921 4681 :
2958 4628 3207 4682 llosanna
3236 4632 3287 4683 in
3324 4632 3582 4687 excelsis.

2017 4715 2162 4789 [cxx,
2196 4717 2278 4790 6.]
2326 4718 2391 4770 Et
2434 4718 2677 4772 introivit
2706 4718 3137 4791 Hierosolymam
3184 4724 3234 4775 in
3273 4724 3584 4792 templum:

2020 4824 2074 4864 et
2119 4812 2538 4879 circumspectis
2592 4812 2866 4876 omnibus,
2896 4828 3017 4866 cum
3046 4814 3153 4881 jaui
3184 4830 3409 4883 vespera
3435 4828 3587 4871 esset

2019 4903 2175 4969 hora,
2233 4904 2369 4956 exiit
2415 4902 2467 4955 in
2510 4903 2828 4957 Bethaniam
2878 4920 3001 4959 eum
3043 4907 3351 4960 duodecim.
3380 4908 3445 4961 Et
3479 4911 3586 4963 alia

2017 4996 2106 5048 die
2144 5009 2265 5048 cum
2300 4994 2517 5047 exirent
2566 5009 2596 5047 a
2630 4994 2919 5060 Bethania,
2966 4998 3178 5049 esuriit.
3225 4997 3473 5067 Cumque
3507 5005 3589 5052 vi-

2019 5087 2191 5141 disset
2233 5103 2260 5139 a
2293 5086 2451 5154 longe
2481 5086 2641 5140 ticum
2672 5085 2963 5139 habentem
2996 5086 3147 5151 folia,
3187 5092 3333 5142 venit
3372 5091 3413 5143 si
3448 5090 3583 5159 quid

2018 5178 2157 5231 forte
2192 5178 2461 5231 inveniret
2491 5177 2547 5231 in
2578 5193 2663 5231 ea.
2692 5178 2756 5231 Et
2796 5194 2920 5231 cum
2961 5181 3201 5234 venisset
3228 5182 3294 5234 ad
3328 5199 3471 5246 eam,
3501 5186 3588 5235 ni-

2018 5270 2093 5323 hil
2122 5271 2327 5324 invenit
2360 5281 2558 5338 pra‘ter
2606 5269 2737 5324 folia
2804 5286 2911 5324 non
2948 5271 3093 5325 enim
3126 5284 3246 5326 erat
3280 5283 3494 5344 tempus
3530 5277 3591 5327 ti-

2016 5379 2226 5420 cornm.
2272 5364 2335 5415 Et
2374 5363 2714 5432 respondens
2753 5362 2894 5417 dixit
2922 5365 2972 5418 ei
3008 5379 3025 5420 :
3062 5365 3180 5421 Jam
3211 5382 3319 5418 non
3345 5370 3586 5434 amplius

2018 5456 2071 5509 in
2105 5466 2367 5509 :eternum
2396 5470 2461 5508 ex
2488 5465 2539 5509 te
2588 5455 2826 5510 fructum
2857 5458 3144 5527 quisquam
3180 5459 3489 5513 manducet.
3524 5459 3587 5512 Et

2016 5549 2308 5601 audiebant
2341 5546 2595 5618 discipuli
2635 5549 2770 5617 ejus.
2804 5546 2976 5623 [cun
3031 5548 3108 5620 1.]
3145 5550 3209 5603 Et
3251 5550 3404 5604 venit
3450 5550 3587 5604 llic-

2020 5638 2367 5709 rosolytnam.
2422 5648 2476 5695 et
2515 5655 2639 5694 cum
2692 5640 2967 5697 introisset
3012 5642 3063 5695 in
3098 5641 3380 5711 templum,
3410 5641 3582 5709 coepit
