3880 6168
224 239 312 299 633
1244 245 1747 306 EVANGELIUM
1782 245 1941 308 SEC.
1979 249 2321 310 MARCUM.

3305 250 3414 312 635

220 352 386 420 ejicere
409 349 725 414 vendentes,
751 361 1076 411 clementes
1104 357 1155 410 in
1194 362 1420 428 templo,
1449 371 1498 412 et
1529 377 1743 415 mensas
1776 369 1816 422 Α
1855 365 2189 418 verebuntur
2230 363 2399 417 lilium
2451 378 2652 418 meum.
2696 363 2888 420 Coloni
2927 373 3109 416 autem
3158 364 3415 416 dixerunt

221 439 677 494 nummulariorum
728 453 783 497 et
833 447 1124 502 cathedras
1161 451 1512 506 vendentium
1541 455 1746 508 colum-

219 530 295 582 bas
326 529 526 586 evertit.
554 531 616 584 Et
655 549 758 586 non
805 537 1040 599 sinebat,
1077 547 1135 592 ut
1168 541 1454 609 quisquam
1489 543 1746 596 transfer-

219 629 284 674 ret
329 635 412 670 vas
471 636 566 687 per
626 625 886 692 templum
939 638 1049 681 :et
1102 630 1353 694 docebat,
1404 634 1588 686 dicens
1622 634 1743 688 eis:

216 707 378 762 Nonne
410 709 679 776 scriptum
713 723 796 766 est
820 729 835 769 :
863 715 986 782 quia
1015 717 1209 772 domus
1237 736 1372 783 mea,
1393 721 1588 774 domus
1617 737 1748 775 ora-

217 797 352 848 tionis
388 797 672 850 vocabitur
712 801 965 854 omnibus
1011 805 1424 871 gBJIIIllUS?VOS
1456 817 1634 860 autem
1672 807 1748 861 fc-

214 886 339 937 cistis
367 899 482 938 eam
508 889 822 953 speluncam
856 892 1150 947 latronum.
1181 894 1373 963 (cum.
1409 894 1479 966 I.]
1506 897 1623 960 Quo
1651 913 1748 947 au-

214 975 323 1037 dito,
373 975 650 1045 principes
700 979 1048 1033 sacerdotum
1085 992 1141 1035 et
1172 983 1382 1037 Scrihae
1429 984 1747 1052 qua-rebant

211 1067 451 1131 quomodo
501 1082 626 1119 eum
699 1072 1036 1136 perderent:
1089 1074 1355 1127 timebant
1399 1075 1544 1127 enim
1596 1090 1743 1138 cum,

213 1156 435 1223 quoniam
492 1157 748 1212 universa
803 1162 1377 1216 turba-admirabatur
1426 1179 1591 1232 super
1650 1165 1749 1216 do-

211 1248 353 1299 ctrina
377 1248 514 1317 ejus.
539 1249 744 1317 luxui,
770 1252 881 1322 10.]
905 1253 964 1305 Et
995 1271 1118 1306 cum
1149 1271 1368 1322 vespera
1401 1257 1538 1308 faeta
1581 1266 1746 1318 esset.

213 1338 579 1404 egrediebatur
617 1340 684 1394 de
709 1341 953 1394 civitate.
986 1344 1048 1395 Et
1075 1359 1194 1395 cum
1233 1359 1388 1396 mane
1427 1344 1745 1405 trteusircnl,

212 1431 434 1480 viderunt
519 1432 680 1484 ticum
775 1433 982 1486 aridam
1058 1433 1256 1487 fat-tam
1339 1451 1367 1487 a
1447 1436 1745 1488 radicibus.

211 1522 383 1594 [Cum
411 1520 493 1592 6.]
541 1523 604 1576 Et
636 1524 957 1580 recordatus
1005 1527 1221 1588 Petrus,
1252 1527 1388 1578 dixit
1417 1528 1464 1578 ei
1496 1545 1506 1578 :
1549 1525 1743 1588 Ilahhi,

211 1628 316 1666 ecce
347 1613 502 1675 licus,
557 1615 644 1667 cui
685 1616 1038 1684 maledixisti,
1075 1617 1242 1668 aruit.
1289 1617 1354 1670 Et
1409 1620 1746 1682 respondens

209 1702 339 1758 Jesus
379 1705 450 1758 ait
488 1705 636 1760 illis:
694 1708 899 1761 Habeto
941 1709 1099 1761 fidem
1152 1708 1264 1761 Dei.
1305 1711 1474 1761 Amen
1504 1710 1623 1760 dico
1652 1725 1743 1760 γοα
1779 1703 1818 1758 Β

213 1795 296 1859 bis,
323 1797 439 1863 quia
487 1798 804 1866 quicunque
854 1799 1055 1851 di\(‘l’lt
1085 1799 1212 1852 huic
1254 1801 1420 1850 monti
1459 1813 1474 1852 :
1506 1797 1741 1861 Tollere,

210 1895 254 1937 et
288 1886 496 1939 mittere
539 1889 590 1939 in
628 1904 815 1953 mare;
872 1899 924 1941 et
979 1906 1083 1941 non
1134 1890 1468 1944 haesitaverit
1502 1893 1551 1941 in
1581 1890 1745 1942 corde

211 1991 305 2038 suo,
335 1979 418 2031 sed
449 1978 751 2032 crediderit
781 1981 907 2043 quia
941 1982 1308 2049 quodcunque
1350 1981 1572 2040 dixerit,
1609 1983 1696 2032 Iiat
1724 1997 1739 2043 ;

213 2066 285 2120 list
348 2068 414 2120 ei.
477 2067 660 2138 μην,
713 2069 793 2142 4.]
839 2071 1133 2138 PrOpIerea
1166 2072 1290 2125 dico
1342 2072 1514 2133 vobis.
1563 2071 1746 2124 omnia

127 2195 132 2199 -
211 2173 524 2227 quaecunque
553 2171 777 2214 orantes
800 2164 1004 2230 petitis,
1039 2164 1246 2216 credite
1277 2163 1405 2231 quia
1439 2164 1741 2232 accipietis,

209 2258 254 2303 et
288 2253 536 2306 evenient
569 2254 738 2306 vobis.
774 2251 980 2325 [cxxvr,
1014 2254 1046 2308 6
1076 2253 1096 2325 ]
1151 2255 1216 2309 Et
1245 2272 1370 2309 cum
1416 2256 1634 2312 stabilis
1677 2256 1745 2309 ad

211 2341 467 2406 orandum,
521 2344 782 2399 dimittite
828 2346 872 2399 si
919 2345 1050 2416 quid
1091 2348 1306 2401 habetis
1351 2349 1618 2403 adversus
1647 2350 1748 2402 ali-

207 2445 342 2494 quem
378 2447 392 2485 :
425 2443 486 2485 ut
541 2443 596 2488 et
625 2434 786 2488 Pater
815 2446 998 2490 vester
1035 2437 1128 2507 qui
1161 2437 1216 2491 in
1243 2439 1396 2493 caelis
1426 2448 1530 2503 est,
1561 2440 1746 2494 diruit-

210 2529 273 2572 lat
303 2522 443 2574 vobis
473 2533 697 2590 peccata
737 2534 938 2579 vestra.
975 2527 1130 2591 Quod
1167 2529 1210 2580 si
1244 2543 1338 2583 vos
1373 2543 1480 2584 non
1517 2530 1714 2584 dimise
1743 2565 1747 2571 -

208 2609 342 2663 ritis:
379 2627 473 2664 nec
523 2612 684 2665 Pater
714 2624 917 2676 vester,
973 2615 1065 2683 qui
1099 2617 1151 2669 in
1189 2617 1341 2671 caelis
1371 2629 1474 2682 est,
1508 2617 1748 2672 dimittet

205 2702 340 2756 vobis
379 2714 600 2770 peccata
638 2714 838 2759 vestra.
891 2705 1112 2778 [csxvu,
1147 2707 1228 2780 2.]
1271 2710 1336 2762 Et
1373 2711 1598 2764 veniunt
1627 2691 1747 2764 rur-

205 2808 282 2845 sus
308 2791 756 2865 Hierosolymam.
794 2798 862 2852 Et
893 2815 1016 2853 cum
1049 2801 1354 2856 ambularet
1414 2802 1468 2854 in
1521 2803 1745 2870 templo,

204 2888 444 2940 accedunt
477 2888 548 2940 ad
586 2905 712 2943 eum
743 2895 943 2945 summi
979 2892 1318 2955 sacerdotes,
1353 2903 1407 2945 et
1436 2892 1663 2957 Scribae,
1693 2906 1746 2948 et

203 2979 455 3034 seniores:
486 2990 548 3034 et
571 2981 764 3036 dicunt
799 2984 848 3038 ei
878 3000 891 3037 :
919 2984 973 3038 in
1007 3001 1114 3054 qua
1144 2994 1412 3053 potestate
1439 2987 1552 3041 haec
1573 2986 1748 3042 facis?

202 3077 246 3117 et
271 3073 382 3136 quis
424 3071 579 3125 dedit
608 3073 703 3127 tibi
737 3074 878 3128 hanc
915 3085 1257 3144 potestatem,
1301 3087 1359 3131 ut
1390 3078 1489 3132 ista
1541 3077 1748 3132 facias?

202 3155 339 3214 Jesus
376 3167 954 3234 autemrcspondens,
994 3169 1064 3222 ait
1098 3168 1240 3222 illis:
1274 3169 1624 3240 Iuterrogabo
1655 3187 1750 3225 vos

201 3261 244 3303 el
288 3269 381 3321 ego
433 3272 607 3310 unum
638 3259 886 3321 verbum,
923 3270 980 3314 et
1009 3263 1333 3331 respondete
1371 3264 1500 3316 mihi
1529 3279 1545 3316 :
1579 3273 1635 3318 et
1669 3264 1751 3316 di-

202 3357 301 3396 cam
328 3346 477 3401 vobis
515 3348 570 3400 in
602 3363 709 3417 qua
743 3361 1011 3418 patestate
1041 3352 1155 3407 haec
1187 3353 1403 3408 faciam.
1441 3353 1749 3422 Baptismus

197 3434 417 3505 Joannis,
467 3442 540 3495 de
582 3443 724 3496 cmlo
759 3455 898 3509 erat,
923 3461 991 3499 an
1023 3461 1090 3501 ex
1119 3447 1480 3502 hominibus?
1507 3448 1754 3516 [tt-spon-

202 3531 307 3584 dete
341 3533 492 3588 mihi.
529 3537 604 3590 At
651 3535 729 3590 illi
768 3537 1085 3607 cogitabant
1125 3555 1332 3604 secum,
1366 3541 1650 3595 dicentes:
1691 3539 1747 3595 Si

199 3622 496 3691 dixerimus,
543 3627 614 3681 de
653 3631 812 3690 coelo.
863 3629 1050 3686 dicet:
1086 3629 1265 3696 Quare
1306 3645 1438 3700 ergo
1491 3647 1600 3686 non
1629 3646 1752 3686 cre-

201 3712 391 3768 didislis
422 3717 524 3771 ei?
566 3717 625 3773 Si
657 3719 965 3775 dixerimus
1000 3721 1041 3788 ί,
1101 3737 1169 3776 ex
1205 3723 1543 3789 hominibus,
1587 3724 1749 3778 time-

197 3819 300 3860 Inus
355 3810 643 3877 populum.
710 3810 912 3866 Omnes
957 3798 1103 3868 enim
1155 3813 1432 3869 habebant
1480 3814 1748 3869 Joannem

197 3895 304 3960 quia
335 3911 459 3952 vere
508 3899 778 3969 prapheta
824 3912 990 3956 esset.
1033 3903 1096 3957 Et
1123 3903 1523 3973 respondentes
1554 3902 1748 3958 dicunt

191 3982 299 4038 Jesu
330 4005 344 4040 :
381 3989 694 4047 Nescimus.
760 3991 827 4046 Et
865 3995 1206 4063 respondens
1261 3992 1422 4049 Jesus
1468 3994 1546 4048 ait
1599 3993 1748 4048 illis:

195 4073 360 4144 Neque
379 4095 480 4148 ego
507 4081 634 4136 dico
657 4083 814 4137 vobis
850 4083 904 4137 in
941 4099 1047 4153 qua
1083 4095 1350 4154 potestate
1379 4087 1488 4140 lucc
1521 4082 1740 4138 faciam.

249 4165 400 4239 (Cap.
431 4173 550 4230 XII.
577 4191 805 4242 cxxvtn,
843 4177 924 4248 5.]
953 4178 1022 4232 Et
1047 4179 1216 4248 cmpit
1253 4179 1360 4232 illis
1384 4179 1436 4232 in
1473 4178 1750 4247 parabolis

193 4261 319 4331 loqui
351 4283 366 4321 :
400 4267 628 4323 Vineam
658 4272 956 4338 pastinavit
989 4276 1171 4335 homo,
1195 4280 1248 4326 et
1273 4271 1636 4326 circumdedit
1666 4285 1750 4325 se-

1849 455 1914 507 ad
1961 455 2225 507 invicem:
2278 454 2374 508 llic
2417 465 2500 506 est
2563 455 2774 508 haeres:
2842 456 3042 509 venite.
3101 453 3416 506 occidamus

1847 561 1969 598 cuin
2001 560 2016 600 :
2050 555 2102 596 et
2136 555 2318 597 nostra
2360 547 2464 598 erit
2502 546 2812 598 haereditas.
2855 545 2917 597 Et
2947 546 3416 612 apprehendentes

1847 651 1994 697 cum,
2029 635 2384 688 occiderunt:
2429 645 2480 687 et
2514 636 2790 703 eiecerunt
2826 644 2977 688 extra
3013 636 3248 687 vineam.
3276 633 3413 699 Quid

1847 741 1979 794 ergo
2023 725 2184 778 faciet
2216 725 2472 779 dominus
2507 725 2723 778 vineae?
2755 725 2967 785 Veniet,
2997 735 3053 778 et
3103 724 3291 790 perdet
3322 739 3418 776 co-

1847 815 2040 870 louos:
2082 827 2135 868 et
2161 815 2312 869 dabit
2346 815 2559 867 vincam
2597 814 2734 867 aliis.
2766 815 2875 867 Nec
2916 816 3242 881 scripturam
3273 813 3414 866 hanc

1849 905 2096 974 legistis:
2131 905 2387 972 Lapidem
2419 921 2578 972 quem
2613 905 3414 972 reprohavernnta'dillcantes,

1851 994 1939 1048 hic
1991 995 2166 1046 factus
2193 1003 2274 1046 est
2319 995 2369 1045 in
2408 1005 2568 1061 caput
2613 995 2837 1060 anguli:
2876 997 2913 1043 A
2949 993 3178 1046 Domino
3210 994 3412 1044 factum

1849 1095 1932 1138 est
1992 1085 2157 1144 isttui,
2213 1091 2269 1135 et
2338 1093 2420 1136 est
2489 1085 2736 1137 mirabile
2802 1085 2852 1135 in
2923 1084 3096 1136 oculis
3177 1082 3417 1136 nostris?

1852 1171 2053 1244 [cum
2111 1172 2183 1243 I.]
2229 1163 2297 1226 Et
2337 1174 2653 1237 qumrebant
2688 1188 2812 1225 eum
2859 1182 3079 1232 tenere,
3122 1181 3174 1224 et
3220 1172 3416 1222 timue-

1851 1274 1977 1317 runt
2020 1265 2251 1316 turbant.
2319 1264 2706 1331 Cognovcrunt
2755 1263 2897 1314 enim
2933 1263 3187 1327 quoniam
3224 1261 3288 1313 ad
3319 1276 3414 1313 eos

1850 1354 2164 1424 parabolam
2223 1354 2362 1406 hanc
2405 1353 2622 1404 dixerit.
2680 1352 2743 1404 Et
2776 1353 2965 1405 reliCto
3007 1367 3093 1410 eo,
3138 1353 3409 1402 abierunt.

1854 1443 2038 1515 Icux,
2073 1444 2156 1513 2.1
2187 1445 2250 1495 Et
2297 1444 2520 1495 mittunt
2553 1442 2618 1494 ad
2655 1457 2778 1494 eum
2827 1441 3088 1508 quosdam
3121 1456 3187 1492 ex
3225 1440 3414 1491 l‘hari-

1850 1536 1990 1592 seis.
2026 1545 2076 1586 ct
2107 1534 2448 1593 Ilerodianis,
2485 1543 2544 1584 ut
2570 1547 2696 1584 eum
2723 1540 2981 1598 caperent
3013 1531 3064 1582 in
3099 1530 3282 1582 verbo.
3309 1529 3410 1594 Qui

1852 1630 2134 1680 venientes
2179 1629 2366 1679 dicunt
2396 1627 2478 1678 ei:
2529 1625 2808 1693 Magister,
2840 1624 3048 1676 scimus
3081 1637 3208 1690 quia
3251 1638 3412 1675 verax

1847 1735 1928 1776 es.
1958 1727 2012 1770 et
2057 1733 2161 1770 non
2216 1729 2378 1767 curas
2425 1729 2793 1781 quemquam:
2849 1728 2948 1767 nec
2997 1713 3139 1764 enim
3178 1711 3327 1764 vides
3359 1712 3414 1763 in

1849 1807 1987 1859 facie
2011 1824 2042 1857 ιι
2087 1806 2393 1867 hominum,
2427 1803 2519 1857 scd
2557 1804 2609 1856 in
2647 1805 2874 1856 veritate
2908 1802 3049 1855 viam
3087 1802 3178 1854 Dei
3227 1801 3416 1854 doces.

1846 1895 1999 1947 Licet
2031 1894 2146 1946 dari
2186 1894 2446 1944 tributum
2507 1892 2726 1953 Cmsari,
2775 1905 2956 1942 annon
2988 1889 3277 1942 dabimus?
3310 1888 3412 1952 Qui

1845 1985 2026 2038 sciens
2071 1985 2363 2042 versutiam
2398 1985 2636 2039 illorum.
2686 1984 2734 2033 ai
2773 1981 2877 2033 illis
2905 1999 2918 2034 :
2949 1980 3087 2045 Quid
3130 1997 3212 2032 mc
3241 1990 3416 2032 tenta-

1849 2075 1953 2129 tis?
2007 2075 2197 2128 all‘erte
2240 2075 2370 2127 mihi
2415 2075 2700 2127 denarium
2758 2083 2815 2125 ut
2866 2073 3102 2124 videam.
3131 2072 3200 2125 At
3232 2072 3303 2124 illi
3336 2078 3416 2122 at-

1847 2173 2091 2217 tulerunt
2138 2167 2209 2219 ci.
2249 2166 2314 2219 Et
2363 2167 2437 2217 ait
2469 2165 2616 2218 illis:
2667 2164 2834 2233 Cujus
2863 2173 2944 2217 est
2983 2167 3160 2232 imago
3193 2168 3331 2221 tunc.
3361 2169 3418 2215 et

1847 2256 2174 2324 inscriptio?
2225 2256 2413 2307 dicunt
2445 2257 2493 2308 ei
2525 2271 2538 2308 :
2569 2254 2816 2308 (Σευδειινὶε.
2844 2254 3199 2320 Respondeas
3229 2261 3412 2304 autem

1845 2345 2024 2405 Jesus,
2060 2348 2198 2400 dixit
2253 2347 2391 2399 illis:
2441 2345 2671 2398 Ilcddite
2714 2345 2879 2412 igitur
2911 2357 3032 2412 qua:
3077 2349 3204 2393 sunt
3240 2340 3418 2393 Casa-

1848 2438 1945 2497 ris,
1983 2437 2221 2491 CtBSari:
2259 2446 2314 2490 et
2353 2452 2472 2504 quze
2502 2445 2628 2488 sunt
2662 2436 2776 2495 Dei,
2814 2435 2943 2487 Deo.
2982 2433 3045 2486 Et
3075 2433 3418 2486 mirabantur

1848 2544 2016 2596 super
2045 2543 2133 2580 eo.
2178 2528 2242 2580 Et
2277 2536 2547 2579 venerunt
2595 2527 2660 2578 ad
2708 2540 2832 2578 eum
2867 2524 3172 2586 Sadducaai,
3208 2525 3299 2591 qui
3334 2525 3417 2576 di—

1848 2631 1979 2675 cunt
2017 2619 2476 2674 resurrectionem
2519 2633 2624 2669 non
2684 2632 2804 2669 esse
2855 2635 2869 2668 :
2911 2626 2964 2669 et
3013 2617 3418 2682 interrogabant

1848 2728 1972 2766 eum
1999 2711 2246 2764 dicentes
2276 2725 2290 2760 :
2329 2710 2602 2776 Magister,
2641 2707 2852 2777 Moyses
2883 2707 3038 2758 nobis
3079 2707 3323 2772 scripsit,
3359 2713 3417 2756 ut

1849 2803 1894 2857 si
1919 2803 2074 2869 cujus
2094 2803 2260 2854 frater
2286 2812 2532 2853 mortuus
2571 2799 2755 2855 fuerit.
2788 2808 2843 2850 ct
2866 2797 3134 2850 dimiserit
3168 2811 3415 2856 uxorem,

1849 2906 1900 2947 et
1932 2894 2071 2948 ﬁlios
2103 2910 2210 2945 non
2245 2893 2547 2960 reliquerit,
2574 2891 2806 2958 accipiet
2839 2889 3008 2941 frater
3041 2889 3160 2956 ejus
3187 2902 3411 2938 uxorem

1852 2986 2046 3055 ipsius.
2091 2993 2145 3038 et
2183 2965 2468 3036 resuscitet
2507 2997 2690 3034 semen
2741 2980 2890 3032 fratri
2922 2994 3042 3032 suo.
3077 2977 3294 3044 Septem
3328 2992 3418 3028 er-

1851 3091 1918 3147 go
1973 3079 2169 3130 fratres
2220 3083 2422 3136 erant;
2477 3083 2530 3125 et
2561 3072 2769 3140 primus
2816 3072 3026 3141 accepit
3070 3084 3315 3130 uxorem,
3363 3077 3418 3118 et

1853 3175 2102 3220 mortuus
2130 3175 2235 3230 est,
2268 3181 2375 3218 non
2413 3166 2603 3217 l'tIIClO
2635 3164 2866 3217 semine.
2917 3164 2980 3217 Et
3012 3161 3289 3217 secundus
3329 3174 3416 3216 ac-

1850 3269 1997 3326 cepit
2037 3273 2179 3320 eam,
2214 3266 2269 3310 et
2293 3269 2536 3328 mortuus
2577 3265 2696 3312 est:
2731 3264 2786 3308 et
2819 3271 2921 3307 nec
2963 3257 3062 3307 iste
3094 3255 3313 3324 reliquit
3337 3271 3423 3307 sc-

1850 3365 1998 3402 men.
2037 3350 2101 3402 Et
2135 3348 2328 3401 tertius
2351 3347 2620 3400 similiter.
2650 3346 2712 3398 Et
2743 3357 3072 3412 acceperunt
3103 3360 3223 3398 eam
3265 3346 3420 3397 simi-

1854 3441 1980 3494 liter
2005 3448 2213 3510 septem
2253 3459 2266 3493 :
2294 3448 2349 3492 et
2376 3453 2483 3490 non
2515 3436 2856 3504 reliquerunt
2886 3449 3092 3489 semen.
3114 3434 3422 3488 Novissima

1851 3531 2097 3584 nautium
2155 3529 2409 3583 defuncta
2448 3538 2533 3582 est
2563 3537 2616 3581 et
2648 3529 2868 3581 mulier.
2914 3527 2968 3580 In
3018 3530 3422 3581 resurrectione

1849 3636 1982 3690 ergo
2029 3636 2154 3675 cum
2216 3620 2643 3684 rcsurrexerint,
2697 3619 2857 3687 cujus
2889 3619 2954 3670 de
2997 3619 3081 3670 his
3111 3619 3214 3671 erit
3243 3620 3421 3672 uxor?

1851 3723 2065 3784 septem
2106 3711 2253 3765 enim
2305 3711 2617 3766 habuerunt
2648 3725 2767 3763 eam
2804 3725 3051 3766 uxorem,
3087 3709 3153 3762 Et
3193 3725 3420 3776 respon-

1851 3804 1986 3858 dens
2003 3801 2184 3868 Jesus,
2219 3801 2458 3856 aitillis:
2493 3801 2682 3855 Nonne
2716 3801 2839 3853 ideo
2856 3802 3074 3864 erratis,
3111 3815 3220 3853 non
3243 3805 3422 3853 scien-

1853 3905 1936 3952 tes
1967 3895 2304 3964 Scripturas,
2344 3908 2522 3962 neque
2569 3893 2823 3946 virtutem
2852 3892 2988 3946 Dei?
3026 3891 3163 3944 Cum
3209 3891 3354 3946 enim
3390 3907 3421 3945 a

1851 3977 2084 4042 mortuis
2129 3986 2558 4050 resurrexerint,
2618 4000 2797 4056 neque
2843 3986 3078 4050 nubent,
3109 4002 3287 4055 neque
3315 4001 3422 4038 nu-

1853 4079 2073 4146 bentur,
2105 4080 2196 4133 sed
2223 4087 2352 4133 sunt
2393 4079 2536 4132 sicut
2586 4078 2763 4147 angeli
2797 4077 2850 4130 in
2880 4077 3054 4131 cmlis.
3095 4077 3165 4130 De
3194 4077 3424 4129 mortuis

1852 4182 2032 4226 autem
2068 4187 2188 4226 cum
2240 4180 2544 4241 resurgant,
2589 4185 2696 4222 non
2732 4169 2942 4240 legistis
2975 4171 3024 4223 in
3060 4170 3199 4222 libro
3231 4168 3423 4236 Moysi,

1855 4280 2024 4336 super
2080 4264 2277 4319 rubum
2306 4261 2580 4332 quomodo
2611 4262 2814 4316 dixerit
2842 4263 2915 4317 illi
2949 4263 3112 4325 Deus,
3135 4263 3421 4330 inquiens:

191 4371 321 4423 Ρθιη,
374 4369 431 4414 et
475 4361 618 4416 fodit
652 4364 857 4426 lacum,
903 4372 958 4416 et
997 4364 1286 4418 aedificavit
1314 4364 1531 4426 turrim,
1567 4373 1622 4418 et
1663 4363 1746 4416 Io-
1781 4365 1824 4420 D
1856 4360 1966 4431 Ego
2022 4375 2149 4414 sum
2200 4357 2342 4412 Deus
2377 4358 2674 4422 Abraham,
2718 4368 2769 4413 et
2817 4359 2959 4413 Deus
3003 4361 3173 4423 Isaac,
3202 4369 3252 4411 et
3281 4357 3425 4410 Deus

191 4450 318 4501 cavit
350 4465 470 4504 eam
526 4455 806 4522 agricolis,
853 4465 911 4510 et
953 4469 1177 4524 peregre
1226 4456 1505 4524 profectus
1537 4463 1641 4509 est.
1683 4454 1747 4509 Et

191 4540 321 4593 misit
359 4542 426 4594 ad
458 4543 729 4612 agricolas
759 4543 812 4596 in
845 4553 1092 4612 tempore
1137 4559 1380 4603 servum.
1421 4555 1479 4599 ut
1504 4543 1572 4597 ab
1605 4544 1747 4613 agri-

188 4633 308 4683 colis
349 4636 629 4702 acciperet
674 4635 743 4689 de
779 4636 953 4690 fructu
992 4638 1182 4689 vineze.
1209 4635 1309 4701 Qui
1341 4637 1744 4705 apprehensum

129 4740 152 4752 ·-
188 4735 294 4772 eum
329 4723 680 4788 ceciderunt,
711 4735 767 4778 et
807 4726 1137 4778 dimiserunt
1165 4741 1415 4780 vacuum.
1451 4726 1514 4778 Et
1546 4726 1743 4780 iterum

191 4812 323 4864 misit
373 4815 440 4868 ad
500 4817 623 4870 illos
671 4818 841 4870 alium
881 4834 1143 4873 servum:
1199 4829 1254 4871 et
1295 4819 1450 4872 illum
1480 4821 1533 4872 in
1567 4818 1747 4888 capite

192 4903 624 4975 vulneraverunt,
672 4918 730 4962 et
765 4909 1118 4962 contumeliis
1157 4910 1478 4964 aifecerunt.
1518 4908 1586 4962 Et
1619 4926 1746 4962 rur-

185 5007 292 5044 sum
331 4996 502 5048 alium
559 5000 723 5062 misit,
772 5009 830 5052 et
859 5001 1010 5054 illum
1062 5002 1421 5054 occiderunt:
1483 5013 1537 5055 et
1565 5002 1747 5070 plures

186 5082 345 5139 alios:
399 5091 671 5154 quosdam
721 5091 1014 5155 caedentes,
1059 5092 1198 5145 alios
1241 5106 1374 5145 vero
1407 5093 1746 5147 occidentes.

185 5175 362 5231 Adhuc
411 5196 551 5249 ergo
581 5198 746 5235 unum
790 5183 997 5238 habens
1025 5187 1193 5238 lilium
1231 5186 1613 5240 charissimum
1642 5203 1658 5242 :
1693 5198 1748 5241 et

186 5266 327 5324 illum
373 5275 529 5328 misit
575 5275 640 5328 ad
675 5291 774 5330 eos
813 5279 1198 5341 novissimum,
1242 5278 1468 5332 dicens:
1503 5279 1631 5347 quia
1658 5295 1746 5332 rc-

251 5432 264 5460 ‘
295 5433 446 5489 Unus
477 5435 700 5503 Regina:
728 5449 858 5501 t‘ns.,
905 5437 1167 5502 dicemus;
1207 5446 1318 5490 tum
1356 5437 1548 5507 juncto
1588 5447 1746 5492 vetu-

183 5503 565 5621 ‘Ilizgialtcro,
588 5508 858 5567 timebant.
882 5524 979 5578 pro
1013 5511 1277 5568 linteatus.
1307 5503 1460 5578 juxta
1495 5506 1746 5563 Graecum

210 5588 242 5621 ω
339 5591 489 5621 Dato-

210 5588 304 5638 φοο
339 5591 489 5628 uno.

250 5644 267 5671 ‘
299 5643 354 5697 In
384 5646 692 5702 Martianazi
724 5649 965 5705 editione
992 5661 1111 5706 erat
1137 5649 1375 5722 plurium
1414 5665 1664 5714 numero,
1698 5662 1746 5703 et

1863 4451 2066 4506 Jacobi
2113 4451 2230 4507 Non
2272 4461 2357 4506 est
2413 4453 2557 4506 Deus
2604 4461 2971 4514 mortuorum,
3014 4451 3107 4504 sed
3151 4452 3422 4504 vivorum.

1867 4543 1974 4599 Vos
2012 4559 2142 4614 ergo
2183 4545 2413 4598 multum
2449 4544 2666 4598 erratis.
2712 4543 2913 4616 lcum,
2960 4545 3038 4616 6.]
3080 4544 3143 4597 Et
3195 4545 3429 4598 accessit

1867 4652 2006 4691 unus
2033 4638 2100 4691 de
2127 4637 2356 4701 Scribis,
2389 4637 2480 4706 qui
2507 4637 2754 4691 audierat
2785 4637 2906 4690 illos
2939 4640 3346 4704 conquircntes.
3373 4645 3428 4690 et

1867 4730 2102 4782 videns'
2148 4729 2405 4798 quoniam
2458 4730 2596 4784 bene
2629 4729 2738 4784 illis
2787 4729 3151 4798 responderit,
3189 4728 3426 4781 interro-

1869 4823 2017 4888 gavit
2044 4837 2168 4874 eum
2203 4821 2348 4890 quod
2379 4833 2523 4876 esset
2554 4823 2790 4891 primum
2810 4823 3054 4873 omnium
3088 4823 3428 4874 mandatum.

1863 4912 2026 4967 Jesus
2081 4921 2263 4966 autem
2294 4915 2577 4982 respondit
2622 4913 2710 4967 ei:
2742 4912 2876 4978 Quia
2912 4916 3148 4980 primum
3183 4914 3427 4965 onmium

1859 5006 2178 5059 mandatum
2197 5015 2281 5058 est
2315 5021 2330 5059 :
2363 5006 2525 5068 Audi,
2561 5004 2746 5067 Israel,
2771 5004 3032 5056 Dominus
3058 5003 3200 5057 Deus
3236 5013 3362 5056 tuus
3383 5003 3425 5059 ³.

1862 5095 2003 5150 Deus
2032 5113 2172 5150 unus
2206 5108 2327 5151 est:
2359 5106 2415 5150 et
2443 5096 2637 5165 diliges
2665 5096 2956 5149 Dominum
2991 5094 3158 5149 Deum
3193 5105 3426 5147 tuumex

1861 5199 1974 5243 toto
2011 5189 2176 5243 corde
2226 5198 2343 5254 tuo,
2398 5197 2452 5243 et
2490 5205 2554 5242 ex
2591 5198 2699 5242 tota
2730 5189 2908 5242 anima
2949 5200 3059 5254 tua,
3115 5201 3172 5242 ct
3216 5205 3281 5240 ex
3315 5196 3427 5239 tota

1862 5293 2043 5337 mente
2073 5293 2185 5348 tua,
2210 5293 2264 5337 et
2299 5299 2363 5337 cx
2394 5291 2503 5336 tota
2537 5283 2739 5337 virtute
2771 5292 2882 5334 tua.
2924 5281 3034 5334 Hoc
3070 5289 3150 5332 est
3177 5283 3416 5346 primum

1859 5443 2106 5519 ridentes,
2128 5439 2272 5519 qugd
2306 5450 2360 5519 et
2392 5439 2604 5493 Latinis
2654 5441 2798 5519 aliis,
2825 5449 2878 5490 et
2919 5437 3116 5490 Graecis
3166 5433 3427 5485 mortibus

1858 5514 2035 5573 UD'IS.
2078 5524 2134 5565 et
2159 5513 2306 5564 re'cto
2336 5513 2452 5579 ipso
2507 5527 2692 5563 sctzsnt
2727 5515 3043 5574 relragatur.

1932 5586 1952 5614 ⁸
1977 5582 2028 5633 In
2058 5599 2166 5635 uno
2200 5573 2416 5647 Regina:
2440 5596 2540 5632 ms.
2575 5597 2746 5631 ηυδιεν
2776 5595 2871 5645 pm
2893 5592 3029 5630 Inus,
3055 5573 3422 5647 quetuatlmO-

1861 5655 1988 5708 dum
2027 5666 2079 5706 ct
2114 5643 2290 5707 (Βίωνι
2339 5651 2583 5719 plerique
2625 5643 2838 5704 Codices
2889 5653 3182 5717 pt'.t'lciu..t
3236 5643 3420 5714 ἡμῶν.
