3880 6168
223 260 313 325 €37

1273 266 1781 332 EVANGELIUM
1822 273 1977 337 SEC.
2022 276 2369 341 MARFUM.

3337 282 3443 347 638

278 375 425 447 [Cap.
450 374 747 444 XIV,CLVI,
780 377 857 451 1.]
882 380 1011 435 Erat
1043 391 1222 437 autem
1252 382 1457 439 Pascha
1478 394 1535 440 et
1556 387 1758 455 Azyma
1793 395 1835 449 Α
1869 390 2086 462 [curm
2129 393 2208 465 6]
2241 395 2304 447 Et
2331 395 2535 464 hymno
2568 393 2738 459 dicto,
2803 394 3054 451 exierunt
3087 348 3140 448 in
3195 404 3440 449 montem

216 480 324 536 post
348 467 595 534 biduum,
621 469 807 541 lCLVlI,
842 472 925 543 6.]
948 482 1004 527 et
1026 476 1342 543 quaerebant
1371 480 1566 532 sntnmi
1589 495 1768 534 sacer-

215 563 376 621 dotes,
419 562 720 628 etScriiJw,
773 568 1051 627 quomodo
1096 584 1221 622 eum
1251 570 1377 623 dolo
1401 580 1676 634 tenerent,
1714 582 1770 626 et

213 653 535 737 occiderent.
567 656 823 710 Dicebant
860 669 1044 713 autem
1078 678 1092 716 :
1126 661 1243 715 Non
1292 666 1346 715 in
1373 664 1463 717 die
1505 663 1666 729 t'esto,
1700 680 1768 718 ne

214 741 338 796 forte
368 745 633 799 tumultus
677 747 830 801 ﬁeret
856 749 910 803 in
953 752 1173 819 populo.
1199 750 1405 823 (cum,
1446 752 1523 824 1.]
1552 754 1766 807 Etcum

212 846 345 887 esset
380 835 659 893 Bethania:
693 840 744 893 in
765 841 927 895 domo
957 843 1197 897 Simonis
1221 834 1448 913 leprosi,
1475 853 1531 898 et
1554 860 1769 899 recum-

213 926 394 984 beret;
433 929 580 983 venit
613 933 809 985 mulier
873 934 1082 988 habens
1117 935 1453 989 alabastrum
1502 937 1765 1003 unguenti

214 1014 355 1068 nardi
392 1017 853 1085 spiratipretiosi,
904 1032 958 1077 et
1013 1024 1187 1079 fracto
1238 1025 1536 1085 alabastro,
1575 1024 1769 1080 effudit

215 1120 364 1174 super
402 1112 723 1177 caputeius.
759 1112 924 1168 Erant
952 1124 1132 1171 autem
1158 1117 1384 1185 quidam
1443 1117 1669 1187 indigne
1695 1118 1771 1171 l'e-

215 1208 381 1252 rentes
414 1201 553 1254 intra
578 1205 925 1273 semctipsos,
966 1216 1027 1281 et
1052 1208 1299 1263 dicentes
1334 1225 1347 1261 :
1411 1206 1615 1278 thuid
1648 1222 1771 1276 per-

214 1290 732 1362 ditioistaungueuti
768 1295 906 1351 facta
927 1299 1056 1352 est?
1088 1299 1309 1353 Poterat
1344 1299 1490 1353 enim
1528 1313 1775 1368 unguen-

216 1392 314 1432 tum
353 1382 500 1437 istud
557 1387 855 1440 venundari
886 1384 1195 1457 plusquam
1226 1389 1484 1443 trecentis
1509 1387 1769 1453 denariis,

215 1478 262 1523 ct
287 1470 398 1524 dari
464 1475 822 1542 pauperibus.
878 1477 946 1530 Et
976 1477 1279 1532 fremebant
1326 1479 1379 1532 in
1414 1493 1561 1531 eam.
1612 1476 1772 1532 Jesus

217 1572 379 1613 autem
417 1562 558 1616 dixit
594 1579 609 1618 :
643 1564 816 1619 Sinite
846 1582 988 1631 eam,
1026 1569 1155 1637 quid
1195 1569 1269 1623 illi
1308 1570 1525 1624 molesti
1585 1570 1718 1623 estis
1750 1570 1773 1623 ?

217 1651 406 1705 Bonum
441 1670 584 1723 opus
612 1666 831 1725 operata
861 1669 946 1711 est
977 1659 1028 1712 in
1056 1675 1160 1714 me.
1212 1659 1441 1729 Semper
1466 1660 1612 1714 enim
1641 1642 1773 1729 pau-

218 1760 360 1812 peres
389 1746 611 1801 habetis
638 1751 941 1818 vobiscum;
971 1762 1171 1806 etcum
1212 1751 1521 1816 volueritis,
1547 1750 1773 1819 potestis

217 1837 313 1889 illis
339 1836 668 1893 benefacere
709 1857 722 1893 :
774 1856 858 1895 me
879 1851 1058 1896 autem
1117 1856 1227 1895 non
1265 1856 1483 1911 semper
1536 1842 1770 1897 habetis.

219 1931 472 2005 [cux,1.]
501 1932 656 1999 Quod
680 1934 869 1989 habuit
901 1936 1038 2002 haec,
1071 1935 1200 1989 fecit
1232 1950 1249 1989 :
1276 1935 1542 2004 praevenit
1566 1950 1774 2003 ungere

216 2039 399 2092 tOI'pllS
452 2040 637 2079 meum
699 2026 751 2079 in
783 2026 1140 2094 sepulturam.
1188 2027 1361 2081 Amen
1406 2027 1531 2095 dico
1568 2026 1770 2081 vobis:

224 2115 536 2184 Ubicunque
583 2118 937 2185 praedicatum
978 2117 1147 2172 fuerit
1204 2118 1565 2189 Evangelium
1624 2118 1773 2173 istud

220 2206 265 2259 in
297 2208 556 2261 universo
592 2208 816 2268 mundo.
852 2218 907 2261 et
940 2207 1085 2276 quod
1116 2208 1250 2262 fecit
1272 2208 1409 2273 ha’c,
1464 2208 1777 2262 narrabitur

221 2298 264 2346 in
294 2298 610 2351 memoriam
637 2297 752 2367 ejus
784 2297 926 2369 [c1.x.
952 2297 1033 2370 2.]
1065 2298 1314 2354 EtJudas
1340 2298 1629 2354 lscariotes
1658 2298 1773 2369 [Αι.

218 2388 543 2461 Scariothes]
572 2406 714 2445 unus
765 2393 831 2445 de
862 2390 1173 2455 duodecim,
1231 2391 1364 2446 abiit
1392 2392 1458 2445 ad
1530 2407 1775 2447 summos

216 2481 541 2546 sacerdows,
566 2491 626 2535 ut
673 2482 929 2551 proderet
961 2498 1084 2537 eum
1141 2483 1275 2537 illis.
1325 2482 1428 2547 Qui
1486 2483 1778 2538 audientes

215 2575 370 2641 gavisi
400 2587 535 2628 sunt
560 2593 574 2628 :
606 2586 660 2630 et
682 2575 1051 2643 promiserunt
1072 2575 1420 2645 eipecuniam
1447 2589 1507 2629 se
1530 2575 1775 2631 daturos.

146 2692 152 2699 -
222 2666 273 2717 lit
296 2668 573 2734 quzerebat
602 2668 876 2736 quomodo
930 2668 1083 2721 illum
1133 2681 1446 2736 opportune
1511 2668 1776 2722 traderet.

220 2761 480 2829 iltprimo
511 2761 601 2815 die
641 2761 971 2830 Azymorum
1012 2760 1230 2830 quando
1280 2760 1488 2815 Pascha
1530 2760 1777 2813 immola-

219 2856 353 2917 hant,
384 2852 579 2906 dicunt
606 2854 656 2906 ei
688 2853 942 2922 discipuli
976 2869 991 2906 :
1032 2852 1152 2917 Quo
1182 2852 1263 2906 vis
1282 2867 1493 2913 eamus,
1527 2858 1583 2905 et
1620 2865 1774 2919 pare-

219 2960 327 2999 mus
374 2944 497 3008 tibi,
530 2953 593 2997 ut
616 2942 912 2997 manduces
943 2943 1147 2996 Pascha
1178 2942 1200 2995 ?
1237 2941 1303 2995 Et
1336 2940 1501 2994 mittit
1539 2940 1674 2993 duos
1708 2954 1775 2991 ex

1870 483 2169 540 Oiivarum.
2202 484 2440 557 [eumn
2474 483 2575 557 4.].
2602 487 2669 539 Et
2718 486 2794 541 ait
2832 486 2912 539 eis
2946 486 3104 541 Jcsus
3160 502 3174 538 :
3237 484 3440 557 Omnes

1871 577 2368 632 scandalizabimini
2397 580 2448 631 in
2475 593 2559 633 me
2587 588 2746 631 nocte
2773 578 2872 632 ista
2900 597 2911 632 :
2939 577 3117 648 [eam
3152 618 3166 639 ,
3198 574 3281 646 6.]
3315 577 3440 643 quia

1871 672 2135 738 scriptum
2165 676 2248 722 est
2277 670 2619 723 :Pcrcutiam
2646 679 2941 735 pastorem,
2970 677 3025 721 et
3052 669 3442 737 diSpt‘t’genlttr

1871 775 2021 813 Oves.
2048 759 2152 813 Sed
2191 770 2476 829 postquam
2498 776 2872 824 resurrexero,
2920 761 3221 827 prtecedam
3259 774 3355 811 vos
3383 759 3437 811 in

1871 850 2167 903 Galila-am.
2194 848 2377 920 [cum
2414 850 2487 922 1.]
2523 851 2712 906 Petrus
2752 864 2932 905 autem
2993 851 3071 904 ait
3102 850 3177 903 illi
3247 866 3263 904 :
3302 849 3365 901 Et
3392 848 3441 901 si

1871 957 2062 997 omnes
2087 942 2436 995 scandalizati
2475 941 2678 995 fuerint
2709 942 2761 995 in
2791 952 2863 1003 te,
2906 940 3001 994 sed
3060 956 3170 993 non
3218 954 3342 1003 ego.
3374 937 3442 991 Et

1874 1032 1947 1085 ait
1976 1032 2048 1084 illi
2096 1030 2260 1086 Jesus
2295 1047 2309 1085 :
2341 1031 2511 1085 Amen
2567 1030 2688 1085 dico
2729 1030 2852 1092 tibi,
2902 1029 3027 1098 quia
3063 1038 3115 1081 tu
3174 1027 3337 1080 hodie
3385 1026 3442 1079 in

1873 1131 2033 1176 nocte
2057 1122 2175 1186 hac,
2212 1124 2529 1191 priusquam
2555 1121 2728 1189 gallus
2753 1135 2946 1173 vocem
2968 1121 3055 1174 bis
3087 1118 3323 1178 dederit,
3358 1126 3442 1171 ter

1875 1231 1961 1268 tne
1993 1230 2053 1269 es
2072 1226 2385 1284 negaturus.
2419 1213 2627 1287 [cum
2664 1213 2741 1285 6.]
2772 1215 2839 1267 At
2872 1214 2961 1267 ille
2988 1211 3226 1280 amplius
3255 1210 3444 1277 loque-

1873 1304 2081 1360 batur:
2120 1306 2259 1359 Etsi
2298 1306 2603 1372 Oportuerit
2662 1320 2747 1358 me
2794 1303 2961 1359 simul
3007 1300 3269 1356 commori
3321 1299 3442 1365 tibi,

1875 1410 1985 1448 non
2021 1405 2071 1447 te
2106 1395 2335 1464 negabo.
2360 1396 2625 1449 Similiter
2652 1405 2833 1448 autem
2865 1403 2921 1447 et
2949 1408 3140 1445 omnes
3166 1390 3441 1445 dicebant.

1878 1482 2104 1554 (auxit,
2171 1485 2244 1555 1.]
2296 1485 2357 1538 Et
2404 1486 2636 1538 veniunt
2667 1486 2721 1539 in
2780 1483 3065 1553 prtedium,
3111 1482 3197 1535 cui
3245 1495 3445 1534 nomen

1875 1575 2245 1630 Ccthsemani.
2295 1574 2533 1646 lcum",
2595 1574 2675 1647 6.]
2732 1576 2798 1629 Et
2823 1576 2899 1627 ait
2946 1571 3227 1636 discipulis
3268 1571 3383 1624 suis
3425 1588 3439 1624 :

1877 1666 2059 1720 sedete
2116 1667 2204 1719 hic
2271 1668 2446 1720 donec
2475 1683 2661 1721 orem.
2691 1666 2754 1720 Et
2816 1665 3046 1719 assumit
3096 1663 3342 1724 Petrum,
3391 1671 3448 1716 et

1874 1756 2155 1820 Jacobum,
2186 1767 2240 1809 et
2266 1756 2531 1812 Joannem
2557 1772 2742 1812 secum
2782 1773 2799 1813 :
2827 1767 2881 1810 et
2909 1754 3078 1823 coepit
3118 1768 3343 1823 pavere,
3392 1764 3448 1807 et

1877 1847 2099 1902 taedere.
2152 1846 2385 1918 [cuxm
2419 1846 2499 1918 4.]
2548 1849 2615 1902 Et
2638 1845 3097 1901 aitillisz'l‘ristis
3144 1853 3228 1900 est
3266 1844 3447 1898 anima

1874 1955 1993 1993 mea
2048 1955 2217 2006 usque
2251 1939 2315 1991 ad
2382 1954 2671 1993 mortem:
2733 1940 3001 1995 sustinete
3070 1939 3181 2004 hic,
3227 1946 3281 1991 et
3306 1934 3446 2003 vigi-

1874 2029 2000 2082 late.
2060 2027 2273 2100 [cum
2329 2027 2406 2099 1.]
2466 2029 2529 2082 Et
2578 2044 2701 2082 cum
2736 2030 3093 2098 processisset
3141 2024 3445 2095 paululum,

1876 2122 2115 2190 procidit
2169 2136 2333 2189 super
2398 2130 2639 2177 terrain:
2709 2133 2766 2175 et
2819 2121 3034 2184 orabat,
3108 2129 3167 2171 ut
3223 2117 3268 2170 si
3329 2113 3447 2168 ﬁeri

1875 2225 2075 2281 posset.
2108 2215 2364 2268 transiret
2388 2213 2456 2268 ab
2485 2230 2552 2268 eo
2583 2215 2738 2269 hora.
2780 2215 2844 2267 Et
2872 2212 3007 2267 dixit
3042 2228 3057 2265 :
3110 2208 3287 2272 Abba.
3348 2220 3446 2275 Pa‘

1880 2314 1987 2367 ter,
2012 2306 2195 2359 omnia
2216 2306 2309 2360 tibi
2326 2306 2604 2375 possibilia
2624 2314 2772 2373 sunt,
2798 2304 3033 2358 transfer
3050 2302 3277 2356 calicem
3298 2298 3447 2351 hunc

1879 2412 1906 2449 a
1938 2396 2294 2469 itte.]cr.xxvn,
2326 2396 2403 2469 1.]
2428 2397 2524 2451 sed
2566 2412 2672 2451 non
2705 2396 2849 2465 quod
2877 2409 2975 2463 ego
3006 2393 3152 2456 volo,
3185 2389 3278 2445 sed
3303 2386 3445 2457 quod

1879 2500 1956 2544 tu.
1987 2490 2050 2543 Et
2083 2490 2253 2552 venit,
2278 2500 2332 2544 et
2359 2488 2568 2542 invenit
2587 2487 3054 2541 eosdormientes.
3074 2483 3334 2556 [cutth
3361 2477 3445 2550 2.]

1880 2583 1941 2635 Et
1965 2584 2039 2635 ait
2062 2583 2251 2636 Petro:
2280 2582 2486 2643 Simon,
2513 2580 2762 2634 dormis?
2794 2596 2898 2632 :ion
2920 2577 3141 2648 potuisti
3179 2589 3285 2628 una
3314 2575 3444 2626 hora

1880 2671 2143 2739 vigilare?
2166 2671 2405 2738 vigilate,
2425 2679 2481 2722 et
2503 2681 2677 2731 orate,
2702 2677 2762 2720 ut
2792 2683 2898 2719 non
2941 2666 3153 2719 intretis
3178 2666 3230 2716 in
3263 2669 3441 2716 tenta-

1880 2760 2102 2814 tiouem.
2127 2759 2406 2830 icuxvin,
2435 2758 2517 2829 4.]
2542 2758 3009 2826 Spiritusquidem
3042 2766 3323 2825 promptus
3340 2761 3442 2815 cst,

1876 2867 2003 2905 caro
2030 2866 2155 2904 vero
2191 2851 2424 2903 inlirma.
2484 2847 2724 2920 [suum
2754 2846 2850 2916 6.]
2910 2848 2975 2900 Et
3027 2849 3222 2900 iterum
3253 2846 3448 2898 abiens

1878 2946 2069 3006 oravit,
2099 2945 2351 2998 eumdem
2378 2959 2684 2998 sermonem
2710 2944 2918 2997 dicens.
2952 2942 3017 2995 Et
3049 2953 3321 2997 reversus.
3348 2936 3445 2990 dc-

215 3038 489 3103 tiiacipulis
514 3036 631 3090 suis
666 3047 718 3087 et
753 3035 888 3089 dicit
917 3035 997 3088 eis
1027 3033 1142 3087 :lte
1172 3033 1228 3086 in
1245 3032 1524 3086 civitatem
1554 3046 1569 3087 :
1600 3042 1652 3084 et
1682 3045 1776 3082 οε·
1803 3060 1842 3115 C
1881 3052 1989 3088 nuo
2019 3036 2225 3088 invenit
2266 3050 2361 3091 eos
2399 3036 2752 3099 dormientes,
2784 3032 3109 3087 erantecint
3162 3030 3307 3084 oculi
3351 3042 3445 3081 eo-

218 3138 392 3181 turret
431 3126 597 3181 vobis
626 3126 791 3180 homo
820 3128 1066 3195 lagenam
1094 3140 1248 3193 aqua:
1284 3125 1553 3195 bajulans,
1591 3123 1775 3190 sequi-

216 3222 335 3272 ltzilli
358 3236 493 3274 eum
534 3235 551 3275 :
586 3229 643 3273 et
668 3232 994 3287 quocunque
1032 3217 1325 3279 introierit,
1353 3215 1516 3269 dicite
1552 3215 1776 3267 domino

216 3313 420 3377 domus,
450 3312 583 3381 quia
612 3310 871 3377 magister
895 3309 1027 3381 dicit
1075 3324 1091 3362 :
1131 3308 1237 3363 Ubi
1262 3314 1346 3361 est
1379 3304 1604 3360 refectio
1632 3320 1775 3368 mea,

218 3405 296 3455 ubi
322 3366 533 3457 Pascha
562 3415 686 3455 cum
702 3366 1010 3469 vdisdpuiis
1042 3398 1180 3452 meis
1213 3397 1534 3451 manducent
1557 3395 1581 3449 ?
1608 3395 1673 3448 Et
1697 3366 1777 3462 ip;

217 3511 269 3548 se
286 3494 442 3549 vobis
461 3491 865 3549 demonstrabit
884 3491 1227 3547 cenaculum
1252 3488 1480 3559 grande,
1502 3498 1729 3541 stratmn
1756 3502 1773 3543 :

214 3601 263 3642 ct
290 3589 397 3642 illic
440 3595 632 3657 parate
655 3585 835 3640 nobis.
869 3584 936 3641 Et
982 3585 1238 3640 abierunt
1265 3580 1519 3647 discipuli
1556 3581 1697 3650 ejus.
1723 3588 1779 3631 et

218 3690 476 3733 venerunt
505 3680 563 3732 in
595 3678 875 3732 civitatem
904 3688 919 3730 :
955 3683 1010 3730 et
1041 3676 1373 3729 invenerunt
1403 3673 1543 3728 sicut
1568 3671 1779 3724 dixerat

216 3774 330 3832 illis,
353 3782 412 3826 et
444 3778 785 3840 paraverunt
818 3768 1046 3822 Pascha.
1088 3766 1260 3837 [cun
1294 3764 1376 3836 4.]
1414 3765 1652 3830 Vespere
1683 3777 1781 3814 au-

218 3871 314 3913 tt-tn
358 3862 535 3928 tacto,
566 3862 717 3916 venit
750 3875 874 3915 cum
908 3858 1221 3913 duodecim.
1262 3857 1334 3911 Et
1380 3852 1779 3911 discumbenti-

216 3950 307 4005 bus
340 3955 448 4018 eis,
478 3962 543 4007 et
598 3950 1076 4015 manducantibus,
1118 3951 1194 4002 ait
1220 3945 1381 4002 Iesus
1407 3964 1423 4001 :
1452 3947 1627 4001 Amen
1660 3946 1782 4002 dico

217 4046 385 4109 vobis,
413 4046 545 4115 quia
574 4060 715 4099 unus
739 4060 805 4099 ex
840 4044 996 4098 vobis
1019 4042 1201 4096 tradet
1232 4056 1342 4105 me,
1370 4040 1463 4110 qni
1486 4040 1782 4094 manducat

215 4153 446 4193 mecum.
490 4136 685 4209 lculi,
726 4134 806 4209 1.]
840 4136 907 4189 At
938 4136 1012 4189 illi
1037 4144 1323 4204 cmperunt
1368 4133 1703 4196 contristari,
1728 4143 1785 4188 et

214 4229 391 4283 dicere
446 4230 500 4283 ei
561 4228 875 4291 singulatim
927 4245 941 4282 :
991 4225 1245 4295 Nunquid
1275 4240 1377 4295 ego
1411 4226 1434 4278 7
1463 4224 1670 4296 [enim
1700 4222 1780 4296 2]

212 4317 308 4383 Qui
332 4321 411 4374 ait
432 4320 549 4375 illis
577 4336 594 4374 :
627 4319 780 4375 Unus
798 4335 866 4373 ex
893 4319 1207 4383 duodecim,
1261 4318 1355 4387 qui
1398 4317 1616 4385 intingit
1667 4331 1784 4371 meo

1879 3143 1993 3178 rum
2021 3129 2252 3192 gravati,
2281 3136 2337 3179 et
2360 3126 2680 3196 ignorabant
2728 3123 2860 3186 quid
2918 3120 3315 3191 responderent
3363 3118 3439 3171 ei.

1877 3218 1943 3271 Et
1965 3219 2115 3271 venit
2154 3219 2335 3283 tertio,
2362 3228 2417 3272 et
2440 3220 2516 3271 ait
2547 3220 2694 3285 illis:
2729 3218 2970 3271 Dormite
3002 3217 3137 3285 jam,
3163 3223 3220 3269 et
3258 3214 3445 3281 requi-

1876 3310 2284 3365 escite.Sutiicit
2310 3327 2325 3365 :
2349 3311 2563 3380 [enim
2589 3309 2670 3380 4.]
2707 3312 2854 3363 venit
2892 3310 3025 3363 hora
3057 3324 3073 3364 :
3107 3323 3235 3362 cccc
3271 3306 3441 3360 Filius

1882 3404 2118 3457 hominis
2160 3405 2480 3458 tradeturin
2538 3419 2733 3458 manus
2790 3410 3156 3471 peccatorum.
3200 3399 3444 3468 Surgite,

1880 3511 2085 3549 camus.
2117 3496 2255 3549 Ecce
2296 3496 2493 3563 qvuime
2535 3494 2913 3563 tradet;prope
2958 3501 3059 3547 est.
3099 3490 3335 3563 [ccum
3368 3488 3446 3557 1.]

1880 3588 1947 3640 Et
1970 3588 2147 3639 adhuc
2180 3601 2246 3638 eo
2284 3587 2562 3655 loquente,
2596 3587 2747 3639 venit
2783 3586 2951 3641 Judas
2987 3585 3275 3639 iscariotes
3335 3580 3445 3652 [ΑΙ.

1881 3675 2155 3747 Scarioth]
2191 3691 2334 3731 unus
2390 3678 2457 3731 de
2503 3678 2815 3739 duodecim,
2873 3686 2930 3730 et
2983 3690 3104 3729 ctnn
3166 3688 3233 3727 eo
3290 3672 3448 3726 turba

1882 3766 2048 3821 multa
2080 3782 2200 3820 cum
2232 3767 2428 3835 gladiis
2457 3777 2512 3820 et
2536 3767 2717 3834 lignis,
2759 3781 2789 3820 a
2810 3766 3040 3819 summis
3061 3763 3443 3818 sacerdotibus

1882 3865 1937 3911 et
2013 3855 2240 3917 Scribis,
2284 3864 2339 3909 et
2392 3857 2735 3911 senioribus.
2787 3854 3049 3926 [cume
3080 3853 3159 3922 2.|
3222 3850 3451 3904 Dederat

1883 3954 2066 4001 autem
2097 3945 2329 3999 traditor
2347 3945 2467 4015 ejus
2490 3945 2703 4014 signum
2724 3945 2828 4008 eis,
2867 3945 3057 3998 dicens
3084 3960 3099 3997 :
3134 3942 3451 4008 Quemcun-

1883 4052 1991 4107 que
2018 4037 2296 4091 osculatus
2317 4035 2496 4103 fuero,
2528 4037 2644 4106 ipse
2675 4047 2781 4099 est,
2832 4043 3012 4089 tenete
3044 4048 3192 4097 eum,
3225 4042 3282 4086 et
3341 4032 3449 4085 du-

1885 4129 1989 4182 cite
2016 4138 2191 4182 caute.
2218 4126 2284 4181 Et
2328 4142 2454 4181 cum
2506 4126 2771 4194 venisset,
2824 4126 3005 4180 statim
3064 4125 3331 4180 accedens
3375 4124 3446 4177 ad

1885 4235 2033 4284 eum,
2061 4219 2137 4273 ait
2170 4221 2323 4274 :Ave
2378 4217 2593 4274 Rabbi:
2627 4230 2684 4273 et
2721 4219 3000 4273 osculatus
3053 4226 3133 4271 est
3180 4232 3326 4271 eum.
3378 4217 3447 4269 At

1887 4312 1964 4367 illi
1996 4327 2189 4367 manus
2214 4312 2523 4381 injecerunt
2546 4311 2601 4364 in
2658 4326 2806 4374 eum,
2835 4320 2891 4365 et
2927 4319 3223 4364 tenuerunt
3288 4321 3448 4362 eum.

216 4426 329 4461 rum
358 4425 591 4463 manum
622 4410 677 4464 in
701 4414 901 4464 catino.
942 4410 1014 4465 Et
1070 4408 1243 4464 Filius
1289 4409 1512 4478 quidem
1544 4407 1782 4463 hominis
1812 4429 1860 4488 ο
1889 4404 2166 4479 [suumn
2206 4401 2283 4477 1.]
2315 4404 2469 4460 Unus
2503 4411 2685 4458 autem
2725 4403 2949 4473 quidam
2984 4403 3053 4457 de
3086 4402 3454 4456 circumstan-

216 4500 375 4563 radit,
409 4504 561 4557 sicut
593 4502 856 4572 scriptum
881 4512 962 4557 est
989 4505 1051 4557 de
1075 4517 1180 4558 eo:
1218 4503 1307 4556 Vae
1335 4511 1517 4556 autem
1572 4500 1780 4554 homini

215 4593 305 4653 illi,
341 4608 440 4660 per
466 4609 633 4658 quem
665 4593 835 4647 Filius
862 4592 1102 4647 hominis
1149 4593 1417 4647 tradetur.
1465 4590 1667 4664 [cum
1701 4588 1783 4661 6.]

216 4684 418 4739 Bonum
446 4698 573 4739 erat
596 4687 667 4749 ei,
690 4687 733 4739 si
761 4702 869 4739 non
900 4696 1046 4740 esset
1071 4695 1230 4739 natus
1264 4686 1429 4739 homo
1458 4686 1571 4738 ille.
1597 4684 1784 4751 lcuv,

216 4775 288 4845 1.]
331 4776 401 4829 Et
437 4776 906 4830 manducantibus
936 4776 1064 4841 illis,
1100 4776 1314 4846 accepit
1348 4778 1508 4830 vaus
1556 4791 1783 4843 panem:

216 4879 258 4918 rt
291 4868 633 4923 benedicens
676 4869 858 4938 fregit,
892 4880 949 4922 et
1000 4866 1149 4921 dedit
1181 4869 1261 4921 eis
1296 4876 1350 4921 et
1382 4866 1455 4921 ait
1491 4883 1506 4923 :
1556 4867 1786 4932 Sumite,

217 4962 311 5011 hoc
339 4970 422 5013 est
452 4974 660 5028 corpus
681 4975 880 5013 meum.
908 4958 1109 5030 [cum
1140 4958 1222 5029 ἰ]
1251 4958 1315 5012 Et
1337 4968 1563 5026 accepto
1591 4960 1787 5022 calice,

218 5053 408 5117 gratias
440 5067 617 5124 agens
635 5052 785 5105 dedit
825 5054 904 5104 eis
937 5068 953 5106 :
980 5066 1034 5106 et
1066 5052 1325 5106 biberunt
1352 5067 1416 5104 ex
1446 5050 1540 5105 illo
1572 5066 1787 5104 omnes.

221 5145 276 5193 Et
301 5144 509 5197 aitillis
538 5159 557 5195 :
582 5142 676 5196 ilic
706 5153 792 5197 est
824 5143 1046 5211 sanguis
1074 5157 1226 5195 meus
1284 5143 1409 5195 novi
1452 5142 1788 5205 testamenti,

220 5233 304 5285 uni
334 5250 430 5300 pro
466 5236 484 5264 ¹
541 5234 729 5287 multis
745 5236 1083 5287 elIundetur.
1108 5234 1280 5286 Amen
1311 5233 1437 5287 dico
1462 5233 1634 5294 vobis,
1661 5233 1791 5302 quia

222 5324 317 5387 iam
362 5340 475 5377 non
507 5324 691 5377 bibam
730 5326 796 5379 de
847 5327 947 5378 hoc
1002 5326 1281 5392 genimiue
1315 5325 1462 5387 vitis,
1531 5338 1703 5391 usque
1735 5322 1790 5376 in

220 5414 359 5467 diem
389 5415 582 5478 iitum,
613 5430 731 5469 cum
762 5416 891 5469 illud
927 5417 1110 5471 bibam
1134 5432 1337 5470 novum
1376 5416 1431 5471 in
1464 5429 1635 5485 regno
1673 5412 1792 5469 Dei.

290 5620 305 5650 ⁸
331 5619 607 5674 Additum
629 5618 679 5671 in
707 5636 813 5675 uno
837 5622 1054 5691 Regina:
1087 5637 1193 5676 ms.
1221 5620 1483 5676 secundis
1509 5621 1659 5675 curis
1692 5636 1790 5684 pro

223 5692 375 5756 vobis,
420 5702 471 5744 et
522 5700 804 5756 oro,cta:.,
860 5690 978 5761 qua:
1030 5694 1194 5747 verba
1236 5692 1451 5747 tametsi
1482 5690 1537 5747 in
1597 5691 1794 5746 Graeco

1890 4494 2586 4564 tibuseducensjgladium,
2639 4495 2911 4564 percussit
2977 4508 3197 4548 servum
3249 4488 3450 4544 summi

1886 4584 2185 4639 sacerdotis
2205 4601 2220 4641 ;
2241 4595 2295 4638 et
2312 4585 2699 4654 amputavitilli
2723 4584 3045 4638 auriculam.
3074 4581 3347 4655 [suum
3376 4580 3457 4655 1.]

1888 4676 2498 4745 Etrespondenslesus.
2515 4676 2591 4729 ait
2614 4676 2725 4729 illis
2773 4692 2788 4728 :
2830 4675 3110 4743 Tanquam
3164 4673 3233 4727 ad
3279 4672 3454 4726 latro-

1887 4785 2011 4823 nem
2035 4768 2222 4824 existis
2263 4784 2386 4823 cum
2408 4768 2604 4837 gladiis
2652 4775 2710 4820 et
2768 4765 2927 4834 lignis
2982 4763 3453 4833 comprehendere

1889 4862 2019 4917 me?
2051 4860 2299 4930 quotidie
2350 4874 2498 4914 eram
2542 4858 2687 4927 apud
2713 4872 2807 4911 vos
2833 4858 2886 4909 in
2916 4857 3119 4925 templo
3151 4856 3379 4916 docens,
3398 4863 3458 4907 et

1890 4969 1997 5007 non
2036 4969 2126 5006 me
2172 4952 2444 5006 tenuistis.
2475 4949 2726 5021 [CLxxxv,
2761 4946 2841 5017 6.]
2872 4948 2979 5001 Sed
3024 4956 3087 5001 ut
3120 4946 3453 5015 impleantur

1893 5044 2207 5113 Scriptura».
2252 5042 2405 5097 Tunc
2433 5041 2829 5111 discipuliejus
2880 5042 3253 5110 relinquentes
3310 5052 3460 5101 eum,

1893 5150 2080 5189 omnes
2122 5135 2394 5203 fugerunt.
2442 5133 2717 5205 [CLxxxVI,
2757 5130 2872 5203 10.]
2908 5133 3236 5187 Adolescens
3278 5138 3461 5181 autem

1895 5226 2113 5295 quidam
2143 5227 2472 5295 sequebatur
2528 5224 2656 5279 eum
2717 5228 2953 5281 amictus
3010 5225 3235 5278 sindone
3292 5234 3465 5287 super

1899 5318 2043 5372 nudo
2073 5334 2089 5373 :
2122 5327 2176 5371 et
2204 5327 2499 5372 tenuerunt
2524 5333 2677 5373 eum.
2710 5320 2777 5371 At
2800 5319 2911 5383 ille,
2947 5318 3145 5383 rejecta
3201 5310 3456 5375 sindone,

1897 5412 2079 5465 nudus
2116 5412 2435 5482 profugitab
2459 5412 2558 5466 eis.
2584 5409 2884 5483 [ausum
2914 5408 2991 5480 1.]
3022 5407 3085 5460 Et
3112 5404 3469 5459 adduxerunt

1898 5615 2193 5684 exemplari
2224 5631 2329 5669 non
2358 5614 2487 5683 sint,
2521 5615 2573 5669 in
2608 5613 2814 5669 Latinis
2845 5622 3023 5667 tamen
3064 5606 3224 5663 libris
3252 5606 3467 5679 passim

1901 5696 2225 5744 ο‹;ςυηύυι.
