3880 6168
190 285 280 349 (iii
1298 287 1440 349 EVA
1453 288 1811 352 NGELIUM
1859 289 2016 351 SEC.
2061 289 2343 352 LUCAM.

3304 288 3418 355 M2

185 399 298 471 quid
327 397 662 467 dereliquisti
691 398 827 452 me?
866 397 1170 468 thuidazu
1220 402 1287 455 de
1333 403 1737 459 circumstanti-
1766 410 1812 467 Α
1844 403 2229 456 monumenti?
2282 401 2347 457 Et
2401 400 2770 471 respicientes
2797 399 3053 456 viderunt
3110 403 3414 457 revolutum

185 493 270 547 bus
290 489 575 545 audientes
591 490 841 545 dicebant
870 506 889 545 :
918 491 1054 546 Ecce
1076 492 1245 547 Eliam
1278 502 1459 550 vocat.
1519 495 1739 568 [ccxxu,

184 583 252 655 2.]
276 584 511 636 Correus
541 590 727 636 autem
757 599 918 649 unus,
944 594 997 638 et
1017 585 1253 654 implens
1276 592 1554 657 spongiam
1578 603 1732 644 aceto

184 679 693 744 circumpouensque
720 678 946 741 calamo,
985 688 1169 745 potum
1204 680 1369 733 dabat
1397 683 1472 744 ei,
1507 682 1696 736 dicens
1726 699 1740 736 :

187 768 361 829 Sinite.
389 768 674 823 videamus
704 769 749 823 si
793 772 974 824 veniat
1028 770 1175 826 Elias
1232 773 1298 826 ad
1356 774 1742 841 deponendum

184 876 309 915 eum.
343 858 586 931 [ιιιῖιχιιι9
618 859 694 931 1.]
718 861 878 916 Jesus
908 872 1111 927 autem,
1148 866 1343 918 emissa
1370 882 1499 920 voce
1530 880 1741 935 magna,

187 952 480 1020 exspiravit.
515 951 751 1021 [ccxxiv,
785 953 866 1022 2.]
903 954 970 1007 Et
1002 955 1178 1008 velum
1246 958 1440 1025 templi
1509 959 1739 1012 scissum

185 1052 253 1096 est
278 1040 329 1093 in
363 1042 475 1095 duo
510 1058 541 1095 a
569 1058 784 1096 suunno
806 1042 916 1114 [Αἰ.
947 1046 1186 1117 sursum]
1240 1063 1409 1116 usque
1458 1048 1739 1102 deorsum.

190 1141 379 1195 (ccxxv,
405 1130 483 1197 2.)
510 1130 715 1185 Vidcns
750 1146 931 1186 autem
960 1134 1257 1197 Centurio,
1279 1138 1367 1202 qui
1401 1155 1465 1190 ex
1507 1139 1741 1194 adverso

189 1221 363 1282 stabat,
400 1220 527 1287 quia
560 1222 638 1274 sic
674 1224 913 1275 clamans
947 1225 1295 1291 exspirasset,
1320 1228 1398 1279 ait
1432 1246 1445 1280 :
1477 1226 1615 1289 Ἶρι-θ
1651 1231 1739 1285 hic

191 1311 329 1363 homo
356 1310 530 1365 Filius
562 1312 650 1364 Dei
685 1323 825 1365 erat.
854 1312 1093 1384 [ccxxv],
1118 1315 1197 1386 6.]
1249 1317 1414 1369 Erant
1472 1334 1653 1374 autem
1685 1333 1742 1375 et

193 1402 426 1455 mulieres
490 1408 555 1454 de
612 1404 772 1472 longe
836 1407 1168 1475 aspicientes
1214 1426 1226 1459 :
1267 1410 1409 1463 inter
1441 1427 1574 1480 quas
1622 1422 1742 1466 erat

192 1492 327 1544 llaria
354 1492 692 1560 Magdalene,
716 1505 773 1547 et
805 1496 965 1548 Maria
988 1497 1172 1551 Jacobi
1197 1501 1424 1553 minoris
1450 1512 1505 1555 et
1528 1502 1735 1572 Joseplt

191 1584 477 1657 [AlJosue]
499 1597 693 1649 mater,
714 1596 763 1640 et
786 1587 1002 1642 Salome
1019 1606 1032 1641 :
1049 1600 1235 1643 etcum
1256 1603 1403 1644 esset
1422 1592 1473 1645 in
1494 1591 1736 1660 Galilaea,

196 1678 552 1744 sequebantur
577 1694 730 1740 eum,
765 1690 827 1733 et
852 1681 1341 1736 ministrabautei:
1372 1695 1428 1736 et
1450 1684 1569 1737 alia:
1601 1687 1737 1739 mul-

1850 493 2107 563 lapidem.
2145 495 2273 549 Erat
2304 496 2506 565 quippe
2534 510 2763 565 magnus
2800 494 2981 550 valde.
3033 495 3100 548 Et
3130 496 3416 549 introeun-

1852 596 1935 641 tes
1960 588 2014 640 in
2051 598 2457 641 monumentum
2512 587 2772 641 viderunt
2830 578 3083 655 juvenem
3137 587 3416 640 sedentem

1846 678 1897 731 in
1935 676 2163 743 dextris,
2199 688 2514 747 coopertum
2540 678 2675 733 stola
2720 677 2974 741 candida,
3014 686 3070 731 et
3110 681 3412 745 obstupue-

1845 778 1994 821 runt.
2020 767 2275 837 [ccxxxu,
2294 767 2375 839 2.]
2395 770 2494 834 Qui
2512 771 2644 823 dicit
2667 769 2770 822 illis
2788 786 2800 821 :
2820 768 3000 823 Nolite
3018 783 3415 836 expavescere:

1843 858 2029 913 Jesum
2070 862 2313 928 queritis
2364 861 2720 913 Nazarmnum
2754 860 3073 915 cruciﬁxum
3109 876 3123 913 :
3155 858 3413 920 surrexit,

1847 965 1952 1001 non
1978 951 2187 1013 cstbic,
2212 965 2339 1004 ecce
2368 951 2520 1004 locus
2551 951 2641 1004 ubi
2667 961 2967 1019 posuerunt
2997 966 3137 1002 eum.
3172 951 3275 1004 Sed
3315 951 3411 1007 ite.

1845 1038 2011 1092 dicite
2043 1040 2328 1106 discipulis
2359 1040 2477 1108 ejus
2501 1052 2559 1095 et
2589 1042 2748 1094 Petro
2777 1042 2901 1109 quia
2942 1042 3199 1107 prmcedit
3232 1056 3328 1094 vos
3359 1042 3410 1092 in

1844 1129 2118 1183 Galilaeam
2157 1131 2274 1185 :ibi
2332 1147 2459 1184 cum
2516 1131 2791 1188 videbitis.
2843 1134 2989 1185 sicut
3044 1132 3181 1185 dixit
3233 1131 3409 1184 vobis.

1844 1218 2126 1291 [ccxxxun
2158 1220 2190 1273 ἓ
2224 1220 2239 1292 ]
2273 1225 2338 1274 At
2369 1222 2469 1275 illa:
2504 1233 2788 1288 exeuntes,
2814 1221 3068 1292 fugerunt
3098 1222 3164 1275 de
3213 1237 3408 1274 monu-

1844 1322 2028 1366 mento
2069 1330 2082 1367 :
2124 1315 2395 1367 invaserat
2448 1316 2593 1367 enim
2658 1328 2748 1368 eas
2811 1324 3015 1367 tremor
3038 1324 3090 1367 et
3130 1329 3293 1381 pavor
3321 1329 3334 1368 :
3360 1321 3411 1363 et

1842 1389 2044 1457 ne‘urini
2100 1404 2395 1473 quidquam
2422 1406 2681 1458 dixerunt
2723 1421 2739 1459 :
2774 1406 3242 1457 timcbautenim.
3280 1405 3411 1457 Sur—

1842 1510 1973 1564 gens
2007 1506 2184 1549 autem
2235 1512 2413 1559 mane,
2476 1498 2647 1565 prima
2685 1496 2931 1559 Sabbati,
2957 1496 3206 1564 apparuit
3237 1495 3410 1561 primo

1845 1588 2022 1640 Mariae
2050 1587 2465 1656 Μςιειὶειιειιιι,ι]υ
2487 1605 2591 1655 qua
2617 1589 2852 1657 cjecerat
2882 1600 3089 1655 septem
3116 1585 3406 1639 daemonia.

1844 1678 1933 1730 Illa
1961 1679 2160 1731 vadens
2189 1681 2458 1731 nuntiavit
2484 1681 2567 1732 bis
2610 1678 2849 1745 quicum
2887 1692 2953 1729 eo
2968 1677 3200 1741 fuerant,
3222 1677 3410 1741 lugen-

191 1778 244 1817 te
272 1784 382 1836 quae
406 1769 568 1823 simul
598 1785 721 1824 eum
773 1786 841 1824 eo
888 1775 1246 1828 ascenderant
1285 1774 1734 1847 Hierosolymam.
1770 1748 1809 1803 Β
1843 1770 1992 1822 tibus
2021 1782 2069 1822 et
2107 1770 2381 1823 ﬂentibus.
2435 1770 2499 1820 Et
2532 1771 2608 1823 illi
2646 1768 3073 1836 audientesquia
3104 1768 3331 1829 viveret,
3357 1777 3411 1816 et

188 1857 420 1925 Reum,
454 1858 531 1928 1.]
560 1858 626 1912 Et
659 1876 782 1913 curn
812 1861 923 1931 jam
960 1877 1086 1916 sero
1134 1877 1281 1919 esset
1316 1866 1523 1922 factum
1587 1868 1738 1940 (quia

189 1960 283 2004 erat
311 1965 631 2019 parasceve,
668 1952 814 2020 quod
861 1964 945 2007 est
1001 1965 1126 2008 ante
1180 1954 1529 2023 Sabbatum),
1586 1963 1734 2016 venit

186 2042 357 2110 Josepb
393 2044 464 2095 ab
495 2040 819 2097 Arimatba-a
872 2046 1072 2099 nobilis
1110 2046 1349 2114 decurio,
1402 2053 1494 2119 qui
1543 2064 1598 2105 et
1633 2058 1745 2123 ipse

191 2146 285 2189 erat
303 2145 627 2202 exspectans
658 2152 882 2205 regnum
914 2136 1027 2205 Dei,
1074 2150 1128 2194 et
1182 2145 1443 2197 audacter
1490 2144 1741 2202 introivit

190 2229 244 2281 ad
266 2230 495 2283 Pilatum
525 2240 581 2284 et
618 2231 771 2298 petiit
816 2246 1016 2302 corpus
1064 2234 1216 2292 Jesu.
1293 2238 1500 2293 Pilatus
1561 2250 1741 2295 autem

191 2321 479 2376 mirabatur
510 2323 555 2377 si
582 2324 692 2393 jam
723 2325 973 2380 obiisset.
996 2327 1062 2380 Et
1093 2331 1359 2384 accersito
1391 2332 1742 2402 Centurione,

187 2412 527 2480 interrogavit
573 2426 699 2465 eum
748 2415 791 2467 si
856 2416 966 2484 jam
1026 2427 1276 2485 emortuus
1309 2430 1474 2475 esset.
1512 2422 1574 2474 Et
1618 2439 1741 2480 cum

185 2504 515 2574 cognovisset
548 2518 578 2557 a
607 2504 962 2571 Centurione,
992 2507 1211 2562 donavit
1264 2526 1465 2581 corpus
1516 2513 1740 2584 Josepb.

183 2598 439 2665 lccxxvm,
484 2594 563 2666 1.]
602 2595 804 2665 Joseph
834 2606 1013 2650 autem
1048 2610 1321 2655 mercatus
1351 2603 1658 2672 sindonem,
1689 2619 1745 2661 et

186 2690 443 2754 deponens
468 2704 597 2742 eum
653 2689 879 2743 involvit
906 2690 1159 2754 sindone,
1183 2703 1238 2747 et
1274 2698 1453 2761 posuit
1502 2714 1627 2751 eum
1685 2683 1742 2753 in

186 2774 707 2848 inoimnrento.quod
732 2791 845 2833 erat
869 2783 1112 2835 excisqu
1144 2784 1210 2836 dc
1234 2795 1410 2852 petra,
1435 2788 1742 2843 etadvolvit

184 2871 396 2938 lapidem
422 2873 492 2924 ad
535 2874 738 2925 ostium
774 2875 1136 2927 monumenti.
1176 2873 1519 2949 [ccxxtx,6.]
1572 2879 1742 2935 Maria

181 2972 340 3015 autem
369 2962 707 3032 Magdalene,
729 2978 785 3018 et
813 2965 975 3019 Maria
1007 2964 1207 3036 Joseplt
1233 2969 1342 3040 [ΑΙ.
1387 2967 1603 3043 Josue],
1652 2989 1740 3028 as-

180 3052 435 3119 piciebant
476 3055 571 3108 ubi
603 3066 927 3122 poneretur.

241 3140 391 3209 [ϐαρ.
428 3142 570 3196 XV‘l.
604 3160 797 3210 ccxxx,
828 3145 909 3219 8.]
941 3148 1003 3201 Et
1033 3163 1154 3202 cum
1191 3153 1473 3207 transisset
1532 3153 1737 3210 Sabba-

179 3237 299 3295 tum,
335 3231 511 3285 Maria
537 3233 867 3303 Magdalene,
911 3246 964 3289 et
995 3238 1157 3291 Maria
1203 3237 1389 3293 Jacobi
1434 3252 1489 3295 et
1520 3242 1735 3300 Salome

177 3335 415 3378 emerunt
459 3338 733 3391 aromata,
784 3338 841 3380 ut
884 3332 1169 3385 venientes
1202 3344 1468 3401 ungerent
1525 3335 1731 3389 Jesum.

176 3412 399 3483 [ccxxxr,
428 3419 512 3489 1.]
558 3418 622 3473 Et
653 3420 805 3474 valde
859 3438 1013 3477 mane
1055 3440 1158 3477 una
1223 3424 1604 3489 Sabbatorum,
1643 3445 1736 3482 ve-

179 3508 319 3562 niunt
347 3511 414 3563 ad
455 3524 895 3573 monumentum,
937 3525 1058 3569 orto
1085 3517 1196 3583 jam
1228 3518 1361 3571 sole.
1394 3521 1457 3572 Et
1483 3522 1736 3575 dicebant

174 3596 232 3651 ad
267 3600 547 3656 invicem:
585 3604 719 3669 Quis
758 3602 1000 3660 rev'olvet
1039 3609 1197 3662 nobis
1230 3610 1467 3678 lapidem
1496 3615 1561 3666 ab
1587 3618 1733 3669 ostio

1847 1862 1996 1914 visus
2012 1872 2157 1915 esset
2174 1863 2241 1916 ab
2259 1877 2345 1923 ea.
2371 1877 2478 1915 non
2496 1863 2869 1916 crediderunt.
2892 1860 3164 1930 Lccxxxrv,
3186 1856 3265 1927 8.]
3290 1857 3413 1909 Post

1846 1949 1963 2003 lucc
1988 1964 2169 2005 autem
2207 1952 2421 2005 duobus
2457 1968 2521 2004 ex
2583 1951 2669 2003 bis
2711 1949 3118 2003 ambulantibus
3155 1958 3410 1999 ostensus

1845 2052 1929 2094 est
1956 2046 2007 2095 in
2028 2044 2131 2096 alia
2166 2044 2335 2114 eiIiO'ie
2362 2045 2620 2097 euntibus
2660 2046 2711 2096 in
2755 2044 2935 2096 villam
2960 2058 2993 2111 ⁴ε
3036 2040 3183 2094 etilli
3216 2051 3410 2093 eunhs

1847 2134 2490 2190 nuntiaveruntcateris:
2515 2151 2615 2188 nec
2637 2135 2740 2188 illis
2761 2132 3132 2187 crediderunt.
3156 2129 3407 2201 [δίκην.

1848 2222 1957 2292 10.)
1993 2224 2294 2280 Novissime
2330 2226 2775 2280 recumbentibus
2802 2225 2907 2277 illis
2938 2222 3187 2276 undecim
3243 2234 3411 2289 appa-

1847 2316 1990 2369 ruit:
2014 2326 2068 2369 et
2097 2318 2446 2385 exprobravit
2477 2316 2909 2370 incredulitatem
2947 2329 3136 2368 eorum
3170 2321 3225 2365 et
3256 2312 3413 2365 duri-

1849 2409 1975 2460 tiam
2015 2408 2218 2471 cordis,
2254 2411 2384 2477 quia
2418 2409 2506 2470 iis,
2543 2408 2635 2475 qui
2673 2407 2918 2459 viderant
2948 2418 3071 2456 eum
3126 2416 3411 2456 resurrex-

1848 2503 1951 2555 isse
1984 2518 2093 2555 non
2129 2503 2504 2557 crediderunt.
2537 2503 2605 2557 Et
2635 2501 2771 2554 dixit
2795 2502 2912 2554 eis:
2950 2498 3156 2553 Euntcs
3181 2499 3234 2552 in
3256 2513 3413 2551 mun-

1844 2594 1976 2648 dum
2000 2596 2345 2654 universum,
2379 2594 2666 2661 prmdicate
2694 2592 3046 2661 Evangelium
3081 2592 3228 2644 omni
3257 2604 3410 2644 crea-

1849 2698 2003 2741 turae.
2049 2687 2495 2751 Quicrediderit.
2562 2694 2618 2738 et
2650 2686 2962 2752 baptizatus
3011 2685 3195 2747 fuerit,
3227 2686 3409 2737 salvus

1843 2778 1947 2831 erit
1998 2779 2139 2847 :qui
2204 2794 2331 2831 vero
2378 2794 2485 2831 non
2556 2777 2869 2840 crediderit,
2936 2776 3405 2830 coudenmabitnr.

1847 2867 2011 2940 Signa
2042 2882 2221 2924 autem
2252 2886 2347 2924 eos
2402 2872 2493 2939 qui
2526 2871 2862 2925 crediderint
2900 2869 3015 2923 haec
3062 2879 3359 2937 sequentur
3390 2885 3407 2927 ξ

1845 2964 1901 3018 In
1933 2964 2150 3017 nomine
2187 2979 2307 3017 meo
2336 2964 2603 3017 daemonia
2639 2964 2857 3032 ejicient
2894 2980 2909 3019 :
2940 2965 3140 3033 linguis
3174 2967 3401 3033 loquen-

1846 3071 1934 3114 tur
1986 3060 2146 3111 novis
2180 3076 2193 3111 :
2228 3067 2512 3125 serpentes
2577 3058 2765 3112 tollent
2808 3070 2906 3113 :et
2967 3060 3011 3113 si
3063 3062 3404 3114 mortiferum

1844 3154 1974 3220 quid
2004 3152 2258 3209 biberint.
2300 3168 2405 3204 non
2444 3142 2523 3205 eis
2547 3152 2768 3205 nocebit
2796 3171 2808 3205 :
2835 3168 2999 3220 super
3017 3169 3189 3222 :egros
3214 3169 3408 3206 nianus

1845 3243 2144 3310 imponent.
2171 3254 2226 3297 et
2266 3246 2399 3298 bene
2468 3246 2760 3299 habebunt.
2800 3245 2863 3299 Et
2896 3245 3153 3300 Dominus
3184 3248 3351 3315 quide
3375 3267 3404 3300 n

1842 3342 2001 3396 Jesus
2040 3352 2324 3409 postquam
2359 3343 2575 3395 locutus
2606 3352 2689 3395 est
2723 3352 2823 3406 ets,
2876 3354 3185 3414 assumptus
3240 3359 3323 3401 est
3352 3351 3404 3402 in

1845 3436 2066 3496 coelum,
2097 3442 2153 3486 et
2195 3435 2349 3487 sedet
2376 3449 2404 3485 a
2436 3434 2645 3488 dextris
2683 3438 2794 3490 Dei.
2832 3438 2910 3491 Illi
2958 3438 3140 3494 autem
3178 3442 3404 3510 profecti

1845 3525 2275 3593 prmdieaverunt
2310 3527 2532 3593 ubique.
2569 3529 2793 3581 Omnino
2834 3543 3180 3598 cooperante,
3214 3542 3266 3588 et
3294 3550 3407 3590 scr-

1843 3632 2055 3670 monctn
2084 3618 2459 3683 conﬁrmante,
2481 3620 2836 3687 sequentibus
2860 3622 3048 3691 signis.

1195 3729 1432 3797 Explicit
1476 3732 1829 3802 Evangelia":
1868 3734 2153 3786 secundum
2188 3733 2446 3789 Marcum.

202 3891 805 3929 Ἢ

591 3902 1535 3935 m

1672 3908 1866 3921 ου’-

1541 3907 2035 3938 2m

1647 4063 1929 4123 INCIPIT

579 4221 1507 4339 EVANGELIUM
1599 4229 1734 4338 SE

1844 4233 2372 4343 .UNDUM
2456 4236 2978 4348 LUCAM.

220 4572 378 4645 [Cap.
417 4575 458 4628 Ι.
495 4591 536 4636 ι,
578 4574 687 4646 ΙΟ.]
729 4575 1031 4641 ’Quoniam
1066 4578 1288 4647 quidem
1343 4580 1497 4634 multi
1556 4583 1736 4635 conati
1772 4590 1816 4645 ο
1847 4584 1919 4636 tio
1950 4583 2051 4650 ipsi
2078 4584 2348 4647 viderunt,
2396 4595 2449 4637 et
2500 4589 2730 4641 ministri
2792 4591 3013 4644 fuerunt
3063 4595 3332 4649 sermonis
3387 4615 3402 4651 :

159 4678 274 4717 sunt
302 4668 576 4720 ordinare
599 4670 993 4731 narrationem,
1029 4686 1149 4738 quae
1183 4672 1234 4724 in
1270 4673 1427 4725 nobis
1447 4674 1727 4738 completa!

159 4769 291 4819 sunt,
329 4774 523 4811 rerum
567 4778 581 4812 :
616 4760 759 4812 sicut
793 4760 1137 4815 tradiderunt
1173 4763 1352 4823 nobis.
1382 4765 1473 4833 qui
1511 4764 1577 4817 ab
1614 4765 1724 4817 ini-

220 4915 237 4945 ¹
280 4915 423 4969 Editi
479 4916 615 4969 libri
666 4918 1038 4985 quamplurcs,
1092 4936 1215 4972 cum
1271 4936 1398 4971 mss.
1456 4921 1736 4974 codicibus

157 4997 254 5036 non
281 4986 493 5050 paucis,
527 4987 699 5039 hocce
730 4988 963 5055 primum
1024 4989 1178 5043 Lucze
1232 4990 1531 5053 capitulum
1591 4990 1730 5043 infra

156 5065 427 5118 apponunt
460 5071 629 5107 versu
656 5060 708 5116 5,
734 5057 821 5108 ‘ad
869 5057 980 5110 inec
1032 5058 1193 5111 verba
1230 5076 1241 5110 :
1284 5058 1408 5109 Fuit
1459 5062 1511 5111 in
1550 5060 1731 5111 diebus

158 5120 368 5195 Herodis
429 5128 577 5191 regis
610 5125 803 5179 ludant
834 5127 1074 5177 sacerdos
1108 5130 1338 5195 quidam.
1377 5138 1482 5181 etc.
1523 5131 1729 5183 Pineta-

157 5194 445 5246 tiuczculatn
484 5210 649 5255 vero,
695 5212 831 5266 qua:
896 5194 1175 5266 praecedit,
1245 5199 1393 5251 nullo
1454 5200 1725 5266 capitulo,

156 5263 275 5314 nulli
310 5266 512 5315 canoni
540 5265 847 5316 ascribunt.
890 5264 993 5317 Sed
1028 5282 1187 5333 qttam
1230 5283 1418 5334 parum
1464 5263 1633 5324 recte.
1659 5286 1723 5322 ex

158 5336 249 5404 Itoc
275 5335 640 5404 intelligitur,
694 5334 835 5401 quod
864 5350 925 5388 ex
967 5335 1048 5388 his
1088 5339 1236 5388 inniti
1300 5340 1545 5390 videatur
1584 5353 1721 5404 pne.

154 5402 339 5456 dictam
374 5403 861 5455 Prcfatiuuculam
903 5422 1007 5457 non
1051 5422 1169 5459 esse
1211 5409 1503 5472 genuinuu
1566 5402 1726 5461 Lucae

154 5472 496 5543 evangelista:
520 5486 687 5543 Opus,
710 5490 883 5539 neque
903 5490 928 5525 a
952 5474 1058 5526 Deo
1082 5477 1418 5543 inspiratam.
1444 5477 1597 5540 Quod
1622 5492 1722 5529 ne-

154 5539 224 5590 fas
247 5539 330 5594 eSt
359 5544 543 5596 dictu.
584 5542 693 5595 Nos
722 5544 833 5596 haec
867 5539 1206 5597 restituimus
1235 5548 1300 5597 ad
1332 5539 1490 5599 [idem
1534 5563 1722 5599 exem-

153 5609 371 5672 plarium
418 5612 783 5665 bibliothecae”
811 5625 1005 5666 nostra:
1030 5614 1558 5669 San-Germauensis
1588 5632 1717 5671 mss.

154 5695 293 5735 num.
363 5682 417 5747 ὅ,
500 5682 589 5739 19,
631 5680 715 5735 2i.
749 5681 843 5736 liis
890 5700 1104 5753 quoque
1169 5686 1515 5740 adnumerari
1560 5688 1719 5744 facile

1842 4676 2015 4728 visiim
2044 4688 2124 4727 est
2155 4678 2310 4735 mihi.
2350 4691 2604 4732 asseculo
2631 4683 2810 4733 omnia
2840 4698 2867 4735 a
2894 4684 3157 4750 principio
3178 4686 3413 4756 diligen-

1841 4777 1921 4821 ter
1947 4772 1966 4801 ²
2003 4812 2017 4833 ,
2044 4786 2106 4823 ex
2132 4772 2324 4825 ordine
2358 4773 2452 4826 tibi
2490 4776 2748 4839 scribere,
2781 4776 2985 4843 Optime
3046 4776 3347 4847 Theophile
3389 4822 3404 4844 ,

1836 4937 2017 4994 posset
2040 4927 2207 5003 aliud_
2227 4930 2504 5003 exemplar
2539 4930 2789 4997 ejusdem
2818 4931 3167 4987 bibliotheca:
3185 4936 3404 5003 optima:

1832 5006 1973 5071 notae
2004 5012 2155 5071 num.
2189 4996 2292 5059 18;
2333 5000 2384 5050 in
2416 4996 2658 5071 quouna
2693 5016 2814 5051 cum
2850 5014 2977 5054 nota
3016 4996 3242 5071 Capituli
3291 5012 3401 5068 pri-

1831 5066 1926 5126 mi,
1963 5081 2084 5132 qua:
2106 5067 2160 5133 in
2192 5069 2656 5139 consequentibus
2686 5086 2953 5136 nusquam
2985 5066 3228 5139 apparet,
3255 5066 3394 5127 exvi-

1829 5149 1948 5210 sum
1989 5144 2265 5210 esttotum
2289 5137 2391 5188 hoc
2417 5137 2577 5210 iuuere
2606 5141 2893 5192 exordium
2927 5137 3098 5208 usque
3138 5146 3201 5196 ad
3260 5161 3395 5210 prte—

1827 5205 1968 5276 dicta
2005 5207 2393 5276 verbaversus
2412 5206 2464 5269 5,
2502 5206 2626 5261 Fuit
2658 5210 2711 5261 in
2744 5212 2921 5263 diebus
2957 5205 3203 5275 "credis,
3260 5205 3391 5276 'etc.,

1833 5274 2134 5327 exclusive.
2175 5274 2356 5328 Mxnr.

1908 5345 1927 5373 ³
1966 5343 2210 5416 Pressius
2232 5344 2419 5399 Graeco
2445 5346 2615 5399 nostri
2660 5364 2788 5401 mss.
2814 5361 3049 5404 assertum
3077 5368 3107 5402 a
3137 5351 3395 5416 principio

1834 5414 2072 5486 tinnitibus
2101 5413 2381 5484 diligenter
2411 5432 2430 5469 :
2462 5416 2646 5471 Graece
2678 5420 2858 5481 Ἔδοξε
2912 5421 3094 5485 κάμοὶ.
3137 5413 3395 5486 ’παρηάο-

1831 5483 2122 5555 ὶοψθηίκότι
2154 5483 2363 5537 ἄνωθεν
2401 5488 2568 5539 πᾶσιν
2602 5488 2870 5555 ἀκριϐῶς,
2907 5505 2958 5540 κ.
2984 5483 3088 5538 v.1.
3126 5483 3395 5544 (later—unt

1830 5554 2141 5625 videsisdc
2187 5557 2357 5609 hocce
2397 5554 2691 5611 Proremio’
2737 5559 3103 5625 disputantem
3168 5558 3399 5614 Martia-

1828 5638 2006 5679 ueeutn
2040 5623 2095 5678 iu
2128 5624 2307 5679 Notis.
