3880 6168
207 331 304 393 045

1311 327 1818 392 EV’ANGELIUM
1857 327 2011 391 SEC.
2053 329 2335 392 LUCAM.

3322 332 3426 393 046

194 438 472 497 tutationis
506 436 685 491 tumin
722 435 953 490 auribus
988 432 1145 499 meis,
1175 435 1471 490 exsultavit
1519 436 1574 490 in
1623 452 1756 505 gau-
1788 440 1835 496 Α
1864 433 1943 488 Ad
1984 435 2287 491 faciendam
2340 436 2775 492 misericordiam
2847 452 2970 492 cum
3032 439 3280 508 patribus
3330 459 3428 497 no-

195 535 276 589 dio
300 532 476 586 infans
496 531 551 583 in
585 539 738 582 utero
771 540 919 580 tneo.
947 526 1013 580 Et
1042 526 1200 581 beata
1230 542 1352 596 quae
1379 527 1664 582 credidisti
1691 527 1707 557 ⁸
1735 565 1753 593 ,

195 626 444 694 quoniam
470 620 821 691 perficientur
850 634 936 686 ea,
976 634 1096 688 quae
1119 619 1268 674 dicta
1294 628 1422 674 sunt
1455 619 1551 674 tibi
1583 635 1613 673 a
1646 620 1753 674 Do-

198 717 355 771 mino.
398 714 463 766 Et
491 712 567 765 ait
601 709 768 763 Maria
795 727 811 766 :

196 807 489 876 Maguilicat
523 806 699 857 anima
735 818 851 856 mea
882 800 1199 866 Dominum,
1230 810 1286 855 et
1323 800 1616 857 exsultavit
1639 803 1755 869 spi-

256 899 397 950 ritus
432 909 588 949 meus
612 894 665 947 in
706 895 813 947 Deo
844 892 1071 945 salutari
1102 907 1243 946 meo.

197 989 320 1055 Quia
384 986 624 1054 respexit
682 982 1048 1036 humilitatem
1104 982 1317 1037 ancilla:
1371 998 1487 1037 suae
1541 1002 1556 1039 :
1626 997 1757 1038 ecce

258 1078 403 1132 enim
439 1092 508 1131 ex
564 1076 669 1129 hoc
701 1073 913 1129 beatam
959 1088 1045 1128 me
1104 1074 1292 1129 dicent
1363 1089 1554 1129 omnes
1587 1089 1756 1145 gene-

255 1169 521 1221 rationes.

200 1262 321 1327 Quia
350 1260 485 1313 fecit
514 1259 645 1314 mihi
669 1275 861 1330 magna
894 1260 988 1326 qui
1021 1267 1219 1328 potens
1241 1266 1345 1323 est,
1417 1266 1471 1312 et
1498 1268 1748 1313 sanctum

262 1369 461 1408 nomen
484 1354 625 1423 ejus.

200 1446 260 1501 Et
289 1444 666 1499 misericordia
692 1444 811 1514 ejus
840 1460 869 1497 a
909 1441 1169 1513 progenie
1219 1440 1277 1495 in
1311 1440 1603 1511 progenies
1637 1442 1656 1472 '
1688 1439 1759 1494 ti-

269 1540 545 1593 mentibus
576 1555 727 1592 eum.

207 1630 344 1684 Fecit
372 1630 672 1695 potentiam
702 1630 754 1683 in
784 1629 1012 1685 brachio
1050 1645 1150 1684 suo
1187 1644 1204 1682 :

266 1722 362 1774 bos
383 1730 566 1775 mente
592 1721 775 1776 cordis
804 1719 913 1774 sui.

1248 1627 1511 1696 dispersit
1563 1620 1765 1697 super?

205 1812 457 1880 Deposuit
512 1821 765 1881 potentes
802 1812 872 1866 de
932 1810 1106 1875 sede,
1163 1820 1220 1865 et
1269 1808 1529 1864 exaltavit
1578 1808 1764 1863 bumi-
1798 1791 1838 1845 Β

268 1906 364 1957 les.

211 1994 517 2049 Esurientes
579 1993 828 2063 implevit
886 1991 1111 2047 bonis:

301 2087 514 2140 inanes.

212 2176 454 2245 Suscepit
478 2176 638 2230 Israel
675 2191 905 2244 puerum
930 2191 1116 2240 suum,
1154 2177 1474 2233 recordatus
1539 2178 1767 2233 miscri-

272 2269 475 2324 cordia:
506 2284 619 2323 sua:
657 2270 677 2299 ³
701 2306 716 2322 .

210 2362 347 2417 Sient
382 2364 600 2416 locutus
639 2371 724 2416 est
754 2361 819 2415 ad
862 2370 1041 2427 patres
1074 2368 1312 2427 nostros,

282 2454 481 2508 semini
506 2455 625 2524 ejus
656 2454 710 2507 in
740 2454 962 2507 saecula.

263 2545 460 2599 Mansit
491 2556 674 2599 autem
701 2542 869 2597 Maria
894 2559 1019 2596 cum
1052 2543 1140 2596 illa
1176 2542 1330 2611 quasi
1368 2542 1649 2596 mensibus
1673 2542 1772 2596 tri-

210 2637 334 2693 bus:
367 2647 428 2689 et
459 2651 675 2690 reversa
696 2644 779 2690 est
807 2635 861 2687 in
908 2638 1127 2689 domum
1146 2650 1326 2687 suam.
1348 2633 1627 2688 Elizabeth
1670 2650 1772 2706 au-

210 2738 306 2781 ten.
350 2730 645 2796 impletum
713 2736 800 2781 est
840 2735 1056 2795 tempus
1120 2726 1392 2795 pariendi,
1452 2736 1509 2779 et
1558 2728 1772 2794 peperit

209 2820 389 2872 filium.
431 2819 498 2871 Et
524 2818 820 2871 audierunt
879 2818 1046 2872 vieini
1098 2830 1154 2870 et
1196 2817 1433 2902 ’coguati
1482 2818 1597 2882 ejus
1643 2818 1771 2885 quia

210 2908 575 2978 magniﬁeavit
636 2907 902 2964 Daminus
953 2908 1387 2962 misericordiam
1437 2922 1589 2961 suam
1645 2914 1771 2961 eum

209 3001 311 3068 illa,
340 3010 394 3056 et
425 3004 956 3072 congratulahantur
1005 3003 1076 3056 ei.
1102 3002 1180 3066 Et
1216 3002 1417 3057 factum
1451 3011 1534 3056 est
1578 3004 1630 3055 in
1685 3003 1772 3056 die

1174 2003 1229 2049 et
1289 1993 1492 2050 divites
1556 1992 1766 2049 dimisit

1379 2360 1681 2423 Abraham,
1715 2368 1770 2415 et

1934 529 2063 582 Stris
2096 544 2112 584 :
2141 538 2189 582 et
2216 532 2505 583 memnrari
2534 532 2840 585 testamenti
2873 533 2955 587 sui
2987 534 3182 586 sancti.

1861 616 2276 688 Jusjurandum,
2312 621 2455 689 quod
2509 622 2716 691 juravit
2762 624 2827 676 ad
2887 624 3161 677 Abraham
3219 634 3427 693 patrem

1933 720 2201 774 nostrum,
2233 718 2484 766 daturum
2504 731 2561 767 se
2591 715 2747 768 nobis
2780 731 2794 768 :

1862 801 1934 857 Ut
1961 805 2077 856 sine
2108 804 2322 867 timore,
2351 805 2417 857 de
2442 821 2603 857 manu
2638 798 2983 858 inimicorum
3018 816 3329 859 nostrorum
3366 807 3428 859 li-

1935 895 2130 957 berati,
2174 898 2472 949 serviamus
2497 898 2571 949 illi
2606 914 2617 949 :

1866 985 1922 1039 lu
1960 989 2245 1040 sanctitate
2269 987 2546 1056 etjustitia
2587 1002 2771 1041 coram
2798 987 2936 1055 ipso,
2981 988 3233 1042 omnibus
3288 991 3419 1044 die~

1937 1076 2037 1131 bus
2064 1078 2287 1132 nostris.

1864 1166 1932 1221 Et
1966 1177 2041 1231 tu,
2064 1184 2222 1237 puer,
2259 1168 2529 1235 Propheta
2557 1168 2820 1221 Altissimi
2848 1168 3133 1223 vocaberis
3160 1188 3171 1221 :
3212 1170 3430 1238 prmibis

1934 1259 2079 1313 enim
2123 1271 2248 1312 ante
2280 1259 2470 1313 faciem
2511 1260 2718 1313 Domini
2748 1275 2937 1327 parare
2969 1275 3084 1313 vnas
3118 1264 3236 1329 ejus
3272 1276 3287 1316 :

1864 1350 1943 1404 Ad
1977 1352 2213 1404 dandam
2252 1352 2539 1405 Srielttiam
2569 1353 2765 1406 salutis
2798 1351 2939 1420 plebi
2974 1352 3115 1422 eju‘s,
3149 1353 3201 1405 in
3232 1354 3429 1408 remis-

1936 1444 2143 1496 sionem
2184 1451 2530 1511 pcccatorum
2558 1457 2749 1496 eorum
2785 1460 2799 1496 :
2882 1464 2885 1467 λ

1866 1534 1967 1588 Per
2004 1535 2212 1588 viscera
2245 1534 2640 1589 misericordiae
2668 1536 2764 1589 Dei
2787 1535 2960 1589 nostri
2994 1551 3007 1588 :
3038 1535 3091 1588 in
3121 1534 3324 1604 quibus
3346 1537 3428 1588 vi-

1933 1626 2116 1680 sitavit
2155 1641 2255 1679 nos
2284 1625 2481 1681 Oriens
2517 1643 2580 1681 ex
2608 1629 2719 1681 alto
2754 1642 2772 1683 :

1869 1714 2178 1769 llluminare
2210 1715 2316 1779 his,
2349 1719 2441 1785 qui
2509 1716 2563 1770 in
2598 1717 2858 1781 tenebris,
2898 1726 2953 1772 et
2977 1717 3030 1770 in
3058 1716 3251 1771 umbra
3284 1731 3406 1770 mor

1938 1809 2005 1861 tis
2030 1808 2226 1863 sedent
2260 1824 2276 1864 :
2303 1811 2368 1863 ad
2400 1810 2717 1880 dirigendos
2751 1811 2918 1881 pedes
2942 1819 3156 1864 nostros
3187 1811 3240 1863 in
3276 1811 3420 1863 viam

1940 1900 2109 1967 pacis.

1868 1991 2009 2045 Puer
2043 2002 2223 2046 autem
2260 1992 2564 2055 crescebat,
2593 2001 2649 2045 et
2682 1992 3098 2047 confortabatur
3169 1994 3363 2062 spiritu
3402 2009 3418 2047 :

1866 2094 1921 2137 et
1952 2096 2065 2138 erat
2097 2085 2150 2137 in
2179 2085 2412 2139 desertis
2448 2100 2622 2153 usque
2656 2084 2709 2138 in
2764 2086 2907 2138 diem
2938 2085 3272 2139 ostensionis
3317 2100 3430 2138 sua:

1867 2176 1935 2229 ad
1973 2176 2153 2230 Israel.

1944 2268 2104 2339 [Cap.
2140 2266 2226 2339 ll.]
2268 2269 2493 2323 Factum
2557 2277 2641 2323 est
2682 2277 2864 2323 autem
2929 2268 2982 2323 in
3032 2269 3224 2326 diebus
3278 2270 3384 2324 illis
3416 2307 3433 2331 ,

1871 2359 2007 2411 exiit
2038 2359 2281 2413 edictum
2314 2374 2343 2412 ι
2374 2360 2587 2414 Caesare
2623 2358 2888 2428 Augusto,
2918 2370 2977 2412 ut
3029 2361 3437 2416 describat-etim

1874 2448 2171 2502 universus
2203 2450 2376 2504 orbis.
2410 2450 2864 2519 Haec’descriptio
2900 2452 3072 2520 prima
3117 2452 3259 2506 facta
3286 2465 3369 2507 est
3404 2473 3432 2506 ει

1874 2541 2109 2609 praeside
2137 2543 2159 2575 ⁵
2193 2542 2365 2611 Syriae
2425 2541 2631 2610 Cyrino
2663 2560 2677 2595 :
2712 2553 2768 2596 et
2799 2543 2950 2596 ibant
2987 2559 3200 2611 omnes,
3232 2558 3431 2614 utpro-

1876 2636 2161 2686 literentur
2191 2634 2389 2699 singuli
2429 2633 2481 2685 in
2517 2649 2669 2686 suam
2700 2634 2999 2688 civitatem.
3060 2638 3433 2690 Ascenditau-

1874 2732 1981 2775 tem
2017 2733 2071 2774 et
2097 2722 2296 2790 Josepb
2331 2739 2359 2774 a
2388 2722 2603 2777 Galilzea
2630 2723 2697 2777 de
2757 2724 2977 2777 civitate
3026 2723 3317 2785 Nazareth,
3370 2728 3427 2779 in

1874 2813 2113 2867 Judmam
2141 2817 2195 2867 in
2233 2817 2506 2868 civitatem
2552 2816 2739 2883 David,
2764 2832 2884 2885 qua:
2920 2827 3142 2869 vocatur
3171 2818 3441 2872 Bctli-Le-
3521 2812 3543 2830 ⁸

1878 2906 2000 2958 hem
2034 2922 2136 2959 :eo
2165 2908 2310 2973 quoi
2348 2916 2494 2959 esset
2518 2907 2585 2959 de
2617 2908 2780 2961 domo
2819 2919 2873 2961 et
2909 2908 3113 2961 familia
3152 2910 3341 2975 David,
3376 2922 3435 2966 ut

1877 2998 2224 3065 profiteretur
2254 3014 2377 3051 cum
2409 2998 2574 3053 Maria
2610 3000 2932 3067 deSponsata
2957 3002 3060 3054 sibi
3100 3017 3268 3056 uxore
3299 3020 3441 3071 pra:-

208 3101 408 3158 octavo,
435 3101 713 3146 venerunt
737 3092 1135 3147 circumcidere
1184 3107 1439 3161 puerum,
1506 3102 1561 3147 et
1611 3107 1771 3159 voca-
1800 3122 1843 3178 ε
1877 3097 2094 3154 gnante.
2132 3084 2355 3139 Factum
2385 3098 2468 3141 est
2498 3098 2704 3151 autem,
2738 3105 2859 3143 cum
2886 3104 3079 3146 essent
3112 3093 3202 3157 ibi,
3234 3096 3441 3163 impleti

210 3184 329 3236 bant
360 3199 487 3237 eum
513 3185 735 3238 nomine
765 3188 933 3253 patris
954 3184 1038 3238 sui
1060 3183 1402 3237 Zachariam.
1431 3184 1497 3237 Et
1543 3198 1772 3251 respon-

210 3274 336 3328 dens
363 3284 544 3328 mater
564 3275 686 3344 ejus
711 3318 725 3337 ,
749 3276 887 3328 dixit
923 3288 941 3330 :
979 3274 1356 3343 Nequaquam,
1414 3274 1506 3328 sed
1556 3275 1776 3328 vocabi-

214 3365 571 3420 turJoannes.
603 3366 945 3419 Etdixerunt
969 3366 1034 3418 ad
1067 3366 1251 3420 illam:
1277 3366 1410 3430 Quia
1433 3382 1590 3419 nemo
1610 3375 1694 3419 est
1720 3366 1775 3418 in

213 3461 539 3526 cognatione
600 3466 691 3511 tua
729 3459 821 3527 qui
852 3468 1075 3512 vocetur
1129 3459 1231 3512 hoc
1282 3458 1523 3512 nomine.
1575 3457 1775 3511 lnnuo.

213 3549 547 3605 bantautem
578 3551 717 3620 patri
736 3552 875 3619 ejus,
906 3566 1066 3619 quem
1099 3550 1259 3604 vellet
1289 3550 1473 3604 vocari
1532 3566 1676 3604 cuiu.
1714 3549 1778 3601 Et

212 3644 487 3711 postulans
510 3642 833 3711 pugillarem
863 3643 1103 3711 scripsit,
1129 3642 1317 3695 dicens
1348 3659 1363 3699 :
1392 3641 1630 3696 Joannes
1695 3650 1780 3695 est

218 3749 404 3786 nomen
438 3735 581 3802 ejus.
614 3732 680 3785 Et
704 3735 887 3787 mirati
921 3744 1050 3787 sunt
1080 3735 1345 3787 universi.
1383 3735 1644 3801 Apertum
1696 3741 1781 3787 est

215 3837 389 3878 autem
426 3825 578 3879 illico
607 3839 670 3878 os
698 3827 837 3894 ejus,
869 3837 926 3879 et
956 3826 1138 3893 lingua
1165 3826 1306 3894 ejus,
1331 3835 1383 3879 et
1459 3826 1783 3894 loquebatur

218 3916 551 3970 benedicens
572 3916 763 3969 Deum.
794 3915 861 3968 Et
887 3916 1089 3969 factum
1118 3926 1199 3970 est
1217 3920 1380 3969 timor
1407 3932 1575 3984 super
1592 3930 1784 3969 omnes

218 4006 422 4059 vicinos
446 4021 649 4060 eorum
690 4021 706 4060 :
746 4014 803 4060 et
839 4020 1004 4074 super
1048 4006 1232 4059 omnia
1276 4015 1529 4059 montana
1586 4006 1785 4060 Judaan

216 4095 640 4166 divulgabantur
678 4097 862 4151 omnia
921 4095 1087 4151 verba
1158 4096 1324 4151 haec:
1379 4107 1436 4151 et
1486 4106 1786 4166 posuerunt

214 4202 401 4244 muues
425 4188 527 4258 qui
557 4189 850 4242 audierant
876 4189 927 4241 in
954 4187 1122 4242 corde
1150 4203 1273 4251 suo,
1306 4188 1555 4243 dicentes
1586 4207 1601 4243 :
1630 4190 1785 4254 Quis,

221 4290 375 4349 putas
398 4281 420 4312 ⁵
445 4318 463 4344 .
501 4296 638 4350 puer
665 4280 769 4334 iste
795 4279 934 4334 erit?
959 4277 1173 4335 Etenim
1206 4295 1399 4332 manus
1431 4278 1641 4333 Domini
1670 4288 1788 4334 erat

219 4386 337 4425 cum
367 4371 486 4425 illo.
528 4372 596 4425 Et
616 4369 908 4424 Zacharias
941 4378 1096 4439 pater
1125 4370 1248 4440 ejus
1277 4370 1518 4439 repletus
1544 4380 1626 4425 est
1665 4370 1788 4439 Spi-

217 4461 318 4514 ritu
348 4473 549 4515 saucto
580 4469 677 4519 :et
705 4460 1063 4530 prephetavit
1097 4461 1287 4515 dicens
1313 4476 1329 4514 :

214 4550 549 4607 Benedictus
570 4553 836 4607 Dominus
873 4553 1015 4606 Deus
1044 4551 1210 4606 Israel
1244 4567 1260 4611 ς
1290 4553 1418 4621 quia
1450 4553 1693 4609 visitavit
1726 4563 1783 4609 et

285 4644 417 4697 fecit
448 4643 888 4712 redemptionem
923 4644 1097 4712 plebis
1126 4658 1263 4699 suae.

220 4737 283 4790 Et
314 4736 503 4791 erexit
533 4750 705 4789 cornu
736 4736 924 4791 salutis
950 4736 1129 4799 nobis,
1165 4735 1220 4790 in
1244 4735 1407 4790 domo
1444 4736 1613 4792 David
1632 4740 1790 4809 pueri

223 4918 375 4973 Sicut
407 4919 634 4973 locutus
664 4926 751 4971 est
781 4931 876 4983 per
920 4932 982 4970 os
1014 4929 1353 4983 sanctorum,
1393 4919 1486 4988 qui
1516 4935 1545 4973 a
1592 4922 1792 4977 saeculo

286 5017 436 5067 sunt,
468 5006 861 5074 prophetarqu
887 5004 1005 5073 ejus
1040 5020 1054 5058 :
1384 5049 1388 5055 .
1416 5021 1420 5024 '

224 5094 461 5151 Salutem
498 5111 571 5149 ex
606 5094 844 5149 inimicis
878 5095 1101 5159 nostris,
1134 5102 1190 5147 et
1213 5094 1281 5150 de
1340 5110 1504 5149 manu
1546 5097 1792 5152 omnium

293 5190 384 5256 qui
417 5187 667 5241 oderunt
699 5202 800 5239 nos
826 5200 839 5238 :

292 5323 307 5355 '
336 5322 510 5377 Iidem
555 5337 707 5382 ωδε..
742 5320 893 5374 beata
927 5335 1044 5387 qua:
1074 5317 1299 5370 credidit
1329 5328 1383 5372 et
1427 5319 1784 5389 cohaerenter,

223 5408 333 5460 qua
360 5394 508 5444 dicta
526 5400 651 5444 sunt
682 5393 728 5442 ei
760 5407 802 5460 ην
822 5389 1064 5451 Domino,
1092 5400 1201 5460 etc.
1230 5401 1423 5460 atque»
1457 5390 1560 5443 hoc
1599 5389 1787 5445 Graeco

224 5457 483 5530 pressius,
524 5464 560 5530 ἠ
618 5457 1314 5530 πιστεύσασανγὸτιρἒςται
1352 5458 1630 5522 τελείωσις
1674 5464 1787 5525 τοῖς

223 5526 609 5599 λελαλημένοις
642 5531 776 5597 αὐτῇ
810 5546 957 5598 παρι
980 5526 1222 5595 Κυρίου,
1254 5540 1360 5581 etc.

290 5604 308 5631 ³
340 5602 458 5654 Duo
480 5599 703 5667 Regina:
741 5616 896 5660 mss.,
924 5601 977 5649 in
1010 5600 1280 5664 progenies
1310 5609 1357 5650 et
1387 5602 1678 5668 progenies.

292 5672 309 5699 ³
337 5672 509 5723 [idem
536 5686 644 5720 ms.
674 5668 1372 5739 memorariinlisericordia),
1412 5672 1653 5739 pressius
1681 5669 1783 5723 itco

228 5755 339 5793 mm
371 5742 597 5803 Graeco,
633 5738 927 5808 μνηοῆήναι
956 5738 1156 5800 ἐλέους.

1877 3186 2007 3230 sunt
2031 3178 2147 3230 dies
2170 3188 2227 3230 ut
2259 3188 2493 3246 pareret.
2523 3180 2587 3233 Et
2616 3183 2827 3249 peperit
2862 3183 3027 3236 lilium
3052 3202 3207 3238 suum
3240 3189 3443 3253 primu-

1880 3267 2147 3333 genitum,
2182 3280 2236 3321 et
2262 3270 2455 3336 pannis
2488 3285 2613 3323 eum
2648 3272 2972 3338 involvit,et
3003 3277 3283 3331 reclinavit
3315 3296 3441 3331 cum

1880 3357 1933 3411 in
1970 3360 2283 3428 prazscpio:
2322 3364 2449 3428 quia
2484 3377 2591 3414 nou
2619 3373 2739 3416 erat
2795 3366 2877 3419 eis
2911 3365 3069 3420 locus
3106 3369 3157 3421 in
3201 3370 3446 3424 diverso-

1880 3452 1985 3504 rio.
2027 3450 2094 3504 Et
2123 3460 2371 3519 pastores
2396 3465 2552 3505 erant
2580 3453 2633 3506 in
2668 3456 2888 3523 regione
2917 3458 3107 3511 eadem
3136 3460 3438 3527 vigilantes,

1882 3554 1935 3597 et
1963 3547 2338 3601 custodientes
2371 3548 2587 3613 vigilias
2615 3552 2791 3603 nectis
2813 3568 2976 3618 super
3008 3570 3223 3624 gregem
3258 3572 3439 3613 suum.

1882 3636 1950 3689 Et
1981 3652 2105 3691 ecce
2133 3640 2359 3707 angelus
2388 3640 2602 3692 Domini
2629 3642 2781 3694 stetit
2814 3643 2968 3710 juxta
2997 3644 3142 3709 illos,
3173 3655 3229 3700 et
3283 3650 3446 3704 clari-

1886 3737 1969 3782 tas
1993 3728 2083 3781 Dei
2119 3730 2483 3783 circumfulsit
2508 3731 2649 3792 illos,
2684 3741 2739 3784 et
2773 3736 3072 3788 timuerunt
3106 3736 3300 3791 timore
3330 3756 3447 3794 ma-

1890 3835 2018 3887 gno.
2054 3818 2118 3871 Et
2143 3821 2277 3873 dixit
2311 3820 2417 3873 illis
2468 3823 2696 3888 angelus
2730 3837 2746 3875 :
2798 3820 2977 3877 Nolite
3035 3826 3272 3884 timere:
3319 3846 3447 3887 ecce

1884 3913 2031 3962 enim
2070 3910 2385 3980 evangelizo
2441 3913 2594 3965 vobis
2651 3913 2907 3982 gaudium
2968 3930 3239 3985 magnum,
3298 3924 3447 3989 quod

1884 3999 1989 4053 erit
2025 4001 2171 4053 omni
2208 4000 2450 4071 populo:
2486 4003 2614 4073 quia
2649 4012 2809 4057 natus
2835 4014 2917 4059 est
2951 4008 3105 4062 vobis
3124 4008 3288 4065 hodie
3330 4012 3450 4066 Sal-

1887 4097 2060 4147 vator.
2095 4089 2190 4156 qui
2216 4099 2299 4141 est
2322 4089 2574 4145 Christus
2616 4091 2895 4159 Dominus,
2928 4095 2982 4149 in
3006 4098 3229 4152 civitate
3255 4101 3445 4158 David.

1889 4177 1953 4231 Et
1988 4178 2091 4233 hoc
2126 4180 2280 4234 vobis
2314 4184 2527 4249 signum
2563 4200 2576 4235 :
2608 4180 2902 4239 Invenietis
2930 4186 3187 4243 infantem
3248 4195 3444 4260 pannis

1889 4268 2218 4335 involutum,
2277 4280 2333 4325 et
2371 4273 2606 4340 positum
2672 4274 2726 4329 in
2782 4280 3067 4346 praesepio.
3131 4280 3199 4335 Et
3266 4286 3449 4340 subito

1891 4359 2029 4413 facta
2061 4370 2145 4415 est
2174 4377 2298 4416 cum
2352 4364 2546 4433 angelo
2580 4367 2871 4421 multitudo
2921 4371 3126 4426 militia:
3182 4376 3450 4440 coalcSIis.

1818 4458 1865 4516 ι)
1893 4450 2233 4505 laudantium
2263 4452 2457 4516 Deum.
2479 4465 2535 4509 et
2566 4457 2863 4512 dicentium
2909 4477 2922 4514 :
2959 4461 3142 4517 Gloria
3169 4466 3223 4518 in
3249 4467 3456 4523 altissi-

1893 4545 1999 4597 mis
2034 4544 2164 4610 Deo,
2200 4557 2256 4599 et
2280 4546 2333 4599 in
2357 4557 2499 4602 terra
2527 4563 2628 4617 pax
2662 4550 2980 4609 hominibus
3008 4555 3167 4612 bona:
3206 4562 3457 4615 volunta-

1896 4636 1990 4689 tis.
2025 4636 2092 4689 Et
2124 4636 2327 4692 factum
2358 4650 2466 4705 est,
2493 4650 2552 4694 ut
2573 4642 2948 4699 discesserunt
2977 4647 3045 4701 ab
3080 4651 3162 4704 eis
3197 4656 3373 4721 angeli
3402 4658 3458 4712 in

1894 4729 2093 4783 caelum
2134 4745 2149 4786 :
2178 4740 2426 4799 pastores
2459 4734 2824 4802 loquebantur
2850 4738 2917 4791 ad
2957 4740 3186 4795 invicem
3222 4762 3235 4797 :
3275 4755 3457 4801 trans-

1894 4831 2086 4876 eamus
2125 4837 2297 4893 usque
2320 4824 2616 4901 Bethleem,
2653 4838 2709 4882 et
2765 4830 3172 4889 videamushoc
3203 4839 3455 4902 verbum,

1895 4914 2040 4982 quod
2067 4915 2266 4969 factum
2303 4926 2406 4981 est,
2447 4920 2590 4986 quod
2621 4918 2884 4973 Dominus
2919 4928 3155 4978 ostendit
3179 4929 3359 4982 nobis.
3393 4933 3458 4985 Et

1902 5015 2172 5059 venerunt
2217 5008 2537 5063 festinantes
2571 5028 2583 5061 :
2620 5022 2677 5064 et
2734 5004 3068 5071 invenerunt
3125 5018 3366 5083 Mariam,
3400 5032 3455 5075 et

1895 5097 2119 5167 Josepli,
2152 5110 2209 5152 et
2236 5100 2497 5155 infantem
2537 5102 2774 5170 positum
2810 5109 2863 5159 in
2895 5111 3179 5180 prmsepio.
3203 5112 3456 5167 Videntes

1898 5202 2080 5245 autem
2116 5204 2491 5261 cognoverunt
2526 5194 2596 5247 de
2650 5195 2841 5262 verbo,
2894 5201 3040 5269 quod
3090 5201 3294 5255 dictum
3339 5212 3457 5258 erat

1971 5321 1992 5353 ⁸
2028 5321 2147 5404 llari
2190 5324 2386 5404 itcr_um
2412 5342 2685 5383 consensu
2720 5330 2881 5385 iidem
2914 5348 3041 5386 mss.
3071 5332 3226 5399 Quid,
3271 5345 3449 5404 putas,

1901 5403 2006 5446 etc.
2030 5392 2249 5463 Graece,
2280 5397 2409 5463 ἄρα,
2446 5408 2552 5451 etc.

1974 5464 1995 5493 ⁵
2026 5462 2221 5542 linuse
2258 5462 2459 5519 nostris
2480 5483 2617 5542 mss.
2653 5481 2815 5538 atque
2844 5473 2981 5525 alter
3019 5473 3329 5529 (Irassensis
3362 5490 3457 5542 pe-

1903 5549 1999 5587 nes
2028 5533 2395 5613 filartianmum
2425 5555 2436 5587 :
2466 5539 2606 5607 facta
2629 5554 2702 5591 est
2726 5533 2969 5609 preside,
2997 5554 3105 5613 etc.
3159 5533 3372 5613 absque.
3422 5563 3454 5599 α

1904 5606 2191 5682 particula.
2220 5622 2383 5659 sensu
2406 5606 2584 5682 etiam
2607 5606 2957 5682 concinniore
2988 5612 3139 5678 juxta
3171 5606 3455 5682 Graecum,

1906 5676 2120 5739 εγέν-το
2152 5676 2574 5745 ἡγεμονεύοντος
2603 5678 2699 5747 τῆς
2730 5679 2927 5748 Συρίας
2955 5676 3256 5747 Κυρηνίου.
