3880 6168
470 344 576 408 647

1368 338 1429 400 S.
1466 330 1900 397 HlERONYMI
1942 334 2205 396 DIVINA
2240 333 2777 395 BlBLIOTHECA.
3550 354 3636 420 648

470 454 578 508 illis
614 451 681 506 de
705 463 874 518 puero
908 448 1028 501 hoc.
1064 447 1130 499 Et
1160 460 1375 509 omnes,
1408 450 1500 515 qui
1552 446 1870 509 audierunt,
1934 446 2031 500 mi-
2064 455 2101 510 Α
2137 456 2189 499 et
2217 462 2323 500 non
2356 456 2733 514 cognoverunt
2798 455 3058 516 parentes
3107 448 3244 519 ejus.
3312 453 3645 519 Existimantes

468 542 573 596 rati
608 549 738 593 sunt
770 555 785 592 :
818 550 873 592 et
906 539 973 592 de
1009 538 1092 590 bis
1123 552 1242 604 quae
1269 535 1413 589 dicta
1445 547 1603 589 erant
1629 553 1659 589 a
1719 537 2041 605 pastoribus

470 634 536 684 ad
563 634 731 699 ipsos.
778 630 939 681 Maria
976 638 1155 680 autem
1194 626 1555 680 conservabat
1620 630 1802 681 omnia
1865 629 2033 681 verba

473 726 605 782 haec.
630 721 918 774 coniciens
952 720 1004 770 in
1040 718 1205 769 corde
1236 733 1353 769 suo.
1421 718 1483 769 Et
1517 719 1722 771 reversi
1756 726 1884 770 sunt
1944 733 2037 785 pa-

468 822 647 867 stores
682 812 1043 878 gloriﬁcantes
1070 821 1125 862 et
1154 811 1434 862 laudantes
1460 810 1651 873 Deum,
1690 812 1745 863 in
1778 810 2034 865 omnibus

468 919 589 970 quae
620 902 925 964 audierant,
957 902 1304 965 etviderant,
1362 902 1503 953 sit-nt
1562 901 1768 954 dictum
1822 912 1907 954 est
1970 902 2033 953 ad

468 994 609 1048 illos.
650 993 714 1046 Et
743 1003 1027 1061 postquam
1060 992 1427 1045 consummati
1468 1001 1597 1045 sunt
1667 991 1785 1046 dies
1817 1008 1943 1046 octo
1977 1000 2036 1043 ut

468 1084 957 1138 circumeideretur
988 1100 1122 1151 puer
1152 1085 1168 1117 ⁸
1197 1101 1213 1140 :
1244 1094 1492 1138 vocatum
1521 1095 1607 1138 est
1668 1098 1863 1137 nomen
1917 1086 2035 1154 ejus

467 1176 650 1239 Jesus,
676 1176 819 1244 quod
859 1189 1108 1229 vocatum
1146 1188 1229 1230 est
1260 1177 1328 1230 ab
1375 1176 1566 1245 angelo
1629 1177 1946 1244 priusquam
1981 1178 2034 1229 in

472 1279 626 1321 utero
657 1267 1065 1335 conciperetur.
1102 1268 1164 1320 Et
1195 1279 1481 1335 postquam
1513 1268 1721 1335 impleti
1760 1278 1886 1320 sunt
1920 1269 2035 1321 dies

470 1356 818 1426 purgationis
846 1357 965 1426 ejus
1010 1358 1311 1410 secundum
1345 1358 1514 1425 legem
1562 1357 1754 1426 Moysi,
1792 1359 2037 1410 tulerunt

469 1449 622 1501 illum
663 1448 717 1500 in
751 1447 1081 1509 Jerusalem,
1144 1455 1203 1500 ut
1265 1446 1527 1500 sisterent
1590 1463 1715 1500 eum
1781 1447 2034 1523 Domino,

469 1540 612 1594 sicut
632 1539 892 1608 scriptum
923 1548 1006 1591 est
1036 1540 1089 1591 in
1114 1538 1231 1607 lege
1262 1538 1474 1592 Domini
1510 1558 1523 1589 :
1558 1538 1695 1603 Quia
1724 1554 1883 1592 omne
1928 1556 2039 1590 ina-

473 1630 743 1684 sculinum
774 1628 1099 1696 adaperiens
1128 1630 1343 1681 vulvam
1376 1638 1626 1682 sanztum
1662 1630 1888 1682 Domino
1938 1642 2036 1680 vo-

472 1722 709 1777 cabitur.
740 1720 806 1775 Et
825 1732 883 1775 ttt
917 1723 1111 1774 darent
1132 1722 1366 1775 hostiam
1402 1723 1702 1774 secundum
1745 1722 1889 1789 quod
1949 1721 2034 1773 di-

2135 548 2316 591 autem
2347 538 2496 590 illum
2529 553 2651 591 esse
2684 539 2737 590 in
2770 540 3056 603 comitatu,
3121 558 3380 601 venerunt
3416 550 3507 603 iter
3535 554 3644 617 diei,

2134 637 2190 678 et
2218 627 2571 693 requirebant
2608 630 2904 680 euntiuter
2962 641 3228 697 cognatos
3272 643 3320 685 et
3378 650 3537 693 notos.
3594 643 3646 697 Et

2137 732 2245 769 non
2276 718 2639 781 invenientes,
2672 719 2901 787 regressi
2928 728 3057 773 sunt
3082 721 3137 774 in
3161 722 3467 790 Jerusalem,
3494 735 3651 800 requi-

2138 818 2320 861 rentes
2351 809 2589 871 eum.,Et
2622 808 2822 862 factum
2860 822 2965 869 est,
3019 822 3141 877 post
3200 815 3426 868 triduum
3460 818 3649 874 iuvene-

2140 908 2265 952 runt
2302 900 2453 952 illum
2498 901 2549 953 in
2604 902 2827 970 templo,
2860 904 3141 955 sedentem
3214 904 3265 957 in
3302 908 3468 961 medio
3490 911 3651 964 docto-

2136 1008 2278 1059 rum,
2313 995 2626 1049 audientem
2658 995 2800 1056 illos,
2824 1004 2879 1049 et
2907 996 3327 1059 interrogantem
3354 1016 3459 1055 eos.
3484 1003 3567 1074 [γι.
3585 1007 3613 1058 2
3640 1008 3651 1076 1

2138 1084 2437 1152 Stupebant
2462 1094 2645 1138 autem
2665 1101 2856 1139 omnes
2911 1089 3004 1155 qui
3033 1104 3157 1140 eum
3187 1090 3473 1145 audiebant
3516 1111 3653 1163 super

2138 1174 2421 1243 prudentia
2454 1185 2511 1228 et
2552 1179 2830 1242 responsis
2878 1177 3015 1246 ejus.
3064 1178 3123 1231 Et
3161 1179 3400 1235 videntes
3441 1184 3652 1239 admirati

2137 1264 2499 1335 sunt.[v.l0.]
2528 1265 2591 1319 Et
2614 1266 2751 1320 dixit
2775 1280 2950 1319 mater
2968 1271 3086 1336 ejus
3106 1272 3170 1321 ad
3202 1272 3347 1325 illum
3386 1275 3527 1339 :Fili,
3551 1281 3654 1345 quid

2138 1356 2317 1409 fet-isti
2356 1362 2519 1410 nobis
2552 1359 2631 1410 sic
2653 1360 2674 1409 ‘l
2698 1374 2827 1411 ecce
2870 1371 3025 1427 pater
3064 1372 3188 1414 tuus
3215 1373 3270 1414 et
3326 1379 3419 1434 ego
3449 1368 3654 1421 dolentes

2138 1447 2515 1515 quaerebamus
2549 1457 2621 1501 te.
2648 1448 2710 1501 Et
2740 1450 2816 1504 ait
2845 1453 2909 1503 ad
2939 1451 3060 1504 illos
3088 1469 3100 1503 :
3140 1452 3283 1516 Quid
3322 1466 3402 1508 est
3426 1458 3554 1525 quod
3586 1476 3653 1512 me

2138 1539 2857 1606 qua'rebatisinesciebatis
2907 1544 3030 1609 quia
3072 1542 3123 1595 in
3166 1545 3272 1607 itis,
3342 1560 3456 1614 quae
3508 1547 3657 1601 Patris

2140 1628 2242 1679 mei
2278 1638 2431 1691 sunt,
2473 1638 2692 1693 Oportet
2717 1646 2801 1683 me
2828 1633 2993 1685 esse?
3027 1633 3093 1686 Et
3152 1634 3255 1703 ipsi
3288 1651 3392 1688 non
3423 1638 3661 1692 intellexe-

2140 1720 2511 1772 runtverbum
2548 1721 2693 1789 quod
2745 1721 2959 1775 locutus
2990 1734 3072 1776 est
3103 1724 3168 1777 ad
3200 1740 3318 1778 eos.
3355 1726 3416 1779 Et
3466 1727 3661 1780 descen-

473 1821 621 1867 ctum
651 1818 735 1865 est
769 1810 821 1863 in
856 1810 972 1877 lege
1006 1808 1237 1871 Domini,
1272 1826 1370 1878 par
1398 1820 1698 1874 turturuut,
1752 1821 1850 1864 aut
1899 1811 2039 1864 duos
2072 1796 2112 1850 Β
2142 1810 2219 1862 dit
2242 1825 2369 1864 cum
2402 1812 2503 1871 eis.
2536 1821 2591 1865 et
2616 1813 2764 1865 venit
2799 1815 2852 1865 in
2886 1813 3150 1867 Nazaretlt
3194 1830 3208 1868 :
3243 1826 3296 1869 et
3317 1827 3427 1870 erat
3453 1820 3662 1871 subditus

477 1904 656 1970 pullos
690 1901 1095 1957 columbarum.
1136 1901 1202 1954 Et
1240 1916 1367 1955 ecce
1400 1902 1562 1955 homo
1596 1913 1714 1956 erat
1736 1904 1788 1956 in
1817 1902 2043 1957 Jerusa-

476 1992 583 2047 lem
610 1992 696 2046 cui
728 2008 927 2045 nomen
967 1990 1214 2057 Simeon,
1241 2002 1298 2045 et
1331 1992 1495 2047 homo
1532 1994 1634 2047 iste
1658 1995 1860 2062 justus,
1889 2004 1943 2046 et
1976 1994 2043 2047 ti-

483 2092 750 2146 moratus,
778 2091 1103 2150 exspectans
1121 2082 1558 2135 consolationem
1588 2082 1777 2147 Israel,
1831 2092 1886 2136 et
1919 2082 2043 2151 Spi-

478 2172 617 2225 ritus
644 2181 865 2225 sanctus
895 2180 1014 2224 erat
1046 2173 1098 2224 in
1134 2187 1224 2227 eo.
1247 2172 1315 2225 Et
1347 2189 1670 2242 reSponsum
1705 2186 1988 2241 acceperat
2012 2190 2039 2227 a

478 2260 685 2329 Spiritu
721 2271 930 2327 sancto,
956 2277 1065 2314 non
1090 2262 1333 2315 visurum
1365 2276 1423 2315 se
1466 2272 1716 2329 inertem,
1753 2263 1854 2317 nisi
1889 2264 2044 2331 prius

481 2352 695 2405 videret
729 2352 1011 2405 Christum
1058 2353 1295 2404 Domini.
1356 2353 1421 2407 Et
1470 2355 1620 2408 venit
1673 2356 1725 2407 in
1759 2354 1953 2422 spiritu
1989 2354 2041 2407 in

480 2442 760 2510 templum.
798 2442 1000 2496 Etcum
1036 2444 1354 2497 imlucerent
1385 2458 1612 2511 puerum
1637 2443 1821 2499 Jesum
1851 2461 2047 2513 paren-

480 2544 563 2586 tes
584 2534 723 2602 ejus,
758 2542 810 2585 ut
843 2533 1085 2585 facerent
1108 2534 1407 2586 secundum
1434 2536 1886 2589 consuetudinem
1945 2552 2045 2606 pro

477 2638 545 2675 eo
580 2640 593 2674 :
629 2631 683 2675 et
721 2625 835 2690 ipse
868 2630 1077 2690 accepit
1112 2638 1235 2676 eum
1263 2624 1316 2676 in
1358 2625 1516 2679 ulnas
1562 2641 1711 2690 suas,
1766 2638 1820 2682 et
1880 2628 2047 2683 bette-

478 2712 619 2765 tli.\it
644 2713 831 2769 Deum.
857 2727 910 2766 et
941 2714 1079 2766 dixit
1115 2730 1127 2765 ε

478 2801 639 2855 Nunc
672 2803 901 2855 dimittis
932 2818 1147 2857 servmn
1201 2814 1375 2872 tuum,
1430 2806 1682 2871 Domine.
1746 2807 2044 2895 secundum

553 2895 774 2947 verbum
806 2904 957 2946 tuum
998 2895 1047 2946 iii
1080 2911 1209 2962 pace
1239 2912 1254 2948 :
1986 2900 1996 2915 ’

481 2982 617 3045 Quia
648 2984 898 3035 \‘i.lcruut
924 2984 1061 3035 oculi
1089 2985 1193 3037 mei
1243 2986 1483 3041 salutare
1516 2996 1713 3044 tuum:

481 3072 634 3134 Quod
672 3073 873 3138 parasti
907 3081 1031 3124 ante
1054 3074 1243 3125 faciem
1280 3076 1521 3127 omnium
1554 3078 1914 3143 p0pulorum;

484 3159 691 3213 Lumen
726 3162 789 3213 ad
826 3164 1210 3217 revelatiouem
1232 3165 1499 3233 gentium,
1522 3176 1577 3219 et
1608 3168 1835 3235 gloriam
1868 3167 2043 3235 plebis

556 3264 659 3305 tua:
682 3254 866 3306 Israel.

546 3367 613 3420 Et
644 3377 799 3419 erant
831 3376 982 3436 pater
1006 3370 1123 3437 ejus
1151 3378 1204 3422 et
1233 3380 1405 3423 mater
1433 3371 1691 3424 mirantes
1744 3373 2039 3439 superbis,

479 3474 599 3526 qua:
624 3458 945 3511 dicebautur
966 3460 1032 3512 de
1057 3462 1171 3512 illo.
1206 3462 1270 3512 Et
1320 3462 1603 3515 benedixit
1653 3463 1758 3515 illis
1799 3464 2040 3525 Simeon,

478 3560 533 3601 et
571 3548 794 3601 dixitad
832 3549 1053 3602 Mariam
1088 3562 1314 3604 matrem
1340 3553 1499 3621 ejus:
1544 3551 1679 3604 Ecce
1703 3564 1911 3619 positus
1962 3562 2045 3604 est

482 3644 573 3693 llic
601 3645 651 3693 in
689 3644 926 3705 ruinam,
956 3652 1009 3694 et
1043 3644 1095 3694 iti
1147 3647 1601 3697 resurrectionem
1649 3646 1941 3697 multorum
1992 3647 2042 3697 in

481 3732 648 3784 Israel
687 3748 701 3785 :
742 3745 791 3786 et
820 3734 1113 3801 insignum
1156 3739 1238 3787 cui
1294 3738 1696 3789 contradicetur

480 3822 650 3889 ipsius
684 3824 919 3876 animam
955 3828 1317 3892 pertt'ansibit
1352 3828 1584 3894 gladius,
1639 3841 1697 3881 ut
1731 3832 2043 3884 revelentur

478 3931 542 3965 ex
581 3914 767 3966 multis
789 3916 1044 3968 eortiibus
1074 3918 1451 3984 cOgitatioues.
1489 3918 1689 3972 Eterat
1732 3922 1889 3973 Anna
1918 3938 2042 3989 pro-

480 4006 741 4070 phetissa,
769 4006 873 4057 lilia
906 4006 1145 4059 l’banuel
1169 4008 1236 4060 de
1271 4010 1411 4061 tribu
1440 4010 1574 4062 Aser
1605 4026 1620 4064 :
1650 4012 1763 4064 haec
1826 4027 2045 4079 proces-

477 4108 622 4148 serat
663 4097 934 4150 indiebns
976 4099 1179 4159 multis,
1235 4109 1286 4151 et
1354 4101 1561 4151 vixerat
1611 4118 1733 4155 com
1797 4104 1913 4155 viro
1945 4119 2043 4156 suo

478 4188 638 4239 annis
672 4203 875 4256 septem
918 4205 944 4239 a
985 4191 1292 4257 virginitate
1343 4207 1467 4255 sua,
1502 4204 1559 4245 et
1587 4193 1698 4245 haec
1732 4195 1890 4245 vidua
1952 4210 2042 4247 us-

479 4295 584 4345 que
613 4279 676 4331 ad
712 4295 884 4334 annos
914 4283 1184 4346 octoginta
1209 4292 1441 4349 quatuor
1471 4300 1485 4334 :
1522 4300 1641 4351 quae
1673 4301 1775 4335 non
1799 4287 2042 4340 ὠδυνήθ-

479 4370 571 4423 bat
610 4373 677 4424 de
718 4373 939 4439 templo,
996 4374 1219 4443 jejuniis
1292 4385 1345 4428 et
1399 4376 1875 4429 obsecrationibus
1929 4394 2041 4430 Ser-

1750 3754 1763 3790 Ξ
1799 3747 1851 3789 cl
1897 3752 2061 3789 tuamt

2147 1899 2273 1954 illis.
2307 1901 2371 1954 Et
2400 1911 2572 1955 mater
2603 1903 2723 1971 ejus
2754 1906 3120 1958 conservabat
3172 1907 3353 1960 omnia
3408 1909 3554 1961 verba
3575 1908 3663 1960 ha-c

2145 1992 2200 2046 in
2235 1993 2403 2047 corde
2423 2008 2555 2046 suo.
2583 1995 2649 2047 Et
2707 1994 2867 2050 Jesus
2936 1996 3260 2066 proficiebat
3301 2000 3574 2067 sapientia,
3619 2016 3664 2052 et

2143 2095 2326 2149 aetate,
2369 2095 2422 2139 et
2449 2088 2622 2154 gratia
2651 2087 2792 2155 apud
2824 2087 2992 2142 Deum
3037 2101 3092 2143 et
3119 2091 3389 2146 homines.

2224 2176 2381 2247 [Cap.
2423 2177 2509 2231 III.
2563 2194 2637 2241 vt,
2695 2178 2776 2249 5.]
2834 2180 2993 2235 Anno
3051 2194 3237 2237 autem
3299 2186 3666 2253 quintodecimo

2147 2264 2361 2336 imperii
2393 2267 2599 2321 Tiberii
2627 2267 2878 2333 Czesaris,
2908 2285 3246 2339 procurante
3284 2275 3470 2329 Pontio
3529 2277 3668 2329 Pilati

2144 2358 2382 2412 Judaeam
2420 2361 2690 2413 tetrarclta
2713 2371 2893 2415 autem
2914 2364 3149 2418 Galilseae
3173 2366 3407 2430 llerode,
3440 2367 3665 2435 Philippo

2146 2459 2327 2502 autem
2364 2450 2531 2504 fratre
2566 2452 2682 2517 ejus
2732 2456 3008 2507 tetrarelta
3067 2457 3298 2523 lturtem,
3322 2470 3376 2512 et
3404 2460 3668 2513 Trachoni-

2150 2544 2277 2595 Iidis
2304 2545 2559 2613 regionis,
2597 2556 2653 2597 et
2679 2546 2913 2616 Lysania
2982 2550 3219 2605 Abilina:
3279 2556 3555 2617 tetrarclia,
3585 2557 3667 2606 sub

2149 2636 2491 2704 principibus
2517 2642 3037 2695 sacerdotumAnna
3092 2653 3145 2695 et
3194 2644 3444 2713 Caiplta;
3502 2646 3670 2699 lacttnn

2145 2737 2228 2780 est
2260 2727 2485 2780 verbum
2516 2728 2726 2781 Domini
2758 2746 2922 2799 super
2954 2731 3222 2788 Joannem
3250 2777 3265 2800 ,
3311 2735 3564 2789 Zacliaria:
3620 2736 3673 2787 £-

2147 2818 2300 2885 lium,
2328 2819 2382 2873 in
2411 2821 2647 2874 deserto.
2683 2821 2799 2893 [vu,
2848 2822 2925 2893 l]
2966 2824 3029 2876 Et
3075 2829 3230 2880 venit
3274 2830 3326 2879 iit
3356 2844 3555 2881 omnem
3604 2844 3673 2878 rr-

2146 2910 2362 2978 gionem
2385 2909 2636 2966 Jordattis
2668 2916 2973 2982 prtedicaus
3007 2918 3343 2986 baptismum
3378 2920 3674 2987 paenitentia:

2148 3003 2203 3055 in
2238 3007 2613 3059 remissionem
2649 3022 3017 3076 peccatorum,
3052 3016 3198 3067 sicut
3244 3018 3501 3085 Scriptum
3538 3018 3673 3069 estin

2151 3095 2291 3147 libro
2316 3112 2629 3150 sermonum
2660 3100 2810 3154 lsaia:
2867 3106 3193 3171 prophetm:
3265 3108 3378 3161 Vox
3426 3110 3675 3163 clamantis

2152 3185 2203 3237 in
2243 3189 2498 3239 deserto:
2567 3191 2757 3244 Parate
2789 3195 2927 3246 viam
2995 3197 3258 3251 Domini:
3324 3209 3492 3254 rectas
3544 3200 3677 3253 facile

2148 3280 2366 3331 semitas
2397 3283 2769 3347 ejus:omnis
2814 3287 2968 3340 vallis
3028 3290 3356 3357 implebitur
3418 3308 3432 3344 :
3486 3302 3532 3345 et
3578 3307 3675 3343 om-

2149 3369 2233 3422 nis
2266 3386 2421 3423 mons
2454 3382 2507 3424 et
2552 3376 2704 3427 collis
2748 3376 3124 3432 liutniliabitur
3158 3399 3172 3435 :
3207 3390 3263 3435 et
3291 3391 3446 3435 erunt
3468 3398 3611 3451 prava
3637 3391 3680 3433 t't

2147 3460 2375 3523 directa,
2401 3472 2453 3512 et
2476 3478 2664 3529 aspera
2701 3466 2752 3516 in
2792 3467 2907 3517 vias
2933 3469 3120 3533 planas
3164 3488 3178 3523 :
3212 3481 3269 3524 et
3300 3473 3499 3526 videbit
3528 3473 3678 3523 omnis

2148 3566 2277 3602 caro
2296 3553 2533 3607 salutare
2562 3554 2679 3610 Dei.
2724 3555 2869 3626 [vnn
2905 3558 2981 3629 5.]
3018 3560 3239 3617 Dicebat
3262 3580 3391 3631 ergo
3422 3562 3483 3615 ad
3518 3563 3677 3615 turbas

2147 3658 2267 3708 quae
2302 3646 2542 3707 exibant,
2583 3658 2637 3699 tit
2671 3650 3085 3715 baptizarentur
3120 3655 3191 3708 ab
3229 3656 3347 3722 ipso
3381 3672 3394 3707 :
3428 3656 3675 3707 C(‘nilltlliu

2148 3732 2481 3798 viperarum,
2538 3736 2663 3801 quis
2704 3738 2943 3791 ostendit
2984 3741 3136 3797 vobis
3180 3742 3378 3807 fugere
3419 3758 3447 3795 a
3484 3750 3678 3796 ventura

2146 3822 2263 3876 ira?
2290 3824 2469 3877 Facite
2499 3840 2627 3891 ergo
2682 3830 2893 3881 fructus
2921 3829 3116 3898 dignos
3163 3834 3518 3899 pmnitentiaz.
3559 3842 3606 3883 et
3629 3846 3680 3881 με

2148 3918 2424 3983 coeperitis
2484 3917 2670 3970 dicere
2722 3933 2735 3973 :
2804 3919 3019 3973 l'atrem
3083 3922 3359 3978 habt-mus
3420 3922 3679 3976 Abraham.

2148 4004 2278 4057 Dico
2307 4007 2453 4058 enim
2490 4008 2663 4072 vobis,
2704 4008 2830 4075 quia
2861 4018 3058 4076 potens
3121 4024 3208 4065 est
3252 4014 3393 4065 Deus
3422 4015 3486 4067 de
3519 4014 3683 4081 lapidi-

2147 4098 2385 4150 bosistis
2406 4100 2671 4151 suscitare
2700 4100 2841 4152 ﬁlios
2877 4103 3127 4156 Abrabte.
3157 4102 3282 4157 Jam
3315 4107 3457 4159 enim
3496 4105 3679 4157 securis

2146 4189 2211 4238 ad
2243 4188 2481 4240 radicem
2520 4191 2777 4243 arborum
2814 4195 2986 4259 posita
3023 4204 3127 4246 est.
3167 4195 3364 4247 Omnis
3395 4212 3516 4264 ergo
3546 4195 3683 4245 arbor

2150 4293 2252 4328 non
2291 4277 2496 4332 faciens
2519 4280 2754 4333 fructum
2782 4282 3001 4343 bonum,
3023 4284 3336 4347 excidetur,
3360 4295 3414 4338 et
3444 4288 3494 4337 in
3530 4287 3681 4350 ignem

2149 4372 2419 4424 mittetur.
2480 4370 2577 4441 [εκ.
2638 4371 2749 4439 l0.]
2782 4373 2845 4426 Et
2892 4374 3306 4445 interrogabant
3350 4393 3471 4430 eum
3519 4378 3685 4431 tarbu.

479 4466 631 4514 viens
668 4474 826 4515 nocte
873 4479 934 4515 ac
990 4464 1099 4515 die.
1140 4466 1203 4515 Et
1248 4466 1381 4527 haec,
1441 4466 1554 4530 ipsa
1605 4468 1734 4519 liora
1777 4483 2026 4535 superve-
2072 4466 2114 4517 D
2147 4466 2391 4516 tlitetttes
2430 4479 2443 4517 :
2479 4464 2621 4527 Quid
2646 4480 2775 4533 ergo
2813 4465 3113 4519 faciemus?
3144 4470 3506 4536 lteslioudens
3531 4478 3683 4518 autem

478 4552 655 4614 uicus,
688 4554 1053 4605 confitebatur
1088 4555 1317 4607 Domino
1353 4574 1365 4609 :
1400 4568 1454 4610 et
1489 4559 1816 4625 loquebatur
1839 4561 1905 4611 de
1946 4561 2039 4611 illo

478 4647 753 4708 Omnibus,
784 4648 879 4713 qui
910 4655 1303 4713 exspectabant
1356 4650 1778 4715 redemptionem
1813 4651 2039 4703 lsrael’.

480 4735 541 4785 Et
573 4745 631 4786 ut
657 4737 1007 4803 perfecerunt
1040 4739 1221 4788 omnia
1261 4740 1560 4791 secundum
1605 4742 1774 4808 legem
1799 4741 2037 4805 Domini,

480 4828 921 4880 reVersisuutin
985 4826 1263 4881 Galilaeam
1322 4830 1373 4881 in
1418 4830 1694 4884 civitatem
1746 4832 2036 4886 Nazaretlt.

477 4916 617 4968 Ptiet'
642 4926 821 4969 autem
854 4919 1136 4972 crescebat
1158 4929 1211 4974 et
1257 4920 1685 4983 cool‘ortabatur,
1728 4926 1921 4991 plenus
1952 4940 2040 4977 sa-

473 5006 677 5074 pientia
711 5024 726 5059 :
754 5019 803 5060 et
835 5012 1006 5077 gratia
1042 5009 1131 5063 Dei
1158 5019 1277 5063 erat
1304 5011 1358 5063 in
1391 5011 1505 5065 illo.
1535 5011 1599 5064 Et
1650 5013 1805 5065 ibant
1828 5029 2033 5081 paren-

474 5110 555 5153 tes
584 5101 702 5169 ejus
736 5118 828 5168 per
851 5118 1038 5156 omnes
1065 5118 1237 5157 annos
1261 5106 1314 5159 in
1374 5104 1702 5168 Jerusalem,
1751 5108 1803 5159 in
1836 5108 1925 5159 die
1949 5122 2040 5159 so-

475 5190 640 5243 lemni
674 5193 915 5247 Pasebas.
954 5194 1019 5247 Et
1044 5209 1165 5247 cum
1192 5196 1365 5250 factus
1427 5206 1573 5250 esset
1597 5212 1866 5251 annorum
1896 5198 2036 5249 duo-

476 5282 672 5342 decim,
701 5283 1125 5337 ascendentibus
1149 5286 1256 5339 illis
1287 5287 1717 5356 Hierosolymam
1737 5288 2036 5341 secundum

475 5372 928 5427 consuetudinem
956 5375 1058 5426 diei
1093 5376 1241 5441 festi,
1280 5378 1784 5447 consuntmatisque
1820 5379 2034 5444 diebus,

475 5475 596 5512 cum
634 5462 900 5529 redirent,
934 5465 1196 5519 remansit
1226 5480 1361 5533 puer
1423 5463 1585 5519 Jesus
1618 5467 1669 5517 in
1727 5464 2037 5519 Jerusalem

548 5595 569 5666 ‘_
592 5592 735 5666 Istud
770 5612 896 5661 puer
927 5612 1143 5662 nomen,
1162 5598 1300 5666 quod
1332 5600 1382 5652 in
1408 5598 1610 5653 Graecis
1636 5598 1877 5651 melioris
1898 5609 2040 5652 notae

475 5662 755 5713 codicibus
793 5665 1151 5737 desideratur,
1179 5662 1261 5719 'iu
1317 5686 1424 5720 uno
1480 5669 1697 5737 lit-gina:
1746 5683 1846 5719 ms.
1885 5684 2038 5734 pror-

473 5739 567 5778 Sus
600 5743 704 5779 non
734 5743 835 5795 cst;
872 5736 922 5784 iit
949 5730 1120 5791 altero
1167 5740 1424 5791 secitndis
1452 5730 1600 5791 euri:
1635 5748 1717 5790 est
1766 5730 2030 5790 addi—tum.

2151 4555 2367 4605 (licebat
2420 4555 2528 4606 illis
2560 4572 2572 4607 :
2612 4558 2713 4618 Qui
2744 4556 2905 4609 liabet
2932 4559 3066 4609 duas
3100 4562 3340 4622 tunicas,
3375 4562 3463 4612 det
3489 4575 3581 4610 non
3608 4559 3686 4607 Ιιςι·

2152 4644 2297 4696 benti
2329 4660 2343 4700 :
2368 4654 2421 4697 et
2451 4646 2541 4712 qui
2564 4646 2727 4699 liabet
2755 4663 2929 4710 escas,
2956 4650 3206 4704 similiter
3232 4652 3415 4703 faciat.
3451 4649 3685 4703 Venerunt

2152 4744 2329 4785 autem
2364 4742 2418 4785 et
2459 4735 2758 4803 publicani,
2797 4747 2854 4788 ut
2910 4739 3429 4806 baptizarentur,et
3461 4741 3687 4791 dixerunt

2146 4825 2214 4873 ad
2244 4824 2394 4875 illum
2423 4822 2753 4892 :-Magisler,
2800 4826 2931 4892 quid
2995 4828 3305 4881 faciemus?
3362 4833 3431 4883 At
3455 4830 3538 4881 ille
3574 4829 3685 4877 dixi

2148 4918 2212 4968 ad
2244 4916 2559 4969 eos-:Niltil
2616 4920 2874 4985 amplius,
2931 4934 3091 4987 quam
3153 4924 3307 4989 quod
3361 4922 3684 4976 constitution

2147 5019 2230 5058 εει
2256 5008 2432 5071 vobis,
2499 5006 2733 5063 faciatis.
2791 5011 3205 5079 lnterrogabant
3254 5024 3581 5066 autemeunt
3643 5020 3685 5057 rt

2150 5098 2370 5161 milites,
2403 5098 2693 5153 dicentes:
2733 5100 2873 5166 Quid
2928 5102 3192 5157 faciemus
3251 5118 3307 5159 et
3339 5105 3471 5159 nos?
3523 5104 3580 5155 Et
3626 5103 3687 5152 ait

2150 5190 2256 5242 illis
2288 5206 2302 5240 :
2332 5190 2613 5244 Neminem
2636 5195 2988 5257 concutiatis,
3044 5212 3227 5264 neque
3262 5198 3585 5250 calumniam
3617 5198 3684 5245 fa-

2149 5282 2311 5333 ciatis
2344 5298 2357 5333 :
2398 5289 2451 5333 et
2488 5285 2729 5336 contenti
2766 5294 2939 5340 estote
3000 5289 3301 5355 stipendiis
3334 5289 3543 5343 vestris.
3583 5286 3685 5338 Eti-

2147 5382 2401 5423 stttnante
2429 5382 2611 5425 autem
2644 5377 2865 5441 populo,
2924 5387 2980 5430 et
3044 5379 3424 5449 cogitantibus
3453 5377 3683 5431 omnibus

2148 5459 2203 5511 in
2234 5462 2491 5515 cordibus
2519 5464 2635 5516 suis
2688 5466 2752 5516 de
2800 5464 3007 5519 Joanne
3074 5482 3140 5521 ne
3210 5468 3356 5521 forte
3393 5470 3502 5537 ipse
3560 5475 3685 5520 esset

2218 5598 2237 5627 '
2264 5595 2375 5671 Pro
2400 5595 2589 5663 Israel,
2629 5602 2679 5653 in
2712 5602 2918 5671 nostris
2956 5617 3086 5655 mss.
3124 5601 3433 5657 Jerusalem
3491 5602 3678 5671 legitur,

2146 5668 2603 5745 guetttadmodunt
2632 5683 2685 5726 et
2707 5670 2908 5726 Graecis
2941 5674 3213 5741 plerisque
3241 5677 3400 5729 litris
3437 5668 3682 5742 Ἱερῖλυςι·

2150 5757 2167 5784 Ι
2186 5756 2280 5804 ημ-
