3920 6180
187 414 284 477 649
1294 405 1803 475 EVANGELIUM
1842 405 1995 474 SEC.
2040 404 2323 473 LUCAM.
3316 399 3432 467 650

186 524 469 583 Christus:
507 524 791 594 respondit
821 524 1083 589 Joannes,
1120 524 1309 580 dicens
1358 527 1633 581 omnibus.
1670 524 1752 598 [x,
1784 536 1828 588 Α
1859 535 2019 580 terra:
2042 527 2095 579 in
2130 534 2406 578 momento
2438 520 2719 592 temporis,
2750 528 2807 575 et
2837 520 2914 576 ait
2965 519 3041 574 illi
3075 517 3240 573 :Tibi
3294 518 3435 575 dabo

190 617 262 693 l.]
296 618 407 687 Ego
435 618 658 687 quidem
709 632 851 686 aqua
913 616 1132 685 baptizo
1185 632 1323 673 vos:
1370 618 1549 672 veniet
1576 628 1755 671 autem
1863 626 2192 683 potestatem
2226 617 2365 669 banc
2394 615 2730 676 universam,
2762 622 2818 669 et
2874 612 3100 681 gloriam
3168 609 3384 663 illorum
3418 626 3435 664 :

189 711 381 766 fortior
413 726 516 772 me,
552 711 711 780 cujus
744 725 850 763 non
881 723 1003 764 sum
1057 708 1255 778 dignus
1313 710 1526 763 solvere
1588 711 1758 764 corri-
1862 708 1987 778 quia
2016 707 2149 761 mihi
2179 705 2379 759 tradita
2404 713 2572 768 sunt;
2610 713 2664 757 et
2724 702 2813 757 cui
2868 701 3013 763 volo,
3076 699 3146 753 do
3178 698 3291 752 illa.
3347 694 3430 751 Tu

188 802 323 871 giarn
362 799 861 853 calceamentorum
905 797 1030 866 ejus
1071 813 1087 853 :
1127 797 1248 865 ipse
1294 812 1391 850 vos
1452 795 1757 864 baptizabit
1860 815 1991 872 ergo
2023 800 2067 854 si
2093 797 2409 853 adoraveris
2440 810 2630 849 coram
2673 800 3085 857 me,erunttua
3133 791 3339 846 omnia.
3372 788 3439 844 Et

189 893 239 946 in
263 891 468 961 Spiritu
496 898 682 943 saneto
707 898 762 943 et
791 888 920 957 igni.
949 888 1070 959 lxi,
1094 888 1177 960 5.}
1206 886 1375 958 Cujus
1392 887 1757 941 ventilabrum
1865 891 2200 960 respondens
2228 889 2409 952 Jesus,
2441 886 2579 941 dixit
2607 884 2682 940 illi
2712 902 2727 939 :
2784 882 3060 951 Scriptum
3082 892 3169 936 est
3201 900 3215 934 :
3248 880 3435 934 Domi-

190 986 240 1037 in
278 996 442 1035 manu
473 981 614 1047 eius.
640 989 695 1035 et
730 982 985 1050 purgauit
1012 995 1195 1033 aream
1226 986 1476 1040 snam.ct
1514 992 1753 1047 congre-
1865 999 1993 1035 num
2018 982 2039 1011 ²
2072 992 2223 1035 tuum
2251 978 2527 1044 adorabis,
2549 988 2605 1033 et
2645 975 2722 1030 illi
2783 976 2884 1030 soli
2914 973 3142 1029 servies.
3178 972 3240 1026 Ει
3267 973 3426 1025 duxit

190 1075 326 1143 gabit
354 1073 597 1127 triticum
639 1071 695 1124 in
753 1072 1016 1124 horreum
1080 1085 1265 1134 suum,
1333 1069 1517 1137 paleas
1569 1078 1757 1121 autem
1864 1076 2014 1129 illum
2044 1075 2099 1129 in
2136 1072 2463 1134 Jerusalem,
2490 1080 2545 1125 et
2603 1070 2794 1125 Statuit
2824 1082 2947 1123 eum
2994 1081 3161 1136 super
3201 1066 3423 1135 pinnam

191 1165 472 1218 comburet
498 1165 608 1233 igni
664 1160 1122 1229 inexstinguibili.
1183 1160 1346 1213 Multa
1414 1157 1640 1227 quidem
1702 1167 1760 1212 et
1866 1166 2076 1235 templi,
2109 1174 2166 1219 et
2196 1166 2228 1218 d
2259 1165 2339 1217 xit
2372 1163 2447 1217 illi
2483 1162 2580 1232 :qSi
2612 1156 2782 1216 Filius
2819 1158 2910 1213 Dei
2933 1174 3013 1219 es,
3031 1158 3184 1212 mitte
3220 1168 3271 1211 te
3307 1157 3437 1211 hinc

195 1254 293 1307 alia
329 1254 626 1305 θιδοηθπί
656 1250 1066 1320 evangelium!
1098 1249 1321 1319 ΡοΡυῙΟ·
1358 1251 1493 1318 (mi
1525 1247 1606 1317 2-)
1650 1247 1759 1302 "3'
1864 1260 2144 1314 deorsum.
2190 1256 2470 1325 Scriptum
2538 1262 2621 1308 est
2649 1251 2800 1306 enim
2844 1251 2991 1319 quod
3047 1248 3260 1318 angelis
3326 1251 3443 1302 suis

194 1345 347 1397 rudes
377 1352 561 1396 autem
585 1344 885 1406 tetrarclia,
919 1357 1045 1396 cum
1064 1341 1446 1408 ,corriperetur
1466 1341 1535 1393 ab
1568 1339 1660 1392 illo
1694 1341 1760 1394 de

1892 1346 2140 1401 nandavit
2178 1347 2245 1401 de
2280 1357 2354 1410 te,
2386 1357 2443 1400 ut
2475 1352 2808 1400 conservent
2841 1351 2892 1395 te
2928 1357 2943 1394 :
2975 1348 3031 1394 et
3064 1341 3189 1408 quia
3224 1339 3278 1392 in
3330 1355 3444 1392 ma-

195 1435 495 1491 lierodiadc
525 1450 693 1490 uxore
726 1434 921 1490 fratris
951 1436 1060 1497 sui,
1089 1442 1144 1488 et
1176 1433 1245 1487 de
1310 1432 1571 1487 omnibus
1601 1433 1757 1487 malis
1863 1440 2027 1494 nibus
2061 1440 2253 1493 tollent
2287 1451 2361 1503 te,
2389 1454 2459 1492 ne
2490 1437 2630 1491 forte
2688 1432 2933 1489 oliendas
2959 1432 3029 1487 ad
3075 1432 3311 1501 lapidem
3345 1447 3439 1499 pe-

190 1546 304 1598 quaa
334 1530 464 1583 fecit
490 1527 752 1593 llerodes,
807 1528 1011 1598 adjecit
1071 1536 1126 1581 et
1153 1526 1259 1579 hoc
1279 1539 1445 1593 super
1479 1525 1684 1591 omnia,
1707 1534 1762 1579 et

1892 1533 1988 1587 lem
2020 1542 2194 1586 tuum.
2238 1531 2305 1585 Et
2366 1522 2708 1599 respondens
2736 1527 2915 1589 Jesus,
2966 1525 3042 1578 ait
3067 1524 3144 1578 illi
3189 1523 3439 1579 :Dictum

193 1622 407 1675 inclusit
428 1622 688 1675 Joannem
716 1620 769 1673 in
811 1635 1063 1675 carcere.
1118 1617 1266 1689 [xm,
1295 1616 1374 1689 1.]
1405 1617 1627 1671 Factum
1676 1626 1762 1671 est
1864 1631 1948 1676 est
1990 1639 2005 1677 :
2032 1621 2152 1685 Non
2184 1622 2420 1677 tentabis
2474 1620 2765 1675 Dominum
2791 1619 2964 1672 Deum
2996 1625 3173 1669 tuum.
3208 1614 3276 1668 Et
3307 1630 3440 1668 con-

192 1722 369 1766 antem
406 1730 530 1766 cum
567 1713 941 1781 baptiraretur
994 1714 1177 1765 omnis
1249 1711 1505 1779 popuius,
1544 1720 1597 1764 et
1627 1709 1758 1763 Jesu
1865 1722 2136 1767 summata
2167 1713 2315 1767 omni
2383 1713 2709 1776 tentatione,
2774 1708 3027 1765 diabolus
3089 1706 3319 1761 recessit
3374 1706 3443 1758 ab

195 1805 481 1873 baptizato,
504 1813 558 1856 et
597 1812 815 1865 orante,
838 1812 1086 1872 apertum
1118 1812 1202 1854 est
1224 1801 1423 1854 ctelum
1463 1817 1475 1853 :
1548 1809 1603 1853 et
1668 1799 1763 1853 de-
1803 1868 1831 1874 λ
1868 1802 1961 1857 illo
2004 1804 2252 1872 adusque
2274 1813 2512 1872 tempus.
2567 1800 2825 1874 [xvn,l.]
2867 1800 3330 1870 Etregressusest
3354 1795 3448 1851 Je-

195 1895 406 1947 sccndit
468 1894 706 1962 Spiritus
738 1903 959 1947 sanctus
994 1891 1261 1961 corporali
1288 1891 1468 1959 specie
1501 1890 1639 1945 sicut
1670 1906 1762 1945 co-
1799 1868 1841 1921 Β
1868 1896 2039 1955 sus.in
2060 1895 2265 1948 virtute
2282 1893 2989 1963 SpiritnsinGalilaam,et
3012 1893 3157 1947 fatua
3189 1892 3321 1946 exiit
3354 1905 3450 1960 per

199 1987 375 2039 tumba
403 1986 454 2038 in
492 1987 667 2055 ipsum
711 1994 806 2040 :et
848 2001 953 2037 vox
980 1986 1044 2039 de
1075 1984 1217 2038 ccelo
1244 1982 1386 2036 facta
1418 1991 1499 2035 est
1538 1997 1552 2034 :
1589 1980 1669 2034 Tu
1704 1996 1763 2036 es

199 2076 369 2131 Filius
398 2094 554 2133 meus
582 2080 843 2144 dilectus,
886 2080 940 2132 in
975 2089 1027 2132 te
1087 2076 1397 2147 complacni
1428 2076 1586 2129 mihi.
1622 2077 1760 2146 μιν,

198 2169 271 2240 5.]
302 2170 365 2222 Et
398 2171 514 2237 ipse
546 2169 710 2224 Iesus
751 2178 869 2223 erat
890 2170 1159 2238 incipiens
1185 2169 1339 2238 quasi
1363 2178 1630 2221 annorum
1670 2166 1765 2220 tri~

198 2261 364 2328 ginta,
402 2273 461 2313 ut
500 2261 813 2329 putabatur,
846 2259 991 2313 ﬁlius
1013 2259 1234 2328 Joseph,
1265 2258 1357 2327 qui
1382 2259 1485 2310 l'uit
1507 2256 1649 2322 Heli,
1672 2258 1764 2325 qui

199 2352 303 2404 iuit
330 2351 556 2415 hiathat,
590 2354 685 2421 qui
714 2352 820 2407 fuit
853 2352 1006 2417 Levi,
1040 2352 1131 2423 qui
1159 2352 1264 2407 fuit
1284 2351 1505 2416 Melcbi,
1537 2352 1629 2421 qui
1659 2349 1766 2404 luit

197 2445 391 2508 latine,
421 2448 513 2517 qui
542 2445 645 2501 fuit
667 2446 898 2516 Ioseph,
919 2446 1015 2516 qui
1051 2444 1157 2500 fuit
1214 2444 1516 2510 Mathatiai,
1552 2443 1649 2515 qui
1670 2440 1771 2498 fuit

199 2542 385 2604 Amos,
409 2541 501 2608 qui
532 2539 631 2594 fuit
663 2538 900 2605 Nahum,
960 2539 1057 2608 qui
1125 2538 1229 2592 luit
1284 2537 1458 2602 llesli,
1504 2538 1599 2608 qui
1664 2537 1772 2592 fult

200 2629 401 2701 Nagge,
434 2631 526 2700 qui
552 2630 658 2685 fuit
698 2631 940 2694 Mabatb,
970 2631 1066 2700 qui
1126 2629 1231 2685 fuit
1278 2629 1613 2694 Matltatbize,
1675 2629 1770 2697 qui

174 2714 304 2778 ‘i’uit
338 2724 538 2787 Semei,
577 2725 671 2793 qui
708 2724 812 2778 fuit
841 2722 1065 2792 Ioseph,
1098 2724 1191 2792 qui
1228 2722 1332 2776 fuit
1360 2721 1519 2786 Juda,
1548 2722 1643 2790 qui
1668 2719 1773 2775 fuit

201 2815 475 2880 Johanna,
504 2816 599 2884 qui
634 2814 736 2868 fuit
768 2816 930 2879 Besa,
950 2814 1043 2880 qui
1068 2814 1172 2868 fuit
1198 2810 1519 2875 Zorobabel,
1547 2813 1639 2881 qni
1669 2810 1775 2865 fuit

205 2905 607 2976 Salatbiel,qni
634 2906 741 2961 fuit
796 2905 948 2972 Neri,
982 2908 1073 2976 qni
1109 2906 1210 2960 fuit
1265 2904 1483 2967 Melchi,
1540 2904 1635 2974 qui
1670 2901 1776 2957 fuit

204 2999 365 3059 Addi,
396 2999 488 3067 qui
512 2999 616 3053 fuit
652 2998 853 3066 Cosan,
910 2998 1135 3069 quil‘uit
1194 2997 1607 3065 Elmadan,qui
1674 2995 1779 3049 fuit

209 3090 339 3156 ller,
369 3092 463 3160 qui
506 3090 610 3144 fuit
636 3090 785 3155 Jesu,
815 3092 906 3160 qui
941 3090 1040 3144 luit
1075 3088 1304 3149 Eliezer.
1326 3090 1417 3157 qui
1453 3088 1554 3141 fuit
1583 3084 1778 3153 Jorim,

205 3186 300 3252 qui
329 3182 433 3237 fuit
474 3183 698 3250 Matliat,
742 3184 833 3254 qui
868 3181 971 3237 l‘uit
1001 3183 1153 3247 Levi,
1212 3182 1305 3253 qui
1369 3182 1467 3236 fuit
1531 3181 1776 3247 Simeon,
1806 3208 1850 3266 ο
1883 3181 2031 3235 oculi
2064 3191 2225 3234 erant
2246 3179 2600 3234 intendentes
2628 3181 2681 3233 in
2719 3196 2843 3235 eum

205 3274 298 3340 qui
352 3272 457 3327 fuit
496 3272 658 3338 Juda,
718 3275 812 3344 qui
876 3274 979 3327 l'uit
1026 3273 1254 3342 Josepb,
1305 3273 1399 3343 qui
1461 3271 1564 3327 fuit
1618 3270 1775 3336 Jona,

207 3367 301 3432 qui
330 3366 433 3419 fuit
462 3364 715 3429 Eliakim,
752 3366 844 3435 qui
876 3364 980 3420 fuit
1010 3364 1201 3429 Meles,
1252 3365 1348 3434 qui
1430 3362 1532 3419 init
1563 3363 1779 3431 Mcnna,

210 3458 305 3524 qui
339 3456 441 3511 fuit
465 3458 760 3520 Mathatha,
795 3457 888 3527 qui
915 3458 1022 3511 fuit
1055 3455 1406 3524 Natban,qui
1434 3455 1539 3510 luit
1588 3456 1780 3518 David,

209 3551 306 3616 qui
339 3549 447 3602 fuit
472 3546 651 3612 Iesse,
701 3550 794 3619 qui
832 3551 934 3603 luit
962 3548 1136 3613 Obed,
1169 3548 1263 3617 qui
1291 3548 1394 3602 fuit
1444 3547 1618 3611 Bouz,
1688 3546 1781 3613 qui

212 3632 317 3687 fuit
351 3634 594 3697 Salmon,
628 3635 723 3703 qui
757 3633 863 3687 fuit
889 3632 1161 3697 Naasson,
1194 3633 1286 3698 qui
1326 3630 1430 3686 fuit
1455 3630 1784 3693 Aminadab,

212 3727 305 3791 qui
341 3724 445 3778 luit
477 3728 668 3790 Aram,
694 3724 790 3794 qui
822 3724 926 3780 fuit
952 3723 1149 3789 Esron,
1198 3723 1290 3791 qui
1327 3721 1428 3775 fuit
1459 3721 1783 3788 Phares,qtn

214 3816 511 3881 iuitludte,
544 3820 638 3886 qui
675 3816 776 3870 luit
803 3816 992 3881 Jacob,
1045 3817 1138 3884 qui
1206 3814 1305 3867 fuit
1332 3812 1506 3878 isaac,
1540 3811 1656 3889 ἢ(ιυί
1684 3810 1787 3864 fuit

216 3911 469 3971 Abrahae,
505 3908 934 3977 quifuit'l’hare,
960 3907 1052 3975 qui
1075 3906 1170 3959 luit
1190 3905 1426 3966 Nachor,
1451 3904 1539 3969 qui
1566 3903 1671 3955 fuit
1689 3902 1788 3957 Sa-

216 4004 449 4071 rug,qui
480 4001 581 4053 fuit
611 4000 820 4065 Ragau,
852 3998 1066 4067 quiluit
1094 3995 1423 4064 Plialeg,qui
1459 3995 1561 4047 luit
1589 3993 1783 4059 ileber’,

212 4091 433 4158 quiluit
461 4091 606 4156 Sale,
640 4092 732 4159 qui
767 4090 866 4143 fuit
890 4090 1118 4149 Cainan,
1142 4090 1229 4156 qui
1259 4086 1359 4139 fuit
1390 4085 1661 4155 Arpaxad,
1696 4084 1788 4150 qui

214 4184 321 4235 fuit
351 4183 504 4243 Sem,
536 4182 630 4250 qui
666 4180 766 4236 l‘nit
805 4180 940 4244 Noe,
970 4179 1061 4248 qui
1134 4177 1236 4231 luit
1273 4176 1524 4240 Lamecb,
1562 4175 1654 4243 qui
1689 4175 1792 4227 fuit

214 4277 544 4338 Mathusale,
579 4276 676 4344 qui
706 4274 809 4326 luit
832 4271 1075 4332 lienoch,
1111 4270 1205 4338 qui
1230 4269 1336 4322 fuit
1364 4266 1548 4331 Jared,
1571 4267 1663 4335 qui
1689 4265 1791 4318 l’uit

212 4367 461 4422 Malaleel
495 4367 617 4436 (ma.
657 4363 1003 4433 Maleel),qui
1038 4362 1141 4416 luit
1167 4360 1416 4421 Cainam,
1442 4358 1535 4427 qui
1560 4358 1663 4411 fuit
1692 4357 1794 4411 lle-

211 4477 339 4523 nos,
360 4461 454 4530 qui
478 4458 581 4512 fuit
604 4459 757 4523 Setb,
785 4457 877 4524 qui
905 4455 1006 4509 luit
1031 4455 1227 4517 Adam,
1268 4454 1361 4521 qui
1393 4451 1495 4504 fuit
1527 4450 1642 4503 Dei.

1868 1988 2175 2040 universam
2196 1987 2473 2055 regionem
2489 1985 2556 2039 de
2576 1986 2688 2039 illo.
2714 1984 2782 2039 Et
2801 1985 2915 2054 ipse
2945 1985 3173 2040 docebat
3199 1984 3253 2038 in
3289 1999 3446 2054 syna-

1867 2079 2017 2148 gogis
2037 2091 2306 2139 eornm,et
2324 2078 2841 2149 magniﬁcabaturab
2855 2075 3289 2150 omnibusivvm
3305 2074 3447 2148 ,l0.]

1871 2168 1935 2222 Et
1955 2168 2102 2222 venit
2150 2166 2445 2232 Nazaretb,
2480 2169 2570 2224 ubi
2614 2168 3013 2235 eratnutritns,
3036 2177 3092 2223 et
3121 2168 3451 2222 intravitse-

1880 2261 2123 2315 cundum
2143 2261 2596 2315 consuetudinem
2614 2276 2768 2315 suam
2789 2261 2877 2316 die
2898 2260 3120 2316 Sabbati
3148 2261 3202 2315 in
3221 2276 3453 2333 synago-

1871 2368 2016 2423 gam,
2037 2362 2091 2408 et
2106 2354 2344 2408 surrexit
2365 2354 2564 2422 legere.
2589 2353 2656 2409 Et
2681 2354 2908 2408 traditus
2932 2364 3016 2409 est
3047 2352 3123 2407 illi
3144 2353 3282 2413 liber
3301 2352 3456 2407 Isaia:

1875 2443 2173 2513 praphetae.
2201 2444 2269 2498 Et
2301 2455 2359 2498 ut
2387 2444 2616 2499 revolvit
2646 2444 2870 2508 librum,
2900 2443 3113 2499 invenit
3144 2445 3321 2501 locum
3361 2444 3452 2499 ubi

1874 2534 2140 2603 scriptum
2177 2547 2296 2590 erat
2328 2552 2340 2589 :
2370 2534 2610 2605 Spiritus
2638 2534 2854 2590 Domini
2880 2550 3045 2605 super
3071 2551 3158 2590 me
3191 2549 3455 2606 :propter

1875 2625 2023 2695 quod
2063 2628 2221 2682 unxit
2245 2644 2356 2692 me,
2379 2629 2750 2698 evangelizare
2782 2631 3115 2700 pauperibus
3142 2632 3291 2685 misit
3344 2647 3453 2694 me,

1875 2734 2070 2773 sanare
2102 2719 2369 2775 contritos
2393 2722 2559 2775 corde
2587 2721 2627 2786 ³,
2655 2722 2949 2790 praedicare
3002 2722 3233 2792 captivis
3262 2722 3458 2777 remis-

1878 2808 2111 2872 sionem,
2147 2821 2202 2864 et
2232 2811 2390 2865 caecis
2440 2812 2643 2872 visum,
2713 2812 2992 2866 dimittere
3047 2809 3361 2868 confractus
3401 2812 3455 2866 in

1881 2902 2283 2965 remissionem,
2317 2906 2615 2971 praedicare
2653 2920 2854 2957 annum
2891 2904 3105 2958 Domini
3142 2915 3453 2973 acceptum,

1878 3005 1936 3049 et
1965 2995 2108 3064 diem
2152 2995 2548 3050 retributionis.
2606 2996 2673 3049 Et
2722 3011 2847 3049 cum
2901 2996 3186 3064 plicuisset
3226 2996 3455 3063 librum,

1884 3088 2125 3143 reddidit
2153 3089 2427 3151 ministro,
2473 3099 2524 3143 et
2548 3090 2711 3143 sedit.
2749 3088 3081 3143 Etomninm
3102 3090 3156 3143 in
3186 3106 3458 3160 synagoga

2890 3197 2905 3236 :
2955 3181 3135 3251 Caspii
3165 3192 3347 3236 autem
3374 3184 3461 3237 di-

1884 3286 2012 3327 cere
2039 3270 2107 3326 ad
2140 3271 2300 3325 illos:
2336 3269 2471 3337 Quia
2496 3270 2663 3325 hodie
2699 3271 2919 3340 impleta
2945 3281 3029 3326 est
3049 3272 3166 3328 hanc
3183 3273 3458 3343 scriptura

1888 3366 1940 3418 in
1970 3364 2199 3419 auribus
2219 3366 2438 3420 vestris.
2470 3363 2606 3436 [xm
2642 3362 2722 3436 1.]
2749 3364 2812 3417 Ει
2837 3380 3028 3419 omnes
3085 3367 3460 3421 testimonium

1888 3458 1965 3512 illi
2028 3457 2235 3511 dabant
2267 3474 2282 3511 :
2314 3465 2371 3513 et
2404 3457 2747 3510 mirabantur
2782 3457 2835 3511 in
2872 3457 3057 3513 verbis
3095 3461 3303 3528 gratiae,
3340 3475 3463 3529 qua:

1888 3548 2259 3617 procedebant
2288 3548 2356 3601 de
2403 3563 2497 3602 ore
2533 3548 2731 3617 ipsius,
2798 3558 2856 3602 et
2894 3548 3153 3603 dicebant
3186 3566 3203 3605 :
3270 3549 3465 3606 Nonne

1888 3639 1979 3693 bic
2005 3651 2090 3695 est
2124 3638 2268 3693 ﬁlius
2296 3638 2540 3709 Joscpb?
2574 3638 2692 3710 [χι.
2730 3639 2847 3711 id]
2879 3640 2949 3695 Et
2975 3641 3049 3694 ait
3072 3642 3180 3696 illis
3212 3661 3228 3695 :
3266 3642 3464 3712 Utique

1888 3731 2085 3785 dicetis
2109 3730 2242 3783 mihi
2272 3731 2415 3785 banc
2445 3730 2869 3785 similitudinem
2899 3748 2913 3783 :
2977 3731 3211 3798 Modice,
3241 3749 3374 3788 cura
3410 3744 3463 3789 te

1890 3822 2069 3890 ipsum
2099 3838 2114 3875 ;
2150 3830 2353 3889 quanta
2392 3820 2705 3873 andivinms
2756 3821 2897 3875 facta
2944 3822 2998 3876 in
3054 3823 3463 3893 Capbarnaum,

1894 3914 1975 3968 lac
2003 3925 2057 3968 et
2095 3914 2185 3967 bic
2212 3913 2265 3966 in
2298 3914 2469 3984 patria
2498 3924 2611 3967 tua.
2646 3911 2785 3985 [ειη
2817 3910 2893 3982 1.]
2915 3913 3005 3967 Λίι
3033 3925 3215 3967 autem
3243 3931 3258 3970 :
3289 3916 3465 3969 Amen

1893 4009 2019 4062 dico
2048 4007 2226 4071 vobis,
2257 4007 2383 4076 quia
2419 4021 2579 4060 nemo
2634 4006 2901 4076 prepheta
2961 4016 3224 4075 acceptus
3291 4015 3377 4061 est
3407 4007 3464 4061 in

1896 4098 2071 4169 patria
2093 4098 2294 4152 suain
2345 4098 2577 4152 veritate
2630 4098 2754 4150 dico
2803 4098 2976 4158 vobis,
3037 4097 3224 4151 multae
3293 4097 3473 4152 vidua:

1892 4202 2050 4245 erant
2078 4191 2131 4243 in
2174 4191 2368 4246 diebus
2425 4190 2555 4244 Elias
2583 4191 2636 4244 in
2701 4190 2895 4253 lsrael,
2928 4191 3153 4260 quando
3218 4191 3468 4245 clausum

1895 4296 1975 4337 est
2007 4284 2206 4337 omium
2237 4284 2399 4339 annis
2428 4282 2608 4336 tribus
2630 4292 2691 4337 et
2721 4283 3002 4336 mensibus
3030 4295 3151 4344 sex,
3183 4297 3304 4335 cum
3329 4280 3472 4337 facta

1896 4385 2038 4428 esset
2071 4375 2247 4427 fames
2279 4389 2470 4444 magna
2504 4374 2561 4427 in
2590 4374 2737 4426 οιιιιιι
2802 4383 2947 4426 terra
2981 4388 2996 4425 :
3030 4382 3086 4426 et
3144 4371 3210 4425 ad
3265 4371 3472 4426 nullam

1900 4465 2114 4519 illarum
2144 4465 2346 4539 missus
2378 4473 2462 4518 est
2493 4464 2660 4528 Elius,
2730 4463 2836 4516 nisi
2864 4465 2914 4516 in
2952 4461 3177 4531 Sarepta
3212 4461 3471 4527 Sidonia,

296 4551 458 4625 [Cap.
493 4551 581 4604 IV.
610 4566 699 4615 xv,
738 4547 820 4619 2.]
882 4546 1043 4599 Jesus
1103 4554 1283 4598 autem
1330 4544 1522 4612 plenus
1585 4540 1784 4611 Spiritu

1902 4558 1967 4611 ad
2005 4536 2289 4611 mulierem
2324 4555 2566 4609 viduam.
2616 4555 2686 4608 Et
2738 4554 2895 4607 multi
2945 4554 3148 4622 leprosi
3198 4563 3357 4607 erant
3418 4555 3474 4609 in

212 4657 410 4699 sancto
446 4656 729 4711 regressus
786 4651 930 4693 esta
985 4634 1269 4690 Iordane:
1327 4645 1383 4689 et
1440 4639 1704 4704 agebatur
1765 4652 1794 4686 a

210 4739 430 4805 Spiritu
484 4736 541 4789 in
577 4732 1107 4797 de.~ertum,diebus
1130 4727 1515 4797 quadraginta,
1560 4735 1618 4780 et
1674 4736 1794 4779 ten-

212 4831 441 4882 labatur
471 4842 501 4880 a
525 4827 763 4879 diabolo.
800 4823 939 4895 Im,
973 4820 1055 4885 5.]
1088 4821 1151 4874 Et
1222 4815 1571 4872 manducavit
1597 4817 1649 4868 in
1682 4815 1798 4869 die-

212 4922 328 4973 bus
353 4920 458 4971 illis
490 4934 503 4972 :
537 4927 593 4970 et
624 4913 1170 4974 consummatisillis,
1195 4910 1410 4964 esuriit.
1438 4907 1581 4960 Dixit
1613 4915 1794 4959 autem

212 5014 298 5064 illi
330 5009 626 5063 diabolus:
661 5008 717 5060 Si
755 5006 926 5060 Filius
952 5005 1046 5060 Dei
1093 5020 1174 5067 es,
1228 5002 1319 5055 dic
1370 4999 1533 5068 lapidi
1589 4999 1715 5052 buic
1739 5007 1799 5051 ut

212 5104 383 5171 panis
414 5100 525 5154 ﬁat.
557 5100 623 5154 Et
646 5098 926 5165 reSpondit
954 5098 1020 5150 ad
1076 5095 1227 5148 illum
1280 5089 1438 5144 Jesus
1465 5102 1479 5141 :
1518 5088 1797 5156 Scriptum

209 5206 310 5247 est
377 5210 389 5244 :
436 5191 572 5257 Quia
628 5207 737 5243 non
771 5193 825 5243 it!
864 5191 980 5241 solo
1010 5204 1149 5257 pane
1198 5183 1332 5237 vivit
1384 5182 1567 5241 homo,
1604 5179 1696 5232 sed
1745 5178 1798 5231 in

211 5286 378 5337 omni
419 5286 586 5338 verbo
612 5282 729 5336 Dei.
772 5283 839 5334 tat
869 5281 1027 5334 dux'rt
1060 5280 1210 5332 illum
1265 5274 1519 5329 diabolus
1548 5272 1603 5325 in
1641 5284 1800 5321 ιιιοιιο

214 5390 339 5431 tem
367 5377 642 5431 excelsum
674 5376 712 5439 ¹,
742 5387 799 5427 ct
831 5374 1071 5427 ostendit
1128 5371 1202 5423 illi
1235 5366 1419 5422 omnia
1454 5377 1619 5433 regna
1647 5363 1800 5415 orbis

300 5557 315 5586 "
352 5553 526 5609 Verba
558 5553 612 5605 in
647 5559 877 5605 montem
924 5548 1203 5609 excelsum,
1255 5560 1377 5615 qua:
1434 5538 1801 5615 ειίιιβηιξρίε

206 5627 561 5696 quibusdam
598 5624 753 5676 libris
784 5624 1196 5680 desiderantur,
1223 5612 1287 5670 in
1310 5624 1505 5668 neutro
1525 5627 1555 5665 e
1579 5612 1803 5681 Regina:

280 5712 365 5748 SS.
396 5703 546 5747 sunt.

280 5713 313 5748 ει
352 5732 365 5747 .
508 5711 546 5747 ι.

210 5716 273 5751 In
309 5711 708 5817 :ltsii’enrserunt
742 5761 962 5830 Regina:
998 5774 1130 5812 mss.
1190 5756 1376 5830 Deum,
1404 5751 1551 5824 quod
1605 5766 1802 5830 nomen

206 5846 275 5893 et
318 5836 508 5891 Gru'ca
538 5841 782 5888 retinent
808 5821 1164 5897 exemplaria.
1202 5828 1368 5882 l’uulo
1393 5821 1516 5878 ante
1568 5828 1685 5891 plus
1714 5821 1806 5872 ba-

552 5934 830 5995 PATROL.
877 5928 1103 5988 XXIX.

1902 4648 2067 4704 lsrael
2108 4647 2209 4703 sub
2235 4647 2427 4701 Elissaeo
2458 4646 2723 4716 prepbeta
2761 4653 2858 4701 :et
2886 4660 3047 4700 nemo
3098 4660 3292 4700 eorum
3320 4661 3481 4700 mun-

1904 4739 2066 4793 datus
2096 4749 2183 4793 est
2227 4738 2331 4791 nisi
2371 4735 2611 4791 Naaman
2645 4740 2767 4807 (ms.
2799 4734 3030 4804 Reman)
3058 4736 3252 4806 Syrus.
3292 4736 3359 4790 Et
3395 4753 3478 4792 re-

1905 4829 2034 4897 pleti
2069 4839 2197 4883 sunt
2219 4844 2409 4883 onmes
2443 4828 2496 4882 in
2530 4843 2803 4898 synagoga
2851 4828 2951 4892 ira,
2985 4828 3102 4882 haec
3157 4829 3473 4883 audientes.

1905 4922 1970 4976 Et
2006 4929 2385 4985 surrexerunt,
2415 4934 2472 4974 et
2500 4924 2783 4989 ejccerunt
2837 4920 2985 4973 illum
3004 4931 3157 4973 extra
3195 4922 3475 4976 civitatem

1904 5026 1954 5068 et
1988 5016 2261 5068 dttaeruui
2319 5015 2472 5068 illum
2532 5029 2703 5083 usque
2728 5012 2794 5067 ad
2838 5012 3197 5082 supercilium
3256 5014 3479 5078 montis,

1903 5120 2070 5174 Super
2102 5121 2263 5173 quem
2295 5106 2489 5159 civitas
2523 5106 2738 5158 illorum
2773 5113 2895 5157 erat
2925 5103 3216 5168 aediﬁcata,
3255 5114 3315 5159 ut
3346 5120 3483 5171 pra--

1905 5200 2196 5263 t‘ipllurcnl
2226 5213 2370 5249 eum.
2409 5197 2530 5266 Ipse
2562 5209 2746 5251 autem
2794 5200 3071 5254 transiens
3108 5214 3204 5268 per
3231 5198 3472 5251 medium

1906 5290 2146 5353 illorum,
2184 5288 2311 5341 ibat.
2351 5285 2532 5358 [χχιιι.
2570 5286 2653 5359 8.]
2693 5289 2755 5340 Et
2791 5289 3078 5343 descendit
3134 5290 3187 5341 in
3234 5288 3480 5356 Caphar-

1908 5396 2071 5433 naum
2109 5382 2387 5433 civitatem
2419 5379 2675 5450 Calilaa'e,
2715 5382 2900 5449 ibique
2918 5382 3150 5437 dueebal.
3191 5381 3313 5434 illos
3344 5379 3481 5435 Sab-

1907 5542 1994 5595 bet
2020 5539 2232 5594 Sixtina
2267 5541 2460 5605 editio,
2486 5540 2544 5596 Si
2573 5542 2849 5610 procidens
2892 5539 3198 5593 adoraveris
3234 5554 3336 5610 me.

1981 5612 2001 5641 ³
2032 5611 2127 5663 llic
2152 5614 2349 5664 iterum
2388 5609 2579 5675 verba,
2607 5629 2805 5667 sanare
2865 5611 3122 5663 contrito;
3148 5609 3328 5673 corde,
3362 5622 3486 5675 qua:

1908 5697 1937 5734 a
1970 5680 2175 5735 Graecis
2204 5684 2488 5736 nonnullis
2515 5683 2808 5736 codicibus
2832 5682 3161 5744 retiCentur,
3196 5680 3398 5731 absunt
3427 5689 3487 5732 et

1911 5754 1977 5801 ab
2004 5762 2238 5819 utroque.
2273 5751 2491 5821 Regina:
2517 5767 2621 5804 ms.
2650 5768 2666 5816 ;
2701 5754 2753 5803 in
2800 5751 2975 5804 altero
3003 5760 3187 5803 autem
3225 5748 3488 5804 Vaticano

1912 5822 2166 5875 secundis
2196 5822 2345 5874 curis
2370 5830 2502 5875 sunt
2526 5821 2730 5874 addita.

2973 5915 3041 5976 2i

3408 6016 3415 6024 .
3430 6002 3536 6023 --.υ-οδ
