3880 6168
495 332 599 401 651

1404 335 1461 398 S.
1500 332 1930 394 HIERONYMI
1975 329 2234 392 DIVINA
2273 324 2810 390 BIBIJUTHECA.

3567 339 3650 408 Ci?

498 452 660 505 batis.
712 448 888 522 [um
917 447 998 519 2.]
1050 448 1116 501 Et
1172 445 1462 514 stupebant
1528 446 1582 498 in
1634 445 1879 499 doctrina
1949 443 2067 512 ejus
2099 450 2138 504 Α
2173 442 2235 494 Et
2261 442 2460 495 factum
2487 452 2589 503 est,
2613 457 2735 496 cum
2767 450 2913 497 esset
2942 441 3179 496 inunam
3204 443 3472 513 civitatem,
3497 461 3660 512 stem

496 543 624 612 quia
656 542 708 595 in
740 548 1008 609 petcstate
1030 549 1147 591 erat
1193 551 1375 590 sermo
1428 535 1624 606 ipsius.
1681 533 1831 606 μιν,
1867 531 1948 604 8.]
2001 533 2066 585 Et

497 635 551 689 in
586 649 860 704 synagoga
889 639 1008 684 erat
1039 629 1204 682 homo
1231 629 1441 682 habens
1467 625 1795 681 daemonium
1826 625 2062 678 immune

494 728 648 791 dum,
678 735 731 776 ct
752 722 1074 777 exclamavit
1093 736 1222 774 voce
1249 734 1464 790 magna,
1495 718 1682 772 dicens
1711 732 1727 772 :
1761 715 1908 782 Sine,
1935 714 2065 784 quid

495 813 654 868 nobis
703 820 755 863 et
792 809 910 872 tibi,
931 806 1400 862 .lesuNazarrene?
1431 806 1627 860 venisti
1655 805 1884 873 perdere
1914 803 2054 857 nos?

489 898 607 958 seio
642 912 692 956 te
723 903 845 970 quis
878 901 983 954 scis
1008 900 1047 965 ',
1081 908 1303 953 sanctus
1327 897 1441 951 Dei.
1470 897 1538 951 Et
1564 897 1867 968 increpavit
1903 896 2066 950 illum

491 994 875 1057 Jesus,dicens
903 1010 916 1050 :
940 992 1282 1056 Obmutesce,
1301 1001 1355 1043 et
1379 991 1466 1044 exi
1489 990 1655 1043 abeo.
1677 990 1880 1042 Etcum
1898 988 2076 1058 proje-

493 1087 662 1141 eisset
687 1085 838 1138 illum
855 1083 1184 1136 daemonium
1213 1080 1263 1134 in
1291 1080 1702 1142 medium,exiit
1732 1079 1799 1131 ab
1846 1079 1960 1140 illo,
1984 1079 2068 1130 ni—

491 1179 669 1246 hilque
700 1177 847 1230 illum
876 1176 1076 1228 nocuit.
1097 1171 1346 1228 Etfactus
1369 1180 1450 1225 est
1470 1186 1636 1241 pavor
1653 1171 1704 1224 in
1723 1172 1998 1232 omnibus,
2018 1179 2072 1223 et

491 1269 946 1339 colloquebantur
976 1265 1041 1318 ad
1066 1261 1591 1326 invicem,dicentes
1633 1276 1648 1313 :
1681 1260 1836 1326 Quod
1863 1261 2070 1315 esthoc

494 1361 749 1424 verbum,
786 1360 910 1429 quia
949 1359 1001 1410 in
1032 1363 1295 1425 potestate
1317 1362 1371 1407 et
1428 1355 1636 1408 virtute
1686 1353 1922 1423 imperat
1965 1353 2073 1406 im-

493 1455 711 1508 mundis
743 1451 1045 1523 Spiritibus,
1070 1461 1121 1504 et
1153 1447 1472 1503 exeunt?et
1503 1447 1894 1517 divulgabatur
1924 1448 2066 1500 fama

493 1547 560 1600 de
592 1546 680 1599 illo
716 1545 768 1598 in
794 1558 1012 1597 Omnem
1032 1543 1212 1596 locum
1234 1541 1495 1609 regionis.
1530 1538 1704 1610 [xu],
1731 1537 1812 1610 9.]
1837 1539 2075 1607 Surgens

493 1647 671 1690 autem
694 1633 850 1688 Jesns
866 1633 930 1687 de
949 1630 1488 1703 synagoga,introivit
1506 1630 1559 1683 in
1577 1628 1795 1682 domum
1811 1627 2071 1681 Simonis.

494 1732 887 1784 Socrusautem
907 1724 1143 1779 Simonis
1161 1726 1446 1778 tenebatur
1471 1723 1679 1791 magnis
1708 1719 1952 1774 febribus
1977 1733 1992 1772 :
2019 1728 2074 1772 et

2169 533 2254 586 vir
2277 533 2468 602 plenus
2499 535 2670 603 lepra.
2694 543 2749 587 et
2785 534 2975 588 videns
3011 535 3216 599 Jesum.
3271 547 3323 593 et
3349 543 3595 608 procidens
3617 549 3659 602 in

2170 623 2386 686 faciem,
2414 626 2624 692 regavit
2645 641 2792 691 cum,
2823 627 3014 679 dicens
3045 644 3058 680 :
3091 629 3326 695 Domine,
3346 633 3386 685 si
3411 633 3500 696 vis,
3541 647 3664 704 potes

2171 731 2258 768 me
2313 716 2598 770 mundare.
2632 718 2699 771 Et
2730 719 3030 772 extendens
3059 733 3296 783 manum,
3350 723 3501 792 tetigit
3533 742 3663 791 eum,

2171 810 2392 864 dicens:
2427 810 2558 865 Volo
2599 825 2614 876 ;
2647 811 2929 864 mundare.
2960 811 3022 864 Et
3047 811 3322 866 confestim
3343 813 3477 878 lepra
3503 821 3664 872 disces

2171 900 2243 953 sit
2276 901 2343 954 ab
2377 902 2487 954 illo.
2520 901 2589 955 Et
2621 902 2734 970 ipse
2763 904 3019 971 praecepit
3050 902 3149 967 illi,
3179 910 3234 956 ut
3256 905 3442 958 nemini
3471 907 3666 963 diceret:

2172 989 2290 1052 sed,
2317 989 2483 1054 Vade,
2516 992 2740 1044 usti-nde
2773 1004 2823 1047 te
2845 993 3138 1057 sacerdoti,
3165 1003 3220 1047 et
3247 994 3378 1048 offer
3408 1011 3496 1064 pro
3516 1013 3666 1052 emun-

2173 1080 2392 1136 datione
2427 1091 2538 1147 tua,
2567 1083 2708 1136 sicut
2734 1085 2990 1153 praecepit
3013 1084 3241 1153 Moyses,
3261 1087 3311 1140 in
3359 1087 3670 1143 testimonium

2174 1172 2301 1225 illis.
2340 1171 2548 1242 (xxxiv,
2577 1173 2652 1245 1.]
2690 1173 3108 1230 Perambulabat
3137 1187 3311 1232 autem
3357 1185 3508 1250 magis
3529 1195 3670 1236 sermo

2174 1263 2240 1317 dc
2270 1265 2363 1316 illo
2395 1281 2410 1319 :
2441 1275 2494 1318 et
2521 1266 2928 1319 conveniebant
2961 1267 3130 1320 turbae
3161 1268 3356 1330 multat,
3380 1269 3672 1330 utaudirent,

2173 1362 2229 1407 et
2258 1364 2584 1407 curarentur
2615 1355 2683 1408 ab
2713 1356 3126 1412 infirmitatibus
3144 1362 3278 1414 suis.
3299 1358 3671 1432 [xxxv,2.]lpse

2174 1453 2358 1498 autem
2395 1446 2618 1501 sedebat
2649 1447 2703 1501 in
2737 1449 3039 1513 desertum.
3070 1459 3126 1506 et
3156 1455 3361 1506 orabat.
3408 1452 3585 1524 [imm
3610 1453 3676 1524 2.]

2175 1535 2241 1590 Et
2263 1535 2462 1590 factum
2483 1549 2566 1593 est
2588 1541 2640 1591 in
2660 1555 2764 1593 una
2786 1541 2998 1596 dierum
3029 1559 3045 1609 ;
3068 1553 3118 1598 et
3142 1545 3258 1612 ipse
3276 1546 3672 1601 sedebatdocens.

2182 1629 2245 1682 Et
2273 1638 2436 1684 erant
2463 1629 2720 1686 Pharisaei
2749 1632 3000 1688 sedentes
3031 1674 3048 1698 ,
3078 1646 3134 1690 et
3162 1637 3296 1705 legis
3323 1637 3567 1699 doctores,
3604 1639 3677 1706 qui

2177 1733 2439 1775 venerant
2470 1737 2535 1776 ex
2567 1724 2712 1776 omni
2743 1725 2964 1778 castello
2993 1724 3247 1787 Galilaeze,
3299 1737 3349 1779 et
3398 1725 3586 1789 ludam,
3635 1736 3677 1778 et

481 1828 818 1890 rogaverunt
847 1817 994 1873 illum
1016 1832 1113 1886 pro
1131 1831 1216 1871 ea.
1238 1813 1303 1868 Et
1320 1823 1470 1869 stans
1487 1812 2071 1882 superillam.impera-
2106 1797 2145 1848 Β
2176 1810 2474 1867 Jerusalem
2508 1829 2523 1869 :
2548 1823 2602 1867 et
2626 1814 2801 1868 virtus
2830 1814 3046 1869 Domini
3066 1826 3185 1870 erat
3209 1816 3274 1870 ad
3297 1817 3570 1870 sanandum
3585 1829 3678 1869 eos.

492 1915 570 1970 vit
596 1913 729 1967 febri
765 1909 1039 1966 etdimisit
1063 1908 1228 1962 illam.
1252 1905 1597 1962 Etcontinuo
1619 1919 1851 1973 surge-ns
1911 1903 2067 1955 mini-

495 2006 708 2060 strabat
753 2004 880 2058 illis.
930 2001 1064 2057 Cum
1099 2012 1280 2055 autem
1322 1999 1398 2053 sol
1427 1998 1734 2062 Occidisset,
1758 2011 1946 2050 omnes
1977 1994 2068 2062 qui

488 2097 772 2151 habebant
799 2097 1046 2150 infirmos
1067 2095 1231 2148 variis
1263 2093 1635 2162 languoribus,
1665 2089 1931 2144 ducebant
1952 2088 2071 2141 illos

493 2193 558 2245 ad
594 2206 740 2245 eum.
770 2191 838 2243 At
870 2188 960 2242 ille
999 2187 1231 2257 singulis
1280 2201 1474 2239 manus
1509 2188 1818 2252 imponens.
1845 2179 2069 2235 curabat

496 2298 610 2336 eos.
637 2279 831 2353 lxxv”,
867 2275 952 2350 8.]
1022 2276 1250 2330 Exibant
1293 2286 1472 2329 autem
1505 2272 1769 2326 (imele
1801 2287 1828 2324 a
1852 2269 2059 2331 multis,

495 2372 786 2426 clamantia
818 2379 871 2424 et
903 2368 1141 2422 dicentia
1185 2385 1197 2420 :
1233 2366 1368 2432 Quia
1427 2375 1481 2418 tu
1515 2380 1574 2419 es
1629 2362 1803 2416 Filius
1833 2360 1928 2414 Dei
1967 2374 1980 2414 :
2015 2368 2069 2412 et

500 2463 790 2532 increpans
829 2477 936 2514 non
969 2459 1184 2514 sinebat
1213 2472 1276 2512 ea
1335 2456 1505 2525 loqui,
1548 2453 1675 2522 quia
1706 2454 1950 2507 sciebant
1983 2450 2068 2518 ip-

506 2570 628 2606 sum
664 2566 784 2606 esse
807 2549 1110 2604 Christum.
1156 2547 1368 2620 iuvui,
1399 2543 1477 2616 8.]
1529 2541 1689 2598 Facta
1723 2551 1902 2595 autem
1960 2541 2066 2606 die,

493 2661 746 2718 egressus
783 2643 894 2697 ibat
925 2643 1282 2701 inulcsertum
1319 2639 1594 2702 locum,et
1620 2634 1790 2689 turbae
1826 2633 2070 2701 require-

495 2742 624 2792 bant
645 2753 793 2800 eum,
817 2743 868 2788 et
892 2750 997 2788 non
1020 2741 1286 2785 venerunt
1312 2744 1480 2797 usque
1504 2729 1566 2780 ad
1592 2727 1767 2794 ipsum
1787 2726 1831 2787 ‘,
1857 2731 1910 2778 et
1930 2723 2070 2777 deti-

498 2831 705 2884 nebant
736 2829 887 2881 illum
918 2842 984 2880 nc
1009 2822 1316 2879 discederet
1348 2821 1415 2874 ab
1447 2820 1544 2873 eis.
1583 2818 1793 2884 Quibus
1829 2818 1918 2870 ille
1952 2817 2068 2871 ait:

491 2923 624 2989 Quia
661 2931 714 2976 et
745 2921 867 2973 aliis
891 2916 1204 2972 civitatibus
1271 2923 1489 2982 oportet
1558 2926 1644 2962 me
1684 2907 2067 2974 evangelizare

497 3030 720 3085 regnum
755 3013 847 3066 Dei
903 3027 918 3064 :
947 3011 1075 3080 quia
1109 3007 1233 3062 ideo
1276 3008 1473 3060 missus
1508 3019 1651 3058 sum.
1689 3002 1754 3056 Et
1782 3012 1898 3057 erat
1932 3017 2068 3070 pra:-

493 3108 683 3161 dicans
719 3107 769 3158 in
802 3104 1088 3175 synagogis
1111 3101 1363 3156 Galiltere.

593 3198 724 3265 Cap.
750 3195 813 3249 Υ.
844 3210 989 3256 xxix,
1017 3191 1127 3260 10.]
1165 3191 1384 3245 Factum
1408 3197 1488 3242 est
1517 3188 1721 3248 autem,
1747 3202 1868 3240 cum
1891 3184 2060 3240 turba:

498 3290 780 3340 irruerent
813 3287 865 3338 in
899 3301 1046 3347 eum,
1079 3293 1137 3336 ut
1166 3282 1419 3335 audirent
1459 3280 1683 3332 verbum
1714 3277 1829 3341 Dei,
1866 3288 1920 3330 et
1945 3278 2060 3344 ipse

497 3380 675 3432 stabat
707 3389 866 3429 secus
893 3385 1144 3442 stagnum
1177 3368 1530 3424 Genesaretli.
1551 3367 1617 3421 Et
1644 3368 1776 3420 vidit
1805 3368 1940 3420 duas
1966 3382 2060 3420 na—

499 3485 592 3522 ves
623 3479 827 3521 stantes
851 3481 1009 3520 secus
1061 3473 1311 3532 stagnum
1345 3478 1359 3514 :
1416 3460 1713 3528 piscatores
1743 3467 1921 3512 autem
1965 3457 2061 3512 dc-

499 3557 847 3617 sceudcrant,
891 3563 945 3606 ct
1006 3552 1259 3606 lavabant
1294 3551 1456 3604 retia.
1515 3549 1833 3605 Ascendens
1878 3559 2057 3602 autem

503 3649 556 3702 in
601 3639 802 3708 navim,
831 3660 946 3712 qu:c
978 3653 1095 3697 erat
1129 3642 1387 3701 Simonis,
1425 3643 1634 3709 rogavit
1679 3656 1803 3694 eum
1853 3655 1883 3693 a
1919 3649 2058 3693 terra

499 3739 757 3792 reducere
812 3735 1090 3803 pusillum.
1127 3735 1187 3785 fit
1216 3735 1409 3786 sedens
1443 3733 1675 3786 ἀορςικιι
1708 3732 1774 3784 de
1811 3731 2057 3785 navicula

498 3830 707 3884 turbas.
753 3829 898 3900 μη,
928 3828 1010 3896 9.]
1039 3825 1105 3879 Ut
1133 3825 1374 3879 cessavit
1407 3835 1584 3878 autem
1625 3825 1792 3894 loqui.
1825 3825 1957 3878 dixit
1996 3823 2064 3877 ad

493 3923 773 3979 Simonem
829 3935 843 3975 :
903 3922 1017 3973 Duc
1071 3920 1124 3971 iu
1162 3919 1356 3984 altum,
1400 3929 1453 3972 et
1494 3919 1667 3972 laxate
1711 3918 1844 3971 retia
1878 3927 2061 3972 vestra

497 4017 550 4068 in
584 4026 882 4082 capturam.
919 4011 982 4065 Et
1011 4009 1345 4078 respondens
1380 4008 1562 4061 Simon
1596 4007 1729 4059 dixit
1772 4005 1883 4058 illi:
1920 4005 2063 4058 Prat—

495 4118 700 4175 Ccptur,
763 4119 858 4172 per
887 4111 1050 4155 totam
1112 4108 1326 4152 noctem
1360 4098 1691 4160 laborantes,
1745 4097 1883 4150 nihil
1914 4097 2062 4164 cepi-

497 4213 638 4264 mus,
674 4197 727 4250 in
764 4196 928 4250 verbo
959 4202 1138 4247 autem
1180 4191 1486 4246 luolaxabo
1515 4201 1648 4246 rete.
1686 4190 1748 4244 Et
1782 4205 1905 4244 cum
1963 4189 2063 4241 hoc

498 4292 776 4350 fecissent,
808 4287 1199 4342 concluscrunt
1247 4285 1479 4353 piscium
1525 4284 1937 4337 multitudinem
1971 4297 2062 4335 co-

499 4383 728 4450 ρῖωειῑιι,
763 4378 1113 4445 rumpebatur
1147 4385 1326 4428 autem
1354 4382 1467 4427 rcle
1514 4388 1726 4426 eorum.
1759 4371 1826 4424 Et
1861 4387 2063 4424 annue-

2178 1901 2403 1972 [χηνιι.
2435 1903 2511 1975 1.]
2544 1906 2611 1960 Et
2637 1922 2763 1962 ecce
2805 1909 2902 1962 viri
2935 1916 3217 1977 portantes
3246 1909 3300 1963 in
3361 1909 3492 1963 lecto
3539 1907 3680 1961 homi-

2172 2011 2319 2063 nem,
2344 2000 2437 2066 qui
2468 2007 2584 2052 erat
2613 2000 2941 2070 paralyticos
2969 2017 2985 2055 :
3046 2010 3103 2056 et
3135 2001 3448 2070 qua'rebant
3489 2015 3593 2054 eum
3616 1999 3680 2052 iu-

2172 2083 2337 2151 ferre,
2365 2097 2420 2142 et
2447 2104 2647 2157 ponere
2667 2102 2792 2146 ante
2820 2106 2970 2146 eum.
3007 2091 3070 2144 Et
3102 2107 3216 2146 non
3245 2092 3566 2146 invenientes
3597 2105 3678 2158 qua

2172 2189 2324 2248 parte
2350 2179 2500 2235 illum
2530 2180 2796 2237 inferrent
2816 2198 2928 2252 prae
2956 2184 3141 2245 turba.
3173 2183 3678 2248 ascenderuntsupra

2172 2279 2398 2335 tectum,
2423 2282 2475 2327 et
2501 2289 2595 2342 per
2650 2275 2858 2344 tegulas
2883 2275 3262 2330 submiserunt
3301 2289 3423 2328 eum
3445 2289 3555 2327 cum
3575 2272 3684 2325 lecto

2172 2363 2224 2416 in
2257 2364 2648 2419 medium'ante
2693 2364 2898 2419 Iesum.
2963 2366 3209 2431 Quorum
3268 2365 3422 2420 fidem
3469 2376 3522 2417 ut
3562 2363 3684 2425 vidit,

2171 2453 2308 2509 dixit
2341 2472 2356 2510 :
2391 2458 2576 2521 homo,
2615 2458 2968 2511 remittuntur
3003 2459 3097 2512 tibi
3136 2469 3360 2526 peccata
3389 2468 3490 2512 tua.
3523 2457 3578 2510 Et
3601 2471 3687 2510 etn-

2171 2556 2364 2614 perunt
2389 2548 2629 2616 cogitare
2657 2547 2878 2612 Scriba),
2901 2559 2955 2602 et
2985 2549 3270 2615 Pharisaei,
3296 2551 3526 2606 dicentes
3552 2549 3688 2613 :Quis

2171 2646 2254 2689 est
2290 2636 2377 2690 hic
2405 2638 2496 2706 qui
2522 2638 2765 2706 loquitur
2797 2639 3210 2708 blasphemias?
3238 2640 3369 2707 Quis
3430 2649 3587 2708 potest
3627 2639 3693 2691 dl-

2173 2727 2387 2782 mittere
2411 2738 2654 2797 peccata,
2679 2730 2781 2784 nisi
2805 2731 2953 2785 solus
2981 2733 3121 2787 Deus
3141 2732 3168 2783 ?
3197 2732 3267 2786 Ut
3295 2731 3685 2801 cognovitauteru

2170 2818 2329 2873 Jesus
2359 2821 2718 2889 cogitationes
2776 2838 2988 2885 eorum,
3052 2824 3416 2895 respondens,
3469 2823 3592 2877 dixit
3638 2821 3690 2873 ad

2175 2910 2294 2964 illos
2326 2927 2339 2965 :
2367 2912 2504 2978 Quid
2531 2913 2778 2984 cogitatis
2816 2915 2868 2968 in
2900 2916 3163 2971 cordibus
3195 2917 3433 2970 vestris?
3485 2914 3604 2980 Quid
3627 2921 3692 2965 cSt

2173 3001 2384 3056 facilius
2403 3003 2584 3058 dicere
2613 3020 2626 3059 :
2654 3004 3003 3058 dimittuntur
3026 3007 3123 3060 tibi
3158 3017 3403 3076 peccata,
3431 3022 3493 3059 an
3517 3005 3697 3059 dicere:

2094 3131 2140 3191 ο
2175 3093 2376 3191 surge,
2404 3104 2456 3191 et
2480 3097 2736 3150 ambula?
2766 3097 2834 3153 Ut
2863 3108 3044 3152 autem
3069 3099 3265 3152 si'iatis
3307 3099 3430 3167 quia
3455 3097 3603 3150 Filius
3623 3093 3700 3147 lio-

2172 3184 2336 3237 minis
2365 3184 2525 3239 habet
2544 3195 2868 3254 potestatem
2895 3188 2944 3239 iu
2973 3199 3117 3241 terra
3156 3189 3467 3242 dimittendi
3520 3198 3630 3253 ιιι-(ε
3658 3191 3699 3234 ιι

2171 3278 2282 3346 (ait
2314 3280 2699 3351 paralytico:)
2763 3281 2884 3337 Tibi
2919 3283 3059 3348 dico,
3119 3299 3312 3352 surge,
3374 3284 3492 3336 tolle
3539 3283 3698 3334 lectum

2173 3379 2347 3436 tuum,
2387 3381 2441 3425 et
2468 3373 2601 3427 vade
2629 3374 2680 3427 in
2713 3375 2932 3427 domum
2963 3383 3133 3428 tuam.
3196 3373 3264 3428 Et
3294 3372 3567 3429 confestim
3592 3383 3696 3422 coa-

2169 3479 2396 3532 surgens
2420 3479 2602 3518 coram
2636 3466 2760 3528 illis,
2793 3466 2916 3520 tulit
2945 3466 3154 3520 lectum
3209 3467 3264 3521 in
3294 3481 3402 3535 quo
3424 3463 3634 3535 jacebat,
3655 3469 3696 3510 et

2169 3552 2301 3605 abiit
2329 3554 2382 3605 in
2413 3553 2632 3608 domum
2660 3571 2833 3619 suam,
2863 3556 3227 3624 magnificans
3252 3556 3445 3611 Deum.
3470 3554 3532 3608 Et
3549 3559 3702 3617 stupor

2169 3645 2532 3712 apprehendit
2563 3661 2774 3709 omnes.
2806 3657 2862 3702 et
2887 3649 3325 3718 magnificabant
3347 3649 3529 3702 Deum.
3557 3642 3610 3694 Et
3635 3654 3701 3691 re-

2172 3735 2298 3804 pleti
2328 3749 2456 3790 sunt
2491 3739 2707 3801 timore,
2740 3741 3020 3796 dicentes:
3049 3744 3184 3810 quia
3211 3742 3454 3795 vidimus
3477 3731 3704 3790 mirabilia

2173 3827 2354 3883 hodie.
2412 3828 2656 3899 lxxxviii,
2685 3831 2766 3902 2.]
2786 3833 2852 3886 Et
2881 3842 3002 3899 post
3024 3833 3142 3889 ha-c
3169 3835 3312 3889 exiit
3338 3846 3393 3886 et
3412 3829 3536 3883 vidit
3560 3824 3706 3894 publi-

2171 3932 2366 3971 canum
2398 3919 2614 3973 nomine
2644 3919 2796 3984 Levi,
2830 3921 3113 3977 sedentem
3157 3924 3228 3978 ad
3261 3921 3539 3977 telonium.
3567 3925 3615 3969 et
3645 3912 3706 3965 ait

2173 4011 2246 4063 illi
2281 4027 2294 4065 :
2326 4011 2564 4080 Sequere
2588 4029 2692 4066 me.
2715 4014 2780 4066 Et
2806 4015 3010 4069 relictis
3031 4017 3326 4079 omnibus,
3349 4025 3565 4080 surgens
3581 4019 3710 4060 secu-

2172 4110 2260 4154 tus
2283 4113 2364 4155 est
2389 4118 2534 4155 eum.
2560 4101 2876 4175 [ungi]
2913 4105 2974 4159 Et
2998 4104 3125 4159 fecit
3153 4107 3205 4159 ei
3259 4103 3561 4159 convivium
3615 4111 3707 4148 nta-

2173 4209 2335 4260 gnum
2362 4191 2490 4246 Levi
2520 4194 2568 4245 in
2595 4195 2756 4247 domo
2777 4211 2873 4249 sua
2904 4213 2917 4248 :
2948 4206 3002 4250 et
3028 4207 3151 4251 erat
3179 4198 3348 4250 turba
3383 4194 3540 4246 multa
3565 4187 3708 4257 putill-

2174 4295 2459 4340 canorum.
2491 4292 2544 4335 et
2571 4285 2822 4351 aliorum,
2854 4286 2943 4355 qui
2990 4302 3116 4341 cum
3149 4285 3264 4340 illis
3318 4293 3475 4339 erant
3511 4281 3706 4334 discum-

2175 4373 2387 4425 bentes.
2413 4372 2480 4426 Et
2511 4374 2917 4428 murinurabant
2945 4376 3199 4444 phariswi
3230 4388 3282 4428 et
3312 4375 3514 4429 Scribat
3533 4367 3714 4424 eorum.

472 4483 627 4525 'runt
655 4471 838 4534 sociis,
871 4468 961 4537 qui
997 4478 1150 4520 erant
1188 4466 1240 4519 in
1290 4465 1392 4519 alia
1431 4464 1577 4528 navi,
1617 4471 1677 4516 ut
1702 4464 1971 4524 venirent,
2008 4474 2062 4513 et
2097 4483 2140 4537 υ
2173 4462 2416 4516 dicentes
2443 4461 2508 4513 ad
2543 4461 2838 4528 discipulos
2877 4463 3038 4531 ejus:
3075 4463 3267 4526 Quare
3289 4477 3417 4514 cum
3450 4451 3712 4526 publicani~

497 4565 824 4634 a'ijuvarent
858 4576 974 4614 cos.
1011 4561 1072 4611 Et
1107 4566 1420 4620 tenuerunt,
1465 4565 1518 4608 et
1549 4555 1910 4623 impleverunt
1948 4569 2063 4606 am-

503 4658 597 4710 has
625 4654 920 4712 IluYiCtliilS,
951 4652 1022 4704 ita
1054 4659 1108 4702 ut
1134 4656 1668 4717 pcnemergercntur
1691 4647 1730 4698 ³.
1750 4645 1922 4714 lxxxi,
1952 4644 2061 4714 10.]

502 4748 653 4814 Quod
682 4761 805 4799 cum
835 4743 1039 4794 videret
1071 4741 1256 4792 Simon
1282 4738 1498 4799 Petrus,
1533 4737 1767 4804 procidit
1798 4737 1862 4789 ad
1891 4751 2066 4805 genua

499 4840 651 4899 Jesu,
686 4835 872 4890 dicens
902 4852 914 4889 ;
949 4832 1041 4886 Esi
1069 4852 1095 4883 a
1131 4845 1235 4892 me,
1265 4829 1390 4897 quia
1421 4829 1582 4880 homo
1625 4836 1874 4894 peccator
1924 4843 2065 4889 sunt,

505 4929 755 4986 Domine.
786 4925 987 4994 Stupor
1007 4931 1147 4976 enim
1166 4919 1607 4975 circunnlcderat
1629 4934 1775 4979 cum,
1798 4927 1852 4970 ct
1877 4933 2068 4970 omnes

503 5022 594 5093 qui
626 5034 748 5073 cum
786 5017 878 5070 illo
909 5027 1086 5075 erant,
1116 5015 1165 5066 in
1193 5022 1416 5081 captura
1449 5011 1881 5080 piscium,quum
1907 5022 2068 5075 cepe-

505 5123 629 5166 rant
657 5131 668 5164 :
701 5111 952 5165 similiter
979 5117 1160 5160 autem
1192 5103 1450 5157 Jacobum
1480 5111 1535 5156 et
1584 5101 1869 5161 Joannem,
1930 5099 2070 5152 filios

502 5205 772 5268 Zebeduei,
807 5203 900 5272 qui
958 5203 1115 5256 erant
1149 5199 1282 5252 socii
1319 5197 1580 5251 Simonis.
1639 5193 1833 5266 [X\xtl,
1860 5189 1942 5263 2.]
2009 5191 2069 5242 Et

503 5303 577 5353 ait
619 5300 684 5353 ad
719 5298 998 5352 Simonem
1027 5293 1226 5347 .Icsus:
1263 5290 1382 5343 Noli
1414 5290 1607 5342 timere
1641 5303 1656 5340 :
1718 5301 1783 5338 ex
1836 5285 1936 5338 hoc
1957 5283 2066 5352 jam

504 5391 755 5446 homines
780 5390 888 5443 eris
914 5388 1155 5457 capiens.
1189 5384 1255 5437 Et
1288 5380 1574 5436 subductis
1601 5380 1667 5433 ad
1701 5390 1898 5432 terram
1923 5377 2073 5428 navi-

504 5489 626 5548 bus,
658 5483 864 5538 relictis
896 5481 1151 5536 omnibus
1173 5477 1347 5534 secuti
1378 5486 1506 5529 sunt
1533 5489 1681 5528 eum.
1745 5470 1955 5543 [usuin
1988 5467 2067 5540 2.]

583 5614 794 5668 'Grzece
825 5614 909 5676 τίς
937 5610 1006 5675 εἶ,
1036 5611 1254 5680 Regina:
1282 5622 1384 5662 ms.
1416 5607 1506 5680 qui
1532 5606 1624 5658 sis.

581 5686 837 5753 ’Absque
865 5684 1093 5753 negandi
1120 5676 1404 5753 particula,
1434 5677 1500 5731 Et
1528 5683 1775 5753 venerunt
1805 5687 1964 5741 usque
2005 5676 2075 5752 ad

516 5756 706 5822 ipsum,
739 5744 1189 5823 tiabentvﬂegtnte
1225 5765 1353 5804 mss.
1379 5751 1530 5820 juxta
1583 5746 1836 5815 pleraque
1892 5744 2069 5796 omnia

2170 4559 2225 4603 et
2249 4551 2627 4618 peccatoribus
2656 4551 2997 4604 manducatis
3025 4562 3081 4602 et
3123 4551 3329 4604 bibitis
3356 4549 3379 4599 2
3437 4545 3543 4617 [ιι.
3567 4539 3638 4611 2.]
3665 4538 3713 4590 Ει

2173 4643 2513 4710 respondens
2561 4643 2740 4705 Jesus,
2788 4643 2925 4696 dixit
2949 4643 3014 4696 ad
3049 4643 3176 4697 illos
3237 4659 3257 4698 ξ
3324 4642 3444 4694 Non
3473 4630 3712 4706 θερηῑίὶυί

2171 4733 2286 4786 sani
2317 4743 2462 4795 sunt,
2491 4734 2721 4799 medico,
2755 4735 2851 4787 sed
2881 4733 2973 4803 qui
3005 4735 3148 4788 male
3185 4735 3420 4788 habent.
3477 4730 3585 4784 Non
3618 4723 3714 4777 veni

2175 4841 2366 4878 vocare
2385 4827 2580 4895 justos,
2604 4825 2695 4878 sed
2726 4839 3037 4894 peceatores
3057 4825 3124 4879 ad
3156 4813 3715 4894 pmnitentiamJtilli

2173 4918 2429 4967 dixerunt
2463 4917 2527 4968 ad
2555 4932 2678 4969 eum
2713 4933 2728 4970 :
2759 4915 2938 4981 Quare
2961 4916 3226 4985 discipuli
3259 4909 3722 4980 JOannisjejunant

2175 5007 2510 5075 frequenter,
2546 5018 2601 5061 et
2628 5008 3037 5063 obsecrationes
3093 5006 3345 5069 faciunt,
3403 5003 3640 5058 similiter
3681 5007 3726 5046 et

2174 5099 2570 5152 Phariszcorum
2599 5115 2613 5151 :
2649 5101 2723 5152 tui
2756 5111 2937 5152 autem
2966 5101 3142 5152 edunt
3168 5109 3227 5152 et
3260 5097 3466 5152 bibunt
3496 5092 3519 5144 ἲ
3549 5088 3728 5157 Quibus

2175 5193 2292 5261 ipse
2316 5193 2392 5244 ait
2429 5209 2442 5250 :
2489 5193 2746 5263 Nunquid
2781 5194 3010 5262 potestis
3043 5192 3192 5246 filios
3227 5191 3446 5261 sponsi,
3478 5189 3600 5241 dum
3624 5198 3723 5236 cum

2177 5284 2284 5337 illis
2314 5291 2396 5336 est
2420 5299 2678 5352 sponsus,
2713 5284 2894 5338 facere
2923 5285 3182 5354 jejunare
3214 5284 3239 5334 ἲ
3296 5281 3536 5338 Venicnt
3577 5287 3729 5331 autem

2179 5377 2295 5429 dies
2315 5392 2436 5429 cum
2458 5376 2668 5430 ablatus
2694 5376 2858 5429 fuerit
2878 5376 2945 5428 ab
2973 5377 3077 5428 illis
3102 5391 3381 5443 sponsus,
3410 5385 3535 5426 tunc
3554 5370 3729 5439 jejuna-

2181 5469 2314 5520 bunt
2339 5470 2392 5520 in
2426 5469 2530 5520 illis
2559 5468 2772 5523 diebus.
2799 5468 3022 5521 Dicebat
3046 5477 3244 5520 autem
3266 5479 3328 5522 et.
3345 5462 3730 5522 similitudini-tn

2175 5600 2365 5655 Graeca
2397 5601 2748 5669 exemplaria.
3613 5661 3637 5669 __
3706 5656 3711 5660 .

2251 5671 2269 5699 ³
2285 5661 2609 5742 Adverbiuin
2655 5687 2783 5741 pene
2807 5674 2970 5742 ,qttod
2989 5687 3169 5742 neque
3220 5675 3276 5727 iu
3301 5670 3508 5727 Graecis
3529 5661 3690 5716 melici
3706 5669 3739 5706 ts

2177 5748 2319 5795 notae
2344 5739 2496 5795 libris
2527 5739 2776 5806 habetur,
2803 5739 3024 5810 prorsus
3047 5739 3098 5794 in
3125 5741 3365 5810 Regina:
3393 5757 3492 5793 ms.
3524 5748 3622 5787 non
3647 5742 3732 5781 est.
