3880 6168
232 285 327 347 (=53

231 404 430 459 adillos
455 422 468 461 :
490 403 626 469 Quia
656 415 815 456 nemo
834 401 1248 455 commissuram
1269 417 1296 455 a
1323 419 1466 456 novo
1484 405 1814 459 vestimento
1841 425 1887 478 Α
1919 407 2143 460 esuritis
2183 425 2196 459 :

230 494 473 548 immittit
501 495 555 548 in
589 494 975 546 vestimentum
1005 502 1162 545 vetus
1193 509 1207 544 :
1240 492 1486 563 alioquin
1518 506 1572 549 et
1602 510 1800 548 novum

232 585 453 652 rumpit,
483 600 536 638 et
565 585 734 637 veteri
764 599 873 638 non
903 583 1166 638 convenit
1195 585 1555 638 commissura
1581 603 1608 640 a
1636 600 1803 641 novo.

230 675 289 728 Et
317 690 486 728 nemo
516 675 685 729 mittit
717 677 905 729 viuum
955 689 1158 729 novum
1211 677 1264 728 iii
1326 687 1478 731 utres
1530 687 1745 733 veteres
1788 696 1800 732 :

228 764 466 827 alioquin
497 776 717 834 rumpet
767 766 955 820 vinum
1018 783 1219 822 novum
1278 781 1452 830 utres.
1507 779 1562 824 et
1618 771 1802 838 ipsum

226 856 564 918 elfundewr,
596 869 654 912 et
684 870 836 913 utres
862 859 1142 927 peribunt.
1170 859 1276 915 Sed
1304 861 1490 914 vinum
1521 875 1723 915 novum
1746 864 1799 914 in

231 960 373 1001 utres
389 965 563 1002 novcs
585 949 910 1003 mittendum
929 959 1036 1015 est,
1059 961 1116 1005 ct
1135 962 1368 1020 utraque
1385 963 1801 1008 conservantur.

232 1039 289 1092 Et
314 1055 482 1093 nemo
529 1041 722 1095 bibens
767 1051 944 1105 vetus,
991 1043 1176 1096 statim
1236 1044 1356 1097 vult
1406 1059 1632 1109 novum,
1672 1047 1804 1101 dicit

228 1135 364 1185 etiini
401 1151 418 1186 '.
450 1131 620 1186 Vetus
652 1135 850 1188 melius
881 1145 987 1190 est.

292 1221 458 1293 [ϐαρ.
489 1225 572 1277 γι.
609 1239 716 1287 xu,
743 1223 825 1297 ἱ]
855 1223 1079 1281 Factum
1114 1235 1198 1280 est
1223 1235 1406 1280 autem
1447 1229 1500 1280 in
1561 1225 1801 1280 Sabbato

230 1318 472 1369 secundo
503 1317 702 1382 primo,
729 1332 854 1370 cum
886 1318 1149 1371 transiret
1179 1333 1275 1387 per
1322 1329 1462 1382 sata,
1528 1319 1804 1372 velleliant

229 1407 484 1474 discipuli
517 1409 635 1475 ejus
665 1408 865 1476 spicas,
895 1419 950 1461 et
981 1409 1388 1462 man-.lucabant
1419 1408 1793 1463 confricantes

233 1499 511 1550 inanibus.
545 1498 776 1563 Quidam
843 1509 1025 1552 autem
1092 1497 1492 1553 Pharisaeorum
1551 1499 1806 1552 dicebant

232 1589 376 1642 illis:
415 1588 560 1652 Quid
592 1591 772 1642 facitis
797 1591 940 1658 quod
974 1605 1084 1643 non
1137 1590 1266 1643 licet
1328 1590 1380 1642 in
1406 1589 1666 1643 'Sabbatis
1689 1589 1714 1641 Ἰ
1742 1589 1805 1642 Et

229 1683 574 1748 respondens
599 1681 782 1738 Jesus.
815 1682 882 1734 ad
908 1696 1024 1746 eos,
1051 1682 1188 1735 dixit
1224 1699 1242 1737 :
1306 1682 1414 1734 Nec
1440 1681 1542 1734 hoc
1599 1681 1806 1750 legistis

1339 279 1837 350 EVANGEUUM
1885 288 2044 350 stac.
2094 279 2373 371 LUQAM.

2258 409 2384 473 quia
2417 401 2820 459 saturabimini.
2856 400 3066 470 [vatu,
3103 397 3180 469 5.]
3209 399 3356 455 Beati
3391 403 3484 470 qui

1903 501 2235 554 .nuneiletis
2267 499 2430 566 :‘quia
2465 497 2728 550 ridebitis.
2787 494 2956 566 [xLix,
2996 493 3072 564 5.]
3135 493 3284 548 Beati
3335 495 3490 548 eritis

1916 605 2040 643 cum
2078 606 2174 643 vos
2195 591 2410 642 oderint
2440 589 2714 649 homines,
2741 598 2794 640 ct
2820 601 2944 641 eum
2964 583 3348 654 separaverint
3371 600 3488 648 vos,

1915 692 1972 734 et
2001 683 2475 751 cxprobraverint,
2501 693 2556 735 et
2581 681 2849 750 ejecerint
2880 694 3079 732 nomen
3111 688 3350 731 vestrum
3369 689 3493 730 tan-

1916 791 2076 843 quam
2111 776 2334 832 malum.
2381 785 2606 842 propter
2635 774 2834 827 Filium
2871 772 3128 825 hominis.
3158 769 3404 825 Gaudete
3437 771 3489 821 in

1917 869 2007 920 illa
2041 868 2152 920 die.
2183 877 2242 919 et
2293 867 2603 929 exsultate;
2664 879 2792 918 ecce
2841 863 2988 916 enim
3049 877 3256 915 merces
3311 870 3490 934 vestra

1919 959 2087 1012 multa
2115 967 2198 1010 ρει
2237 957 2287 1010 in
2323 958 2462 1009 coelo
2499 975 2512 1009 :
2547 957 2848 1010 secundum
2877 954 2990 1006 haec
3015 952 3164 1005 enim
3215 939 3492 1004 faciebant

1915 1051 2201 1119 prophetis
2237 1061 2421 1116 patres
2451 1062 2665 1101 eorum.
2705 1043 2780 1116 [ιτ
2807 1044 2932 1112 ,10.]
2994 1043 3379 1097 Verumtamen
3415 1056 3495 1094 va:

1918 1141 2071 1194 vobis
2087 1140 2370 1202 divitibus,
2393 1139 2518 1207 quia
2543 1137 2758 1190 habetis
2777 1133 3207 1188 consolationem
3228 1142 3491 1186 vestram.

1916 1230 2005 1284 Vat
2038 1231 2213 1290 vobis,
2252 1231 2344 1299 qui
2374 1229 2601 1283 saturati
2665 1228 2798 1282 estis
2828 1268 2842 1291 ,
2895 1227 3024 1295 quia
3082 1224 3360 1279 esurietis.
3405 1223 3495 1275 Vze

1921 1323 2106 1381 vobis.
2148 1323 2240 1390 qui
2281 1322 2472 1376 ridetis
2499 1336 2646 1374 nunc
2682 1337 2695 1374 :
2725 1321 2850 1386 quia
2880 1318 3138 1387 lugebitis
3161 1329 3214 1370 et
3269 1317 3495 1371 ﬂebitis.

1916 1415 2016 1487 με,
2059 1413 2177 1486 10.]
2210 1415 2299 1469 Vas
2341 1429 2468 1469 cum
2522 1413 2902 1468 benedixerint
2951 1411 3107 1465 vobis
3157 1411 3406 1466 homines
3435 1413 3491 1462 ':

1914 1509 2216 1563 secundum
2289 1509 2402 1562 limo
2440 1507 2589 1561 enim
2653 1506 2936 1559 faciebant
2995 1503 3495 1572 pseudoprophetis

1918 1606 2098 1666 patres
2121 1612 2336 1650 eorum.
2363 1596 2490 1668 ‘[Lll,
2525 1596 2608 1668 5.]
2647 1597 2752 1650 Sed
2786 1597 2943 1649 vobis
2965 1596 3111 1656 dico,
3131 1595 3222 1664 qui
3249 1594 3451 1650 auditis
3476 1611 3494 1650 :

1921 1687 2137 1757 Diligite
2216 1688 2471 1740 inimicos
2533 1698 2791 1748 vestros,
2867 1688 3171 1740 benefaeite
3249 1687 3335 1740 his
3401 1688 3495 1756 qui

230 1771 366 1838 quod
400 1770 544 1825 fecit
570 1771 756 1832 David,
782 1786 907 1824 cum
940 1770 1204 1824 esurisset
1230 1771 1366 1837 ipse,
1421 1781 1477 1822 et
1537 1771 1632 1837 qui
1674 1784 1797 1823 cum

1923 1780 2151 1832 aderunt
2207 1793 2325 1831 vos.
2361 1778 2678 1831 Benedicite
2737 1777 3191 1831 maledicentibus
3239 1779 3413 1842 vobis,
3444 1789 3502 1833 et

232 1865 319 1915 illo
344 1871 514 1914 erant
553 1877 567 1912 :
629 1862 904 1929 quomodo
952 1862 1178 1914 intravit
1209 1861 1263 1913 in
1319 1863 1536 1914 domum
1595 1859 1715 1923 Dei,
1751 1871 1812 1913 et

236 1969 397 2018 panes
467 1954 866 2021 propositionis
901 1953 1158 2020 sumpsit,
1214 1960 1268 2004 et
1334 1952 1703 2013 manducavit,
1763 1960 1820 2005 et

231 2045 380 2098 dedit
416 2045 518 2097 his
543 2046 788 2112 quicum
828 2045 952 2112 ipso
978 2053 1161 2105 erant,
1203 2057 1344 2112 quos
1371 2059 1478 2096 non
1513 2043 1641 2096 licet
1670 2060 1823 2097 man-

233 2134 430 2188 ducare
468 2136 576 2188 nisi
611 2144 814 2188 tantum
851 2135 1271 2188 sacerdotibus?
1324 2133 1478 2205 [XLlI,
1506 2133 1595 2206 2.]
1656 2136 1721 2188 Et
1743 2136 1826 2189 di-

231 2226 386 2278 cebat
411 2225 533 2280 illis
568 2241 588 2281 :
617 2226 752 2290 Quia
796 2228 1052 2281 dominus
1078 2235 1162 2280 est
1188 2225 1360 2280 Filius
1391 2227 1629 2280 hominis
1657 2229 1823 2281 etiam

235 2314 481 2374 Sabbxti.
516 2316 850 2372 Factumcst
875 2328 1058 2371 autem
1093 2328 1149 2380 et
1181 2320 1234 2370 in
1271 2319 1404 2372 .alio
1465 2318 1729 2381 Sabbato,
1766 2334 1826 2374 ut

233 2409 460 2464 intraret
504 2409 560 2462 in
626 2423 974 2477 synagogam,
1030 2419 1087 2461 et
1147 2409 1388 2463 doceret.
1458 2409 1523 2464 Et
1580 2420 1700 2464 erat
1748 2408 1824 2465 ibi

230 2501 414 2566 homo,
449 2512 514 2556 et
543 2519 738 2556 manus
755 2504 875 2572 ejus
906 2504 1130 2556 dextera
1163 2511 1281 2556 erat
1308 2502 1482 2555 arida.
1543 2501 1824 2557 Observa-

233 2599 356 2646 bam
381 2602 575 2646 autem
612 2592 840 2654 Scribam
866 2601 920 2644 et
947 2592 1225 2652 Pharisaei,
1257 2593 1302 2645 si
1331 2591 1385 2643 in
1409 2590 1645 2646 Sabbato
1665 2607 1826 2668 cura-

232 2694 332 2748 ret,
379 2695 439 2738 et
470 2685 784 2738 invenirent
823 2686 965 2737 unde
990 2694 1485 2758 accusarenteum.
1520 2684 1642 2750 Ipse
1693 2700 1824 2738 vero

226 2777 440 2831 sciebat
477 2777 841 2845 cogitationes
903 2788 1147 2828 eorum:
1212 2785 1267 2828 et
1324 2777 1402 2829 ait
1459 2776 1664 2830 homini
1730 2778 1823 2846 qui

233 2868 472 2920 habebat
504 2882 726 2919 manum
762 2866 971 2917 aridam
1011 2881 1028 2919 :
1058 2863 1254 2934 Surge,
1281 2873 1338 2918 et
1364 2873 1444 2917 sta
1469 2865 1523 2917 in
1559 2865 1820 2923 medium.

233 2959 296 3012 Et
324 2973 572 3027 surgens
609 2959 783 3011 stetit.
817 2957 907 3010 Ait
933 2966 1115 3010 autem
1145 2957 1210 3010 ad
1247 2957 1368 3010 illos
1388 2956 1546 3011 Jesus
1579 2973 1593 3012 :
1655 2959 1824 3012 lnter-

229 3065 358 3120 rogo
387 3066 525 3112 vos,
574 3048 620 3103 si
674 3049 804 3102 licet
866 3047 1118 3101 Sabbatis
1155 3047 1494 3111 benefacere,
1531 3065 1596 3101 an
1641 3051 1821 3114 male;

226 3143 468 3196 animam
535 3142 740 3195 salvam
783 3141 986 3202 facere,
1015 3156 1081 3192 an
1131 3141 1361 3208 perdere
1393 3141 1416 3192 ?
1469 3150 1525 3193 et
1587 3142 1826 3195 circum-
1853 3151 1895 3203 (ζ
1931 3151 2145 3194 vestros
2177 3157 2193 3194 :
2223 3142 2547 3206 benefacite,
2574 3151 2630 3195 et
2666 3151 2912 3195 mutuum
2973 3143 3122 3205 date,

225 3239 428 3300 spectis
460 3232 749 3292 omnibus.
791 3231 930 3283 dixit
988 3231 1193 3283 homini
1248 3248 1263 3286 :
1319 3231 1559 3284 Extende
1600 3248 1817 3286 manum

227 3335 396 3375 tuam.
436 3321 511 3375 Et
545 3320 791 3374 extendit
827 3335 842 3373 :
887 3330 943 3372 et
983 3319 1231 3372 restituta
1285 3331 1370 3373 est
1436 3337 1629 3373 manus
1677 3323 1817 3391 ejus.

225 3416 322 3482 lpsi
354 3428 555 3467 au=em
588 3413 781 3480 repleti
811 3421 936 3466 sunt
960 3411 1272 3478 insipientia
1306 3422 1399 3475 ;et
1427 3414 1821 3480 colloquebani-

225 3517 310 3557 tair
341 3509 410 3559 ad
448 3505 720 3567 invicem,
751 3503 1012 3573 quidnam
1047 3503 1290 3558 facerent
1322 3502 1474 3558 Jesu.
1521 3503 1700 3574 lunt,
1737 3505 1818 3576 2.]

223 3596 454 3651 Factum
495 3608 590 3650 est
613 3606 805 3649 autem
843 3596 898 3647 in
923 3596 1034 3648 illis
1063 3596 1281 3660 diebus,
1312 3598 1451 3648 exiit
1490 3597 1541 3648 in
1578 3605 1819 3648 montem

221 3708 404 3752 orare,
428 3702 490 3744 et
527 3701 648 3743 erat
672 3699 1011 3756 pernoctans
1035 3687 1085 3739 in
1121 3689 1371 3741 oratione
1403 3688 1512 3742 Dei.
1544 3685 1711 3758 [κων.
1737 3687 1818 3759 2.]

221 3785 286 3836 ΕΙ.
315 3797 447 3836 cum
484 3782 610 3835 dies
644 3782 820 3833 factus
842 3788 1011 3839 esset,
1047 3777 1265 3830 vocavit
1312 3777 1612 3845 discipulos
1645 3793 1774 3831 suos
1802 3795 1816 3830 ε

220 3887 272 3927 ct
293 3877 470 3942 elegit
505 3872 801 3926 duodecim
826 3886 894 3924 ex
928 3870 1061 3937 ipsis
1095 3872 1256 3938 (quos
1315 3881 1372 3921 et
1397 3869 1676 3937 apostolos
1724 3883 1819 3921 no-

220 3967 478 4034 minavit)
526 3982 543 4020 ;
577 3966 880 4019 Simonem.
914 3976 1079 4030 quem
1113 3961 1522 4029 cognominavit
1567 3960 1816 4022 Petrum,

219 4059 592 4111 etAndreain
624 4056 850 4108 fratrem
900 4055 1042 4123 ejus,
1103 4053 1365 4105 Jacolium
1423 4063 1478 4106 et
1529 4051 1818 4115 Joannem,

220 4151 550 4219 Philippum
597 4159 656 4201 et
687 4147 1166 4207 Bartholouizeuin,
1204 4145 1516 4198 Mattlimum
1578 4154 1636 4198 et
1667 4145 1818 4196 Tho-

221 4259 389 4298 tnatn.
424 4240 709 4294 Jacobum
735 4237 967 4305 Alpltwi,
1001 4245 1052 4288 et
1079 4235 1382 4297 Simonem,
1442 4237 1534 4303 qui
1595 4245 1820 4287 vocatur

217 4331 438 4386 Zelotes
487 4349 504 4384 :
569 4341 628 4383 et
671 4329 863 4382 Judam
885 4329 1094 4389 Jacobi,
1155 4338 1211 4380 et
1245 4327 1440 4382 .Iudam
1502 4327 1817 4381 lscariotein

219 4441 344 4494 μω.
386 4421 707 4491 Scarioth],
740 4424 833 4489 qui
870 4421 974 4473 fuit
999 4420 1267 4487 proditor.
1336 4419 1484 4490 μιν,
1518 4417 1595 4488 1.]
1639 4419 1702 4471 Et
1725 4420 1819 4470 de-

216 4517 504 4570 scendcns
538 4528 666 4567 cum
691 4514 816 4578 illis,
840 4512 992 4566 stetit
1024 4512 1076 4563 in
1105 4512 1223 4564 loco
1253 4514 1561 4578 campestri.
1588 4520 1643 4564 et
1668 4511 1824 4563 turba

215 4610 642 4678 discipulorum
673 4607 818 4676 ejus,
869 4613 924 4658 et
953 4603 1248 4657 multitudo
1275 4603 1498 4671 cepiosa
1554 4602 1730 4668 plebis
1755 4601 1823 4654 ab

216 4702 368 4753 omni
401 4697 632 4760 Judata,
658 4692 1060 4755 etJerusalem,
1095 4706 1150 4745 et
1187 4693 1484 4756 maritima,
1511 4701 1566 4745 et
1596 4691 1744 4760 Tyri,
1769 4700 1824 4743 et

217 4791 478 4849 Sidonis,
516 4787 619 4855 qui
652 4795 937 4848 venerant,
975 4793 1032 4835 ut
1059 4784 1315 4837 audirent
1359 4798 1508 4845 eum,
1555 4793 1610 4835 et
1664 4796 1823 4835 sana-

222 4895 414 4937 rentur
449 4897 484 4935 a
523 4877 888 4948 languoribus
911 4876 1046 4928 suis.
1081 4875 1148 4927 Et
1171 4875 1261 4943 qui
1292 4875 1628 4928 vexabantur
1659 4889 1686 4925 a
1713 4874 1822 4940 spi-

222 4979 428 5028 ritibus
488 4969 826 5029 immundis,
880 4974 1241 5020 curabuntur.
1302 4967 1362 5018 Et
1421 4967 1600 5019 omnis
1664 4969 1822 5018 turba

218 5070 517 5138 querebat
551 5078 680 5115 eum
709 5072 932 5129 tangere
971 5075 984 5113 :
1015 5061 1140 5126 quia
1167 5061 1338 5112 virtus
1361 5059 1428 5112 de
1493 5059 1583 5111 illo
1611 5058 1818 5123 exibat,

219 5174 274 5213 et
309 5160 564 5213 sanabat
599 5169 807 5207 omnes.
858 5155 1024 5225 [xu-1.
1052 5150 1131 5222 5.]
1161 5152 1227 5204 Et
1254 5153 1368 5219 ipse
1392 5151 1620 5204 elevatis
1645 5153 1824 5204 oculis

222 5253 274 5306 in
307 5253 638 5322 discipulus
671 5265 818 5312 suos,
851 5249 1068 5302 diccbat
1102 5264 1114 5298 :
1157 5245 1305 5299 Beati
1334 5259 1603 5312 pauperes
1635 5261 1648 5295 :
1698 5245 1825 5310 quia

221 5360 471 5401 vestrum
509 5354 612 5399 est
638 5357 860 5414 regnum
900 5343 1014 5394 Dei.
1047 5349 1238 5411 μίμνει,
1267 5337 1346 5409 5.]
1374 5337 1522 5390 Beati
1557 5337 1650 5403 qui
1680 5351 1827 5387 nunc

297 5463 312 5491 ⁸
334 5459 607 5513 Vatican.
639 5471 701 5510 ac
730 5455 949 5520 Reginzc.
981 5469 1110 5506 mss.
1168 5468 1285 5504 cum
1314 5451 1440 5504 bene
1484 5449 1620 5504 vobis
1653 5447 1825 5520 Hdixe-

223 5537 324 5586 riiu
361 5546 562 5585 omnes
597 5519 854 5585 homines,
888 5535 1030 5592 quod
1062 5525 1282 5590 quidem
1309 5538 1509 5583 omnes,
1549 5523 1602 5572 in
1632 5519 1822 5592 Graeco

220 5619 386 5656 etiam
418 5601 693 5666 originali
725 5609 868 5648 textu
896 5605 1112 5666 resonat
1135 5595 1288 5658 juxta
1337 5595 1628 5666 plerosque
1675 5591 1827 5640 eod...

222 5691 332 5732 «ἐκ,
373 5663 600 5728 vti-Iis;
640 5669 686 5716 oi
715 5668 1009 5734 ἄνθρωποι.
1038 5663 1176 5715 Tum
1207 5665 1314 5714 duo
1352 5665 1566 5730 Regina:
1596 5664 1704 5713 luz'c
1741 5666 1824 5726 [a-

222 5746 429 5797 czebnst
459 5740 747 5809 prophetis
777 5750 947 5805 putres
977 5751 1177 5796 eorum,
1209 5735 1352 5800 quod
1396 5751 1457 5786 ex
1517 5751 1668 5797 Stlpt‘l
1692 5748 1823 5781 mres

1926 1881 2078 1922 orate
2109 1883 2209 1936 pro
2239 1869 2702 1921 calumniantibus
2737 1883 2853 1921 vos.
2883 1878 3028 1939 μευ,
3062 1864 3144 1934 5.]
3215 1868 3278 1920 Ει
3311 1869 3410 1936 qui
3447 1878 3500 1923 te

1927 1959 2168 2026 percutit
2198 1958 2250 2009 in
2283 1957 2583 2022 maxillam,
2624 1957 2803 2024 ρτςιίιθ
2833 1957 2881 2010 ei
2917 1957 3168 2010 alteram.
3204 1957 3268 2010 Et
3301 1957 3370 2010 ab
3407 1973 3496 2021 eo,

1907 2051 2016 2118 qui
2053 2050 2232 2104 aufert
2265 2049 2360 2103 tibi
2391 2051 2811 2110 vestimentum,
2868 2049 3032 2103 etiam
3087 2048 3325 2102 tunicam
3384 2051 3499 2103 noli

1927 2143 2240 2210 prohibere.
2266 2140 2428 2196 Omni
2469 2151 2649 2195 autem
2677 2141 2882 2209 petenti
2923 2150 2994 2200 te,
3026 2139 3206 2194 tribue
3237 2157 3253 2195 :
3319 2149 3376 2194 et
3407 2143 3498 2210 qui

1925 2231 2102 2284 aufert
2133 2247 2255 2300 qua:
2276 2242 2365 2284 tua
2394 2241 2543 2290 sunt.
2575 2244 2642 2284 ne
2681 2240 2912 2299 repetas.
2945 2229 3079 2300 μιν,
3109 2227 3191 2301 5.]
3248 2229 3315 2282 Et
3341 2241 3504 2299 prout

1928 2320 2115 2384 vultis,
2141 2331 2200 2374 ut
2233 2321 2440 2373 faciant
2466 2319 2623 2373 vobis
2655 2319 2926 2382 homines,
2985 2331 3042 2374 et
3070 2335 3168 2395 vos
3196 2321 3356 2374 fat-ite
3390 2320 3502 2375 illis

1927 2412 2209 2464 similiter.
2243 2411 2307 2463 Et
2333 2411 2376 2464 si
2405 2410 2636 2480 diligitis
2659 2425 2777 2473 eos,
2808 2412 2902 2478 qui
2942 2426 3038 2465 vos
3069 2411 3327 2481 diligunt,
3377 2427 3503 2481 quae

1929 2500 2090 2552 vobis
2120 2510 2205 2553 est
2235 2500 2454 2569 gratia?
2491 2515 2616 2552 nam
2644 2509 2701 2553 et
2753 2509 3070 2569 peccatores
3117 2501 3410 2569 diligentes
3440 2518 3500 2556 se

1925 2591 2186 2658 diligunt.
2223 2591 2335 2662 ]t.v,
2364 2590 2446 2662 5.]
2477 2591 2604 2644 Etsi
2628 2592 3012 2645 benefeccritis
3044 2591 3145 2654 bis,
3205 2592 3298 2659 qui
3346 2593 3503 2646 vobis

1927 2684 2297 2741 benefaciunt.
2353 2699 2474 2751 quae
2531 2683 2687 2736 vobis
2729 2693 2813 2736 est
2841 2684 3012 2753 gratia
3045 2683 3070 2734 ?
3107 2684 3380 2752 siquidem
3443 2694 3502 2740 et

1927 2786 2242 2843 peccatores
2267 2775 2372 2828 hoc
2401 2775 2627 2828 faciunt.
2654 2775 2720 2828 Ει
2750 2775 2794 2828 si
2823 2785 3068 2828 mutuum
3100 2774 3365 2829 dederitis
3388 2776 3497 2842 liis,

1927 2883 1953 2917 a
1988 2868 2189 2933 quibus
2219 2867 2452 2936 speratis
2481 2867 2748 2935 recipere.
2792 2881 2914 2934 quae
2971 2867 3143 2937 gratia
3178 2877 3261 2922 est
3291 2869 3446 2923 vobis
3479 2870 3504 2922 ἳ

1926 2973 2051 3010 nam
2105 2970 2160 3012 et
2213 2969 2538 3028 peccatores
2597 2959 2990 3028 peccatoribus
3051 2959 3391 3024 fenerantur,
3443 2973 3503 3015 ut

1926 3050 2192 3118 recipiant
2225 3053 2478 3120 mqualia.
2563 3051 2950 3106 Verumtamen
2977 3052 3190 3122 diligite
3241 3054 3501 3109 inimicos

3190 3143 3325 3198 nihil
3375 3145 3502 3198 inde

1924 3243 2213 3296 sperantes
2249 3248 2264 3288 :
2319 3243 2377 3286 et
2406 3233 2515 3286 erit
2545 3247 2757 3286 merces
2788 3241 2969 3286 vestra
3005 3233 3194 3296 multa,
3261 3244 3317 3288 et
3344 3235 3503 3288 eritis

1925 3324 2021 3377 lilii
2051 3324 2340 3387 Altissimi,
2375 3324 2504 3392 quia
2527 3324 2642 3393 ipse
2668 3323 2934 3392 benignus
2956 3332 3041 3378 est
3061 3339 3228 3392 super
3255 3325 3497 3394 ingratos

1921 3423 1978 3466 et
2009 3415 2202 3469 malos.
2239 3415 2427 3469 Estole
2463 3430 2594 3484 ergo
2625 3414 3030 3476 miseritordcs,
3073 3417 3215 3469 sicut
3244 3425 3294 3470 et
3340 3416 3498 3470 Pater

1923 3519 2106 3559 vesmr
2141 3507 2454 3560 misericors
2474 3515 2577 3561 est.
2616 3507 2752 3578 [ιη
2790 3506 3077 3576 2.]Nolite
3131 3508 3404 3576 judicare,
3438 3519 3496 3562 et

1922 3612 2029 3648 non
2055 3598 2439 3665 jndicabimini
2472 3610 2487 3651 :
2531 3601 2698 3653 nolite
2723 3598 3112 3652 condemnare.
3141 3607 3196 3651 et
3228 3614 3337 3652 non
3370 3614 3500 3653 con-

1923 3691 2338 3744 den-nabimini.
2379 3693 2664 3752 Diniittite,
2705 3703 2760 3743 et
2814 3689 3188 3743 ditnitteinini.
3255 3692 3406 3749 Date.
3441 3704 3499 3744 et

1922 3783 2145 3835 dabitur
2177 3783 2331 3835 Vobis
2366 3798 2382 3839 :
2452 3797 2761 3834 mensuram
2797 3781 3018 3843 bonam,
3056 3790 3112 3833 et
3163 3779 3491 3846 confertam,

1920 3883 1976 3924 et
2013 3875 2363 3942 coagitatam.
2395 3883 2449 3925 et
2473 3871 2954 3938 sujxerellluenteni
2987 3870 3198 3926 dabunt
3230 3872 3282 3923 in
3312 3872 3493 3924 sinum

1923 3977 2189 4018 vestrum.
2263 3966 2462 4019 Eadem
2514 3965 2716 4033 quippe
2785 3978 3086 4028 mensura,
3146 3976 3254 4031 qua
3319 3963 3497 4016 mensi

1922 4059 2156 4123 fueritis,
2181 4060 2500 4112 remetietur
2523 4059 2698 4112 vobis.
2730 4056 2881 4130 lavit,
2910 4056 2991 4128 5.]
3044 4057 3266 4110 Dicebat
3310 4066 3493 4110 autem

1922 4150 2030 4202 illis
2054 4160 2110 4203 et
2137 4149 2548 4204 similitudinem
2570 4164 2586 4202 :
2609 4149 2863 4216 Nunquid
2888 4156 3064 4217 potest
3084 4162 3261 4199 caecus
3290 4161 3494 4200 αυευιιι

1921 4241 2120 4293 ducere
2147 4240 2168 4291 ?
2199 4255 2380 4293 nonne
2399 4239 2560 4292 ambo
2615 4241 2668 4291 in
2717 4239 2926 4292 foveam
2954 4237 3254 4308 cadunt?[t
3274 4252 3387 4298 vni,
3413 4235 3498 4308 3.]

1922 4332 2040 4385 Non
2075 4343 2158 4385 est
2189 4331 2495 4399 discipulus
2522 4345 2690 4398 super
2724 4330 3038 4398 magistrum
3066 4329 3377 4396 :pcrfectus
3403 4343 3500 4380 au-

1931 4433 2038 4475 tem
2073 4423 2252 4475 omnis
2284 4423 2410 4482 erit,
2437 4422 2481 4475 si
2515 4423 2585 4474 sit
2615 4422 2757 4473 sicut
2790 4420 3200 4490 magisterejns.
3249 4417 3384 4490 [th,
3413 4417 3496 4489 5.]

1931 4512 2068 4578 Quid
2103 4520 2282 4564 autem
2316 4510 2468 4564 vides
2499 4510 2760 4563 festucam
2818 4509 2870 4560 in
2921 4509 3078 4561 oeulo
3131 4506 3317 4561 fratris
3378 4508 3456 4560 tui
3485 4549 3500 4566 .

1930 4608 2138 4660 trabem
2171 4615 2377 4669 autem,
2399 4620 2518 4672 qua:
2553 4606 2604 4656 in
2638 4602 2797 4656 oculo
2821 4612 2914 4655 tuo
2944 4614 3046 4664 est,
3102 4615 3206 4655 non
3254 4600 3508 4654 conside-

1929 4715 2020 4752 ras
2048 4697 2070 4749 ?
2101 4699 2211 4750 Aut
2239 4696 2516 4765 quomodo
2540 4705 2693 4764 potes
2719 4693 2899 4747 dicere
2928 4693 3081 4745 fratri
3117 4702 3210 4744 tuo
3241 4708 3254 4745 :
3286 4689 3503 4754 Frater,

1928 4790 2049 4842 sine
2077 4787 2293 4856 ejiciam
2332 4785 2591 4842 festucam
2618 4785 2686 4839 de
2736 4783 2898 4836 oculo
2933 4792 3026 4838 tuo
3052 4823 3066 4845 ,
3122 4783 3315 4849 ipsein
3347 4784 3507 4835 oculo

1931 4891 2026 4934 tuo
2063 4879 2270 4932 trabem
2303 4892 2412 4930 non
2447 4877 2681 4930 videns?
2716 4875 3032 4943 llypocrita,
3087 4875 3225 4943 ejiee
3266 4874 3503 4942 primum

1930 4971 2140 5024 trabem
2171 4969 2236 5023 de
2261 4970 2434 5022 oculo
2466 4977 2585 5030 tuo,
2640 4976 2696 5019 et
2733 4975 2863 5018 tunc
2889 4966 3192 5033 perSpicies
3220 4975 3276 5017 ut
3301 4965 3508 5018 educas

1930 5063 2190 5116 festucam
2224 5061 2292 5115 de
2321 5060 2481 5115 oculo
2515 5058 2702 5110 fratris
2731 5060 2810 5111 tui
2848 5055 2957 5128 [Lm
2990 5057 3070 5127 5.]
3105 5055 3221 5110 Non
3244 5064 3328 5109 est
3354 5057 3498 5108 enim

1930 5158 2093 5210 arbor
2132 5157 2294 5218 bona,
2328 5170 2448 5224 qua:
2483 5153 2613 5206 facit
2641 5152 2855 5205 fructus
2890 5153 3064 5205 malos
3096 5169 3115 5216 ;
3149 5165 3324 5218 neque
3341 5149 3504 5200 arbor

1932 5246 2335 5309 mala,faciens
2383 5245 2621 5298 fructum
2665 5245 2892 5296 bonum.
2953 5241 3299 5306 Unaquaeque
3355 5237 3503 5290 enim

1931 5344 2095 5396 arbor
2116 5343 2185 5396 de
2235 5341 2414 5395 fructu
2448 5353 2548 5393 suo
2598 5338 2964 5410 cognoscitur.
3025 5334 3153 5404 [ιιι.
3184 5329 3263 5398 5.]
3319 5331 3506 5398 Neque

1929 5456 2000 5509 25
2029 5454 2284 5509 versicitli
2316 5454 2518 5508 isoloco
2561 5430 2852 5520 repetitum
2881 5459 2966 5520 est
3006 5465 3019 5502 :
3079 5459 3201 5495 nam
3234 5452 3292 5496 et
3341 5458 3508 5509 pseu-

1931 5526 2302 5591 doprophetas
2335 5518 2639 5576 rectissime
2702 5522 2789 5574 hic
2850 5518 2976 5593 l00i__
3014 5523 3170 5593 V901“
3213 5522 3421 5577 ῑεκιυε,
3453 5523 3510 5565 ει

1931 5587 2186 5648 secundis
2210 5610 2429 5660 quoque
2457 5593 2604 5645 curis
2638 5595 2689 5642 in
2724 5593 2895 5642 altero
2943 5587 3162 5652 Regina:
3192 5598 3298 5638 ius.
3353 5600 3514 5655 repu-

1931 5667 2089 5717 situm
2119 5666 2190 5718 ita
2219 5674 2322 5716 cst.
