3880 6168
382 364 485 424 655

1269 359 1328 420 s.
1374 311 1808 437 ntERoNYut
1855 349 2120 413 ntvnvA
2166 343 2701 410 BlBLlOTHECA.

3509 333 3627 404 656

365 479 512 534 enim
545 478 610 532 de
640 478 812 548 spinis
838 478 1100 546 colligunt
1130 473 1268 530 ficus
1301 494 1314 534 :
1353 491 1528 543 neque
1559 475 1627 529 de
1646 473 1791 527 rubo
1817 474 1932 525 vin-
1963 477 2006 531 Α
2042 470 2180 522 Deus
2209 466 2688 548 visitavit‘plebeut
2748 478 2922 516 snam.
2954 461 3178 532 LL!VIII,
3223 461 3302 513 to.
3335 458 3354 531 ]
3385 459 3452 515 Et
3487 459 3632 514 exiit

367 572 608 626 demiant
638 585 820 626 uvam.
848 567 1093 639 [an,5.]
1124 568 1310 621 Bonus
1338 568 1498 622 homo
1524 572 1589 621 de
1633 568 1774 620 bono
1815 566 1932 618 the-

364 678 530 717 sauro
553 661 737 716 cordis
766 661 850 714 sui
880 658 1088 728 profert
1118 659 1322 712 bonum
1358 676 1372 714 ;
1401 670 1455 712 et
1488 658 1662 712 malus
1683 659 1844 710 homo
1866 656 1933 708 de

366 755 506 809 malo
537 754 794 807 thesauro
825 750 1031 819 profert
1063 750 1285 804 malum.
1315 751 1389 804 Ex
1417 749 1746 803 abundantia
1787 747 1932 800 enim

367 846 553 900 cordis
580 860 642 897 os
672 842 936 910 loquitur.
975 839 1256 912 [thu,'5.]
1307 841 1444 904 Quid
1500 848 1682 893 autem
1728 835 1934 890 vocatis

364 952 472 1001 ine,
502 934 749 998 Domine,
784 932 1009 986 Domine
1049 941 1146 1000 get
1185 946 1291 984 non
1339 931 1518 984 facitis
1571 944 1694 997 quae
1749 928 1871 982 dico
1914 927 1937 979 ?

363 1028 533 1099 luxv,
565 1024 648 1096 5.]
677 1023 868 1078 Omnis
889 1024 982 1092 qui
1019 1023 1166 1078 venit
1201 1022 1268 1076 ad
1305 1038 1410 1086 me,
1446 1035 1499 1076 et
1527 1023 1680 1075 audit
1727 1036 1934 1075 sermo-

362 1132 461 1171 nes
497 1130 669 1178 meos,
701 1123 758 1170 et
785 1114 918 1168 facit
945 1129 1041 1168 eos
1068 1129 1080 1166 :
1127 1113 1411 1168 ostendam
1446 1114 1600 1167 vobis
1628 1112 1934 1167 cuisimilis

362 1207 434 1260 sit
469 1222 485 1260 ς
525 1204 720 1259 similis
738 1213 822 1258 est
852 1202 1059 1257 homini
1089 1201 1378 1256 aedificanti
1402 1203 1649 1267 domum,
1678 1203 1772 1271 qui
1793 1200 1934 1255 fodit

365 1299 416 1351 in
451 1297 644 1359 altum,
675 1304 730 1351 et
762 1295 948 1365 posuit
977 1294 1395 1349 fundamentum
1433 1311 1601 1363 super
1653 1306 1866 1364 petram
1915 1310 1930 1348 :

364 1389 722 1443 inundatione
753 1395 941 1442 autem
971 1386 1132 1449 facta,
1160 1386 1358 1439 illisum
1389 1397 1472 1440 est
1503 1385 1704 1440 flumen
1739 1385 1928 1439 domui

364 1479 464 1544 illi,
501 1490 558 1535 et
589 1494 697 1535 non
727 1479 904 1548 potuit
941 1492 1062 1533 eam
1093 1491 1312 1531 movere
1350 1493 1364 1530 :
1401 1475 1622 1530 fundata
1649 1476 1794 1529 enim
1814 1487 1933 1530 erat

364 1587 531 1640 super
552 1570 906 1640 petram.Qui
929 1579 1110 1624 autem
1133 1570 1306 1633 audit,
1329 1577 1385 1622 et
1416 1582 1522 1621 non
1557 1568 1704 1632 facit,
1740 1567 1936 1622 similis

363 1675 444 1715 est
480 1663 688 1718 homini
732 1661 1022 1716 aedificanti
1074 1664 1296 1717 domum
1334 1679 1490 1716 suam
1523 1679 1692 1731 super
1733 1672 1932 1716 terram

362 1757 481 1809 sine
506 1753 891 1819 fundamento;
925 1754 977 1807 in
1009 1769 1170 1823 quam
1193 1755 1365 1808 illisus
1385 1763 1470 1808 est
1487 1755 1704 1816 fluvius,
1725 1761 1778 1806 et
1801 1769 1933 1807 con-

365 1850 519 1902 tinuo
553 1846 750 1901 cecidit
776 1855 864 1900 :et
885 1847 1020 1898 facta
1043 1856 1122 1900 est
1151 1846 1309 1899 ruina
1328 1845 1521 1898 domus
1549 1846 1696 1899 illius
1717 1861 1930 1915 magna.

434 1938 588 2010 [Cap.
625 1935 736 1991 VII.
769 1952 892 2001 va,
922 1936 1020 2007 5.]
1056 1937 1193 1990 Cum
1223 1948 1403 1990 autem
1441 1937 1720 2005 implesset
1751 1937 1933 1989 omnia

369 2028 532 2083 verba
567 2042 664 2082 sua
722 2027 775 2080 in
813 2041 975 2079 aures
1012 2025 1207 2092 plebis,
1260 2026 1485 2080 intravit
1532 2027 1931 2095 Capharnaum.

363 2118 714 2172 Centurionis
761 2129 941 2171 autem
987 2116 1266 2184 cujusdam
1309 2131 1500 2170 servus
1540 2116 1678 2170 male
1708 2117 1933 2182 habens,

365 2218 482 2262 erat
531 2207 828 2261 moriturus
884 2223 898 2259 :
955 2207 1045 2274 qui
1094 2205 1173 2258 illi
1209 2215 1328 2260 erat
1375 2206 1665 2274 pretiosus.
1715 2204 1935 2260 Etcum

367 2297 610 2351 audisset
641 2298 704 2350 de
733 2295 883 2358 Jesu,
921 2295 1069 2348 misit
1096 2295 1162 2348 ad
1195 2309 1321 2348 eum
1349 2297 1594 2350 seniores
1622 2296 1935 2352 Jud:eorum

369 2402 562 2457 rogans
593 2402 741 2450 eum,
775 2393 835 2439 ut
861 2385 1089 2448 veniret,
1122 2395 1176 2438 et
1203 2385 1435 2439 salvaret
1461 2400 1677 2438 servum
1701 2387 1839 2455 cjus.
1868 2386 1938 2439 At

368 2480 444 2532 illi
476 2492 598 2530 cum
629 2479 906 2530 venissent
938 2476 1004 2529 ad
1038 2473 1248 2540 Jesum,
1286 2477 1547 2546 rogabant
1577 2492 1699 2530 eum
1727 2477 1934 2532 sollici-

376 2580 450 2632 te,
493 2567 740 2620 dicentes
768 2565 818 2620 ei
849 2582 864 2617 :
900 2563 1036 2630 Quia
1085 2565 1281 2634 dignus
1309 2575 1412 2627 est,
1449 2577 1508 2619 ut
1541 2567 1640 2618 hoc
1684 2566 1760 2618 illi
1805 2582 1938 2634 pra:-

367 2669 494 2713 stes.
547 2657 729 2725 Diligit
753 2657 899 2712 enim
936 2665 1152 2724 gentem
1189 2665 1429 2710 nostram
1469 2672 1481 2708 :
1517 2667 1571 2711 et
1611 2672 1937 2727 synagogam

365 2751 478 2817 ipse
517 2747 802 2802 aediﬁcavit
849 2747 1023 2801 nobis.
1058 2746 1215 2802 Jesus
1243 2756 1427 2800 autem
1475 2746 1586 2800 ibat
1636 2763 1760 2801 cum
1807 2749 1934 2800 illis.

366 2841 434 2894 Et
463 2854 587 2894 cum
621 2839 727 2907 jam
757 2853 864 2891 non
901 2837 1059 2906 longe
1086 2847 1232 2892 esset
1258 2853 1287 2891 a
1317 2838 1500 2904 domo,
1532 2839 1681 2893 misit
1713 2838 1780 2892 ad
1812 2852 1936 2892 eum

366 2930 628 2984 Centurio
674 2929 901 2992 amicos,
949 2928 1140 2982 dicens
1203 2945 1218 2982 :
1273 2929 1520 2992 Domine,
1558 2929 1666 2982 noli
1705 2928 1884 2980 vexari
1921 2944 1936 2981 ;

368 3025 486 3078 Non
515 3024 658 3075 enim
687 3037 805 3075 sum
834 3020 1051 3090 dignus,
1086 3029 1141 3074 ut
1171 3019 1273 3073 sub
1307 3030 1505 3074 tectum
1539 3036 1717 3074 meum
1748 3021 1935 3074 intres.

366 3111 595 3180 Propter
627 3113 767 3178 quod
797 3122 853 3165 et
885 3126 968 3164 me
1012 3114 1185 3179 ipsum
1233 3127 1339 3164 non
1381 3127 1501 3166 sum
1536 3111 1756 3180 dignum
1790 3111 1935 3164 arbi—
1969 3125 2011 3179 ο

370 3212 544 3254 tratus
587 3209 646 3253 ut
677 3201 916 3252 venirem
943 3199 1009 3252 ad
1040 3210 1090 3254 te
1111 3215 1124 3253 :
1145 3200 1236 3254 sed
1263 3200 1349 3253 dic
1366 3199 1555 3262 verbo,
1577 3210 1633 3254 et
1656 3199 1936 3252 sanabitur

369 3307 501 3359 puer
550 3304 720 3343 meus.
758 3288 890 3342 Nam
932 3297 988 3341 et
1018 3303 1118 3355 ego
1169 3289 1330 3343 homo
1377 3303 1496 3342 sum
1536 3289 1638 3343 sub
1671 3298 1936 3356 potestate

369 3383 726 3441 constitutus,
759 3381 964 3434 habens
995 3382 1092 3431 sub
1119 3394 1203 3432 me
1238 3378 1436 3433 milites
1468 3391 1563 3432 :et
1593 3379 1716 3432 dico
1746 3380 1870 3433 huic
1911 3395 1926 3432 :

369 3475 538 3533 Vade.
573 3483 627 3524 et
677 3471 855 3534 vadit;
909 3479 963 3522 et
992 3469 1124 3523 alii:
1177 3469 1340 3530 Veni,
1380 3479 1435 3522 et
1468 3470 1658 3537 venit;
1715 3479 1769 3523 et
1818 3486 1936 3523 meo

371 3579 530 3620 servo
570 3562 714 3616 :Fac
756 3561 881 3624 hoc,
929 3569 982 3612 et
1013 3559 1180 3612 facit.
1225 3556 1343 3624 Quo
1375 3560 1583 3624 audito,
1627 3560 1784 3615 Jesus
1837 3561 1936 3614 mi-

374 3665 524 3711 ratus
572 3664 653 3708 est
719 3671 733 3707 :
784 3661 838 3706 et
884 3665 1184 3705 conversus
1245 3653 1601 3717 sequentibus
1654 3669 1711 3706 se
1766 3653 1940 3706 turbis

372 3750 508 3801 dixit
541 3762 556 3802 :
586 3746 756 3800 Amen
800 3745 814 3773 ¹
855 3743 976 3796 dico
1011 3743 1183 3804 vobis.
1231 3758 1327 3796 nec
1367 3744 1418 3796 in
1452 3743 1616 3797 lsrael
1648 3754 1847 3797 tantam
1881 3747 1939 3798 ti-

371 3841 493 3892 dem
519 3837 723 3889 inveni.
758 3833 925 3906 [va1,
962 3832 1041 3903 5.]
1064 3833 1128 3888 Et
1150 3834 1370 3897 reversi,
1402 3834 1493 3901 qui
1524 3834 1671 3888 missi
1700 3835 1937 3900 fuerant,

371 3931 613 3990 domum,
646 3926 968 3978 invenerunt
990 3938 1230 3986 servum,
1267 3923 1360 3990 qui
1386 3923 1688 3990 languerat,
1719 3939 1934 3979 sanum.

373 4020 559 4093 [uvm
596 4014 707 4086 l0.]
743 4015 807 4067 Et
836 4014 1037 4067 factum
1069 4024 1149 4066 est
1179 4030 1194 4065 :
1231 4012 1485 4082 deinceps
1519 4014 1631 4067 ibat
1660 4014 1713 4066 in
1748 4015 1940 4068 civita-

371 4125 501 4176 tem,
541 4123 660 4178 qua:
703 4114 929 4160 vocatur
963 4105 1117 4158 Naim
1157 4122 1169 4157 :
1205 4114 1259 4158 et
1313 4105 1459 4157 ibant
1497 4122 1618 4157 cum
1665 4122 1730 4160 eo
1779 4108 1939 4160 disci-

371 4203 482 4270 puli
525 4202 661 4270 ejus,
702 4209 756 4252 et
790 4199 943 4252 turba
975 4197 1216 4263 copiosa.
1250 4198 1382 4248 Cum
1419 4209 1599 4249 autem
1636 4200 1936 4266 appropin-

370 4303 560 4362 qnarct
609 4302 774 4358 porta:
815 4289 1074 4350 civitatis,
1117 4301 1244 4340 ecce
1274 4286 1565 4340 defunctus
1612 4287 1941 4341 ellerebatur

371 4387 514 4437 filius
562 4383 756 4435 unicus
797 4380 985 4432 matris
1028 4393 1139 4431 suae
1185 4393 1201 4430 :
1237 4386 1290 4431 et
1329 4377 1441 4430 haec
1477 4378 1634 4429 vidua
1670 4387 1787 4430 erat
1834 4395 1851 4436 ς
1886 4390 1935 4434 et

371 4477 525 4528 turba
572 4474 809 4527 civitatis
852 4470 1016 4524 multa
1056 4483 1178 4522 cum
1218 4469 1326 4523 illa.
1366 4466 1534 4533 Quam
1564 4483 1686 4521 cum
1723 4471 1942 4524 vidisset

370 4570 650 4624 Dominus.
691 4563 1058 4622 misericordia
1085 4572 1263 4617 motus
1281 4577 1445 4630 super
1479 4577 1620 4626 cam,
1656 4561 1795 4615 dixit
1822 4563 1935 4616 illi:

366 4660 488 4715 Noli
517 4660 664 4712 flere.
698 4657 762 4711 Et
792 4657 1041 4719 accessit,
1075 4665 1130 4710 ct
1151 4655 1328 4723 tetigit
1353 4653 1590 4707 loculum
1621 4652 1698 4725 [hi
1735 4667 1940 4718 autem,

367 4753 459 4820 qui
494 4752 800 4821 portabant,
842 4747 1178 4818 steterunt].
1245 4747 1308 4798 Et
1331 4747 1428 4808 ait,
1457 4746 1808 4810 Adolescens,
1843 4749 1940 4800 tibi

365 4847 511 4908 dico,
544 4856 725 4910 surge.
765 4841 830 4893 Et
862 4839 1065 4892 resedit
1109 4840 1200 4907 qui
1230 4848 1349 4892 erat
1380 4848 1650 4904 mortuus,
1679 4847 1730 4892 et
1774 4838 1941 4906 cmpit

365 4935 537 5005 loqui.
585 4933 652 4987 Et
690 4932 839 4986 dedit
884 4931 1035 4984 illum
1087 4933 1242 4983 matri
1295 4946 1427 4986 sua.
1465 4930 1688 5000 Accepit
1734 4939 1916 4984 autem

365 5043 560 5084 omnes
603 5029 763 5081 timor
802 5043 816 5078 :
858 5033 911 5076 et
943 5024 1360 5093 magniﬁcabant
1410 5023 1601 5088 Deum,
1633 5024 1880 5079 dicentes
1925 5040 1937 5076 :

365 5121 504 5186 Quia
541 5118 805 5189 propheta
852 5131 1078 5184 magnus
1120 5116 1356 5170 surrexit
1395 5115 1450 5168 in
1488 5114 1646 5168 nobis
1684 5131 1698 5170 :
1731 5124 1787 5168 et
1815 5115 1940 5183 quia

463 5251 570 5304 ’Bis
603 5249 767 5303 Amen
799 5246 996 5314 repetit
1027 5261 1167 5298 unus
1201 5245 1413 5312 Reginae
1444 5260 1550 5298 ms.
1583 5243 1941 5312 quemadmo«

366 5323 496 5373 dum
529 5330 584 5373 et
613 5321 669 5372 in
721 5317 922 5371 Grecis
972 5316 1376 5384 exemplaribus
1416 5315 1694 5384 plerisque
1736 5315 1938 5366 retine-

368 5407 456 5444 tur
490 5392 543 5444 in
579 5404 688 5444 uno
715 5389 954 5442 alterove
982 5389 1150 5440 semel
1182 5386 1408 5439 dicitur.

437 5467 457 5495 ³
504 5459 685 5515 Nostri
729 5471 854 5510 mss.
908 5457 1023 5524 pari
1063 5469 1252 5508 omnes
1290 5468 1586 5516 consensu,
1624 5454 1938 5524 renuntiate.

435 5533 454 5561 '
491 5531 800 5590 Vaticanus,
831 5537 886 5580 et
914 5523 1026 5579 duo
1060 5525 1279 5594 Regina:
1306 5539 1432 5578 mss.
1465 5523 1783 5594 arundinem
1811 5539 1941 5575 uen-

368 5613 418 5653 to
443 5598 677 5653 moveri?
717 5597 775 5650 In
799 5595 990 5649 Greco
1035 5592 1420 5661 θειίκάλαμον
1468 5593 1572 5645 ὑπὸ
1601 5592 1808 5658 ἀνέμου
1841 5609 1943 5644 σα-

367 5670 678 5734 λευόμενον.

435 5747 454 5768 ⁸
493 5731 686 5803 Verba,
727 5739 800 5790 ait
837 5744 1010 5789 autem
1058 5733 1333 5798 Dominus,
1370 5747 1491 5803 qua:
1527 5741 1578 5786 et
1629 5732 1681 5785 in
1738 5731 1944 5786 Graecis

2036 563 2122 615 hic
2162 575 2343 615 sermo
2375 561 2428 611 in
2448 538 2780 610 \tniversam
2812 553 3057 608 Judieam
3093 556 3160 606 de
3191 567 3279 614 eo,
3324 563 3380 606 et
3415 552 3471 604 in
3505 565 3633 604 om-

2035 667 2159 704 nem
2174 651 2318 703 circa
2340 648 2637 718 regionem.
2664 641 2920 714 [thx,5.]
2943 643 3007 696 Et
3026 639 3639 695 nuutiaveruutJoanni

2033 740 2287 808 discipuli
2331 739 2450 806 ejus
2487 737 2555 790 de
2601 735 2860 788 omnibus
2894 735 3001 788 his.
3034 733 3098 785 Et
3128 747 3232 786 con
3247 731 3463 784 vocavit
3489 731 3644 781 duos

2033 835 2100 883 de
2141 829 2424 898 discipulis
2468 826 2584 882 suis
2623 826 2886 889 Joannes,
2912 833 2967 879 et
3004 824 3152 877 misit
3183 823 3248 874 ad
3281 822 3498 886 Jesuin,
3543 819 3638 874 di-

2032 935 2202 976 cens:
2230 917 2311 970 Tu
2332 933 2394 973 es
2413 916 2504 986 qui
2535 926 2803 970 venturus
2823 931 2902 981 es,
2929 930 2996 971 an
3016 915 3181 968 alium
3203 922 3600 981 exspectamus
3620 910 3646 959 7

2032 1011 2168 1065 Cum
2199 1020 2378 1063 autem
2409 1008 2687 1064 venissent
2713 1007 2780 1062 ad
2804 1023 2928 1061 eum
2964 1007 3087 1066 viri,
3121 1006 3377 1059 dixerunt
3409 1020 3426 1058 :
3461 1003 3644 1056 Joan-

2033 1118 2132 1157 nes
2179 1103 2418 1171 Baptista
2457 1101 2605 1154 misit
2652 1114 2752 1154 nos
2801 1099 2868 1152 ad
2917 1109 2990 1163 te,
3040 1099 3229 1152 dicens
3275 1096 3410 1152 :Tu
3445 1110 3512 1149 es
3538 1083 3639 1164 qui

2034 1204 2300 1247 venturus
2328 1208 2408 1258 es,
2441 1207 2511 1245 an
2538 1190 2706 1244 alium
2736 1189 3149 1258 exspectamus?
3185 1188 3262 1259 [in
3297 1187 3412 1255 ipsa
3441 1193 3644 1240 autem

2034 1285 2168 1338 hora
2202 1285 2399 1338 multos
2429 1281 2642 1337 curavit
2668 1295 2697 1335 a
2725 1281 3112 1350 languoribus,
3136 1288 3188 1332 et
3214 1278 3408 1347 plagis,
3433 1284 3495 1331 et
3525 1278 3645 1345 spio

2034 1377 2227 1432 ritibus
2255 1375 2444 1441 malis;
2492 1381 2548 1426 et
2592 1373 2752 1428 caecis
2786 1371 2974 1425 multis
3014 1370 3238 1423 donavit
3283 1369 3487 1422 visum.
3518 1364 3544 1438 ]
3578 1367 3646 1420 Et

2034 1468 2393 1536 respondens,
2433 1465 2572 1521 dixit
2609 1466 2713 1519 illis
2750 1482 2764 1518 :
2809 1465 3016 1518 Enntes
3051 1463 3356 1516 renuntiate
3383 1462 3404 1490 ⁸
3427 1459 3644 1514 Joanni

2034 1575 2154 1628 quae
2186 1560 2437 1624 audistis,
2473 1569 2528 1613 et
2555 1556 2774 1612 vidistis
2816 1555 2996 1620 :Quia
3022 1554 3150 1607 caeci
3199 1552 3407 1614 vident,
3443 1544 3648 1603 claudi

2048 1652 2354 1715 ambulant,
2388 1648 2597 1718 leprosi
2629 1647 2984 1706 inundantur,
3017 1644 3167 1698 surdi
3196 1643 3452 1706 audiunt,
3483 1654 3646 1692 mor-

2039 1743 2117 1796 tui
2145 1749 2455 1810 resnrgunt,
2503 1753 2768 1808 pauperes
2799 1736 3242 1803 evangelizantur
3289 1750 3305 1787 :
3345 1742 3403 1786 et
3434 1733 3650 1786 beatus

2035 1845 2119 1889 est
2162 1834 2478 1902 quicunque
2527 1845 2637 1884 non
2686 1828 2853 1881 fuerit
2883 1825 3284 1879 scandalizatus
3320 1824 3372 1875 in
3405 1837 3525 1875 me.
3576 1822 3650 1881 Ει

2036 1939 2159 1977 cum
2191 1920 2574 1976 discessissent
2604 1918 2783 1972 nuntii
2813 1917 3061 1978 Joannis,
3105 1918 3271 1982 cmpit
3306 1914 3375 1967 de
3408 1913 3648 1968 Joanm

2036 2015 2222 2068 dicere
2243 2013 2308 2066 ad
2343 2012 2533 2066 turbas
2564 2025 2577 2063 :
2607 2009 2745 2075 Quid
2778 2009 2969 2063 existis
3010 2007 3064 2059 in
3097 2007 3374 2060 desertum
3415 2005 3651 2058 videre?

2037 2106 2361 2158 arundinem
2417 2115 2579 2156 vento
2621 2103 2877 2170 agitatam
2924 2100 2942 2130 ³
2988 2098 3010 2149 ?
3065 2097 3169 2152 Sed
3228 2098 3358 2166 quid
3428 2098 3649 2152 existis

2040 2197 2271 2250 videre?
2311 2194 2584 2247 hominem
2636 2192 2894 2246 mollibus
2925 2191 3270 2244 vestimentis
3320 2190 3648 2243 indutum?

2043 2289 2182 2341 Ecce
2223 2287 2315 2354 qui
2350 2286 2405 2339 iu
2435 2294 2583 2339 veste
2618 2283 2854 2352 pretiosa
2888 2292 3015 2335 sunt
3050 2295 3105 2336 et
3127 2283 3364 2344 deliciis,
3423 2282 3481 2334 in
3546 2282 3652 2335 do-

2041 2379 2217 2431 mibus
2263 2391 2447 2443 regum
2496 2386 2652 2430 sunt.
2693 2373 2798 2427 Sed
2834 2374 2961 2442 quid
2995 2374 3182 2428 existis
3225 2375 3464 2429 videre?
3504 2375 3656 2431 Pro-

2042 2467 2304 2536 phetam?
2358 2466 2552 2533 Utique
2606 2464 2728 2517 dico
2761 2465 2933 2529 vobis,
2984 2475 3038 2520 et
3071 2468 3355 2535 plusquam
3392 2469 3660 2536 praphe-

2044 2569 2171 2609 tant.
2235 2555 2252 2624 [
2282 2571 2405 2616 cxx,
2439 2552 2530 2623 2.]
2561 2553 2656 2606 llic
2685 2564 2768 2607 est
2799 2554 2865 2607 de
2892 2568 3000 2622 quo
3023 2555 3284 2624 scriptum
3315 2564 3398 2609 est
3428 2569 3450 2619 ε
3492 2556 3660 2613 Ecce

2045 2649 2204 2701 mitto
2252 2646 2500 2714 angelum
2542 2659 2721 2697 meum
2755 2653 2882 2698 ante
2916 2643 3111 2699 faciem
3145 2653 3319 2710 tuam,
3345 2647 3444 2714 qui
3487 2662 3654 2716 pra:-

2042 2737 2254 2804 parabit
2287 2737 2426 2788 viam
2461 2744 2606 2787 tuam
2655 2744 2782 2788 ante
2835 2742 2910 2788 te.
2955 2733 3145 2806 (uxr,
3174 2737 3227 2790 5.
3259 2736 3278 2807 ]
3314 2737 3450 2791 Dico
3483 2739 3657 2794 enim

2045 2827 2200 2880 vobis
2235 2843 2249 2881 :
2293 2825 2460 2895 Major
2489 2825 2632 2880 inter
2669 2834 2827 2879 natos
2852 2827 3139 2880 mulierum
3169 2830 3434 2896 propheta
3460 2829 3660 2888 Joan-

2043 2936 2112 2972 ne
2145 2918 2384 2986 Baptista
2420 2932 2581 2970 nemo
2619 2925 2724 2970 est.
2756 2917 2854 2982 Qui
2888 2927 3070 2971 autem
3110 2922 3288 2974 minor
3316 2935 3402 2978 est
3441 2927 3508 2981 in
3551 2945 3657 2983 re-

2043 3024 2148 3077 gno
2178 3008 2292 3068 Dei,
2325 3009 2496 3074 major
2533 3017 2612 3060 est
2647 3007 2753 3060 illo.

2118 3097 2308 3170 [ωυρμ.
2351 3099 2466 3169 ΙΟ.]
2499 3099 2564 3152 Ει
2597 3101 2775 3153 omnis
2793 3102 3021 3169 populus
3048 3104 3276 3159 audiens
3302 3117 3354 3160 et
3380 3107 3663 3176 publica-

2043 3190 2097 3244 ni
2117 3190 2552 3260 jnstiticaverunt
2577 3191 2768 3254 Deum,
2795 3193 3050 3260 baptizati
3078 3194 3344 3264 baptismo
3367 3199 3651 3257 Joannis.

2043 3282 2302 3336 Pharizmi
2330 3290 2535 3345 autem,
2568 3292 2623 3334 et
2676 3283 2975 3352 legisperiti
3007 3289 3295 3343 consilium
3330 3291 3425 3346 Dei
3480 3309 3662 3364 spre-

2040 3384 2238 3426 verunt
2292 3373 2344 3425 in
2388 3373 2753 3441 semetipsos,
2787 3390 2892 3428 non
2943 3379 3200 3447 baptizati
3249 3382 3415 3439 abeo
3439 3382 3487 3439 δ.
3555 3390 3661 3444 Ait

2039 3473 2220 3517 autem
2246 3461 2528 3515 Dominus.
2586 3461 2797 3532 [Lxxm,
2821 3462 2900 3533 5.]
2922 3467 3020 3520 Cui
3047 3482 3176 3537 ergo
3209 3471 3422 3526 similes
3448 3473 3659 3532 dicam

2041 3557 2287 3610 homines
2300 3555 2668 3625 generationis
2681 3555 2878 3622 hujus?
2898 3568 2953 3611 et
2967 3558 3055 3611 cui
3071 3560 3279 3616 similes
3293 3564 3662 3622 snnt?Simi-

2040 3646 2122 3701 les
2154 3656 2283 3700 sunt
2333 3646 2517 3714 pueris
2563 3645 2882 3700 sedentibus
2927 3649 2981 3702 in
3011 3649 3158 3716 foro,
3187 3662 3243 3706 et
3275 3654 3667 3723 loquentibus

2042 3739 2107 3791 ad
2136 3737 2390 3802 invicem,
2421 3748 2475 3791 et
2507 3737 2816 3792 dicentibus
2847 3750 2862 3792 :
2893 3742 3247 3799 Cantavimus
3270 3746 3428 3799 vobis
3455 3749 3659 3810 tibiis.

2039 3840 2096 3881 et
2137 3844 2244 3882 non
2291 3831 2530 3882 saltastis
2562 3845 2576 3881 :
2611 3830 3049 3898 lamentavimus,
3082 3845 3138 3889 et
3161 3851 3270 3889 non
3311 3839 3658 3907 plorastis".

2047 3917 2203 3972 Venit
2255 3919 2399 3972 enim
2449 3917 2686 3974 Joannes
2736 3921 2996 3989 Baptista,
3050 3939 3229 3994 neque
3283 3931 3663 3989 manducans

2043 4025 2258 4077 panem,
2290 4025 2464 4078 neque
2489 4011 2681 4064 bibens
2714 4013 2926 4077 vinum,
2951 4024 3006 4069 et
3034 4017 3216 4072 dicitis
3244 4037 3259 4072 :
3288 4019 3665 4082 Drmoniun

2045 4101 2232 4155 habet.
2269 4101 2430 4154 Venit
2466 4100 2637 4156 Filius
2663 4103 2898 4158 hominis
2931 4109 3292 4173 manducans,
3325 4122 3381 4165 et
3411 4114 3662 4181 bibens,

2045 4203 2100 4246 et
2134 4193 2314 4246 dicitis
2350 4208 2366 4247 :
2394 4192 2531 4246 Ecce
2563 4194 2726 4248 homo
2755 4196 3068 4264 devoratur,
3094 4211 3145 4252 et
3173 4203 3366 4256 bibens
3399 4206 3652 4275 vinum,

2047 4283 2261 4335 amicus
2296 4282 2735 4349 publicanorum,
2761 4295 2812 4338 et
2840 4299 3207 4353 peccatorum.
3240 4290 3304 4343 Et
3327 4293 3666 4358 justificata

2049 4383 2130 4427 est
2163 4375 2425 4444 sapientia
2458 4375 2525 4428 ab
2557 4377 2812 4432 omnibus
2847 4377 2970 4432 ﬁliis
2995 4381 3130 4433 suis.
3171 4380 3374 4451 [Lxxtv,
3408 4386 3492 4456 1.]
3540 4388 3666 4442 Βο-

1983 4449 2211 4535 Dgabat
2269 4466 2289 4496 '
2342 4476 2524 4520 autem
2588 4467 2740 4521 illiilli
2798 4471 3018 4537 quidam
3075 4449 3521 4542 devl’hariswis,
3599 4497 3671 4536 ut

2051 4559 2410 4612 manducaret
2448 4574 2572 4612 cum
2614 4560 2724 4612 illo.
2764 4560 2828 4612 Et
2862 4561 3141 4631 ingressus
3172 4566 3399 4620 domum
3432 4568 3666 4625 Phari-

2053 4649 2145 4702 saei
2181 4649 2477 4701 discubuit.
2518 4650 2583 4704 Et
2611 4667 2739 4705 ecce
2782 4655 2976 4706 mulier
3007 4670 3127 4724 qua:
3153 4667 3272 4710 erat
3305 4657 3357 4710 in
3393 4660 3668 4718 civitate

2051 4739 2344 4807 peccatrix,
2401 4749 2460 4793 ut
2509 4743 2762 4808 cognovit
2802 4745 2946 4809 quod
3000 4746 3342 4802 accubuisset
3366 4749 3425 4804 in
3465 4752 3667 4808 domo

2053 4830 2327 4896 pharisaei,
2369 4832 2553 4885 attulit
2600 4833 2934 4887 alabastrum
2986 4839 3245 4904 unguenti
3298 4854 3314 4892 :
3365 4850 3423 4894 et
3481 4854 3672 4900 stans

2051 4933 2199 4975 retro
2247 4937 2408 4976 secus
2453 4923 2622 4992 pedes
2657 4926 2797 4993 ejus,
2828 4925 3088 4995 lacrymis
3124 4930 3287 4997 coepit
3327 4932 3519 5002 rigare
3559 4953 3672 5006 pc-

2051 5011 2148 5067 des
2181 5015 2318 5081 ejus,
2350 5023 2404 5069 et
2433 5016 2643 5083 capillis
2667 5019 2862 5086 capitis
2901 5019 2981 5073 sui
3016 5021 3280 5091 tergebat,
3319 5037 3376 5078 et
3407 5031 3665 5083 oscula-

2052 5104 2213 5158 batur
2260 5107 2428 5176 pedes
2476 5107 2629 5177 ejus,
2682 5120 2737 5163 et
2787 5120 3063 5181 unguento
3118 5115 3373 5184 ungebat.
3431 5117 3675 5176 Videtis

2051 5244 2331 5323 nonnullis
2367 5246 2767 5315 exemplaribus
2819 5247 3221 5315 desiderantur,
3261 5252 3436 5305 nostri
3465 5258 3674 5312 etiam

2052 5329 2179 5366 IUSS.
2220 5325 2498 5382 Ignorant.

2123 5383 2143 5413 ⁵
2170 5383 2635 5458 UnusVaticauus
2658 5385 2833 5440 ms.Et
2858 5404 2959 5442 non
2982 5388 3260 5456 planxistis
3279 5405 3298 5444 :
3321 5389 3678 5458 Graecegm‘t

2049 5453 2147 5504 οὐκ
2178 5452 2498 5506 ἐκλαύσατε.

2123 5526 2142 5551 ⁸
2175 5523 2274 5575 llic
2307 5537 2430 5598 cum
2467 5522 2724 5578 Vaticano
2768 5541 2918 5598 unus
2968 5528 3188 5598 Reginae
3234 5542 3336 5581 ms.
3383 5528 3675 5597 Rogavit,

2050 5605 2150 5659 pro
2199 5592 2419 5675 rogabat
2456 5606 2475 5644 :
2498 5607 2630 5675 mox
2661 5597 2778 5664 pari
2807 5611 2998 5653 omnes
3029 5592 3321 5664 consensu,
3362 5592 3673 5675 accubuit,

2051 5676 2150 5728 pro
2188 5662 2530 5716 accubuisset.
