3880 6168
129 347 213 409 657
1225 348 1730 413 EVANGELIUM
1773 350 1930 413 SEC.
1972 353 2258 414 LUCAM.
3261 352 3369 415 658

126 472 287 519 θυωιῐι
324 460 661 524 Plurimus,
693 462 787 529 Qui
833 476 1121 521 vocaverat
1167 482 1319 533 eum,
1358 471 1435 524 ait
1464 470 1608 525 intra
1636 485 1694 526 se
1725 477 1769 533 Α
1799 472 1938 528 dunt
1983 472 2138 540 Quod
2187 480 2367 527 autem
2420 470 2473 524 in
2514 470 2697 538 spinas
2725 469 2969 525 cecidit:
3013 470 3069 524 hi
3106 480 3254 535 sunt,
3285 469 3379 539 qui

124 559 294 612 dicens
334 570 352 613 :
389 553 487 610 llic
528 554 573 609 si
604 564 751 610 esset
803 557 1094 626 propheta,
1128 560 1297 618 sciret
1328 564 1539 632 utique,
1576 578 1698 633 qua:
1803 565 2121 629 audierunt,
2152 576 2208 619 et
2232 578 2261 617 a
2285 561 2772 627 sollicitudinibus,
2802 570 2856 615 et
2885 561 3116 629 divitiis,
3146 568 3203 615 et
3228 560 3383 615 volu-

126 662 173 703 et
190 648 364 718 qualis
392 656 479 703 est
509 646 712 703 mulier
746 649 786 715 ⁸,
827 665 949 720 qua
982 652 1153 722 tangit
1181 668 1306 709 eum
1356 670 1372 709 :
1412 656 1545 725 quia
1576 670 1698 726 pec-
1802 656 2046 727 ptatibus
2086 654 2233 723 vitae,
2267 666 2461 710 euntes
2496 653 2855 717 suli'ocantur,
2906 666 2961 710 et
2992 670 3102 709 non
3141 652 3388 708 referunt

127 742 281 797 catrix
327 752 431 796 est.
486 740 552 795 Et
599 741 939 811 respondens
977 741 1141 799 Jesus
1184 745 1321 801 dixit
1363 748 1429 802 ad
1472 747 1623 803 illum
1676 768 1691 804 :
1804 750 2066 803 fructum.
2117 745 2272 813 Quod
2306 754 2489 799 autem
2536 746 2589 799 in
2623 746 2819 801 bonam
2858 754 3057 799 terram
3094 762 3107 798 :
3142 745 3195 797 hi
3230 752 3380 809 sunt,

134 835 317 900 Simon,
352 834 526 888 habeo
568 835 666 889 tibi
693 836 903 904 aliquid
940 836 1152 891 dicere.
1186 839 1253 892 At
1283 838 1374 894 ille
1415 840 1491 893 ait
1528 854 1545 895 :
1583 840 1699 894 Ma-
1803 842 1897 912 qui
1931 842 1987 896 in
2024 840 2189 896 corde
2219 839 2363 894 bono
2392 847 2448 893 et
2476 838 2685 908 optimo
2718 838 3008 894 audientes
3038 837 3265 891 verbum
3300 850 3384 890 re-

132 928 295 998 gister,
325 925 436 981 die.
466 926 582 981 Duo
608 926 891 982 debitores
924 938 1087 983 erant
1111 928 1331 984 cuidam
1356 929 1655 985 feneratori
1681 949 1696 986 ε
1806 933 2002 999 tinent,
2031 941 2086 987 et
2118 931 2355 986 fructum
2387 929 2624 985 ali‘erunt
2650 929 2704 984 in
2744 930 3028 999 patientia.
3060 926 3271 999 luxu,
3298 924 3383 999 2.]

137 1035 256 1074 unus
270 1017 784 1074 debebatdenarios
805 1020 1156 1089 quingentos,
1199 1019 1415 1076 etalius
1435 1021 1705 1091 quinqua-
1805 1023 1977 1079 Nemo
2008 1031 2189 1078 autem
2220 1022 2505 1077 lucernam
2523 1020 2848 1082 accendens,
2880 1020 3057 1089 aperit
3078 1034 3199 1072 eam
3236 1032 3383 1081 vase,

140 1110 291 1177 ginta.
328 1109 446 1162 Εωι
474 1108 801 1163 habentibus
831 1109 939 1165 illis
970 1111 1114 1164 unde
1143 1110 1453 1173 redderent,
1481 1112 1704 1166 donavit
1804 1123 1900 1170 aut
1923 1114 2117 1170 subtus
2141 1116 2339 1169 lectum
2364 1114 2517 1182 ponit
2542 1129 2557 1167 :
2580 1114 2676 1167 sed
2699 1127 2862 1181 supra
2883 1109 3273 1165 candelabrum
3287 1124 3388 1180 po-

134 1202 380 1267 utrisque.
406 1199 541 1266 Quis
563 1216 695 1270 ergo
717 1215 841 1254 eum
866 1200 986 1270 plus
1006 1200 1215 1271 diligit?
1233 1201 1589 1272 Respondeas
1617 1200 1705 1255 Si'
1806 1204 1885 1260 uit
1914 1212 1972 1259 ut
2006 1205 2274 1259 intrantes
2310 1205 2527 1258 videant
2551 1204 2758 1259 lumen.
2789 1201 2991 1274 [cxxx,
3024 1200 3079 1256 2.
3106 1200 3126 1273 1
3159 1201 3275 1255 Non
3301 1208 3384 1254 est

140 1307 240 1346 mon
266 1291 405 1345 dixit
439 1306 458 1346 τ.
485 1290 723 1345 ιΕειίωο
755 1292 877 1359 quia
904 1292 949 1345 is
980 1292 1065 1345 cui
1097 1292 1216 1361 plus
1245 1293 1488 1347 donavit.
1517 1295 1583 1345 At
1614 1291 1704 1346 ille
1805 1296 1951 1352 enim
1990 1297 2290 1363 occultum,
2322 1295 2466 1366 quod
2497 1311 2605 1350 non
2638 1295 3024 1350 manilestetur
3074 1310 3088 1347 :
3126 1307 3230 1353 nec
3259 1291 3383 1345 abs-

135 1387 252 1441 ditit
273 1387 324 1441 ei
352 1400 367 1440 :
395 1386 564 1441 Recte
586 1386 870 1456 iudicasti.
899 1386 965 1440 Et
989 1400 1287 1442 conversus
1312 1386 1375 1439 ad
1397 1385 1678 1440 mulierem
1806 1389 2114 1452 conditum,
2141 1388 2285 1458 quod
2325 1403 2431 1442 non
2466 1397 2854 1459 cognoscatur,
2900 1393 2957 1439 et
2988 1384 3043 1437 in
3078 1383 3257 1453 palam
3290 1396 3385 1435 ve-

139 1481 250 1533 dixit
280 1478 488 1533 Simoni
523 1495 539 1533 :
574 1476 740 1533 Vides
788 1479 934 1532 hanc
985 1477 1269 1533 mulierem
1313 1477 1337 1531 τ
1388 1477 1594 1532 intravi
1645 1476 1702 1531 in
1806 1478 1943 1535 niat.
1984 1479 2229 1545 [Lxxxt,
2275 1480 2375 1552 5.]
2420 1480 2609 1536 Videte
2661 1495 2794 1549 ergo
2825 1477 3101 1549 quomodo
3130 1475 3390 1530 audiatis.

142 1571 337 1623 domum
378 1579 554 1632 tuam,
599 1582 795 1637 aquam
843 1567 1073 1637 pedibus
1120 1567 1259 1622 meis
1291 1582 1400 1621 non
1436 1567 1635 1621 dedisti
1685 1583 1701 1622 :
1806 1571 1908 1638 Qui
1949 1572 2097 1626 enim
2137 1571 2322 1637 habet,
2378 1572 2599 1626 dabitur
2647 1571 2755 1626 illis
2802 1578 2854 1623 et
2912 1569 3232 1639 quicunque
3282 1581 3390 1620 non

144 1665 240 1716 hac
266 1671 448 1715 autem
476 1661 735 1729 lnerymis
768 1661 968 1729 rigavit
1003 1659 1173 1729 pedes
1202 1674 1374 1717 meos.
1410 1668 1464 1711 et
1488 1657 1705 1727 capillis
1808 1665 1995 1730 habet,
2047 1664 2210 1717 etiam
2246 1662 2389 1733 quod
2440 1671 2598 1733 putat
2646 1677 2707 1717 se
2759 1662 2983 1724 habere,
3010 1660 3297 1715 auferetur
3327 1658 3395 1713 ab

139 1755 233 1807 suis
259 1754 434 1807 tersit.
471 1752 732 1807 Osculum
767 1753 899 1805 mihi
930 1767 1037 1806 non
1069 1751 1267 1807 dedisti
1313 1767 1328 1807 :
1367 1751 1488 1805 haec
1515 1758 1699 1804 autem
1734 1809 1774 1827 η
1809 1756 1922 1811 illo.
1969 1753 2218 1827 [1.xxxtt,
2248 1755 2303 1809 2,
2332 1752 2350 1824 ]
2396 1752 2675 1808 Venerunt
2703 1762 2886 1807 autem
2919 1751 2988 1807 ad
3021 1752 3173 1806 illum
3214 1758 3396 1804 mater

144 1864 195 1899 ei
219 1862 317 1915 quo
348 1846 600 1911 intravit,
631 1860 739 1900 non
769 1846 1013 1901 cessavit
1033 1845 1271 1901 osculari
1307 1844 1473 1914 pedes
1523 1856 1695 1897 meos.
1732 1809 1776 1864 Β
1813 1860 1867 1905 et
1891 1813 2090 1904 fraires
2117 1848 2260 1918 eius,
2289 1857 2344 1903 et
2384 1864 2493 1902 non
2525 1857 2779 1917 poterant
2804 1846 2955 1902 adire
2983 1861 3107 1901 eum
3141 1860 3251 1915 pm
3274 1854 3390 1898 tur-

141 1940 253 1994 Oleo
282 1950 447 2009 caput
470 1954 652 1994 meum
683 1954 793 1993 non
833 1939 1037 1993 unxisti
1064 1954 1079 1991 :
1106 1938 1222 1991 btec
1245 1946 1428 1992 autem
1457 1951 1703 2007 unguen-
1808 1943 1899 1997 ba.
1933 1941 2001 1995 Et
2032 1941 2343 1995 nuntiatum
2375 1949 2460 1994 est
2492 1939 2568 1994 illi
2600 1955 2616 1995 :
2650 1938 2819 1993 Mater
2857 1948 2971 2005 tua,
3000 1947 3056 1992 et
3092 1936 3287 1991 fratres
3312 1936 3392 1989 tui

147 2045 192 2087 to
220 2035 363 2087 unxit
392 2034 562 2102 pedes
592 2047 763 2088 meos.
799 2031 1026 2102 Propter
1054 2032 1197 2100 quod
1243 2031 1367 2086 dico
1400 2029 1502 2085 tibi
1536 2047 1551 2086 :
1594 2028 1703 2085 Re-
1808 2041 1956 2089 stant
2004 2031 2159 2097 foris,
2218 2031 2465 2085 volentes
2518 2040 2571 2085 te
2620 2030 2825 2085 videre.
2866 2028 2972 2097 Qui
3027 2029 3397 2099 respondens,

148 2126 416 2179 mittuntur
466 2126 488 2156 '
548 2126 599 2177 ei
663 2133 882 2191 peccata
944 2123 1137 2189 multa,
1192 2123 1453 2194 quoniam
1515 2119 1706 2176 dilexit
1807 2124 2032 2183 dixitad
2055 2140 2188 2181 eos:
2221 2122 2392 2177 Mater
2412 2138 2550 2189 mea,
2578 2132 2634 2179 et
2667 2122 2865 2178 fratres
2894 2122 3002 2177 mei
3027 2121 3084 2177 hi
3124 2132 3277 2182 sunt,
3303 2126 3397 2191 qui

150 2217 375 2269 multum.
428 2216 529 2269 Cui
571 2226 755 2268 autem
796 2215 979 2269 minus
1004 2214 1325 2283 dimittitur,
1365 2216 1549 2269 minus
1579 2213 1705 2267 dili-
1806 2218 2037 2275 verbum
2067 2216 2162 2272 Dei
2195 2214 2448 2279 audiunt,
2480 2225 2537 2271 et
2564 2213 2795 2269 t‘aciunt.
2834 2212 3090 2288 [Lxxxttt,
3119 2213 3208 2283 2.]
3261 2213 3399 2270 Fac-

146 2308 228 2375 git.
257 2307 397 2361 Dixit
422 2314 606 2359 autem
644 2303 713 2358 ad
750 2304 894 2358 illam
926 2321 940 2357 :
976 2303 1358 2360 Retnittutttur
1385 2304 1480 2359 tibi
1514 2317 1707 2374 pecca-
1812 2321 1927 2366 tum
1955 2318 2040 2364 est
2066 2316 2249 2363 autem
2284 2307 2339 2361 in
2385 2321 2493 2361 una
2534 2303 2750 2361 dierum
2782 2322 2797 2360 :
2839 2313 2896 2360 et
2926 2303 3047 2374 ipse
3069 2304 3321 2359 ascendit
3350 2303 3403 2357 in

152 2410 223 2451 ta.
263 2399 324 2453 Et
379 2403 673 2467 coeperunt
694 2397 788 2467 qui
836 2396 998 2452 simul
1051 2396 1471 2461 accumbebant,
1523 2394 1684 2449 dicen

1873 2402 2143 2465 iviculam,
2169 2409 2226 2455 et
2251 2398 2509 2465 discipuli
2540 2399 2679 2469 ejus,
2704 2405 2761 2452 et
2786 2398 2866 2453 ait
2894 2397 2961 2453 ad
2996 2397 3120 2452 illos
3157 2413 3173 2452 :
3204 2396 3405 2451 Trans-

152 2492 271 2544 intra
299 2507 395 2546 se:
432 2490 567 2557 Quis
595 2499 679 2543 est
708 2488 819 2553 hic,
852 2490 944 2559 qui
978 2488 1144 2543 etiam
1170 2497 1393 2558 peccata
1431 2484 1659 2540 dimittit

1872 2506 2081 2553 stemus
2117 2503 2268 2550 trans
2296 2502 2575 2564 stagnum.
2630 2493 2696 2547 Et
2724 2491 3120 2548 ascenderunt.
3153 2491 3220 2547 Et
3250 2489 3404 2544 navi-

155 2583 271 2638 Dixit
298 2593 479 2638 autem
515 2582 582 2637 ad
613 2582 902 2637 mulierem
934 2598 949 2636 :
984 2580 1145 2636 Fides
1180 2590 1272 2636 tua
1307 2589 1359 2635 te
1386 2579 1591 2635 salvam
1624 2576 1706 2633 τε·
1813 2587 2072 2659 ﬂantibus
2119 2584 2229 2641 illis
2253 2625 2268 2651 ,
2322 2583 2684 2648 obdormivit,
2730 2592 2788 2639 et
2836 2582 3123 2638 descendit
3168 2581 3408 2651 procella

149 2677 210 2728 cit
236 2690 255 2729 :
280 2676 409 2731 vade
435 2677 491 2729 in
525 2689 683 2745 pace,
1728 2723 1732 2727 .
1815 2679 1965 2735 venti
1996 2680 2051 2732 in
2071 2685 2346 2747 stagnum,
2376 2684 2429 2729 et
2454 2674 2893 2744 complebantur,
2936 2681 2989 2726 et
3014 2672 3403 2744 periclitaban-

214 2768 361 2840 lcaP-
404 2768 538 2829 Vl“.
574 2782 735 2832 ικινν
765 2764 950 2838 ¹(⁸·Ῑίῖῑ
990 2766 1192 2821 factum
1225 2774 1309 2820 εει
1347 2764 1631 2831 deinceps,
1659 2769 1716 2818 ει
1819 2782 1929 2828 tur.
1976 2769 2318 2825 Accedentes
2355 2775 2538 2821 autem
2575 2766 2986 2821 suscitaverunt
3028 2779 3178 2828 eum,
3212 2764 3406 2819 dicen-

154 2862 251 2929 ipse
279 2862 376 2914 iter
414 2859 656 2914 faciebat
694 2873 789 2927 per
816 2860 1075 2914 civitates
1103 2868 1162 2912 et
1188 2858 1413 2913 castella
1444 2856 1486 2921 ³,
1522 2854 1686 2926 praedi

1875 2881 1902 2921 s
1933 2881 1949 2920 :
1984 2864 2313 2932 Praeceptor,
2344 2858 2609 2929 perimus.
2646 2858 2713 2911 At
2748 2858 2837 2913 ille
2862 2872 3114 2929 surgens,
3150 2856 3404 2927 increpa-

151 2969 265 3009 cans
306 2962 360 3008 et
404 2951 794 3022 evangelium:
846 2966 1073 3021 regnum
1116 2950 1211 3004 Dei
1267 2967 1279 3004 :
1325 2959 1381 3002 el
1423 2947 1713 3002 duodecim
1820 2957 1899 3010 vit
1932 2964 2180 3021 ventum,
2221 2960 2278 3007 et
2313 2959 2693 3021 tempestatem
2725 2964 2903 3019 aquae,
2939 2958 2997 3005 et
3026 2948 3266 3005 cessavit
3300 2961 3317 3001 :
3351 2956 3409 3002 et

153 3060 255 3099 Cum
283 3048 392 3112 ἱΙΙο.
448 3055 509 3100 ει
539 3044 806 3101 mulieres
837 3043 1056 3112 aliquae.
1087 3056 1211 3112 quae
1251 3049 1406 3095 erat"
1441 3048 1644 3094 ουτειεε
1684 3052 1716 3093 3
1820 3047 1964 3104 facta
2013 3054 2098 3101 est
2132 3040 2527 3113 tranquillitas.
2568 3040 2715 3096 Dixit
2746 3048 2930 3095 autem
2965 3039 3112 3094 illis:
3162 3038 3265 3095 Ubi
3323 3046 3412 3093 est

154 3138 409 3206 spiritibus
456 3135 735 3203 malignis,
764 3143 819 3189 et
859 3132 1268 3187 inﬁrmitatibus
1304 3147 1320 3185 ε
1363 3129 1555 3195 Maria,
1596 3143 1718 3199 quae
1744 3136 1788 3197 ε
1823 3138 1959 3193 ﬁdes
1978 3134 2201 3192 vestra?
2227 3134 2332 3202 Qui
2363 3134 2644 3197 timentes,
2674 3131 2858 3187 mirati
2885 3138 3017 3187 sunt
3044 3129 3111 3184 ad
3149 3130 3411 3191 invicem,

162 3238 359 3282 "mu"
393 3225 739 3295 Μθϐἀθίεηθο
776 3222 845 3277 de
875 3237 981 3292 (11³³
1013 3232 1226 3291 δεριεηι
1262 3220 1533 3277 damon“
1570 3220 1721 3274 θλίθ-
1820 3230 2069 3285 dicentes
2116 3244 2133 3283 :
2167 3226 2323 3295 Quis,
2360 3235 2540 3296 putas,
2599 3224 2688 3279 hic
2731 3232 2838 3285 est,
2873 3222 3001 3293 quia
3034 3231 3091 3277 et
3143 3221 3327 3276 ventis
3359 3230 3414 3275 et

159 3332 281 3385 rant,
316 3331 371 3375 et
406 3320 621 3377 Joanna
664 3333 803 3371 uxor
830 3318 1030 3372 Chusa:
1059 3315 1429 3385 procuratoris
1465 3312 1719 3377 Herodis,
1821 3323 1959 3376 muri
2012 3320 2271 3390 imperat,
2305 3327 2362 3373 ut
2391 3315 2662 3372 obediuut
2700 3315 2787 3369 ei?
2823 3315 2889 3370 Et
2920 3314 3317 3384 navigaverunt
3344 3311 3414 3367 ad

158 3424 205 3466 et
226 3412 489 3473 Susanna,
522 3421 579 3465 et
609 3409 730 3464 alia:
764 3409 976 3474 multas,
1005 3422 1128 3476 quae
1158 3405 1544 3459 ministrabant
1575 3405 1623 3457 ei
1653 3402 1722 3455 de
1823 3416 2101 3483 regionem
2135 3411 2562 3474 Gerasenorum,
2609 3422 2731 3477 quae
2774 3415 2859 3461 est
2889 3415 3081 3461 contra
3111 3404 3413 3460 Galilaeam,

158 3503 481 3557 fatuitatibus
509 3502 645 3557 suis.
676 3499 888 3571 luxu,
920 3499 1001 3571 2.]
1027 3498 1163 3553 Cum
1195 3507 1375 3549 autem
1409 3494 1568 3547 turba
1603 3493 1726 3560 plu-
1825 3504 1892 3557 Et
1922 3516 2046 3556 cum
2089 3514 2344 3570 egressus
2371 3508 2518 3553 esset
2565 3498 2632 3551 ad
2676 3509 2902 3561 terram,
2937 3496 3184 3551 occurrit
3218 3494 3297 3549 illi
3332 3492 3415 3546 vir

162 3596 275 3648 rima
299 3595 681 3659 convenirent,
712 3602 769 3649 et
810 3590 878 3646 de
906 3589 1222 3645 civitatibus
1257 3594 1624 3657 properarent
1655 3582 1722 3636 ad
1826 3594 2070 3664 quidam,
2118 3592 2215 3661 qui
2251 3589 2483 3645 [iubebat
2540 3586 2872 3641 (immanium
2914 3586 3026 3657 jam
3077 3583 3416 3653 temporibus

159 3702 287 3749 eunt,
321 3687 460 3740 dixzt
502 3701 599 3754 per
636 3681 1057 3740 similitudinem
1096 3696 1115 3735 :
1148 3679 1298 3735 Exiit
1332 3678 1427 3749 qui
1470 3676 1725 3737 seminat,
1830 3684 2040 3743 multis,
2093 3689 2150 3735 et
2194 3680 2523 3735 vestimento
2576 3692 2684 3731 non
2738 3675 3091 3737 induebatur,
3140 3688 3324 3742 neque
3361 3673 3413 3727 in

164 3778 408 3832 seminare
440 3793 629 3833 semen
666 3790 826 3831 suum
867 3787 883 3829 :
918 3782 975 3828 et
1004 3774 1135 3825 dum
1166 3770 1427 3831 seminat,
1456 3766 1601 3821 aliud
1634 3780 1727 3820 ce-
1828 3777 1996 3832 domo
2051 3771 2332 3835 manebat,
2381 3768 2477 3824 sed
2533 3768 2588 3821 in
2635 3765 3028 3822 monumentis.
3071 3764 3141 3829 Is,
3184 3773 3245 3819 ut
3281 3763 3417 3817 vidit

164 3871 279 3925 cidit
309 3886 473 3925 secus
521 3871 692 3935 viam,
729 3876 785 3922 et
820 3864 1207 3922 conculcatum
1241 3870 1346 3927 est,
1378 3870 1435 3915 et
1474 3859 1731 3912 volucres
1829 3869 2045 3933 Iesum.
2095 3863 2324 3937 procidit
2377 3870 2504 3916 ante
2551 3860 2702 3914 illum
2753 3876 2768 3914 ;
2819 3866 2873 3913 et
2916 3855 3229 3912 exclamans
3282 3870 3415 3910 voce

166 3963 269 4016 steti
302 3964 669 4021 comederunt
716 3960 873 4015 illud.
923 3956 988 4012 Et
1034 3955 1183 4010 aliud
1209 3952 1409 4009 cecidit
1434 3966 1603 4018 super
1629 3963 1731 4019 pe-
1831 3975 2046 4032 magna,
2088 3955 2220 4013 dixit
2257 3952 2439 4021 :Quid
2476 3951 2607 4008 mihi
2637 3962 2696 4007 et
2732 3950 2829 4006 tibi
2868 3958 2974 4018 est,
3004 3946 3156 4015 Jesu,
3189 3946 3290 4003 Fili
3319 3946 3413 4003 Dei

166 4064 283 4108 tram
312 4071 330 4114 ς
357 4066 410 4111 ει
440 4064 634 4110 uniuni
667 4052 835 4119 aruit,
863 4052 990 4121 quia
1018 4064 1130 4103 non
1154 4046 1391 4101 habebat
1418 4044 1730 4097 humorem.
1833 4047 2127 4107 altissimi?
2148 4046 2379 4101 obsecro
2406 4053 2478 4109 te,
2511 4058 2580 4098 ne
2613 4056 2699 4097 me
2736 4051 3014 4111 torqueas.
3054 4038 3417 4110 Prazcipiebat

168 4146 224 4200 Ει
246 4150 384 4203 aliud
416 4149 619 4204 cecidit
654 4147 799 4201 inter
825 4146 1036 4215 spinas,
1081 4150 1139 4196 et
1167 4138 1330 4195 simul
1361 4144 1565 4192 exorta
1618 4132 1735 4203 spi-
1833 4142 1979 4196 enim
2011 4138 2226 4211 spiritui
2254 4134 2562 4200 immundo,
2604 4142 2666 4189 ut
2693 4133 2868 4189 exiret
2896 4131 2966 4187 ab
2996 4131 3238 4190 nomine,
3278 4130 3413 4185 Μαι.

169 4254 239 4293 ua:
265 4240 679 4297 sun‘ocaverunt
712 4236 865 4292 illud.
924 4234 992 4291 Et
1032 4230 1180 4287 aliud
1214 4228 1412 4285 cecidit
1440 4227 1493 4280 in
1534 4234 1733 4278 terram
1837 4232 1908 4287 iis
1949 4231 2097 4286 enim
2136 4227 2485 4298 temporibus
2513 4225 2814 4296 arripteuai
2845 4224 3019 4291 illum,
3052 4232 3110 4278 ei
3139 4220 3419 4277 vinciet”-

172 4328 349 4380 bonam
406 4342 422 4379 :
473 4338 528 4380 et
556 4336 743 4380 ortum
789 4322 923 4378 fecit
954 4322 1195 4375 fructum
1227 4315 1566 4385 centuplum.
1616 4312 1704 4365 lle

1888 4339 1930 4376 ιι·
1980 4320 2191 4377 catenis
2241 4328 2298 4373 et
2347 4316 2706 4385 compedibus
2748 4313 3077 4370 custoditus.
3131 4312 3199 4367 Et
3244 4308 3420 4381 ruptis

172 4415 334 4471 dicens
355 4417 632 4472 clamabat
662 4431 679 4471 :
704 4413 806 4482 Qui
836 4414 1000 4467 habet
1021 4424 1182 4465 aures
1213 4381 1498 4471 audiendi,
1528 4403 1704 4458 audial

1890 4411 2076 4466 inculis
2124 4408 2393 4481 agebatur
2425 4424 2453 4461 a
2503 4405 2774 4460 daemonio
2806 4405 2859 4458 in
2892 4403 3130 4459 deserta.
3183 4402 3422 4457 Interro—

175 4506 577 4579 lnterrogabaut
607 4472 794 4562 autem
828 4519 953 4560 eum
983 4503 1238 4571 discipuli
1272 4502 1412 4570 ejus,
1447 4512 1567 4567 qua:
1592 4508 1707 4549 esse

1888 4504 1991 4563 avit
2020 4472 2198 4557 autem
2236 4499 2385 4555 illum
2420 4498 2603 4563 Jesus,
2628 4497 2820 4553 dicens
2854 4515 2868 4552 :
2899 4497 3053 4566 Quod
3089 4496 3185 4551 tibi
3222 4509 3420 4550 nomen

176 4599 272 4655 hac
304 4601 590 4671 parabola.
630 4598 842 4666 Quibus
874 4599 991 4666 ipse
1020 4596 1155 4650 dixit
1188 4607 1205 4648 :
1236 4593 1400 4647 Vobis
1434 4592 1616 4643 datum
1660 4599 1708 4638 es

1893 4594 1971 4651 tt?
2004 4594 2068 4647 At
2099 4593 2188 4646 ille
2222 4591 2359 4645 dixit
2396 4605 2413 4646 :
2446 4589 2613 4659 Legio
2647 4605 2661 4641 :
2696 4590 2823 4660 quia
2852 4588 3191 4643 intraverant
3220 4587 3425 4641 datmo-

179 4710 319 4749 nosse
366 4696 696 4765 mysterium
741 4693 892 4761 regni
931 4691 1049 4756 Dei,
1096 4688 1120 4759 Ι
1150 4700 1350 4751 LXXVII.
1383 4679 1481 4753 1.]
1532 4677 1745 4735 caeteris
1854 4687 1943 4742 nia
1968 4686 2137 4741 multa
2173 4684 2226 4738 in
2259 4698 2409 4737 eum.
2437 4682 2505 4737 Et
2535 4681 2799 4750 rogabant
2828 4680 3005 4747 illum,
3040 4696 3106 4735 nc
3134 4680 3431 4749 imperaret

178 4801 335 4846 autem
393 4792 448 4846 in
492 4787 774 4858 parabolis
817 4801 831 4840 :
877 4794 937 4839 ut
969 4782 1219 4836 videntes
1258 4793 1364 4833 non
1401 4774 1643 4835 Videant,
1689 4786 1710 4823 ε

1898 4779 1984 4842 lis,
2038 4787 2099 4832 ut
2130 4779 2182 4833 in
2235 4776 2492 4847 abyssum
2547 4774 2710 4829 irent.
2761 4773 2895 4827 Erat
2941 4783 3123 4826 autem
3179 4772 3253 4826 ibi
3301 4786 3430 4840 grex

180 4885 449 4938 audientes
480 4896 594 4937 non
625 4880 955 4947 intelligant.
1853 4884 2144 4939 porcorum
2172 4869 2469 4922 multorum
2507 4866 2847 4937 pascentium
2890 4864 2944 4918 in
2982 4872 3169 4918 monte
3198 4876 3213 4919 :
3257 4872 3313 4917 et
3344 4878 3432 4915 ro-

242 4976 509 5046 [uxvm,
553 4975 609 5029 2.
639 4998 659 5046 1
700 4972 793 5027 Est
825 4980 1011 5027 autem
1047 4969 1161 5022 haec
1201 4962 1455 5035 parabola
1489 4975 1505 5014 :
1542 4958 1745 5012 Semen
1857 4964 2058 5033 gabant
2087 4978 2233 5027 ειιιιι,
2267 4969 2326 5014 ut
2357 4962 2706 5031 permitteret
2738 4959 2819 5013 eis
2858 4959 2912 5012 in
2949 4957 3073 5011 illos
3098 4956 3331 5028 ingredi.
3370 4955 3430 5011 Et

183 5082 251 5122 est
291 5077 520 5125 verbum
574 5067 691 5122 Dei.
740 5064 845 5133 Qui
878 5073 1060 5116 autem
1108 5073 1269 5114 secus
1308 5057 1473 5120 viam,
1524 5052 1578 5106 bi
1626 5059 1757 5103 sunt
1860 5053 2111 5123 permisit
2142 5052 2269 5105 illis.
2311 5050 2579 5106 Exierunt
2614 5065 2746 5119 ergo
2790 5050 3059 5104 tia-munia
3090 5049 3160 5104 ab
3184 5050 3428 5113 homine,

190 5163 266 5227 qui
290 5164 558 5226 audiunt;
589 5159 786 5215 deinde
816 5155 967 5210 venit
992 5151 1263 5215 diabolus,
1290 5158 1345 5205 et
1369 5142 1754 5202 tollitverbum
1857 5156 1913 5199 et
1947 5145 2289 5197 intraverunt
2325 5142 2380 5195 in
2416 5156 2611 5211 porcos
2639 5155 2654 5196 :
2682 5151 2737 5195 et
2764 5141 2969 5211 impetu
3003 5140 3141 5196 abiit
3169 5155 3298 5211 grex
3335 5152 3434 5207 per

188 5253 243 5303 de
270 5254 427 5306 terde
450 5264 672 5313 eorum,
709 5261 780 5303 ne
815 5244 1109 5301 credentes
1132 5241 1267 5295 salvi
1299 5239 1452 5293 tiant.
1486 5236 1621 5289 Nam
1659 5231 1755 5302 qui
1860 5249 2103 5306 praeceps
2137 5234 2190 5287 in
2226 5242 2503 5302 stagnum,
2544 5241 2600 5286 et
2623 5232 2927 5287 suﬂ'ocatus
2954 5242 3063 5287 est.
3093 5230 3249 5297 Quod
3274 5240 3331 5282 ut
3358 5228 3439 5281 vi-

192 5358 333 5414 supra
368 5353 615 5415 petram,
649 5340 743 5411 qui
774 5354 898 5393 cum
926 5335 1227 5395 audierint,
1259 5347 1380 5387 cum
1412 5327 1610 5399 gaudio
1664 5340 1758 5415 suf
1864 5326 2065 5380 derunt
2098 5325 2300 5379 factum
2335 5325 2425 5394 qui
2473 5323 2791 5394 pascebant,
2826 5325 3083 5396 fugerunt
3113 5332 3169 5376 et
3213 5318 3437 5374 nuntia-

193 5414 411 5505 scipiunt
437 5435 697 5499 verbum,
724 5440 779 5487 et
814 5432 868 5484 bi
895 5428 1108 5483 radices
1153 5439 1262 5480 non
1287 5421 1493 5477 habent
1526 5435 1540 5471 :
1570 5416 1662 5487 qui
1695 5414 1763 5469 ad
1865 5427 2064 5473 verunt
2126 5417 2181 5473 in
2227 5416 2530 5480 civitatem,
2575 5428 2625 5471 et
2670 5418 2720 5471 in
2753 5417 2925 5479 villas,
2964 5414 3225 5505 Exierunt
3252 5420 3437 5466 autent

199 5504 393 5598 tempus
446 5528 689 5584 credunt
737 5536 794 5579 et
845 5523 898 5577 in
936 5531 1182 5591 tempore
1236 5514 1556 5572 tentationis
1608 5524 1763 5565 receo
1869 5511 2053 5564 videre
2083 5509 2227 5579 quod
2260 5508 2464 5565 factum
2500 5520 2605 5574 est,
2640 5518 2697 5563 et
2726 5518 2994 5562 venerunt
3024 5505 3087 5559 ad
3116 5504 3301 5560 Iesum
3337 5521 3352 5559 :
3388 5516 3444 5560 et

311 5668 456 5720 Idem
503 5681 610 5719 ms.
638 5679 751 5730 qua
774 5672 821 5715 et
852 5658 1027 5729 qualis
1061 5655 1251 5711 mulier
1283 5663 1437 5719 esset,
1469 5664 1575 5712 etc,
1942 5648 1961 5678 ³
1997 5646 2188 5700 Minori
2228 5660 2458 5728 numero
2485 5660 2579 5711 per
2606 5641 2861 5725 civitatem
2899 5644 2949 5690 et
2970 5633 3264 5721 castellum,
3291 5633 3454 5764 ante

311 5737 359 5764 ι..
396 5738 594 5764 ι.....-,.
647 5734 991 5764 "unum"...
1023 5728 1237 5764 πρωτην-ι
1275 5740 1414 5764 ιιηιις
1448 5722 1761 5764 Vaticanus-
1869 5718 2136 5764 ﬁrmi-tun.
2175 5730 2315 5764 κατι
2346 5715 2499 5764 πόλιν
2523 5712 2618 5764 καὶ
2648 5726 2863 5764 meum.
2896 5706 3184 5764 Vaticanus
3211 5714 3266 5762 et
3343 5725 3454 5764 εει-

263 5738 281 5768 ¹
1275 5706 1763 5787 ttnus'Vaticauus,

1925 5732 2137 5777 l'iBt'tllll,
2175 5715 2315 5768 κατᾶ
2346 5706 2499 5799 πόλι.ὲὲ
2523 5712 2618 5764 καὶ
2648 5710 2863 5781 κώμην,
2896 5706 3184 5767 Vaticanus
3211 5714 3266 5762 et
3291 5706 3457 5781 “egi-

208 5783 891 5877 atqu-e'a-iieriiteginai‘ms.
1022 5783 1036 5799 ’
1750 5783 1758 5787 ⁷
1873 5804 1957 5844 uae
1981 5801 2197 5857 quoque
2225 5800 2327 5839 ms.
2353 5783 2665 5855 praeferunt.
