3880 6168
423 319 528 379 659

1336 318 1397 376 S.
1443 313 1883 377 lllEHONYMl
1924 313 2184 374 DIVINA
2228 312 2752 373 BIBLIOTIIECA.

3511 317 3596 375 (If-:0

419 433 751 485 Invenerunt
796 429 1078 482 hominem
1136 427 1438 486 sedentem,
1486 440 1515 478 a
1562 439 1670 493 quo
1725 422 1988 478 daemonia
2019 423 2063 481 Λ
2091 433 2146 477 et
2179 425 2302 478 inde
2330 439 2406 477 ne-
2426 424 2661 478 exeatis.
2694 422 2980 492 [ιιιχνιιι.
3010 417 3089 490 2.]
3117 417 3178 471 Et
3205 414 3482 490 quicunque
3512 444 3601 483 non

417 522 682 583 exierant,
726 521 1008 582 vestitum,
1047 534 1108 571 ac
1139 531 1271 571 sana
1307 524 1507 578 mente,
1545 514 1808 585 ad-pcdes
1841 510 2019 581 ejus,’

418 623 473 667 et
499 613 822 665 timuerunt.
853 607 1251 661 Nuntiaverunt
1281 614 1464 660 autem
1502 605 1608 659 illis
1635 615 1690 658 et
1720 606 1814 674 qui
1848 605 1996 658 vide-

420 712 563 767 rant,
606 698 882 770 (ιιιοιιιυάο
915 714 1084 752 sanus
1117 697 1292 752 factus
1315 708 1457 753 esset
1482 715 1508 750 a
1543 698 1794 766 legione;
1831 706 1887 751 et
1916 713 2000 748 ro-

421 801 687 857 gaverunt
714 790 864 842 illum
893 790 1073 842 omnis
1099 789 1390 842 multitudo
1420 789 1658 856 regionis
1691 787 1995 841 Geraseno-

425 901 568 942 rum,
615 894 672 934 ut
725 881 1035 936 disrederet
1076 880 1145 934 ab
1179 880 1324 948 ipsis.
1357 896 1369 931 :
1406 881 1534 949 quia
1583 892 1776 947 magno
1809 877 2003 930 timore

423 975 775 1029 tenebantur.
810 973 1052 1045 [L\X\1V,
1087 970 1188 1042 8.]
1221 971 1334 1040 Ipse
1361 980 1541 1023 autem
1575 967 1883 1023 ascendens
1911 984 2005 1020 tta-

427 1067 558 1128 vim,
591 1078 844 1119 reversus
876 1071 980 1115 est.
1023 1062 1084 1115 Et
1121 1061 1346 1128 rogabat
1376 1059 1527 1111 illum
1563 1059 1668 1120 vir,
1703 1073 1730 1109 a
1764 1072 1873 1124 quo
1901 1057 2004 1108 δίιὲο

431 1159 609 1209 tuonia
657 1157 925 1216 exierant,
985 1163 1043 1206 ut
1084 1169 1208 1206 cum
1257 1167 1324 1204 eo
1364 1161 1527 1204 esset.
1583 1148 1792 1202 Dimisit
1829 1159 2009 1199 autem

427 1263 553 1301 eum
588 1247 768 1311 Jesus,
791 1247 977 1299 dicens
1021 1261 1036 1299 :
1068 1245 1201 1297 liedi
1230 1244 1282 1297 in
1314 1243 1536 1296 domum
1573 1251 1740 1300 tuam,
1772 1248 1826 1293 et
1854 1254 2011 1290 narra

429 1352 632 1408 quanta
663 1337 760 1391 tibi
791 1337 916 1392 fecit
940 1337 1103 1391 Deus.
1127 1337 1189 1388 Et
1213 1335 1346 1388 abiit
1372 1349 1465 1402 per
1491 1332 1798 1383 universam
1824 1329 2018 1381 civita-

434 1441 562 1490 tem,
584 1428 881 1496 praedicans
905 1435 1106 1495 quanta
1125 1426 1200 1482 illi
1224 1421 1769 1492 fceitJesns.[Lxxxv,
1789 1418 1868 1487 22.]
1888 1416 2016 1470 Fac-

437 1518 545 1569 Ium
581 1526 664 1571 est
709 1527 886 1571 autem
920 1531 1042 1571 cum
1095 1515 1348 1569 rediisset
1391 1513 1570 1575 Jesus,
1614 1509 1830 1582 excepit
1862 1507 2013 1558 illum

438 1609 618 1665 turba.
677 1592 845 1668 Erant
890 1610 1037 1663 enim
1087 1622 1277 1662 umnes
1328 1609 1716 1672 exspectantes
1761 1615 1906 1653 enm.
1949 1597 2017 1651 Et

437 1717 566 1757 ecce
604 1701 751 1755 venit
784 1700 890 1766 vir,
922 1699 1008 1753 cui
1042 1714 1238 1751 nomen
1283 1695 1486 1757 Jairus,
1521 1701 1575 1746 et
1611 1693 1723 1756 ipse
1758 1691 2017 1763 princeps

441 1809 725 1865 synagoga:
764 1800 881 1846 erat
929 1806 944 1845 :
992 1803 1046 1847 et
1087 1788 1291 1844 cecidit
1341 1785 1404 1840 ad
1445 1785 1609 1854 pedes
1639 1781 1789 1846 Jesu,
1821 1795 2014 1848 rogans

441 1903 569 1942 cum
609 1896 661 1939 ut
717 1886 950 1940 intraret
999 1885 1052 1937 in
1101 1882 1322 1935 domum
1361 1879 1500 1949 ejus,
1555 1876 1682 1944 quia
1712 1871 1868 1925 unica
1905 1869 2012 1923 ﬁlia

444 1991 560 2035 erat
588 1981 637 2035 ei
665 1982 777 2034 fere
801 1993 1070 2038 annorum
1097 1973 1406 2038 duodecim,
1437 1981 1491 2025 et
1520 1971 1631 2024 hate
1659 1966 2016 2020 moriebatur.

449 2076 518 2130 Et
548 2074 796 2144 contigit,
839 2073 967 2127 dum
1003 2073 1126 2136 iret,
1157 2086 1186 2124 a
1227 2066 1402 2122 turbis
1433 2061 1921 2132 compritnebatur.
1956 2055 2021 2107 Et

451 2169 648 2222 mulier
682 2167 929 2236 qumdam
988 2172 1109 2218 erat
1163 2161 1217 2215 in
1264 2159 1410 2212 fluxu
1443 2153 1725 2224 sanguinis
1766 2150 1833 2203 ab
1868 2145 2026 2201 anuis

450 2260 763 2322 duodecim,
792 2273 912 2327 qua:
947 2257 1001 2310 in
1037 2253 1282 2308 medicos
1310 2256 1626 2318 erogaverat
1655 2259 1872 2299 omnem
1900 2241 2027 2294 sub-

451 2353 708 2408 stantiam
740 2366 915 2410 suam,
955 2363 1053 2402 nec
1081 2346 1149 2400 ab
1182 2345 1292 2398 ullo
1326 2341 1502 2412 potuit
1527 2337 1707 2404 curari
1743 2353 1756 2389 :
1798 2332 2029 2388 accessit.

457 2457 621 2504 retro,
653 2453 706 2501 et
741 2441 916 2509 tetigit
960 2436 1224 2491 fimbriam
1275 2430 1589 2487 vestimenti
1636 2429 1778 2498 ejus,
1816 2435 1867 2476 ct
1897 2439 2030 2476 con~

457 2536 638 2591 festim
689 2532 841 2586 stetit
884 2531 1060 2583 tluxus
1107 2525 1389 2596 sanguinis
1441 2523 1578 2592 ejus.
1627 2520 1694 2574 Et
1723 2521 1794 2572 ait
1825 2517 2028 2571 Jesus:

456 2628 595 2695 Quis
625 2635 729 2690 est,
766 2623 860 2696 qui
895 2637 978 2676 me
1024 2618 1241 2689 tetigit?
1275 2615 1610 2690 Negantibus
1636 2622 1816 2667 autem
1850 2615 2027 2668 omni-

458 2721 562 2774 bus
596 2717 735 2778 dixit
775 2717 987 2776 Petrus,
1030 2725 1084 2767 et
1118 2711 1210 2784 qui
1259 2723 1378 2764 Cum
1424 2707 1515 2762 illo
1561 2719 1719 2761 erant
1767 2722 1781 2766 :
1820 2706 2031 2762 Drace-

459 2821 602 2878 ptor,
641 2806 809 2862 turba:
857 2814 909 2859 te
943 2803 1330 2868 comprimunt.
1373 2811 1427 2854 et
1453 2798 1721 2866 afﬂigunt,
1767 2808 1820 2850 et
1855 2798 2030 2854 dicis:

462 2903 606 2970 Quis
630 2917 714 2956 me
750 2899 966 2968 tetigit?
997 2897 1061 2952 Et
1085 2897 1222 2952 dixit
1247 2893 1408 2949 Jesus
1446 2911 1462 2951 :
1496 2893 1696 2964 Tetigit
1727 2909 1811 2946 me
1835 2892 2030 2961 aliquis

463 3007 590 3049 nam
625 3009 723 3063 ego
753 2994 877 3046 novi
928 2992 1182 3045 virtutem
1219 2989 1284 3041 de
1319 3004 1403 3041 me
1434 2985 1655 3044 exiisse.
1690 2987 1889 3042 Videtis
1924 3001 2024 3040 au-

2102 516 2409 583 receperint
2461 531 2596 568 vos:
2635 522 2898 568 exeuntes
2966 513 3034 566 de
3087 510 3300 565 civitate
3333 512 3605 576 illa,etiam

2106 606 2388 674 pulverem
2417 606 2615 674 pedum
2632 614 2937 659 vestrorum
2950 601 3186 656 excutite
3219 601 3266 653 in
3290 603 3606 661 testimonium

2106 712 2267 765 supra
2298 697 2445 749 illos.
2483 695 2762 766 iuturus,
2788 694 2865 765 8.]
2905 694 3118 763 Egressi
3149 703 3322 747 autem
3354 696 3612 751 circuibant

2111 804 2206 856 per
2233 788 2453 841 castella
2480 829 2494 850 ,
2548 788 2988 855 evangelizantes
3053 795 3108 839 et
3136 795 3382 840 curantes
3427 789 3610 856 ubique.

2107 882 2222 953 [κε.
2250 884 2284 936 ‘2
2315 883 2332 953 ]
2366 883 2586 936 Audivit
2629 891 2809 936 autem
2867 882 3112 936 Herodes
3169 883 3427 935 tetrarcha
3467 886 3614 935 omnia

2111 991 2232 1044 qua:
2269 975 2464 1026 fiebant
2496 975 2562 1028 ab
2593 991 2680 1038 eo,
2713 985 2768 1027 et
2805 973 3111 1032 haesitabat,
3135 987 3200 1025 eo
3229 972 3362 1037 quod
3389 972 3619 1026 diceretur

2113 1084 2140 1120 a
2174 1067 2503 1134 quibusdam
2537 1083 2550 1118 :
2591 1066 2724 1130 Quia
2761 1067 2998 1120 Joannes
3033 1064 3267 1118 surrexit
3310 1078 3337 1115 a
3386 1065 3621 1118 mortuis:

2115 1170 2143 1205 a
2179 1153 2508 1221 quibusdam
2551 1168 2724 1207 vero:
2763 1153 2898 1216 Quia
2925 1152 3070 1205 Elias
3112 1151 3390 1220 apparuit:
3427 1151 3485 1202 ab
3525 1152 3624 1203 aliis

2115 1254 2294 1298 autem
2326 1261 2338 1295 :
2377 1245 2510 1309 Quia
2542 1245 2804 1312 propheta
2844 1259 2984 1296 unus
3019 1245 3085 1296 de
3136 1242 3366 1309 antiquis
3410 1240 3625 1293 surrexit.

2118 1335 2182 1388 Et
2214 1337 2291 1388 ait
2318 1335 2560 1388 llerodcs
2589 1352 2603 1389 :
2652 1333 2914 1388 Joannem
2961 1349 3062 1402 ego
3091 1331 3345 1385 decollari
3375 1351 3388 1384 :
3415 1329 3530 1395 Quis
3560 1343 3626 1383 est

2117 1437 2297 1481 autem
2325 1428 2448 1490 iste,
2481 1426 2547 1478 de
2584 1441 2692 1495 quo
2721 1440 2820 1493 ego
2870 1425 2994 1478 talia
3045 1423 3248 1476 audio?
3283 1422 3340 1474 Et
3385 1422 3620 1490 qtmrebat

2123 1519 2304 1572 videre
2341 1534 2487 1572 eum.
2527 1518 2662 1589 ἶλαι,
2685 1518 2765 1588 8.]
2798 1517 2861 1570 Et
2893 1517 3089 1570 reversi
3141 1514 3386 1584 apostoli,
3409 1527 3619 1566 narrare.

2122 1619 2251 1662 runt
2287 1609 2361 1662 illi
2388 1624 2725 1677 quotcunque
2779 1609 3022 1662 fecerunt
3051 1627 3062 1663 :
3103 1605 3254 1676 [xcu.
3285 1603 3360 1673 5.]
3382 1612 3433 1657 et
3458 1618 3631 1656 assum-

2124 1700 2229 1770 ptis
2267 1700 2372 1752 illis
2406 1701 2633 1752 secessit
2661 1714 2909 1752 seorsum
2943 1699 2994 1749 in
3048 1697 3229 1749 locum
3265 1694 3536 1752 desertum,
3563 1695 3632 1761 qui

2123 1799 2209 1844 est
2235 1788 2556 1843 Bethsaidae.
2592 1789 2746 1854 Quod
2782 1803 2908 1843 eum
2950 1787 3332 1856 cognovissent
3377 1784 3546 1845 turbat,
3570 1799 3637 1837 sc-

2127 1891 2267 1936 cutze
2295 1893 2424 1935 sunt
2454 1882 2606 1934 illum
2637 1900 2648 1934 ε
2678 1891 2732 1934 et
2763 1880 2976 1947 excepit
3011 1895 3126 1938 eos,
3159 1889 3210 1930 et
3237 1878 3533 1946 loquebatur
3551 1876 3636 1928 illis

2128 1975 2194 2027 de
2225 1990 2390 2040 regno
2433 1974 2548 2034 Dei,
2583 1983 2636 2026 et
2683 1987 2801 2032 eos,
2830 1973 2922 2040 qui
2956 1987 3087 2024 cura
3119 1970 3409 2037 indigebat,
3434 1967 3638 2021 sanabat.

2130 2066 2304 2137 [xcut,
2342 2063 2416 2136 1.]
2449 2064 2569 2117 Dies
2600 2076 2782 2118 autem
2816 2074 3053 2129 θωνα-τίη
3105 2061 3393 2137 declinare.
3434 2057 3492 2112 Et
3517 2071 3646 2112 acce-

2129 2133 2323 2210 dentes
2356 2133 2642 2208 duodecim
2692 2149 2949 2208 diserunt
2975 2153 3049 2206 illi
3080 2168 3094 2205 :
3135 2133 3356 2204 Dimitte
3384 2147 3572 2208 turbas,
3598 2155 3644 2196 ut

2132 2261 2325 2305 euntes
2358 2251 2410 2304 in
2453 2250 2673 2304 castella
2705 2249 2970 2316 villasque
3001 2260 3122 2315 qua:
3157 2246 3302 2299 circa
3337 2253 3472 2304 sunt,
3501 2241 3648 2294 diver-

2135 2352 2273 2406 tant,
2303 2353 2358 2396 et
2382 2342 2662 2394 inveniant
2692 2354 2846 2394 escas
2877 2355 2890 2394 :
2925 2339 3051 2408 quia
3106 2322 3202 2390 hic
3244 2337 3294 2388 in
3332 2336 3442 2386 loco
3468 2331 3647 2384 deserto

2134 2450 2344 2488 sumus.
2385 2433 2472 2486 Ait
2506 2443 2686 2486 autem
2721 2432 2787 2484 ad
2818 2430 2981 2484 illos:
3027 2427 3136 2481 Vos
3185 2427 3307 2480 date
3331 2424 3430 2477 illis
3461 2423 3650 2474 manliu-

2135 2542 2281 2583 carc.
2323 2529 2391 2579 At
2426 2527 2500 2580 illi
2531 2526 2789 2580 dixerunt
2820 2540 2834 2578 :
2874 2520 2991 2575 Non
3019 2529 3146 2574 sunt
3180 2517 3338 2572 nobis
3368 2515 3478 2582 plus
3519 2523 3650 2580 quam

2138 2620 2381 2689 quinque
2403 2633 2588 2686 panes,
2608 2627 2662 2671 et
2686 2616 2796 2671 duo
2821 2615 3001 2685 pisces
3027 2630 3042 2671 :
3077 2613 3183 2666 nisi
3214 2611 3348 2664 forte
3367 2622 3459 2660 nos
3479 2616 3652 2660 cantus.

2141 2723 2468 2766 rtemamus
2499 2712 2552 2764 in
2595 2723 2811 2763 omnem
2865 2711 3006 2760 hanc
3059 2705 3275 2758 turbam
3337 2713 3494 2754 escas.
3520 2696 3657 2749 Erant

2142 2817 2324 2860 autem
2350 2805 2462 2858 fere
2507 2803 2604 2856 viri
2630 2802 2870 2870 quinque
2897 2799 3084 2851 millia.
3119 2796 3214 2850 Ait
3242 2803 3417 2848 autem
3445 2789 3504 2844 ad
3525 2784 3659 2840 disci-

2143 2899 2300 2968 pulos
2327 2911 2498 2949 suos:
2538 2893 2719 2948 Facite
2766 2891 2886 2944 illos
2921 2887 3273 2943 discumbere
3320 2899 3411 2954 per
3455 2875 3658 2932 convivii

2106 3017 2116 3026 -
2145 2965 2581 3058 quinquagenos.
2613 2983 2679 3037 Et
2703 2982 2779 3038 ita
2815 2982 3082 3036 fecerunt.
3115 2977 3185 3032 Et
3241 2973 3560 3031 discumbere
3603 2965 3663 3019 fe-

467 3098 575 3142 tem
611 3060 828 3146 mulier,
862 3085 988 3152 quia
1020 3098 1126 3137 non
1155 3081 1334 3141 latuit,
1364 3091 1603 3132 tremens
1633 3081 1801 3142 venit,
1831 3088 1887 3131 et
1913 3093 2033 3146 pro»
2065 3087 2108 3142 c
2147 3089 2341 3135 cerunt
2372 3092 2584 3131 omnes.
2617 3073 2862 3143 Acceptis
2889 3081 3069 3126 autem
3107 3069 3352 3138 quinque
3385 3060 3664 3133 panibus.et

468 3175 605 3232 cidit
633 3185 758 3231 ante
788 3174 952 3244 pedes
982 3174 1103 3242 ejus
1141 3188 1153 3223 :
1190 3181 1244 3224 et
1274 3170 1344 3226 ob
1369 3186 1529 3240 quam
1562 3184 1777 3224 causam
1807 3171 2047 3236 tetigert

471 3281 619 3327 eum.
655 3266 915 3318 iudicavit
948 3275 1130 3318 coram
1161 3260 1308 3314 omni
1342 3260 1540 3328 populo
1572 3273 1588 3314 :
1621 3268 1675 3310 et
1697 3257 2048 3327 qucmadmo

474 3357 606 3412 dum
662 3355 946 3412 confestim
980 3361 1169 3406 sanata
1201 3351 1292 3404 sit.
1323 3351 1391 3404 At
1423 3351 1536 3418 ipse
1578 3349 1712 3403 dixit
1754 3349 1802 3402 ei
1839 3364 1855 3402 :
1895 3335 2046 3412 Fiiia,

479 3448 616 3503 ﬁdes
649 3455 738 3500 tua
769 3445 971 3499 salvam
1010 3453 1062 3498 te
1087 3443 1215 3496 fecit
1249 3443 1424 3497 :vade
1457 3441 1511 3494 in
1547 3456 1697 3510 pace.
1741 3439 1934 3494 Adhuc
1957 3439 2051 3494 illo

480 3544 764 3608 loquente,
817 3535 968 3590 venit
1017 3533 1240 3602 quidam
1291 3532 1357 3586 ad
1393 3531 1694 3600 principem
1745 3546 2052 3600 synagogas,

482 3632 672 3686 dicens
703 3630 750 3683 ei
798 3644 812 3686 ;
852 3626 987 3698 Quia
1037 3635 1251 3678 mortua
1300 3633 1383 3677 est
1435 3621 1542 3675 tilia
1573 3633 1684 3689 tua,
1715 3622 1827 3675 noli
1858 3636 2055 3675 vexare

487 3727 659 3779 illum.
690 3722 849 3781 Jesus
876 3730 1056 3776 autem
1088 3718 1274 3776 audito
1303 3717 1405 3770 hoc
1433 3716 1624 3779 verbo,
1657 3715 1938 3786 respondit
1965 3731 2060 3784 pa-

489 3817 558 3871 tri
611 3814 850 3887 puellas:
911 3812 1034 3866 Noli
1086 3809 1298 3871 timere,
1350 3809 1777 3871 crede—tantum,
1827 3818 1881 3859 et
1909 3806 2056 3861 salva

485 3911 614 3966 erit.
657 3909 725 3967 Et
762 3922 888 3961 cum
928 3903 1168 3960 venisset
1219 3902 1486 3962 domum,
1535 3915 1642 3952 non
1696 3898 1941 3968 permisit
1981 3900 2062 3951 itt-

493 4017 637 4058 ttare
662 4016 847 4055 secum
879 4009 1233 4066 quemquam,
1271 3993 1375 4048 nisi
1419 3992 1658 4048 Petrum,
1690 3998 1744 4045 et
1770 3989 2062 4051 Jacobum,

493 4105 546 4149 ct
571 4093 862 4153 Joannem,
893 4098 948 4144 et
976 4097 1210 4157 patrem,
1241 4095 1294 4141 et
1328 4093 1559 4136 matrem
1585 4083 1801 4153 puellae.
1833 4079 2064 4136 Flebant

495 4196 677 4241 autem
718 4197 932 4243 omnes,
979 4189 1034 4232 et
1067 4177 1392 4247 plangebant
1424 4175 1568 4229 illam
1608 4190 1624 4228 :
1666 4184 1721 4227 at
1754 4173 1842 4226 ille
1874 4172 2013 4257 dixit
2047 4190 2063 4228 :

497 4276 676 4331 Nolite
721 4273 868 4334 flere,
905 4286 1015 4324 non
1047 4276 1131 4322 est
1154 4274 1368 4320 mortua
1419 4263 1593 4334 puella
1629 4265 1668 4328 ¹,
1721 4263 1814 4318 sed
1846 4263 2064 4318 dormit.

505 4369 570 4422 Et
615 4364 944 4420 deridcbant
990 4375 1140 4422 eum,
1181 4358 1415 4411 scientes
1448 4354 1590 4424 quod
1643 4364 1856 4405 mortua
1899 4361 2061 4406 esset.

505 4459 621 4528 Ipse
647 4465 828 4509 autem
859 4465 1049 4506 tenens
1091 4463 1309 4503 manum
1353 4446 1470 4514 ejus
1512 4443 1779 4503 clamavit,
1815 4443 2003 4496 dicens
2048 4459 2064 4494 :

509 4549 714 4608 Puella,
753 4560 935 4613 surge.
967 4541 1035 4595 Et
1063 4554 1314 4595 reversus
1343 4545 1426 4590 est
1451 4535 1670 4600 spiritus
1696 4534 1835 4602 ejus,
1872 4542 1926 4587 et
1953 4549 2072 4586 sur-

511 4640 651 4694 rexit
699 4639 984 4691 coutinuo.
1022 4631 1277 4701 Etjussit
1327 4629 1402 4682 illi
1453 4627 1569 4680 dari
1610 4624 1955 4678 manducare.
2009 4624 2075 4680 Et

512 4737 840 4799 stupuerunt
870 4735 1120 4794 parentes
1149 4721 1287 4788 ejus,
1325 4718 1524 4787 quibus
1556 4717 1836 4786 praecepit,
1870 4730 1934 4768 ne
1973 4717 2074 4770 ali-

514 4825 601 4878 cui
641 4823 883 4876 dicerent
920 4815 1066 4890 quod
1094 4815 1290 4866 factum
1323 4822 1461 4864 erat.

590 4912 745 4986 ίϐαρ.
781 4910 870 4976 IX,
898 4923 1115 4968 Lxxxvt,
1153 4905 1243 4977 2.]
1276 4901 1607 4958 Convocatis
1650 4910 1830 4954 autem
1870 4900 2081 4953 duode-

519 5009 625 5064 cim
662 5005 943 5077 apostolis.
989 5000 1141 5054 dedit
1201 4999 1307 5050 illis
1359 4997 1613 5049 virtutem
1664 5003 1719 5046 et
1755 5000 2078 5062 potestatein

522 5111 688 5166 super
725 5093 908 5148 omnia
940 5089 1227 5152 dannonia,
1260 5097 1314 5141 et
1353 5095 1411 5139 ut
1459 5085 1749 5155 languores
1806 5090 2082 5136 curarent.

530 5189 596 5245 Et
633 5185 783 5240 misit
809 5184 931 5238 illos
957 5181 1253 5248 pra-dicare
1280 5192 1508 5246 regnum
1549 5175 1663 5232 Dei.
1699 5185 1752 5227 et
1781 5189 1975 5228 sanare
2009 5173 2089 5227 in-

532 5288 734 5336 tirmos.
772 5277 1038 5353 [cxxxvn,
1065 5270 1147 5342 2.]
1179 5272 1242 5324 Et
1282 5271 1356 5322 ait
1385 5271 1449 5320 ad
1479 5269 1596 5320 illos
1634 5284 1648 5322 ;
1683 5267 1825 5320 Nihil
1858 5266 2094 5318 tuleritis

531 5377 582 5430 iu
613 5376 717 5438 via,
759 5386 934 5438 neque
960 5367 1190 5434 virgam,
1222 5377 1396 5430 neque
1422 5377 1628 5430 peram,
1662 5376 1836 5427 neque
1873 5373 2091 5428 panem.

535 5481 714 5534 neque
752 5461 1064 5532 pecuniam,
1093 5471 1269 5524 neque
1294 5453 1430 5506 duas
1475 5451 1690 5504 tunicas
1729 5449 1992 5501 habeatis.
2033 5447 2096 5501 Et

535 5558 588 5610 in
634 5565 1019 5624 quamcunque
1093 5547 1310 5599 domum
1365 5539 1723 5599 intraveritis.
1755 5539 1830 5592 ibi
1860 5548 2096 5604 manete,

605 5681 620 5709 ¹
651 5679 767 5732 Non
800 5677 1018 5731 additur
1046 5670 1219 5739 puclla
1254 5668 1306 5720 i':
1329 5668 1429 5728 his,
1461 5664 1661 5734 quibus
1689 5666 1906 5728 utimur,
1971 5678 2122 5726 tuss.,

535 5749 627 5806 hic
657 5748 762 5803 loci
792 5748 1048 5800 occurrit.

2100 4412 2140 4467 ο

2147 3172 2366 3225 duobus
2401 3169 2664 3238 piscibus,
2701 3163 2940 3232 respexit
2990 3161 3043 3215 in
3075 3161 3303 3221 ccelutn,
3335 3164 3389 3209 et
3429 3147 3665 3206 benedixit

2149 3265 2274 3329 illis,
2297 3273 2352 3318 et
2381 3263 2562 3332 fregit,
2595 3267 2652 3313 et
2680 3255 2966 3312 distribuit
2994 3251 3284 3322 discipulis
3311 3248 3440 3308 suis,
3466 3252 3670 3310 utponc-

2151 3367 2272 3412 rent
2302 3364 2427 3408 ante
2465 3352 2668 3407 turbas.
2711 3349 2776 3403 Et
2796 3348 3267 3402 manducaverunt
3293 3352 3494 3399 omnes,
3521 3341 3569 3387 et
3599 3344 3669 3382 sa-

2154 3443 2320 3498 turati
2349 3453 2497 3496 sunt.
2529 3439 2594 3492 Et
2619 3437 2895 3492 sublatum
2953 3442 3034 3487 est
3080 3430 3231 3501 quod
3274 3423 3530 3496 superfuit
3567 3417 3671 3476 illis,

2155 3535 2575 3602 fragmentorum
2634 3527 2851 3596 cophini
2909 3524 3224 3578 duodecim.
3285 3519 3452 3592 μων,
3502 3509 3569 3578 1.]

2155 3625 2356 3680 factum
2396 3632 2480 3678 est
2509 3635 2636 3674 cum
2671 3618 2823 3672 solus
2845 3623 2988 3669 esset
3026 3627 3214 3674 orans,
3244 3618 3400 3663 erant
3451 3615 3560 3656 cum
3603 3594 3676 3648 illo

2159 3727 2214 3772 et
2246 3713 2522 3782 discipuli,
2553 3724 2609 3768 et
2633 3707 2998 3778 interrogavit
3027 3705 3147 3758 illos
3179 3703 3368 3757 dicens
3393 3717 3408 3753 ι
3436 3695 3586 3759 Quem
3609 3700 3676 3740 me

2160 3810 2351 3866 dicunt
2385 3781 2504 3862 esse
2538 3803 2746 3859 turbm?
2778 3805 2847 3856 At
2881 3801 2958 3854 illi
2997 3796 3405 3866 responde-runt
3426 3828 3440 3852 ,
3463 3795 3514 3841 et.
3553 3781 3680 3834 dixe-

2163 3909 2327 3956 runt:
2362 3899 2452 3952 alii
2479 3897 2741 3951 Joannem
2787 3893 3109 3963 Baptistam,
3151 3889 3247 3942 alii
3299 3893 3472 3938 autem
3522 3874 3680 3963 Ellam,

2163 3993 2252 4046 alii
2286 4006 2414 4044 vero
2443 3990 2567 4058 quia
2602 4002 2745 4042 unus
2770 3986 3035 4056 propheta
3070 3983 3137 4050 de
3165 3977 3439 4050 prieribus
3467 3961 3682 4058 surrexit:

2167 4085 2310 4138 Dixit
2337 4092 2532 4145 autem,
2553 4081 2658 4134 illis
2681 4092 2696 4132 :
2730 4079 2835 4133 Vos
2859 4088 3040 4129 autem
3065 4087 3229 4142 quem
3266 4084 3350 4122 me
3368 4079 3481 4119 esse
3503 4051 3686 4111 dicitis?

2170 4172 2523 4243 Respondcns
2549 4170 2733 4224 Simon
2765 4169 2957 4225 Petrus
2975 4165 3130 4220 dixit:
3159 4160 3437 4218 Christum
3462 4145 3688 4217 Dei.l\ct‘.

2170 4263 2250 4334 2.]
2289 4267 2359 4316 At
2389 4262 2477 4318 ille
2508 4262 2796 4330 increpans
2823 4258 2966 4322 illos,
2987 4254 3249 4325 praecepit
3292 4267 3360 4304 ne
3379 4245 3461 4301 eui
3487 4243 3690 4332 dicereut

2173 4323 2299 4417 hoc,
2324 4353 2537 4418 dicens:
2557 4351 2694 4418 Quia
2711 4359 2928 4419 oportet
2945 4323 3137 4402 Filium
3158 4341 3398 4399 hominis
3416 4333 3565 4390 multa
3583 4323 3690 4419 pali.

2177 4457 2234 4504 et
2273 4445 2556 4514 reprobari
2598 4459 2628 4497 a
2673 4440 3078 4502 senioribus,et
3113 4431 3450 4504 principibus
3485 4416 3694 4477 sacerdo-

2182 4549 2317 4603 tum,
2351 4547 2408 4592 et
2438 4535 2654 4595 scribis,
2685 4543 2740 4588 et
2765 4531 2966 4599 occidi,
3005 4539 3061 4583 et
3097 4527 3260 4582 tertia
3315 4523 3404 4576 die
3437 4519 3694 4603 resurgere-

2184 4599 2350 4699 [κεν-ι.
2391 4627 2472 4697 2.]
2531 4625 2750 4680 Dicebat
2785 4634 2968 4676 autem
2995 4619 3061 4673 ad
3083 4631 3318 4673 omnes:
3352 4613 3405 4666 Si
3453 4607 3562 4677 quis
3606 4599 3697 4699 vult

2187 4688 2308 4786 post
2339 4733 2423 4771 me
2474 4716 2682 4777 venire,
2731 4714 2961 4781 abneget
3025 4708 3422 4776 semetipsum,
3468 4710 3519 4752 et
3579 4688 3700 4743 tollat

2189 4824 2410 4863 crucem
2433 4823 2584 4860 suam
2613 4806 2882 4874 quotidie,
2908 4813 2964 4856 et
2993 4809 3261 4870 sequatur
3304 4811 3408 4849 me.
3454 4789 3545 4854 Qui
3585 4783 3700 4835 enim

2192 4903 2423 4954 voluerit
2462 4873 2699 4952 animam
2728 4909 2884 4948 suam
2911 4892 3112 4948 salvam
3138 4890 3344 4950 facere,
3373 4880 3550 4953 perdet
3570 4873 3703 4927 illam:

2194 5005 2318 5044 nam
2351 4989 2442 5058 qui
2469 4986 2770 5058 perdiderit
2806 4985 3042 5038 animam
3073 4995 3229 5038 suam
3261 4987 3479 5047 propter
3509 4981 3602 5027 me,
3626 4961 3707 5014 sal-

2195 5097 2314 5136 vam
2340 5081 2502 5134 faciet
2531 5081 2698 5134 illam.
2723 5077 2865 5142 Quid
2889 5077 3036 5129 enim
3069 5073 3290 5144 proficit
3321 5071 3477 5122 homo
3507 5058 3709 5144 siluere-

2195 5185 2282 5227 tur
2325 5172 2636 5226 uniVersum
2674 5168 2960 5230 mundum,
2995 5181 3053 5219 se
3095 5175 3281 5218 autem
3338 5160 3509 5227 ipsum
3557 5142 3715 5216 perdat

2194 5278 2249 5322 et
2274 5267 2660 5319 detrimentum
2685 5263 2766 5316 sui
2798 5258 2999 5315 faciat?
3023 5258 3208 5330 [xcvu,
3247 5249 3328 5322 2.]
3377 5249 3501 5302 Nam
3529 5237 3608 5308 qui
3634 5243 3714 5330 Δτιιῡε

2195 5358 2500 5418 erubuerit,
2525 5364 2580 5410 et
2611 5369 2763 5408 meos
2793 5365 3096 5412 sermones,
3130 5350 3286 5412 hunc,
3308 5341 3476 5397 Filius
3521 5325 3718 5420 lion-itus

2190 5448 2505 5509 erubescet,
2543 5461 2664 5499 cum
2694 5442 2900 5501 vent-rit
2934 5441 2984 5492 in
3020 5439 3303 5504 majestate
3339 5447 3454 5491 sua,
3481 5422 3717 5476 etPatrzs,

2200 5549 2255 5592 et
2287 5548 2598 5592 sanctorum
2649 5536 2982 5604 angelorum.
3025 5521 3515 5601 [xcvtti,€2.]_Dico
3569 5516 3717 5562 ίιυῑεω

2168 5664 2310 5732 quod
2342 5677 2536 5716 nomen
2575 5669 2628 5714 et
2661 5659 2710 5711 in
2747 5655 2947 5710 (ira-cis
2981 5666 3240 5723 perquam
3283 5643 3419 5698 raris
3481 5628 3718 5691 collium“
