3880 6168
155 257 239 320 ΘΜ

1252 261 1629 324 EVANGELI
1644 262 1755 323 ΠΜ
1806 262 1965 325 SEC.
2008 262 2283 323 LUCAM.

3289 259 3393 321 662

154 374 308 429 vobis.
344 385 471 425 vere
512 381 633 426 sunt
664 373 831 443 aliqui
872 376 958 429 hic
988 386 1217 442 Stantcs,
1248 384 1338 450 qui
1378 401 1484 437 non
1525 394 1680 453 gusta
1746 390 1786 444 Α
1821 384 1928 437 tios
1956 395 2082 438 ante
2107 390 2466 451 conspectum
2492 395 2652 435 suum
2684 396 2697 432 :
2738 389 2789 433 et
2823 386 3017 433 euntes
3049 380 3393 431 intraverunt

154 472 272 524 bunt
313 476 563 526 mortem,
600 466 775 520 donec
810 469 1027 522 \ideant
1067 488 1291 540 regnum
1339 476 1452 529 Dei.
1494 476 1713 530 Fat-tum

156 569 228 613 est
255 566 431 613 autern
458 567 580 626 post
605 558 722 612 baac
742 561 902 612 verba
934 560 1047 616 fere
1078 564 1193 618 dies
1223 577 1366 626 octo.
1416 576 1467 621 et
1503 582 1715 621 assum-

161 653 251 721 psit
281 651 524 705 Petrum.
594 660 648 703 et
686 651 972 713 Jacobum,
1010 665 1062 708 et
1089 655 1380 722 Joannem,
1423 672 1476 714 ct
1515 675 1715 717 ascen;

158 744 228 796 dit
258 741 306 793 in
344 752 607 802 monti-ru,
643 752 698 793 ut
724 753 923 797 oraret.
958 746 1016 798 Et
1056 746 1192 801 facta
1221 762 1325 810 est,
1352 751 1481 802 dum
1512 764 1713 815 oraret,

162 836 355 904 species
390 836 575 888 tuitus
608 828 753 904 'ejus
789 837 978 903 altera,
1011 850 1063 893 et
1114 843 1341 895 vestitus
1390 846 1508 913 ejus
1564 844 1717 899 albus

162 934 211 977 et
246 924 535 991 refulgens.
572 924 637 977 Et
692 940 821 979 erce
863 929 973 980 duo
1032 930 1130 981 viri
1172 931 1539 999 loquebamur
1592 950 1714 987 cum

164 1016 262 1068 illo.
302 1015 467 1068 Erant
522 1026 702 1070 autem
764 1017 973 1086 Moyses
1020 1030 1072 1073 et
1125 1021 1291 1089 Elias,
1349 1024 1448 1077 visi
1489 1024 1540 1077 iu
1606 1041 1717 1078 ma-

159 1112 332 1179 jestate
369 1151 383 1174 ,
418 1121 474 1162 et
526 1112 781 1164 dicebant
815 1127 1100 1167 excessum
1153 1117 1291 1184 ejus,
1341 1133 1503 1185 quem
1570 1134 1719 1173 com-

163 1204 385 1271 pleturus
448 1214 566 1256 erat
615 1205 667 1258 in
732 1206 1054 1261 Jerusalem.
1091 1208 1285 1264 Petrus
1343 1226 1473 1263 vero
1523 1221 1577 1264 et
1619 1212 1716 1280 qui

164 1308 271 1345 cum
303 1294 391 1347 illo
420 1304 600 1361 erant,
635 1299 835 1365 gravati
856 1311 1009 1351 erant
1040 1316 1255 1353 somno.
1306 1300 1369 1353 Et
1392 1302 1719 1371 cvigilantes

167 1386 393 1438 viderunt
416 1386 751 1455 majestatem
784 1390 923 1459 ejus,
958 1401 1011 1445 et
1044 1392 1183 1444 duos
1204 1395 1478 1463 viros,qui
1504 1394 1720 1449 Stabant

162 1493 268 1531 cum
300 1478 408 1530 illo.
432 1479 499 1532 Et
530 1478 732 1533 factum
755 1492 839 1535 est
868 1499 989 1536 cum
1020 1484 1364 1540 discederent
1396 1488 1465 1540 ab
1494 1489 1610 1552 illo,
1644 1488 1722 1540 ait

164 1570 338 1621 Petrus
367 1569 429 1621 ad
460 1568 682 1625 Jesum:
717 1572 1051 1643 Praeceptor,
1106 1576 1307 1630 bouum
1355 1588 1439 1633 est
1480 1594 1582 1633 nos
1631 1579 1722 1633 hic

163 1674 300 1711 esse:
332 1670 386 1713 et
414 1660 680 1716 faciamus
706 1665 807 1718 tria
859 1666 1232 1734 tabernacula,
1284 1685 1452 1722 unum
1511 1671 1631 1736 tibi,
1663 1682 1719 1725 et

169 1767 317 1804 unum
349 1752 540 1822 Moysi,
574 1764 629 1808 et
659 1771 825 1808 unum
859 1757 1005 1819 Elite.
1039 1762 1295 1815 nesciens
1325 1762 1458 1831 quid
1490 1763 1717 1817 diceret.
1752 1743 1797 1803 Β

173 1842 279 1896 Ιικιε
306 1855 479 1897 autem
518 1846 610 1899 illo
633 1847 911 1915 loquente,
941 1854 1077 1904 facta
1106 1861 1190 1905 est
1227 1856 1425 1916 nubes,
1448 1866 1501 1909 et
1524 1855 1721 1908 obum.

172 1936 329 1989 hravit
357 1952 450 1991 eos
478 1948 568 1992 :ct
596 1939 1389 2006 timuerunt,intrantibusillis
1414 1947 1464 1999 in
1495 1948 1719 2001 nubem.

173 2024 228 2077 Et
252 2042 343 2080 vox
370 2027 509 2082 facta
536 2038 616 2083 est
649 2030 714 2085 de
737 2032 883 2086 nube
911 2035 1098 2090 dicens
1122 2054 1133 2090 :
1156 2037 1253 2091 ilic
1280 2052 1365 2093 eSt
1386 2038 1724 2095 Filiusuxeus

174 2118 401 2185 dilectus,
437 2122 613 2190 ipsum
648 2125 852 2179 audite.
876 2126 941 2181 Et
968 2128 1095 2181 dum
1128 2128 1281 2184 ﬁeret
1314 2147 1437 2198 vox,
1468 2133 1724 2190 inventus

173 2222 246 2265 est
271 2214 421 2268 Jcsus
456 2216 627 2270 solus.
667 2218 729 2271 Et
762 2219 861 2288 ipsi
891 2231 1197 2289 tacuerunt,
1232 2235 1287 2278 et
1326 2227 1531 2281 nemini
1571 2228 1724 2282 dixe-

174 2315 289 2357 runt
319 2307 368 2359 in
393 2308 502 2362 illis
532 2309 728 2364 diebus
753 2311 1050 2382 quidquam
1077 2332 1138 2367 ex
1174 2316 1279 2380 his,
1303 2332 1424 2386 qua:
1452 2320 1719 2375 viderant.

173 2398 323 2463 (sats,
362 2398 439 2470 2.)
478 2400 700 2454 Factum
733 2414 816 2456 est
850 2414 1033 2459 autem
1088 2408 1139 2461 in
1173 2412 1423 2477 sequenti
1468 2412 1580 2477 die,
1628 2413 1727 2465 de-

170 2489 544 2546 scendentibus
577 2493 685 2545 illis
746 2494 814 2549 de
863 2508 1066 2560 monte,
1100 2501 1341 2554 occurrit
1401 2502 1508 2555 illis
1568 2505 1724 2559 turba

173 2580 346 2632 multa.
375 2579 439 2634 Et
478 2598 603 2637 ecce
652 2584 736 2637 vir
781 2586 848 2639 de
906 2590 1064 2641 turba
1104 2591 1447 2659 exclamavit,
1500 2594 1722 2651 dicens:

171 2668 425 2737 Magister,
456 2676 686 2730 obsecro
711 2689 783 2743 te,
822 2681 1028 2748 reSpice
1067 2683 1118 2735 in
1148 2684 1315 2737 tilium
1356 2702 1556 2750 meum,
1594 2680 1747 2756 quia

171 2762 351 2815 unicus
378 2775 463 2819 est
488 2767 619 2820 mihi
646 2786 659 2820 :
691 2780 743 2823 et
762 2785 890 2824 ecce-
916 2773 1141 2838 spiritus
1162 2778 1526 2842 apprehendit
1571 2794 1724 2839 eum,

168 2863 215 2906 et
236 2856 410 2909 subito
442 2857 661 2921 ciamat,
698 2870 751 2914 et
806 2862 980 2927 elidit,
1033 2874 1085 2917 et
1133 2864 1367 2935 dissipat
1414 2886 1538 2921 eum
1601 2888 1724 2924 cum

170 2959 365 3013 spuma,
398 2959 451 3002 et
483 2950 568 3003 vix
602 2951 835 3006 discedit
871 2954 1144 3009 dilanians
1168 2971 1291 3010 eum
1316 2974 1329 3012 ε
1354 2970 1406 3012 et
1428 2961 1607 3026 rogavi
1632 2961 1725 3014 di~

1824 478 1877 529 in
1929 475 2207 530 civitatem
2265 473 2759 531 Samaritanorum,
2813 483 2869 523 ttt
2902 480 3161 539 pararent
3187 469 3287 522 illi.
3331 468 3393 519 Et

1820 583 1929 622 non
1958 578 2281 638 receperunt
2330 582 2475 630 eum,
2513 566 2638 635 quia
2675 566 2841 619 facies
2891 564 3009 635 ejus
3046 572 3162 616 erat
3210 566 3392 614 euntis

1822 660 1873 713 in
1898 658 2225 713 Jerusalem.
2270 659 2402 713 Cum
2439 660 2703 713 vidissent
2735 667 2916 712 autem
2963 655 3216 723 discipuli
3273 655 3393 722 ejus

1819 754 2052 809 Jacobus
2073 762 2127 807 et
2155 753 2416 815 Joannes,
2442 752 2733 818 dixerunt;
2764 751 3009 809 Domine.
3036 749 3136 806 vis.
3160 748 3393 802 dicimus

1824 856 1883 897 ut
1923 843 2065 913 ignis
2093 843 2390 896 descendat
2420 842 2489 895 de
2530 843 2693 902 ctelo,
2725 849 2780 895 et
2834 848 3122 894 consumat
3177 839 3297 891 illos
3334 840 3347 867 ¹
3372 838 3395 885 ?

1822 934 1888 987 Et
1923 947 2223 987 conversus
2258 932 2563 1001 increpavit
2590 930 2727 997 illos,
2761 931 2949 985 dicens
2979 949 2993 987 :
3026 929 3261 984 Nescitis
3295 945 3396 981 cu-

1821 1027 1911 1095 jus
1939 1026 2165 1093 spiritus
2188 1025 2340 1079 estis.
2378 1024 2551 1079 Filius
2584 1022 2822 1076 hominis
2864 1037 2972 1076 non
3005 1023 3155 1075 venit
3184 1020 3399 1073 animas

1822 1118 2075 1186 perdere,
2100 1116 2195 1170 sed
2218 1118 2452 1171 salvare.
2480 1115 2545 1168 Et
2570 1115 2820 1169 abierunt
2839 1114 2890 1167 in
2918 1113 3065 1168 aliud
3085 1113 3394 1167 castellum.

1823 1209 1933 1281 [cv,
1970 1209 2049 1280 5]
2089 1210 2315 1263 Factum
2348 1220 2432 1264 est
2458 1218 2680 1263 autem:
2731 1205 3140 1261 ambulantibus
3193 1205 3301 1259 illis
3343 1205 3395 1257 in

1824 1303 1931 1365 via,
1964 1302 2099 1354 dixit
2135 1302 2358 1369 quidam
2393 1302 2460 1355 ad
2496 1302 2647 1355 illum
2679 1318 2692 1354 :
2722 1298 2935 1369 Sequar
2968 1307 3018 1352 te
3066 1312 3396 1367 quocunque

1826 1396 1974 1449 ieris.
2007 1395 2149 1448 Dixit
2179 1395 2253 1448 illi
2310 1394 2515 1449 Jesus:
2556 1393 2757 1462 Vulpes
2824 1393 3007 1446 foveas
3063 1390 3288 1452 habent,
3344 1397 3402 1443 et

1825 1488 2076 1541 volucres
2130 1488 2252 1542 cmli
2292 1488 2499 1542 nidos:
2543 1486 2709 1541 Filius
2762 1494 2942 1539 autem
2993 1483 3236 1537 heminis
3288 1495 3397 1534 non

1824 1579 1989 1633 habet
2024 1580 2115 1633 ubi
2146 1590 2306 1649 caput
2356 1580 2611 1635 reclinet.
2661 1578 2749 1632 Ait
2786 1588 2967 1631 autem
3006 1575 3072 1630 ad
3119 1575 3348 1628 alterum
3385 1590 3400 1629 :

1829 1672 2073 1741 Sequere
2114 1688 2221 1725 me.
2262 1673 2353 1725 Ille
2384 1681 2567 1725 autem
2606 1669 2743 1724 dixit
2781 1689 2793 1724 :
2833 1669 3062 1723 Domine
3087 1710 3099 1732 ,
3150 1666 3403 1736 permitte

1826 1765 1957 1817 mihi
1988 1767 2220 1828 primum
2259 1764 2359 1827 ire,
2398 1772 2453 1815 et
2482 1764 2713 1831 sepelire
2735 1770 2943 1831 patrem
2976 1773 3178 1812 meum.
3217 1758 3394 1811 Dixit-

1825 1872 1931 1926 que
1995 1858 2042 1910 ci
2098 1854 2302 1912 Jesus:
2340 1855 2491 1916 Sine,
2528 1864 2588 1908 ut
2615 1856 2815 1908 mortui
2848 1852 3115 1922 sepeliant
3157 1858 3403 1903 mortuos

1824 1964 1992 2003 suos:
2031 1959 2083 2003 tu
2117 1958 2295 2002 autem
2338 1948 2495 2010 vade,
2562 1956 2617 2001 ct
2674 1947 2941 1999 annuntia
2998 1960 3225 2014 regnum
3280 1942 3397 1997 Dei.

1829 2038 1959 2113 [ενι.
1991 2041 2105 2112 10.]
2145 2041 2213 2094 Et
2247 2042 2319 2094 ait
2352 2042 2489 2094 alter
2518 2056 2531 2092 :
2584 2040 2793 2108 Sequar
2821 2047 2871 2092 te
2901 2079 2914 2100 ,
2978 2037 3201 2091 Domine
3228 2076 3243 2097 .
3304 2036 3402 2090 sed

1826 2133 2083 2202 permitte
2116 2133 2248 2185 mihi
2284 2133 2519 2199 primum
2573 2130 2892 2184 renuntiare
2945 2128 3032 2182 his
3083 2143 3201 2196 quae
3249 2123 3400 2179 domi

1827 2233 1975 2279 sunt.
2008 2225 2101 2280 Ait
2131 2225 2198 2280 ad
2235 2226 2385 2278 illum
2413 2222 2573 2278 Jesus
2601 2237 2617 2279 :
2663 2238 2825 2278 nemo
2892 2221 3118 2275 mittens
3179 2236 3401 2274 manutn

1827 2333 1981 2373 suam
2009 2318 2074 2372 ad
2114 2327 2382 2381 aratrum,
2423 2326 2477 2371 et
2536 2314 2840 2386 respiciens
2897 2324 3061 2379 retro,
3098 2321 3257 2385 aptus
3320 2321 3405 2368 est

1830 2426 1997 2480 regno
2025 2409 2140 2465 Dei.

1901 2503 2153 2574 [Cap.X.
2190 2510 2314 2571 cvn’,
2365 2504 2477 2577 10.]
2523 2504 2652 2560 Post
2700 2503 2815 2558 brec
2866 2510 3048 2557 autem
3100 2498 3405 2570 designavit

1830 2597 2093 2651 Dominus
2131 2605 2187 2651 ct
2222 2598 2356 2650 alios
2413 2595 2757 2665 septuaginta
2792 2593 2971 2649 duos:
3018 2601 3070 2647 el
3100 2589 3249 2645 misit
3285 2589 3405 2642 illos

1812 2688 1989 2741 binos
2021 2699 2147 2742 ante
2181 2688 2370 2741 faciem
2403 2702 2581 2747 suam,
2613 2685 2666 2739 in
2698 2699 2915 2738 omnem
2941 2684 3215 2737 civitatem
3244 2689 3299 2735 et
3324 2681 3406 2733 lo-

1829 2796 1975 2841 cum.
2011 2796 2121 2849 quo
2156 2790 2272 2834 erat
2306 2781 2420 2848 ipse
2454 2786 2736 2833 venturus.
2765 2777 2938 2842 feriri,
2980 2774 3060 2845 5.]
3091 2775 3157 2828 Et
3189 2772 3406 2828 dicebat

1832 2876 1970 2930 illis:
1998 2874 2187 2928 Messis
2238 2872 2458 2941 quidem
2504 2871 2704 2926 multa:
2731 2869 2966 2939 operarii
2998 2878 3179 2922 autem
3220 2865 3403 2936 pauci.

1835 2968 2036 3036 Rogate
2061 2980 2191 3035 ergo
2220 2964 2512 3018 Dominum
2538 2963 2756 3026 messis,
2783 2971 2842 3016 ut
2908 2960 3088 3015 mittat
3116 2958 3408 3029 operarios

170 3035 392 3103 scipulos
423 3047 566 3103 tuos,
599 3050 655 3093 ut
678 3044 939 3111 ejicerent
976 3045 1151 3109 illum,
1176 3056 1232 3100 et
1258 3063 1364 3101 non
1402 3059 1721 3119 potuerunt.
1753 3095 1797 3151 ο
1832 3059 1884 3112 in
1916 3035 2145 3112 messem
2176 3072 2360 3111 suum.
2388 3053 2524 3128 [σιμ
2560 3053 2640 3127 5.]
2674 3054 2783 3110 Ite:
2823 3068 2951 3108 ecce
2990 3067 3090 3124 ego
3120 3052 3274 3106 mitto
3306 3066 3405 3105 vos

174 3130 627 3151 n.--..,.
768 3138 785 3151 .
1197 3142 1229 3151 η
1515 3144 1689 3151 _.-
2199 3148 2210 3151 -
2368 3149 2376 3151 ,
2572 3147 2589 3151 -
2721 3144 2956 3151 --_.__

174 3130 513 3200 Βι-ενοιιάοηε
542 3146 722 3190 autem
760 3138 943 3205 Jesus,
976 3139 1111 3194 dixit
1143 3160 1156 3196 :
1191 3142 1235 3196 Ο
1286 3146 1564 3212 generatio
1600 3144 1723 3196 inii-

171 3219 313 3287 delis,
348 3232 401 3277 et
432 3240 709 3293 perversa,
743 3244 1029 3299 usquequo
1054 3246 1150 3285 ero
1181 3234 1323 3300 apud
1355 3248 1469 3297 vos,
1518 3242 1573 3286 et
1628 3249 1727 3302 pa-

171 3309 263 3361 tiar
293 3312 619 3369 vostduc
652 3316 760 3370 huc
796 3318 962 3372 tilium
996 3330 1169 3374 tuum.
1192 3322 1394 3377 Etcum
1415 3323 1723 3388 accederet,

169 3398 299 3453 elisit
333 3403 481 3456 illum
506 3406 859 3473 daemonium,
882 3420 936 3463 ct
967 3410 1271 3480 dissipavit.
1307 3414 1370 3467 Et
1425 3413 1727 3481 increpavit

170 3492 310 3547 Jcsus
336 3498 591 3565 spiritum
632 3501 975 3556 immundum
1000 3544 1013 3568 ,
1046 3516 1099 3557 et
1133 3507 1349 3560 sanavit
1381 3522 1638 3576 puerum,
1672 3517 1728 3561 et

174 3586 391 3642 reddidit
418 3589 563 3644 illum
596 3595 733 3662 patri
788 3596 925 3664 ejus.
962 3596 1036 3668 [c,
1071 3599 1151 3669 8.]
1186 3599 1494 3667 Stupebant
1543 3610 1725 3655 autem

171 3693 343 3733 omnes
389 3682 440 3735 in
502 3687 875 3755 magnitudine
910 3689 1002 3743 Dei
1032 3706 1045 3747 :
1074 3690 1169 3761 [Ct,
1227 3690 1308 3763 2.]
1362 3692 1727 3760 omnibusque

170 3770 485 3829 mirantibus
518 3776 572 3829 in
619 3779 872 3834 omnibus
926 3798 1047 3850 qum
1078 3782 1333 3849 faciebat,
1371 3785 1506 3839 dixit
1541 3786 1605 3839 ad
1641 3784 1729 3838 di—

169 3863 395 3931 scipulos
433 3883 564 3922 suos
596 3884 609 3922 :
647 3870 837 3925 Ponite
867 3888 963 3928 vos
997 3876 1048 3926 in
1079 3873 1347 3928 cordibus
1379 3878 1577 3929 vestris
1606 3890 1721 3929 ser-

170 3959 537 4016 monesistos:
568 3964 712 4019 ﬁlius
756 3966 901 4020 enim
949 3967 1188 4021 hominis
1230 3967 1474 4021 futurum
1509 3978 1617 4033 est,
1670 3978 1728 4021 ut

168 4052 468 4109 tradaturin
497 4059 1021 4115 manushominum.
1052 4060 1119 4113 At
1153 4061 1225 4113 illi
1252 4061 1578 4132 ignorabant
1608 4078 1729 4117 ver-

171 4143 295 4199 bum
328 4149 487 4214 istud,
518 4159 574 4204 et
621 4161 742 4206 erat
771 4152 1003 4207 velatum
1038 4162 1165 4209 ante
1193 4170 1309 4217 eos.
1345 4166 1401 4208 ut
1435 4171 1542 4209 non
1599 4173 1730 4212 sen-

169 4238 331 4291 tirent
367 4240 499 4295 illud
528 4258 542 4293 :
578 4253 633 4295 et
664 4244 929 4299 timebant
971 4260 1097 4300 eum
1154 4248 1493 4318 interrogare
1524 4249 1591 4303 de
1624 4249 1729 4305 hoc

167 4330 345 4383 verbo.
379 4330 494 4403 [cn,
520 4331 606 4403 2.]
630 4333 857 4388 intravit
878 4344 1061 4391 autem
1091 4339 1351 4408 cogitatio
1386 4342 1439 4393 in
1468 4356 1585 4405 eos,
1606 4342 1729 4410 quis

1834 3151 1977 3203 sicut
2008 3163 2175 3216 agnos
2198 3148 2341 3201 inter
2367 3149 2542 3217 lupos.
2572 3147 2683 3219 [cx,
2715 3145 2805 3217 2.]
2838 3144 3017 3200 Nolite
3037 3155 3256 3214 portare
3285 3157 3406 3197 sac-

1836 3240 2020 3294 culum
2043 3255 2219 3309 neque
2244 3254 2452 3308 peram,
2485 3255 2665 3310 neque
2696 3241 3064 3293 calceantenta
3087 3281 3101 3302 ,
3131 3246 3185 3291 et
3233 3235 3408 3290 nemi-

1836 3343 1959 3382 nem
2017 3344 2113 3398 per
2166 3328 2306 3381 viam
2356 3329 2743 3383 salutaveritis.
2784 3329 2915 3401 [σιμ
2969 3325 3050 3398 5.]
3114 3327 3169 3381 In
3219 3341 3411 3396 quam-

1836 3435 2054 3489 cunque
2107 3419 2329 3473 domum
2384 3420 2744 3485 intraveritis,
2777 3420 3009 3489 primum
3041 3419 3245 3472 dicite:
3295 3416 3407 3472 Pax

1836 3509 1965 3565 huic
2001 3511 2226 3567 domui:
2258 3523 2312 3566 ct
2342 3513 2384 3566 si
2420 3512 2492 3565 ibi
2525 3512 2689 3565 fuerit
2731 3510 2876 3564 ﬁlius
2910 3511 3080 3580 pacis,
3102 3510 3411 3579 requiescet

1836 3616 2000 3671 super
2050 3602 2201 3655 illum
2240 3619 2339 3670 pax
2376 3614 2597 3664 vestra;
2632 3602 2714 3654 sin
2753 3611 2961 3665 autem,
2994 3606 3060 3655 ad
3091 3616 3186 3655 vos
3222 3616 3406 3655 rever-

1838 3703 2005 3749 tetur.
2054 3693 2204 3764 festi,
2234 3694 2311 3760 5.]
2346 3693 2402 3745 In
2449 3693 2636 3745 eadem
2695 3703 2881 3747 autem
2930 3692 3094 3746 domo
3149 3703 3365 3747 manete
3394 3735 3409 3757 ,

1836 3785 2083 3847 edentes,
2120 3792 2175 3837 et
2221 3784 2473 3837 bibentes
2502 3799 2622 3851 quae
2649 3784 2793 3852 apud
2825 3783 2945 3837 illos
2977 3793 3107 3837 sunt
3142 3801 3155 3839 :
3214 3784 3413 3853 dignus

1836 3885 1921 3929 est
1950 3876 2097 3930 enim
2126 3875 2412 3944 operarius
2446 3874 2699 3928 mercede
2735 3889 2855 3928 sua.
2883 3874 3056 3946 lexin,
3096 3874 3204 3945 10.]
3234 3873 3413 3928 Nolite

1839 3969 2069 4021 transire
2101 3968 2165 4021 de
2198 3966 2361 4021 domo
2413 3967 2467 4021 in
2513 3966 2762 4020 domum.
2798 3963 2862 4019 Et
2915 3964 2969 4018 in
3026 3978 3411 4032 quamcunque

1837 4058 2113 4113 civitatem
2136 4058 2487 4123 intraveritis,
2510 4068 2565 4114 et
2583 4057 2925 4127 susceperint
2947 4070 3066 4121 vos,
3085 4055 3413 4109 manducata

1838 4168 1959 4222 qua:
1986 4161 2340 4222 apponuntur
2363 4151 2522 4207 vobis
2553 4160 2654 4207 :et
2681 4160 2869 4205 curate
2922 4148 3171 4203 inﬁrmos
3220 4147 3315 4216 qui
3354 4149 3409 4201 itt

1838 4243 1928 4297 illa
1960 4252 2185 4306 sunt,et
2210 4242 2376 4299 dicite
2415 4242 2567 4299 illis:
2601 4242 3077 4313 Appropinquavit
3110 4239 3167 4294 in
3196 4254 3291 4295 vos
3321 4255 3411 4294 re-

1838 4349 2003 4403 gnum
2038 4334 2151 4387 Dei.
2189 4331 2356 4404 [cxtv,
2396 4331 2477 4405 2.]
2519 4333 2577 4387 In
2635 4347 3017 4401 quamcunque
3067 4339 3249 4385 autem
3283 4331 3417 4386 civi-

165 4436 345 4475 eorum
381 4426 555 4494 major
610 4437 775 4483 esset.
814 4429 883 4480 At
912 4427 1071 4485 Jesus
1118 4433 1313 4485 videns
1363 4432 1725 4501 cogitationes

1842 4433 2006 4479 tatem
2031 4425 2386 4490 intraveritis,
2408 4433 2464 4480 et
2503 4440 2607 4479 non
2636 4425 2981 4494 susceperint
3009 4439 3127 4489 vos,
3148 4433 3415 4479 exeuntes

166 4515 343 4569 cordis
379 4516 642 4583 illorum,
688 4521 1051 4587 apprehendit
1111 4538 1341 4591 puerum
1369 4564 1383 4589 ,
1437 4535 1493 4578 et
1544 4525 1735 4579 statuit

167 4604 312 4656 iitum
348 4621 509 4661 secus
537 4622 617 4672 se,
641 4620 697 4663 et
729 4610 807 4663 ait
861 4610 968 4663 illis
998 4628 1011 4664 :
1048 4610 1373 4682 Quicunque
1429 4610 1737 4684 susceperit

166 4710 388 4759 puerum
428 4699 595 4752 istum
637 4699 690 4753 in
744 4702 967 4755 nomine
1029 4718 1170 4769 meo,
1232 4720 1319 4759 me
1374 4706 1619 4774 recepit:
1680 4715 1737 4760 et

163 4789 472 4860 quicunque
519 4808 605 4847 me
634 4796 925 4864 receperit,
968 4797 1160 4865 recipit
1191 4812 1316 4851 eum
1388 4798 1481 4868 qui
1519 4813 1602 4851 me
1635 4798 1735 4852 mi-

162 4881 243 4933 sit.
282 4880 408 4936 Nam
432 4884 527 4955 qui
558 4887 736 4940 minor
774 4896 860 4941 est
896 4888 1039 4941 inter
1079 4904 1175 4943 vos
1224 4905 1433 4954 onmcs,
1483 4890 1568 4942 hic
1624 4905 1737 4941 ma-

156 4973 241 5037 jor
274 4984 372 5031 «ιε’.
400 4977 541 5048 [cnt,
570 4978 649 5049 8.]
680 4980 1037 5049 Respondens
1069 4992 1248 5036 autem
1274 4982 1531 5044 Joannes,
1557 4983 1730 5036 dixit:

160 5063 485 5134 Praecptor,
525 5069 762 5124 vidimus
799 5072 1089 5140 quemdam
1125 5074 1175 5127 in
1226 5076 1448 5127 noznine
1487 5083 1578 5127 tuo
1633 5075 1731 5144 eji-

158 5156 389 5211 cientem
419 5159 711 5227 dmntonia,
746 5171 802 5217 et
832 5164 1222 5232 prohibuimus
1264 5182 1425 5219 euut:
1460 5164 1585 5234 quia
1623 5182 1729 5220 non

158 5249 405 5315 sequitur
434 5250 745 5305 nobiscum.
793 5253 857 5305 Et
892 5256 968 5307 ait
1015 5255 1081 5308 ad
1132 5255 1282 5309 illum
1312 5255 1511 5311 Jcsus:
1551 5254 1733 5310 Nolite

157 5341 453 5405 prohibere
486 5356 502 5398 :
542 5344 634 5411 qui
690 5344 837 5397 enim
892 5361 998 5399 non
1024 5357 1108 5400 est
1140 5346 1428 5402 adversum
1488 5360 1601 5411 vos,
1637 5359 1733 5414 pro

158 5434 318 5487 vobis
353 5446 455 5488 est.
497 5432 632 5507 [ειη
668 5434 787 5508 10.]
829 5436 1053 5491 Factum
1085 5447 1170 5493 est
1201 5448 1380 5493 autem
1421 5438 1549 5491 dum
1581 5451 1735 5491 com-

158 5527 441 5592 plerentur
477 5527 597 5581 dies
636 5525 1031 5599 assumptionis
1077 5532 1219 5598 ejus,
1253 5545 1307 5586 et
1368 5532 1480 5599 ipse
1541 5529 1730 5584 faciem

164 5634 323 5673 suam
358 5620 622 5681 (irritavit,
651 5629 711 5673 ut
748 5622 849 5676 iret
886 5625 938 5676 in
976 5625 1275 5678 Jerusalem
1331 5624 1395 5678 Et
1421 5624 1570 5675 misit
1602 5639 1744 5677 nuu-

1841 4519 1895 4570 in
1928 4517 2102 4586 platea
2137 4517 2279 4586 ejus,
2314 4516 2481 4570 dicite
2510 4534 2525 4572 :
2552 4517 2725 4571 Etiam
2762 4515 3041 4584 pulverem
3070 4515 3417 4585 quiadbaesit

1838 4609 1995 4662 nobis
2021 4608 2086 4662 dc
2108 4608 2328 4661 civitate
2357 4618 2559 4671 vestra,
2588 4607 2929 4677 extergimus
2959 4605 3014 4658 in
3048 4620 3145 4659 vos
3178 4622 3193 4662 :
3230 4613 3411 4659 tamen

1840 4700 1944 4754 hoc
1969 4701 2188 4764 scitote,
2230 4699 2356 4770 quia
2390 4699 2851 4770 appropinquavit
2875 4713 3101 4768 regnum
3132 4696 3250 4753 Dei.
3286 4697 3421 4751 Dico

1842 4790 2017 4853 vobis,
2038 4792 2165 4861 quia
2203 4790 2457 4847 Sodomis
2481 4791 2535 4846 in
2570 4792 2658 4847 die
2691 4791 2781 4846 illa
2804 4792 3086 4846 remissius
3104 4791 3229 4856 erit,
3254 4806 3419 4860 quam

1841 4882 1917 4936 illi
1952 4884 2182 4937 civitati.
2222 4884 2366 4955 [ειη
2404 4884 2482 4955 3.]
2513 4885 2602 4940 Vae
2637 4885 2771 4950 tibi,
2800 4885 3067 4939 Corazain
3096 4901 3111 4949 ;
3167 4900 3244 4938 va:
3294 4884 3419 4945 tibi,

1842 4976 2134 5031 Betbsaida
2167 4993 2182 5032 :
2215 4977 2340 5045 quia
2373 4978 2415 5031 si
2475 4977 2529 5029 in
2566 4976 2708 5047 Tyro
2741 4989 2795 5031 et
2849 4976 3052 5032 Sidone
3107 4976 3260 5032 facta:
3288 4975 3420 5030 fuis-

1845 5076 1969 5121 sent
1998 5067 2257 5132 virtutes,
2294 5084 2414 5136 qua:
2465 5068 2617 5120 factae
2675 5076 2804 5121 sunt
2845 5067 2897 5121 in
2938 5068 3093 5124 vobis
3120 5075 3141 5133 ,’
3183 5068 3309 5122 olim
3362 5068 3413 5120 in

1844 5159 2026 5214 cilicio
2060 5168 2115 5213 et
2150 5159 2333 5213 cinere
2365 5158 2619 5213 sedentes
2648 5161 3003 5228 poeniterent.
3025 5158 3414 5213 Verumtamen

1843 5250 1985 5321 Tyro
2037 5260 2091 5305 et
2131 5250 2323 5305 Sidoni
2375 5250 2662 5305 remissius
2714 5252 2823 5305 erit
2877 5253 2929 5305 in
2974 5252 3201 5321 judicio,
3252 5262 3413 5318 quam

1846 5344 2019 5399 vobis.
2053 5343 2118 5398 Et
2154 5355 2231 5409 tu,
2274 5344 2686 5414 Capharnaum.
2742 5361 2913 5415 usque
2946 5346 3010 5399 ad
3037 5345 3237 5399 caelum
3268 5342 3414 5397 exal-

1843 5445 1975 5501 tata,
2006 5451 2177 5505 usque
2217 5436 2283 5490 ad
2320 5437 2597 5492 infernum
2634 5436 2983 5506 demergeris.
3015 5436 3177 5505 |cxvr,
3212 5430 3285 5505 1.]
3312 5432 3414 5500 Qui

1845 5543 1942 5582 vos
1963 5530 2137 5595 audit,
2164 5544 2248 5586 me
2280 5529 2432 5583 aulit
2464 5541 2555 5585 :ct
2586 5530 2677 5598 qui
2701 5547 2792 5582 vos
2820 5528 3046 5597 spernit,
3074 5542 3157 5580 me
3183 5526 3416 5595 spernit.

1846 5621 1948 5684 Qui
1987 5631 2168 5674 autem
2205 5635 2290 5673 me
2316 5622 2549 5689 spernit,
2584 5620 2795 5687 spernit
2820 5635 2970 5683 eum,
3000 5618 3090 5688 qui
3124 5618 3273 5673 tuisit
3307 5634 3415 5677 me.

230 5717 246 5747 ⁸
278 5715 467 5771 Grmca
504 5718 837 5785 exemplaria
888 5720 1118 5785 addunt,
1176 5719 1624 5786 Quemadmodum
1674 5730 1720 5773 et
1765 5716 1914 5770 Elia:
1952 5716 2092 5784 fecit,
2128 5715 2201 5777 ὼς
2240 5717 2333 5768 καὶ
2374 5713 2560 5775 Ἠλίας
2603 5714 2855 5783 saginas.
