  <div class='ocr_page' id='page_1' title='image "/cluster/home/n/w/nwhite01/storage/ocr_20150623/29/hvd.32044096580519/347.png"; bbox 0 0 3880 6168; ppageno 0'>
   <div class='ocr_carea' id='block_1_1' title="bbox 466 245 569 307">
    <p class='ocr_par' dir='ltr' id='par_1_1' title="bbox 466 245 569 307">
     <span class='ocr_line' id='line_1_1' title="bbox 466 245 569 307; baseline -0.01 -3"><span class='ocrx_word' id='word_1_1' title='bbox 466 245 569 307; x_wconf 66' lang='grc'><strong>661</strong></span> 
     </span>
    </p>
   </div>
   <div class='ocr_carea' id='block_1_2' title="bbox 1357 224 3640 323">
    <p class='ocr_par' dir='ltr' id='par_1_2' title="bbox 1357 224 3640 323">
     <span class='ocr_line' id='line_1_2' title="bbox 1357 224 3640 323; baseline 0.005 -11"><span class='ocrx_word' id='word_1_2' title='bbox 1357 254 1416 312; x_wconf 91' lang='lat' dir='ltr'><strong>s.</strong></span> <span class='ocrx_word' id='word_1_3' title='bbox 1454 254 1503 311; x_wconf 76' lang='grc' dir='ltr'><strong>ιι</strong></span> <span class='ocrx_word' id='word_1_4' title='bbox 1522 252 1901 313; x_wconf 77' lang='lat' dir='ltr'><strong>IERONYMI</strong></span> <span class='ocrx_word' id='word_1_5' title='bbox 1951 254 2222 316; x_wconf 67' lang='lat' dir='ltr'><strong>omna</strong></span> <span class='ocrx_word' id='word_1_6' title='bbox 2263 253 2793 315; x_wconf 85' lang='lat' dir='ltr'><strong>BlBLlOTHECA.</strong></span> <span class='ocrx_word' id='word_1_7' title='bbox 3224 224 3229 229; x_wconf 58' lang='grc'><strong>⁷</strong></span> <span class='ocrx_word' id='word_1_8' title='bbox 3559 263 3640 323; x_wconf 73' lang='lat' dir='ltr'><strong>at</strong></span> 
     </span>
    </p>
   </div>
   <div class='ocr_carea' id='block_1_3' title="bbox 462 361 3638 441">
    <p class='ocr_par' dir='ltr' id='par_1_3' title="bbox 462 361 3638 441">
     <span class='ocr_line' id='line_1_3' title="bbox 462 361 3638 441; baseline 0.003 -26"><span class='ocrx_word' id='word_1_9' title='bbox 462 361 652 432; x_wconf 72' lang='lat' dir='ltr'><strong>luxv&quot;,</strong></span> <span class='ocrx_word' id='word_1_10' title='bbox 704 362 818 436; x_wconf 82' lang='lat' dir='ltr'><strong>l0.]</strong></span> <span class='ocrx_word' id='word_1_11' title='bbox 853 364 1084 422; x_wconf 85' lang='lat' dir='ltr'><strong>Reversi</strong></span> <span class='ocrx_word' id='word_1_12' title='bbox 1114 378 1247 423; x_wconf 89' lang='lat' dir='ltr'><strong>sunt</strong></span> <span class='ocrx_word' id='word_1_13' title='bbox 1282 378 1468 424; x_wconf 88' lang='lat' dir='ltr'><strong>autem</strong></span> <span class='ocrx_word' id='word_1_14' title='bbox 1524 372 1870 441; x_wconf 94' lang='lat' dir='ltr'><strong>septuaginta</strong></span> <span class='ocrx_word' id='word_1_15' title='bbox 1927 373 2039 428; x_wconf 88' lang='lat' dir='ltr'><strong>duo</strong></span> <span class='ocrx_word' id='word_1_16' title='bbox 2072 383 2112 435; x_wconf 77' lang='grc' dir='ltr'>Α</span> <span class='ocrx_word' id='word_1_17' title='bbox 2147 372 2433 426; x_wconf 82' lang='lat' dir='ltr'><strong>nisterium</strong></span> <span class='ocrx_word' id='word_1_18' title='bbox 2461 389 2473 424; x_wconf 91' lang='lat'><strong>:</strong></span> <span class='ocrx_word' id='word_1_19' title='bbox 2503 386 2625 441; x_wconf 71' lang='lat' dir='ltr'><strong>qua:</strong></span> <span class='ocrx_word' id='word_1_20' title='bbox 2656 370 2829 435; x_wconf 88' lang='lat' dir='ltr'><strong>stetit,</strong></span> <span class='ocrx_word' id='word_1_21' title='bbox 2856 374 2912 424; x_wconf 91' lang='lat' dir='ltr'><strong>et</strong></span> <span class='ocrx_word' id='word_1_22' title='bbox 2939 367 3054 423; x_wconf 85' lang='lat' dir='ltr'><strong>ait:</strong></span> <span class='ocrx_word' id='word_1_23' title='bbox 3091 366 3333 434; x_wconf 81' lang='lat' dir='ltr'><strong>Domine,</strong></span> <span class='ocrx_word' id='word_1_24' title='bbox 3356 384 3448 423; x_wconf 86' lang='lat' dir='ltr'><strong>non</strong></span> <span class='ocrx_word' id='word_1_25' title='bbox 3468 385 3535 427; x_wconf 68' lang='lat' dir='ltr'><strong>cst</strong></span> <span class='ocrx_word' id='word_1_26' title='bbox 3566 378 3638 431; x_wconf 57' lang='lat' dir='ltr'><strong>tibi</strong></span> 
     </span>
    </p>
   </div>
   <div class='ocr_carea' id='block_1_4' title="bbox 461 459 2032 527">
    <p class='ocr_par' dir='ltr' id='par_1_4' title="bbox 461 459 2032 527">
     <span class='ocr_line' id='line_1_4' title="bbox 461 459 2032 527; baseline 0.009 -19"><span class='ocrx_word' id='word_1_27' title='bbox 461 471 586 508; x_wconf 88' lang='lat' dir='ltr'><strong>eum</strong></span> <span class='ocrx_word' id='word_1_28' title='bbox 636 459 859 526; x_wconf 89' lang='lat' dir='ltr'><strong>gaudio,</strong></span> <span class='ocrx_word' id='word_1_29' title='bbox 904 459 1193 515; x_wconf 87' lang='lat' dir='ltr'><strong>dicentes:</strong></span> <span class='ocrx_word' id='word_1_30' title='bbox 1242 461 1494 527; x_wconf 77' lang='lat' dir='ltr'><strong>Domine,</strong></span> <span class='ocrx_word' id='word_1_31' title='bbox 1547 465 1714 520; x_wconf 89' lang='lat' dir='ltr'><strong>etiam</strong></span> <span class='ocrx_word' id='word_1_32' title='bbox 1761 465 2032 523; x_wconf 67' lang='lat' dir='ltr'><strong>daemonia</strong></span> 
     </span>
    </p>
   </div>
   <div class='ocr_carea' id='block_1_5' title="bbox 465 548 2031 618">
    <p class='ocr_par' dir='ltr' id='par_1_5' title="bbox 465 548 2031 618">
     <span class='ocr_line' id='line_1_5' title="bbox 465 548 2031 618; baseline 0.01 -17"><span class='ocrx_word' id='word_1_33' title='bbox 465 548 835 618; x_wconf 84' lang='lat' dir='ltr'><strong>subjiciuntur</strong></span> <span class='ocrx_word' id='word_1_34' title='bbox 874 552 1032 608; x_wconf 84' lang='lat' dir='ltr'><strong>nobis</strong></span> <span class='ocrx_word' id='word_1_35' title='bbox 1085 552 1139 605; x_wconf 89' lang='lat' dir='ltr'><strong>in</strong></span> <span class='ocrx_word' id='word_1_36' title='bbox 1199 553 1422 608; x_wconf 88' lang='lat' dir='ltr'><strong>nomine</strong></span> <span class='ocrx_word' id='word_1_37' title='bbox 1476 564 1590 610; x_wconf 91' lang='lat' dir='ltr'><strong>tuo.</strong></span> <span class='ocrx_word' id='word_1_38' title='bbox 1626 557 1692 612; x_wconf 82' lang='lat' dir='ltr'><strong>Et</strong></span> <span class='ocrx_word' id='word_1_39' title='bbox 1748 561 1826 613; x_wconf 88' lang='lat' dir='ltr'><strong>ait</strong></span> <span class='ocrx_word' id='word_1_40' title='bbox 1878 561 2031 617; x_wconf 85' lang='lat' dir='ltr'><strong>illis:</strong></span> 
     </span>
    </p>
   </div>
   <div class='ocr_carea' id='block_1_6' title="bbox 470 640 2034 713">
    <p class='ocr_par' dir='ltr' id='par_1_6' title="bbox 470 640 2034 713">
     <span class='ocr_line' id='line_1_6' title="bbox 470 640 2034 713; baseline 0.01 -20"><span class='ocrx_word' id='word_1_41' title='bbox 470 640 729 695; x_wconf 83' lang='lat' dir='ltr'><strong>Videbam</strong></span> <span class='ocrx_word' id='word_1_42' title='bbox 771 641 1026 696; x_wconf 82' lang='lat' dir='ltr'><strong>Satanam</strong></span> <span class='ocrx_word' id='word_1_43' title='bbox 1068 642 1213 697; x_wconf 88' lang='lat' dir='ltr'><strong>sicut</strong></span> <span class='ocrx_word' id='word_1_44' title='bbox 1254 644 1432 713; x_wconf 87' lang='lat' dir='ltr'><strong>fulgur</strong></span> <span class='ocrx_word' id='word_1_45' title='bbox 1464 646 1531 700; x_wconf 89' lang='lat' dir='ltr'><strong>de</strong></span> <span class='ocrx_word' id='word_1_46' title='bbox 1554 649 1692 702; x_wconf 69' lang='lat' dir='ltr'><strong>melo</strong></span> <span class='ocrx_word' id='word_1_47' title='bbox 1724 652 2034 708; x_wconf 90' lang='lat' dir='ltr'><strong>cadentem.</strong></span> 
     </span>
    </p>
   </div>
   <div class='ocr_carea' id='block_1_7' title="bbox 467 733 2038 814">
    <p class='ocr_par' dir='ltr' id='par_1_7' title="bbox 467 733 2038 814">
     <span class='ocr_line' id='line_1_7' title="bbox 467 733 2038 814; baseline 0.01 -29"><span class='ocrx_word' id='word_1_48' title='bbox 467 733 603 788; x_wconf 74' lang='lat' dir='ltr'><strong>Ecce</strong></span> <span class='ocrx_word' id='word_1_49' title='bbox 633 734 756 788; x_wconf 88' lang='lat' dir='ltr'><strong>dedi</strong></span> <span class='ocrx_word' id='word_1_50' title='bbox 794 734 948 787; x_wconf 80' lang='lat' dir='ltr'><strong>vobis</strong></span> <span class='ocrx_word' id='word_1_51' title='bbox 980 743 1309 802; x_wconf 87' lang='lat' dir='ltr'><strong>potestatem</strong></span> <span class='ocrx_word' id='word_1_52' title='bbox 1340 738 1586 793; x_wconf 86' lang='lat' dir='ltr'><strong>calcandi</strong></span> <span class='ocrx_word' id='word_1_53' title='bbox 1613 757 1773 811; x_wconf 90' lang='lat' dir='ltr'><strong>supra</strong></span> <span class='ocrx_word' id='word_1_54' title='bbox 1805 760 2038 814; x_wconf 86' lang='lat' dir='ltr'><strong>serpen—</strong></span> 
     </span>
    </p>
   </div>
   <div class='ocr_carea' id='block_1_8' title="bbox 466 825 2040 897">
    <p class='ocr_par' dir='ltr' id='par_1_8' title="bbox 466 825 2040 897">
     <span class='ocr_line' id='line_1_8' title="bbox 466 825 2040 897; baseline 0.008 -21"><span class='ocrx_word' id='word_1_55' title='bbox 466 834 571 886; x_wconf 88' lang='lat' dir='ltr'><strong>tes,</strong></span> <span class='ocrx_word' id='word_1_56' title='bbox 600 833 653 877; x_wconf 90' lang='lat' dir='ltr'><strong>et</strong></span> <span class='ocrx_word' id='word_1_57' title='bbox 695 825 1034 892; x_wconf 85' lang='lat' dir='ltr'><strong>scorpiones,</strong></span> <span class='ocrx_word' id='word_1_58' title='bbox 1071 836 1126 880; x_wconf 92' lang='lat' dir='ltr'><strong>et</strong></span> <span class='ocrx_word' id='word_1_59' title='bbox 1151 843 1319 897; x_wconf 87' lang='lat' dir='ltr'><strong>super</strong></span> <span class='ocrx_word' id='word_1_60' title='bbox 1351 845 1571 891; x_wconf 85' lang='lat' dir='ltr'><strong>omnem</strong></span> <span class='ocrx_word' id='word_1_61' title='bbox 1612 833 1874 888; x_wconf 82' lang='lat' dir='ltr'><strong>virtutem</strong></span> <span class='ocrx_word' id='word_1_62' title='bbox 1933 837 2040 890; x_wconf 92' lang='lat' dir='ltr'><strong>ini-</strong></span> 
     </span>
    </p>
   </div>
   <div class='ocr_carea' id='block_1_9' title="bbox 463 913 2039 983">
    <p class='ocr_par' dir='ltr' id='par_1_9' title="bbox 463 913 2039 983">
     <span class='ocr_line' id='line_1_9' title="bbox 463 913 2039 983; baseline 0.01 -15"><span class='ocrx_word' id='word_1_63' title='bbox 463 913 627 969; x_wconf 89' lang='lat' dir='ltr'><strong>mici:</strong></span> <span class='ocrx_word' id='word_1_64' title='bbox 663 926 719 968; x_wconf 90' lang='lat' dir='ltr'><strong>et</strong></span> <span class='ocrx_word' id='word_1_65' title='bbox 748 916 880 969; x_wconf 80' lang='lat' dir='ltr'><strong>nihil</strong></span> <span class='ocrx_word' id='word_1_66' title='bbox 929 918 1083 972; x_wconf 80' lang='lat' dir='ltr'><strong>vobis</strong></span> <span class='ocrx_word' id='word_1_67' title='bbox 1121 921 1364 979; x_wconf 85' lang='lat' dir='ltr'><strong>nocebit.</strong></span> <span class='ocrx_word' id='word_1_68' title='bbox 1402 923 1791 978; x_wconf 79' lang='lat' dir='ltr'><strong>Verumtamen</strong></span> <span class='ocrx_word' id='word_1_69' title='bbox 1843 928 1895 980; x_wconf 91' lang='lat' dir='ltr'><strong>in</strong></span> <span class='ocrx_word' id='word_1_70' title='bbox 1932 928 2039 983; x_wconf 85' lang='lat' dir='ltr'><strong>hoc</strong></span> 
     </span>
    </p>
   </div>
   <div class='ocr_carea' id='block_1_10' title="bbox 461 1004 2033 1087">
    <p class='ocr_par' dir='ltr' id='par_1_10' title="bbox 461 1004 2033 1087">
     <span class='ocr_line' id='line_1_10' title="bbox 461 1004 2033 1087; baseline 0.01 -29"><span class='ocrx_word' id='word_1_71' title='bbox 461 1004 632 1061; x_wconf 83' lang='lat' dir='ltr'><strong>nolite</strong></span> <span class='ocrx_word' id='word_1_72' title='bbox 681 1007 946 1075; x_wconf 79' lang='lat' dir='ltr'><strong>gaudere,</strong></span> <span class='ocrx_word' id='word_1_73' title='bbox 986 1013 1113 1079; x_wconf 87' lang='lat' dir='ltr'><strong>quia</strong></span> <span class='ocrx_word' id='word_1_74' title='bbox 1150 1015 1377 1082; x_wconf 86' lang='lat' dir='ltr'><strong>spiritus</strong></span> <span class='ocrx_word' id='word_1_75' title='bbox 1408 1017 1563 1072; x_wconf 81' lang='lat' dir='ltr'><strong>vobis</strong></span> <span class='ocrx_word' id='word_1_76' title='bbox 1616 1018 1988 1087; x_wconf 76' lang='lat' dir='ltr'><strong>subjiciuntur</strong></span> <span class='ocrx_word' id='word_1_77' title='bbox 2019 1035 2033 1073; x_wconf 73' lang='grc' dir='ltr'>ε</span> 
     </span>
    </p>
   </div>
   <div class='ocr_carea' id='block_1_11' title="bbox 464 1099 2037 1180">
    <p class='ocr_par' dir='ltr' id='par_1_11' title="bbox 464 1099 2037 1180">
     <span class='ocr_line' id='line_1_11' title="bbox 464 1099 2037 1180; baseline 0.011 -30"><span class='ocrx_word' id='word_1_78' title='bbox 464 1099 699 1167; x_wconf 78' lang='lat' dir='ltr'><strong>gaudete</strong></span> <span class='ocrx_word' id='word_1_79' title='bbox 732 1110 938 1167; x_wconf 90' lang='lat' dir='ltr'><strong>autem,</strong></span> <span class='ocrx_word' id='word_1_80' title='bbox 965 1104 1112 1171; x_wconf 83' lang='lat' dir='ltr'><strong>quod</strong></span> <span class='ocrx_word' id='word_1_81' title='bbox 1145 1109 1364 1161; x_wconf 89' lang='lat' dir='ltr'><strong>nomina</strong></span> <span class='ocrx_word' id='word_1_82' title='bbox 1391 1119 1569 1163; x_wconf 85' lang='lat' dir='ltr'><strong>vestra</strong></span> <span class='ocrx_word' id='word_1_83' title='bbox 1599 1111 1797 1180; x_wconf 84' lang='lat' dir='ltr'><strong>setipta</strong></span> <span class='ocrx_word' id='word_1_84' title='bbox 1828 1123 1957 1166; x_wconf 90' lang='lat' dir='ltr'><strong>sunt</strong></span> <span class='ocrx_word' id='word_1_85' title='bbox 1985 1113 2037 1167; x_wconf 91' lang='lat' dir='ltr'><strong>in</strong></span> 
     </span>
    </p>
   </div>
   <div class='ocr_carea' id='block_1_12' title="bbox 460 1190 2033 1270">
    <p class='ocr_par' dir='ltr' id='par_1_12' title="bbox 460 1190 2033 1270">
     <span class='ocr_line' id='line_1_12' title="bbox 460 1190 2033 1270; baseline 0.01 -27"><span class='ocrx_word' id='word_1_86' title='bbox 460 1190 633 1246; x_wconf 70' lang='lat' dir='ltr'><strong>caelis.</strong></span> <span class='ocrx_word' id='word_1_87' title='bbox 664 1192 875 1261; x_wconf 81' lang='lat' dir='ltr'><strong>[cxvm,</strong></span> <span class='ocrx_word' id='word_1_88' title='bbox 901 1193 982 1263; x_wconf 76' lang='lat'><strong>5|</strong></span> <span class='ocrx_word' id='word_1_89' title='bbox 1041 1194 1097 1249; x_wconf 93' lang='lat' dir='ltr'><strong>In</strong></span> <span class='ocrx_word' id='word_1_90' title='bbox 1134 1196 1249 1263; x_wconf 87' lang='lat' dir='ltr'><strong>ipsa</strong></span> <span class='ocrx_word' id='word_1_91' title='bbox 1298 1199 1431 1253; x_wconf 87' lang='lat' dir='ltr'><strong>hora</strong></span> <span class='ocrx_word' id='word_1_92' title='bbox 1492 1202 1789 1256; x_wconf 81' lang='lat' dir='ltr'><strong>exsultavit</strong></span> <span class='ocrx_word' id='word_1_93' title='bbox 1823 1203 2033 1270; x_wconf 89' lang='lat' dir='ltr'><strong>Spiritu</strong></span> 
     </span>
    </p>
   </div>
   <div class='ocr_carea' id='block_1_13' title="bbox 459 1285 2032 1351">
    <p class='ocr_par' dir='ltr' id='par_1_13' title="bbox 459 1285 2032 1351">
     <span class='ocr_line' id='line_1_13' title="bbox 459 1285 2032 1351; baseline 0.008 -15"><span class='ocrx_word' id='word_1_94' title='bbox 459 1294 669 1346; x_wconf 88' lang='lat' dir='ltr'><strong>sancto,</strong></span> <span class='ocrx_word' id='word_1_95' title='bbox 700 1293 757 1339; x_wconf 87' lang='lat' dir='ltr'><strong>et</strong></span> <span class='ocrx_word' id='word_1_96' title='bbox 791 1285 923 1339; x_wconf 80' lang='lat' dir='ltr'><strong>dixit</strong></span> <span class='ocrx_word' id='word_1_97' title='bbox 949 1303 964 1341; x_wconf 87' lang='lat'><strong>:</strong></span> <span class='ocrx_word' id='word_1_98' title='bbox 1000 1286 1275 1340; x_wconf 85' lang='lat' dir='ltr'><strong>Confiteor</strong></span> <span class='ocrx_word' id='word_1_99' title='bbox 1308 1291 1425 1348; x_wconf 84' lang='lat' dir='ltr'><strong>tibi,</strong></span> <span class='ocrx_word' id='word_1_100' title='bbox 1453 1290 1633 1351; x_wconf 82' lang='lat' dir='ltr'><strong>Pater,</strong></span> <span class='ocrx_word' id='word_1_101' title='bbox 1662 1294 1889 1348; x_wconf 90' lang='lat' dir='ltr'><strong>Domine</strong></span> <span class='ocrx_word' id='word_1_102' title='bbox 1911 1296 2032 1349; x_wconf 71' lang='grc' dir='ltr'><strong>οωιί</strong></span> 
     </span>
    </p>
   </div>
   <div class='ocr_carea' id='block_1_14' title="bbox 458 1376 2039 1451">
    <p class='ocr_par' dir='ltr' id='par_1_14' title="bbox 458 1376 2039 1451">
     <span class='ocr_line' id='line_1_14' title="bbox 458 1376 2039 1451; baseline 0.009 -23"><span class='ocrx_word' id='word_1_103' title='bbox 458 1383 515 1428; x_wconf 90' lang='lat' dir='ltr'><strong>et</strong></span> <span class='ocrx_word' id='word_1_104' title='bbox 545 1388 729 1438; x_wconf 67' lang='lat' dir='ltr'><strong>terrae.</strong></span> <span class='ocrx_word' id='word_1_105' title='bbox 762 1376 907 1445; x_wconf 78' lang='grc' dir='ltr'>(ιιιοά</span> <span class='ocrx_word' id='word_1_106' title='bbox 953 1378 1291 1434; x_wconf 81' lang='lat' dir='ltr'><strong>abscondisti</strong></span> <span class='ocrx_word' id='word_1_107' title='bbox 1330 1381 1443 1434; x_wconf 75' lang='lat' dir='ltr'><strong>lure</strong></span> <span class='ocrx_word' id='word_1_108' title='bbox 1496 1400 1523 1435; x_wconf 91' lang='lat' dir='ltr'><strong>a</strong></span> <span class='ocrx_word' id='word_1_109' title='bbox 1569 1386 1933 1451; x_wconf 83' lang='lat' dir='ltr'><strong>sapientibus,</strong></span> <span class='ocrx_word' id='word_1_110' title='bbox 1983 1397 2039 1441; x_wconf 92' lang='lat' dir='ltr'><strong>et</strong></span> 
     </span>
    </p>
   </div>
   <div class='ocr_carea' id='block_1_15' title="bbox 460 1468 2035 1541">
    <p class='ocr_par' dir='ltr' id='par_1_15' title="bbox 460 1468 2035 1541">
     <span class='ocr_line' id='line_1_15' title="bbox 460 1468 2035 1541; baseline 0.006 -19"><span class='ocrx_word' id='word_1_111' title='bbox 460 1468 921 1536; x_wconf 82' lang='lat' dir='ltr'><strong>prudentibus,et</strong></span> <span class='ocrx_word' id='word_1_112' title='bbox 958 1473 1211 1527; x_wconf 85' lang='lat' dir='ltr'><strong>revelasti</strong></span> <span class='ocrx_word' id='word_1_113' title='bbox 1239 1490 1299 1527; x_wconf 89' lang='lat' dir='ltr'><strong>ea</strong></span> <span class='ocrx_word' id='word_1_114' title='bbox 1322 1477 1583 1541; x_wconf 86' lang='lat' dir='ltr'><strong>parvulis.</strong></span> <span class='ocrx_word' id='word_1_115' title='bbox 1601 1476 1796 1537; x_wconf 83' lang='lat' dir='ltr'><strong>Etiam,</strong></span> <span class='ocrx_word' id='word_1_116' title='bbox 1825 1480 1989 1535; x_wconf 86' lang='lat' dir='ltr'><strong>Pater</strong></span> <span class='ocrx_word' id='word_1_117' title='bbox 2022 1499 2035 1535; x_wconf 90' lang='lat'><strong>:</strong></span> 
     </span>
    </p>
   </div>
   <div class='ocr_carea' id='block_1_16' title="bbox 460 1558 2036 1638">
    <p class='ocr_par' dir='ltr' id='par_1_16' title="bbox 460 1558 2036 1638">
     <span class='ocr_line' id='line_1_16' title="bbox 460 1558 2036 1638; baseline 0.008 -29"><span class='ocrx_word' id='word_1_118' title='bbox 460 1558 719 1626; x_wconf 83' lang='lat' dir='ltr'><strong>quoniam</strong></span> <span class='ocrx_word' id='word_1_119' title='bbox 751 1560 829 1616; x_wconf 90' lang='lat' dir='ltr'><strong>sic</strong></span> <span class='ocrx_word' id='word_1_120' title='bbox 856 1561 1064 1631; x_wconf 83' lang='lat' dir='ltr'><strong>placuit</strong></span> <span class='ocrx_word' id='word_1_121' title='bbox 1095 1572 1221 1617; x_wconf 88' lang='lat' dir='ltr'><strong>ante</strong></span> <span class='ocrx_word' id='word_1_122' title='bbox 1250 1571 1321 1616; x_wconf 88' lang='lat' dir='ltr'><strong>te.</strong></span> <span class='ocrx_word' id='word_1_123' title='bbox 1366 1562 1541 1634; x_wconf 70' lang='grc' dir='ltr'><strong>[ουκ.</strong></span> <span class='ocrx_word' id='word_1_124' title='bbox 1571 1564 1651 1638; x_wconf 79' lang='grc'><strong>5.]</strong></span> <span class='ocrx_word' id='word_1_125' title='bbox 1672 1566 1862 1621; x_wconf 84' lang='lat' dir='ltr'><strong>Omnia</strong></span> <span class='ocrx_word' id='word_1_126' title='bbox 1903 1567 2036 1621; x_wconf 90' lang='lat' dir='ltr'><strong>mihi</strong></span> 
     </span>
    </p>
   </div>
   <div class='ocr_carea' id='block_1_17' title="bbox 461 1650 2040 1726">
    <p class='ocr_par' dir='ltr' id='par_1_17' title="bbox 461 1650 2040 1726">
     <span class='ocr_line' id='line_1_17' title="bbox 461 1650 2040 1726; baseline 0.006 -23"><span class='ocrx_word' id='word_1_127' title='bbox 461 1650 657 1704; x_wconf 86' lang='lat' dir='ltr'><strong>tradita</strong></span> <span class='ocrx_word' id='word_1_128' title='bbox 688 1662 815 1706; x_wconf 80' lang='lat' dir='ltr'><strong>sinit</strong></span> <span class='ocrx_word' id='word_1_129' title='bbox 859 1670 889 1706; x_wconf 88' lang='lat' dir='ltr'><strong>a</strong></span> <span class='ocrx_word' id='word_1_130' title='bbox 947 1653 1105 1709; x_wconf 85' lang='lat' dir='ltr'><strong>Patre</strong></span> <span class='ocrx_word' id='word_1_131' title='bbox 1153 1671 1293 1709; x_wconf 88' lang='lat' dir='ltr'><strong>meo.</strong></span> <span class='ocrx_word' id='word_1_132' title='bbox 1329 1657 1397 1711; x_wconf 84' lang='lat' dir='ltr'><strong>Et</strong></span> <span class='ocrx_word' id='word_1_133' title='bbox 1438 1672 1597 1711; x_wconf 90' lang='lat' dir='ltr'><strong>nemo</strong></span> <span class='ocrx_word' id='word_1_134' title='bbox 1638 1658 1745 1712; x_wconf 90' lang='lat' dir='ltr'><strong>scit</strong></span> <span class='ocrx_word' id='word_1_135' title='bbox 1791 1659 1917 1726; x_wconf 88' lang='lat' dir='ltr'><strong>quis</strong></span> <span class='ocrx_word' id='word_1_136' title='bbox 1968 1660 2040 1713; x_wconf 89' lang='lat' dir='ltr'><strong>sit</strong></span> 
     </span>
    </p>
   </div>
   <div class='ocr_carea' id='block_1_18' title="bbox 2141 456 3642 531">
    <p class='ocr_par' dir='ltr' id='par_1_18' title="bbox 2141 456 3642 531">
     <span class='ocr_line' id='line_1_18' title="bbox 2141 456 3642 531; baseline -0.001 -15"><span class='ocrx_word' id='word_1_137' title='bbox 2141 478 2305 525; x_wconf 68' lang='lat' dir='ltr'><strong>curae,</strong></span> <span class='ocrx_word' id='word_1_138' title='bbox 2324 461 2467 531; x_wconf 86' lang='lat' dir='ltr'><strong>quod</strong></span> <span class='ocrx_word' id='word_1_139' title='bbox 2489 476 2645 516; x_wconf 90' lang='lat' dir='ltr'><strong>soror</strong></span> <span class='ocrx_word' id='word_1_140' title='bbox 2668 475 2787 515; x_wconf 92' lang='lat' dir='ltr'><strong>mea</strong></span> <span class='ocrx_word' id='word_1_141' title='bbox 2805 458 3032 527; x_wconf 79' lang='lat' dir='ltr'><strong>reliquit</strong></span> <span class='ocrx_word' id='word_1_142' title='bbox 3056 470 3141 510; x_wconf 90' lang='lat' dir='ltr'><strong>me</strong></span> <span class='ocrx_word' id='word_1_143' title='bbox 3162 456 3326 511; x_wconf 81' lang='lat' dir='ltr'><strong>solam</strong></span> <span class='ocrx_word' id='word_1_144' title='bbox 3350 459 3642 516; x_wconf 71' lang='lat' dir='ltr'><strong>ministrare?</strong></span> 
     </span>
    </p>
   </div>
   <div class='ocr_carea' id='block_1_19' title="bbox 2139 547 3645 620">
    <p class='ocr_par' dir='ltr' id='par_1_19' title="bbox 2139 547 3645 620">
     <span class='ocr_line' id='line_1_19' title="bbox 2139 547 3645 620; baseline 0.002 -16"><span class='ocrx_word' id='word_1_145' title='bbox 2139 551 2228 605; x_wconf 93' lang='lat' dir='ltr'><strong>dic</strong></span> <span class='ocrx_word' id='word_1_146' title='bbox 2267 567 2398 620; x_wconf 79' lang='lat' dir='ltr'><strong>ergo</strong></span> <span class='ocrx_word' id='word_1_147' title='bbox 2435 552 2510 606; x_wconf 90' lang='lat' dir='ltr'><strong>illi</strong></span> <span class='ocrx_word' id='word_1_148' title='bbox 2572 560 2635 605; x_wconf 89' lang='lat' dir='ltr'><strong>ut</strong></span> <span class='ocrx_word' id='word_1_149' title='bbox 2661 565 2749 605; x_wconf 87' lang='lat' dir='ltr'><strong>me</strong></span> <span class='ocrx_word' id='word_1_150' title='bbox 2788 550 3029 620; x_wconf 86' lang='lat' dir='ltr'><strong>adjuvet.</strong></span> <span class='ocrx_word' id='word_1_151' title='bbox 3069 547 3138 602; x_wconf 81' lang='lat' dir='ltr'><strong>Et</strong></span> <span class='ocrx_word' id='word_1_152' title='bbox 3177 548 3489 617; x_wconf 90' lang='lat' dir='ltr'><strong>respondens</strong></span> <span class='ocrx_word' id='word_1_153' title='bbox 3538 554 3645 607; x_wconf 84' lang='lat' dir='ltr'><strong>dixit</strong></span> 
     </span>
    </p>
   </div>
   <div class='ocr_carea' id='block_1_20' title="bbox 2141 640 3647 709">
    <p class='ocr_par' dir='ltr' id='par_1_20' title="bbox 2141 640 3647 709">
     <span class='ocr_line' id='line_1_20' title="bbox 2141 640 3647 709; baseline 0.002 -12"><span class='ocrx_word' id='word_1_154' title='bbox 2141 645 2218 698; x_wconf 91' lang='lat' dir='ltr'><strong>illi</strong></span> <span class='ocrx_word' id='word_1_155' title='bbox 2246 646 2510 698; x_wconf 82' lang='lat' dir='ltr'><strong>Dominus</strong></span> <span class='ocrx_word' id='word_1_156' title='bbox 2540 663 2553 699; x_wconf 91' lang='lat'><strong>:</strong></span> <span class='ocrx_word' id='word_1_157' title='bbox 2597 643 2828 706; x_wconf 82' lang='lat' dir='ltr'><strong>Martha,</strong></span> <span class='ocrx_word' id='word_1_158' title='bbox 2863 642 3097 705; x_wconf 83' lang='lat' dir='ltr'><strong>Martha,</strong></span> <span class='ocrx_word' id='word_1_159' title='bbox 3131 640 3355 695; x_wconf 87' lang='lat' dir='ltr'><strong>sollicita</strong></span> <span class='ocrx_word' id='word_1_160' title='bbox 3375 658 3426 695; x_wconf 81' lang='lat' dir='ltr'><strong>es</strong></span> <span class='ocrx_word' id='word_1_161' title='bbox 3446 684 3460 709; x_wconf 93' lang='lat'><strong>,</strong></span> <span class='ocrx_word' id='word_1_162' title='bbox 3482 656 3532 698; x_wconf 88' lang='lat' dir='ltr'><strong>et</strong></span> <span class='ocrx_word' id='word_1_163' title='bbox 3556 658 3647 700; x_wconf 84' lang='lat' dir='ltr'><strong>tur-</strong></span> 
     </span>
    </p>
   </div>
   <div class='ocr_carea' id='block_1_21' title="bbox 2143 736 3651 805">
    <p class='ocr_par' dir='ltr' id='par_1_21' title="bbox 2143 736 3651 805">
     <span class='ocr_line' id='line_1_21' title="bbox 2143 736 3651 805; baseline 0.001 -15"><span class='ocrx_word' id='word_1_164' title='bbox 2143 737 2287 790; x_wconf 85' lang='lat' dir='ltr'><strong>baris</strong></span> <span class='ocrx_word' id='word_1_165' title='bbox 2304 752 2430 801; x_wconf 73' lang='lat' dir='ltr'><strong>erga</strong></span> <span class='ocrx_word' id='word_1_166' title='bbox 2452 737 2702 805; x_wconf 88' lang='lat' dir='ltr'><strong>plurima.</strong></span> <span class='ocrx_word' id='word_1_167' title='bbox 2722 737 2893 791; x_wconf 82' lang='lat' dir='ltr'><strong>Porro</strong></span> <span class='ocrx_word' id='word_1_168' title='bbox 2914 750 3079 788; x_wconf 88' lang='lat' dir='ltr'><strong>unum</strong></span> <span class='ocrx_word' id='word_1_169' title='bbox 3098 742 3179 788; x_wconf 87' lang='lat' dir='ltr'><strong>est</strong></span> <span class='ocrx_word' id='word_1_170' title='bbox 3195 736 3548 789; x_wconf 86' lang='lat' dir='ltr'><strong>necessarium.</strong></span> <span class='ocrx_word' id='word_1_171' title='bbox 3566 738 3651 792; x_wconf 78' lang='lat' dir='ltr'><strong>lla-</strong></span> 
     </span>
    </p>
   </div>
   <div class='ocr_carea' id='block_1_22' title="bbox 2143 821 3648 896">
    <p class='ocr_par' dir='ltr' id='par_1_22' title="bbox 2143 821 3648 896">
     <span class='ocr_line' id='line_1_22' title="bbox 2143 821 3648 896; baseline 0.002 -17"><span class='ocrx_word' id='word_1_172' title='bbox 2143 827 2219 880; x_wconf 90' lang='lat' dir='ltr'><strong>ria</strong></span> <span class='ocrx_word' id='word_1_173' title='bbox 2238 827 2499 895; x_wconf 88' lang='lat' dir='ltr'><strong>optimam</strong></span> <span class='ocrx_word' id='word_1_174' title='bbox 2533 835 2740 896; x_wconf 87' lang='lat' dir='ltr'><strong>partem</strong></span> <span class='ocrx_word' id='word_1_175' title='bbox 2757 825 2943 891; x_wconf 79' lang='lat' dir='ltr'><strong>elegit.</strong></span> <span class='ocrx_word' id='word_1_176' title='bbox 2964 839 3084 891; x_wconf 74' lang='lat' dir='ltr'><strong>qua:</strong></span> <span class='ocrx_word' id='word_1_177' title='bbox 3110 837 3218 876; x_wconf 86' lang='lat' dir='ltr'><strong>nor.</strong></span> <span class='ocrx_word' id='word_1_178' title='bbox 3238 821 3493 877; x_wconf 78' lang='lat' dir='ltr'><strong>auferetur</strong></span> <span class='ocrx_word' id='word_1_179' title='bbox 3507 826 3563 879; x_wconf 87' lang='lat' dir='ltr'><strong>ab</strong></span> <span class='ocrx_word' id='word_1_180' title='bbox 3580 842 3648 883; x_wconf 86' lang='lat' dir='ltr'><strong>ea.</strong></span> 
     </span>
    </p>
   </div>
   <div class='ocr_carea' id='block_1_23' title="bbox 2213 915 3650 988">
    <p class='ocr_par' dir='ltr' id='par_1_23' title="bbox 2213 915 3650 988">
     <span class='ocr_line' id='line_1_23' title="bbox 2213 915 3650 988; baseline -0.001 -17"><span class='ocrx_word' id='word_1_181' title='bbox 2213 918 2369 987; x_wconf 85' lang='lat' dir='ltr'><strong>[Cap.</strong></span> <span class='ocrx_word' id='word_1_182' title='bbox 2393 918 2486 971; x_wconf 80' lang='lat' dir='ltr'><strong>XI.</strong></span> <span class='ocrx_word' id='word_1_183' title='bbox 2512 933 2699 980; x_wconf 75' lang='lat' dir='ltr'><strong>cum,</strong></span> <span class='ocrx_word' id='word_1_184' title='bbox 2731 915 2812 988; x_wconf 85' lang='lat'><strong>5.]</strong></span> <span class='ocrx_word' id='word_1_185' title='bbox 2875 917 2940 969; x_wconf 88' lang='lat' dir='ltr'><strong>Et</strong></span> <span class='ocrx_word' id='word_1_186' title='bbox 2971 915 3171 969; x_wconf 83' lang='lat' dir='ltr'><strong>factum</strong></span> <span class='ocrx_word' id='word_1_187' title='bbox 3201 923 3284 967; x_wconf 89' lang='lat' dir='ltr'><strong>est</strong></span> <span class='ocrx_word' id='word_1_188' title='bbox 3320 929 3432 968; x_wconf 91' lang='lat' dir='ltr'><strong>cum</strong></span> <span class='ocrx_word' id='word_1_189' title='bbox 3460 927 3586 971; x_wconf 87' lang='lat' dir='ltr'><strong>esset</strong></span> <span class='ocrx_word' id='word_1_190' title='bbox 3610 918 3650 970; x_wconf 88' lang='lat' dir='ltr'><strong>in</strong></span> 
     </span>
    </p>
   </div>
   <div class='ocr_carea' id='block_1_24' title="bbox 2142 1005 3654 1083">
    <p class='ocr_par' dir='ltr' id='par_1_24' title="bbox 2142 1005 3654 1083">
     <span class='ocr_line' id='line_1_24' title="bbox 2142 1005 3654 1083; baseline 0.002 -22"><span class='ocrx_word' id='word_1_191' title='bbox 2142 1010 2376 1077; x_wconf 87' lang='lat' dir='ltr'><strong>quodam</strong></span> <span class='ocrx_word' id='word_1_192' title='bbox 2410 1010 2531 1063; x_wconf 95' lang='lat' dir='ltr'><strong>loco</strong></span> <span class='ocrx_word' id='word_1_193' title='bbox 2562 1022 2750 1074; x_wconf 87' lang='lat' dir='ltr'><strong>orans,</strong></span> <span class='ocrx_word' id='word_1_194' title='bbox 2780 1018 2841 1061; x_wconf 90' lang='lat' dir='ltr'><strong>ut</strong></span> <span class='ocrx_word' id='word_1_195' title='bbox 2873 1008 3129 1069; x_wconf 76' lang='lat' dir='ltr'><strong>cessavit,</strong></span> <span class='ocrx_word' id='word_1_196' title='bbox 3164 1005 3300 1059; x_wconf 86' lang='lat' dir='ltr'><strong>dixit</strong></span> <span class='ocrx_word' id='word_1_197' title='bbox 3332 1022 3541 1083; x_wconf 37' lang='lat' dir='ltr'><strong>unus‘ex</strong></span> <span class='ocrx_word' id='word_1_198' title='bbox 3586 1011 3654 1064; x_wconf 90' lang='lat' dir='ltr'><strong>di-</strong></span> 
     </span>
    </p>
   </div>
   <div class='ocr_carea' id='block_1_25' title="bbox 2142 1099 3659 1169">
    <p class='ocr_par' dir='ltr' id='par_1_25' title="bbox 2142 1099 3659 1169">
     <span class='ocr_line' id='line_1_25' title="bbox 2142 1099 3659 1169; baseline 0.003 -16"><span class='ocrx_word' id='word_1_199' title='bbox 2142 1102 2369 1169; x_wconf 80' lang='lat' dir='ltr'><strong>Seipulis</strong></span> <span class='ocrx_word' id='word_1_200' title='bbox 2397 1101 2513 1169; x_wconf 86' lang='lat' dir='ltr'><strong>ejus</strong></span> <span class='ocrx_word' id='word_1_201' title='bbox 2540 1101 2605 1153; x_wconf 89' lang='lat' dir='ltr'><strong>ad</strong></span> <span class='ocrx_word' id='word_1_202' title='bbox 2633 1115 2793 1157; x_wconf 88' lang='lat' dir='ltr'><strong>eum:</strong></span> <span class='ocrx_word' id='word_1_203' title='bbox 2826 1100 3075 1167; x_wconf 86' lang='lat' dir='ltr'><strong>Domine,</strong></span> <span class='ocrx_word' id='word_1_204' title='bbox 3093 1099 3228 1152; x_wconf 90' lang='lat' dir='ltr'><strong>doce</strong></span> <span class='ocrx_word' id='word_1_205' title='bbox 3254 1114 3347 1152; x_wconf 91' lang='lat' dir='ltr'><strong>nos</strong></span> <span class='ocrx_word' id='word_1_206' title='bbox 3364 1103 3659 1164; x_wconf 86' lang='lat' dir='ltr'><strong>orare,sicut</strong></span> 
     </span>
    </p>
   </div>
   <div class='ocr_carea' id='block_1_26' title="bbox 2142 1191 3656 1261">
    <p class='ocr_par' dir='ltr' id='par_1_26' title="bbox 2142 1191 3656 1261">
     <span class='ocr_line' id='line_1_26' title="bbox 2142 1191 3656 1261; baseline 0.004 -18"><span class='ocrx_word' id='word_1_207' title='bbox 2142 1192 2329 1244; x_wconf 89' lang='lat' dir='ltr'><strong>docuit</strong></span> <span class='ocrx_word' id='word_1_208' title='bbox 2358 1192 2672 1246; x_wconf 82' lang='lat' dir='ltr'><strong>etJoanncs</strong></span> <span class='ocrx_word' id='word_1_209' title='bbox 2704 1191 3003 1261; x_wconf 85' lang='lat' dir='ltr'><strong>discipulos</strong></span> <span class='ocrx_word' id='word_1_210' title='bbox 3030 1208 3180 1247; x_wconf 89' lang='lat' dir='ltr'><strong>suos.</strong></span> <span class='ocrx_word' id='word_1_211' title='bbox 3206 1193 3273 1246; x_wconf 85' lang='lat' dir='ltr'><strong>Et</strong></span> <span class='ocrx_word' id='word_1_212' title='bbox 3302 1194 3375 1247; x_wconf 91' lang='lat' dir='ltr'><strong>ait</strong></span> <span class='ocrx_word' id='word_1_213' title='bbox 3403 1194 3656 1252; x_wconf 87' lang='lat' dir='ltr'><strong>illis:Cnm</strong></span> 
     </span>
    </p>
   </div>
   <div class='ocr_carea' id='block_1_27' title="bbox 2142 1284 3666 1350">
    <p class='ocr_par' dir='ltr' id='par_1_27' title="bbox 2142 1284 3666 1350">
     <span class='ocr_line' id='line_1_27' title="bbox 2142 1284 3666 1350; baseline 0.003 -13"><span class='ocrx_word' id='word_1_214' title='bbox 2142 1286 2331 1348; x_wconf 86' lang='lat' dir='ltr'><strong>oratis,</strong></span> <span class='ocrx_word' id='word_1_215' title='bbox 2361 1285 2526 1338; x_wconf 83' lang='lat' dir='ltr'><strong>dicite</strong></span> <span class='ocrx_word' id='word_1_216' title='bbox 2552 1300 2565 1336; x_wconf 87' lang='lat'><strong>:</strong></span> <span class='ocrx_word' id='word_1_217' title='bbox 2598 1284 2778 1350; x_wconf 84' lang='lat' dir='ltr'><strong>Pater,</strong></span> <span class='ocrx_word' id='word_1_218' title='bbox 2800 1286 3172 1339; x_wconf 80' lang='lat' dir='ltr'><strong>sanctiflcetur</strong></span> <span class='ocrx_word' id='word_1_219' title='bbox 3192 1300 3381 1340; x_wconf 91' lang='lat' dir='ltr'><strong>nomen</strong></span> <span class='ocrx_word' id='word_1_220' title='bbox 3410 1295 3562 1343; x_wconf 83' lang='lat' dir='ltr'><strong>tuum.</strong></span> <span class='ocrx_word' id='word_1_221' title='bbox 3578 1289 3666 1344; x_wconf 77' lang='lat' dir='ltr'><strong>Ad-</strong></span> 
     </span>
    </p>
   </div>
   <div class='ocr_carea' id='block_1_28' title="bbox 2142 1376 3662 1447">
    <p class='ocr_par' dir='ltr' id='par_1_28' title="bbox 2142 1376 3662 1447">
     <span class='ocr_line' id='line_1_28' title="bbox 2142 1376 3662 1447; baseline 0.003 -20"><span class='ocrx_word' id='word_1_222' title='bbox 2142 1376 2328 1431; x_wconf 78' lang='lat' dir='ltr'><strong>veniat</strong></span> <span class='ocrx_word' id='word_1_223' title='bbox 2376 1392 2601 1444; x_wconf 77' lang='lat' dir='ltr'><strong>regnum</strong></span> <span class='ocrx_word' id='word_1_224' title='bbox 2645 1377 2867 1430; x_wconf 85' lang='lat' dir='ltr'><strong>tuum‘.</strong></span> <span class='ocrx_word' id='word_1_225' title='bbox 2922 1377 3121 1431; x_wconf 83' lang='lat' dir='ltr'><strong>Panem</strong></span> <span class='ocrx_word' id='word_1_226' title='bbox 3166 1387 3408 1431; x_wconf 86' lang='lat' dir='ltr'><strong>nostrum</strong></span> <span class='ocrx_word' id='word_1_227' title='bbox 3435 1380 3662 1447; x_wconf 85' lang='lat' dir='ltr'><strong>quotidia-</strong></span> 
     </span>
    </p>
   </div>
   <div class='ocr_carea' id='block_1_29' title="bbox 2144 1468 3663 1538">
    <p class='ocr_par' dir='ltr' id='par_1_29' title="bbox 2144 1468 3663 1538">
     <span class='ocr_line' id='line_1_29' title="bbox 2144 1468 3663 1538; baseline 0.003 -17"><span class='ocrx_word' id='word_1_228' title='bbox 2144 1484 2274 1521; x_wconf 90' lang='lat' dir='ltr'><strong>num</strong></span> <span class='ocrx_word' id='word_1_229' title='bbox 2309 1468 2374 1519; x_wconf 83' lang='lat' dir='ltr'><strong>da</strong></span> <span class='ocrx_word' id='word_1_230' title='bbox 2408 1468 2568 1523; x_wconf 91' lang='lat' dir='ltr'><strong>nobis</strong></span> <span class='ocrx_word' id='word_1_231' title='bbox 2596 1468 2782 1523; x_wconf 90' lang='lat' dir='ltr'><strong>hodie.</strong></span> <span class='ocrx_word' id='word_1_232' title='bbox 2818 1469 2884 1523; x_wconf 88' lang='lat' dir='ltr'><strong>Et</strong></span> <span class='ocrx_word' id='word_1_233' title='bbox 2908 1470 3120 1525; x_wconf 81' lang='lat' dir='ltr'><strong>dimitte</strong></span> <span class='ocrx_word' id='word_1_234' title='bbox 3149 1470 3307 1524; x_wconf 89' lang='lat' dir='ltr'><strong>nobis</strong></span> <span class='ocrx_word' id='word_1_235' title='bbox 3336 1481 3535 1538; x_wconf 73' lang='lat' dir='ltr'><strong>peccata</strong></span> <span class='ocrx_word' id='word_1_236' title='bbox 3587 1489 3663 1526; x_wconf 87' lang='lat' dir='ltr'><strong>no-</strong></span> 
     </span>
    </p>
   </div>
   <div class='ocr_carea' id='block_1_30' title="bbox 2144 1559 3662 1629">
    <p class='ocr_par' dir='ltr' id='par_1_30' title="bbox 2144 1559 3662 1629">
     <span class='ocr_line' id='line_1_30' title="bbox 2144 1559 3662 1629; baseline 0.003 -16"><span class='ocrx_word' id='word_1_237' title='bbox 2144 1569 2281 1623; x_wconf 86' lang='lat' dir='ltr'><strong>stra,</strong></span> <span class='ocrx_word' id='word_1_238' title='bbox 2312 1560 2582 1629; x_wconf 90' lang='lat' dir='ltr'><strong>siquidem</strong></span> <span class='ocrx_word' id='word_1_239' title='bbox 2605 1569 2661 1614; x_wconf 92' lang='lat' dir='ltr'><strong>et</strong></span> <span class='ocrx_word' id='word_1_240' title='bbox 2691 1560 2794 1629; x_wconf 90' lang='lat' dir='ltr'><strong>ipsi</strong></span> <span class='ocrx_word' id='word_1_241' title='bbox 2826 1559 3153 1616; x_wconf 82' lang='lat' dir='ltr'><strong>dimittimus</strong></span> <span class='ocrx_word' id='word_1_242' title='bbox 3175 1561 3327 1616; x_wconf 91' lang='lat' dir='ltr'><strong>omni</strong></span> <span class='ocrx_word' id='word_1_243' title='bbox 3358 1561 3557 1618; x_wconf 88' lang='lat' dir='ltr'><strong>debenti</strong></span> <span class='ocrx_word' id='word_1_244' title='bbox 3584 1580 3662 1618; x_wconf 89' lang='lat' dir='ltr'><strong>no-</strong></span> 
     </span>
    </p>
   </div>
   <div class='ocr_carea' id='block_1_31' title="bbox 2148 1650 3667 1727">
    <p class='ocr_par' dir='ltr' id='par_1_31' title="bbox 2148 1650 3667 1727">
     <span class='ocr_line' id='line_1_31' title="bbox 2148 1650 3667 1727; baseline 0.005 -23"><span class='ocrx_word' id='word_1_245' title='bbox 2148 1653 2249 1707; x_wconf 84' lang='lat' dir='ltr'><strong>bis.</strong></span> <span class='ocrx_word' id='word_1_246' title='bbox 2286 1650 2351 1705; x_wconf 87' lang='lat' dir='ltr'><strong>Et</strong></span> <span class='ocrx_word' id='word_1_247' title='bbox 2382 1668 2448 1706; x_wconf 93' lang='lat' dir='ltr'><strong>ne</strong></span> <span class='ocrx_word' id='word_1_248' title='bbox 2478 1667 2579 1707; x_wconf 92' lang='lat' dir='ltr'><strong>nos</strong></span> <span class='ocrx_word' id='word_1_249' title='bbox 2603 1652 2832 1706; x_wconf 88' lang='lat' dir='ltr'><strong>inducas</strong></span> <span class='ocrx_word' id='word_1_250' title='bbox 2871 1653 2924 1706; x_wconf 92' lang='lat' dir='ltr'><strong>in</strong></span> <span class='ocrx_word' id='word_1_251' title='bbox 2964 1655 3321 1708; x_wconf 89' lang='lat' dir='ltr'><strong>tentationem</strong></span> <span class='ocrx_word' id='word_1_252' title='bbox 3370 1655 3553 1727; x_wconf 67' lang='lat' dir='ltr'><strong>[cum</strong></span> <span class='ocrx_word' id='word_1_253' title='bbox 3578 1658 3667 1725; x_wconf 68' lang='lat' dir='ltr'><strong>l0]</strong></span> 
     </span>
    </p>
   </div>
   <div class='ocr_carea' id='block_1_32' title="bbox 460 1735 3667 1816">
    <p class='ocr_par' dir='ltr' id='par_1_32' title="bbox 460 1735 3667 1816">
     <span class='ocr_line' id='line_1_32' title="bbox 460 1735 3667 1816; baseline 0.003 -22"><span class='ocrx_word' id='word_1_254' title='bbox 460 1741 651 1805; x_wconf 84' lang='lat' dir='ltr'><strong>Filios,</strong></span> <span class='ocrx_word' id='word_1_255' title='bbox 677 1744 780 1798; x_wconf 87' lang='lat' dir='ltr'><strong>nisi</strong></span> <span class='ocrx_word' id='word_1_256' title='bbox 809 1745 1001 1809; x_wconf 82' lang='lat' dir='ltr'><strong>Pater;</strong></span> <span class='ocrx_word' id='word_1_257' title='bbox 1028 1756 1084 1801; x_wconf 91' lang='lat' dir='ltr'><strong>et</strong></span> <span class='ocrx_word' id='word_1_258' title='bbox 1117 1748 1242 1816; x_wconf 88' lang='lat' dir='ltr'><strong>quis</strong></span> <span class='ocrx_word' id='word_1_259' title='bbox 1269 1750 1339 1803; x_wconf 87' lang='lat' dir='ltr'><strong>sit</strong></span> <span class='ocrx_word' id='word_1_260' title='bbox 1387 1751 1548 1804; x_wconf 84' lang='lat' dir='ltr'><strong>Pater</strong></span> <span class='ocrx_word' id='word_1_261' title='bbox 1572 1788 1588 1811; x_wconf 91' lang='lat'><strong>,</strong></span> <span class='ocrx_word' id='word_1_262' title='bbox 1618 1752 1723 1805; x_wconf 90' lang='lat' dir='ltr'><strong>nisi</strong></span> <span class='ocrx_word' id='word_1_263' title='bbox 1760 1751 1953 1814; x_wconf 86' lang='lat' dir='ltr'><strong>Filius,</strong></span> <span class='ocrx_word' id='word_1_264' title='bbox 1986 1759 2039 1805; x_wconf 91' lang='lat' dir='ltr'><strong>et</strong></span> <span class='ocrx_word' id='word_1_265' title='bbox 2076 1735 2113 1788; x_wconf 74' lang='grc' dir='ltr'><strong>Β</strong></span> <span class='ocrx_word' id='word_1_266' title='bbox 2146 1744 2212 1797; x_wconf 88' lang='grc' dir='ltr'>Ει</span> <span class='ocrx_word' id='word_1_267' title='bbox 2244 1745 2319 1796; x_wconf 85' lang='lat' dir='ltr'><strong>ait</strong></span> <span class='ocrx_word' id='word_1_268' title='bbox 2348 1745 2412 1797; x_wconf 89' lang='lat' dir='ltr'><strong>ad</strong></span> <span class='ocrx_word' id='word_1_269' title='bbox 2445 1745 2608 1798; x_wconf 85' lang='lat' dir='ltr'><strong>illos:</strong></span> <span class='ocrx_word' id='word_1_270' title='bbox 2660 1743 2797 1809; x_wconf 85' lang='lat' dir='ltr'><strong>Quis</strong></span> <span class='ocrx_word' id='word_1_271' title='bbox 2830 1756 3069 1798; x_wconf 88' lang='lat' dir='ltr'><strong>vestrum</strong></span> <span class='ocrx_word' id='word_1_272' title='bbox 3108 1746 3333 1801; x_wconf 87' lang='lat' dir='ltr'><strong>habebit</strong></span> <span class='ocrx_word' id='word_1_273' title='bbox 3366 1748 3600 1810; x_wconf 88' lang='lat' dir='ltr'><strong>amicum,</strong></span> <span class='ocrx_word' id='word_1_274' title='bbox 3624 1761 3667 1804; x_wconf 83' lang='lat' dir='ltr'><strong>et</strong></span> 
     </span>
    </p>
   </div>
   <div class='ocr_carea' id='block_1_33' title="bbox 459 1833 2039 1912">
    <p class='ocr_par' dir='ltr' id='par_1_33' title="bbox 459 1833 2039 1912">
     <span class='ocr_line' id='line_1_33' title="bbox 459 1833 2039 1912; baseline 0.008 -29"><span class='ocrx_word' id='word_1_275' title='bbox 459 1833 547 1887; x_wconf 76' lang='lat' dir='ltr'><strong>cui</strong></span> <span class='ocrx_word' id='word_1_276' title='bbox 575 1834 813 1889; x_wconf 78' lang='lat' dir='ltr'><strong>voluerit</strong></span> <span class='ocrx_word' id='word_1_277' title='bbox 846 1836 1015 1891; x_wconf 81' lang='lat' dir='ltr'><strong>Filius</strong></span> <span class='ocrx_word' id='word_1_278' title='bbox 1048 1839 1314 1894; x_wconf 83' lang='lat' dir='ltr'><strong>revelare.</strong></span> <span class='ocrx_word' id='word_1_279' title='bbox 1338 1839 1487 1910; x_wconf 66' lang='grc' dir='ltr'><strong>[ευ.</strong></span> <span class='ocrx_word' id='word_1_280' title='bbox 1510 1840 1588 1912; x_wconf 73' lang='lat'><strong>5.]</strong></span> <span class='ocrx_word' id='word_1_281' title='bbox 1645 1842 1706 1894; x_wconf 84' lang='lat' dir='ltr'><strong>Et</strong></span> <span class='ocrx_word' id='word_1_282' title='bbox 1738 1856 2039 1896; x_wconf 86' lang='lat' dir='ltr'><strong>conversus</strong></span> 
     </span>
    </p>
   </div>
   <div class='ocr_carea' id='block_1_34' title="bbox 457 1925 2043 2002">
    <p class='ocr_par' dir='ltr' id='par_1_34' title="bbox 457 1925 2043 2002">
     <span class='ocr_line' id='line_1_34' title="bbox 457 1925 2043 2002; baseline 0.006 -25"><span class='ocrx_word' id='word_1_283' title='bbox 457 1926 524 1977; x_wconf 89' lang='lat' dir='ltr'><strong>ad</strong></span> <span class='ocrx_word' id='word_1_284' title='bbox 555 1925 852 1995; x_wconf 82' lang='lat' dir='ltr'><strong>discipulos</strong></span> <span class='ocrx_word' id='word_1_285' title='bbox 879 1942 1032 1993; x_wconf 90' lang='lat' dir='ltr'><strong>suos,</strong></span> <span class='ocrx_word' id='word_1_286' title='bbox 1065 1929 1243 1983; x_wconf 80' lang='lat' dir='ltr'><strong>dixit:</strong></span> <span class='ocrx_word' id='word_1_287' title='bbox 1302 1930 1451 1984; x_wconf 82' lang='lat' dir='ltr'><strong>Beati</strong></span> <span class='ocrx_word' id='word_1_288' title='bbox 1518 1933 1661 1986; x_wconf 87' lang='lat' dir='ltr'><strong>oculi</strong></span> <span class='ocrx_word' id='word_1_289' title='bbox 1713 1934 1807 2002; x_wconf 87' lang='lat' dir='ltr'><strong>qui</strong></span> <span class='ocrx_word' id='word_1_290' title='bbox 1855 1933 2043 1988; x_wconf 89' lang='lat' dir='ltr'><strong>vident</strong></span> 
     </span>
    </p>
   </div>
   <div class='ocr_carea' id='block_1_35' title="bbox 459 2021 2036 2097">
    <p class='ocr_par' dir='ltr' id='par_1_35' title="bbox 459 2021 2036 2097">
     <span class='ocr_line' id='line_1_35' title="bbox 459 2021 2036 2097; baseline 0.006 -24"><span class='ocrx_word' id='word_1_291' title='bbox 459 2035 581 2088; x_wconf 71' lang='lat' dir='ltr'><strong>qua:</strong></span> <span class='ocrx_word' id='word_1_292' title='bbox 613 2036 711 2075; x_wconf 87' lang='lat' dir='ltr'><strong>vos</strong></span> <span class='ocrx_word' id='word_1_293' title='bbox 734 2021 951 2076; x_wconf 89' lang='lat' dir='ltr'><strong>videtis.</strong></span> <span class='ocrx_word' id='word_1_294' title='bbox 987 2023 1119 2077; x_wconf 90' lang='lat' dir='ltr'><strong>Dico</strong></span> <span class='ocrx_word' id='word_1_295' title='bbox 1153 2024 1298 2077; x_wconf 90' lang='lat' dir='ltr'><strong>enim</strong></span> <span class='ocrx_word' id='word_1_296' title='bbox 1329 2025 1519 2091; x_wconf 84' lang='lat' dir='ltr'><strong>vobis,</strong></span> <span class='ocrx_word' id='word_1_297' title='bbox 1543 2027 1691 2095; x_wconf 89' lang='lat' dir='ltr'><strong>quod</strong></span> <span class='ocrx_word' id='word_1_298' title='bbox 1721 2028 1878 2082; x_wconf 91' lang='lat' dir='ltr'><strong>multi</strong></span> <span class='ocrx_word' id='word_1_299' title='bbox 1911 2043 2036 2097; x_wconf 85' lang='lat' dir='ltr'><strong>pro-</strong></span> 
     </span>
    </p>
   </div>
   <div class='ocr_carea' id='block_1_36' title="bbox 458 2112 2037 2185">
    <p class='ocr_par' dir='ltr' id='par_1_36' title="bbox 458 2112 2037 2185">
     <span class='ocr_line' id='line_1_36' title="bbox 458 2112 2037 2185; baseline 0.006 -21"><span class='ocrx_word' id='word_1_300' title='bbox 458 2112 635 2174; x_wconf 69' lang='lat' dir='ltr'><strong>phetae.</strong></span> <span class='ocrx_word' id='word_1_301' title='bbox 665 2122 720 2166; x_wconf 91' lang='lat' dir='ltr'><strong>et</strong></span> <span class='ocrx_word' id='word_1_302' title='bbox 744 2129 901 2182; x_wconf 83' lang='lat' dir='ltr'><strong>reges</strong></span> <span class='ocrx_word' id='word_1_303' title='bbox 930 2114 1226 2169; x_wconf 91' lang='lat' dir='ltr'><strong>voluerunt</strong></span> <span class='ocrx_word' id='word_1_304' title='bbox 1268 2116 1455 2171; x_wconf 84' lang='lat' dir='ltr'><strong>videre</strong></span> <span class='ocrx_word' id='word_1_305' title='bbox 1503 2134 1623 2185; x_wconf 64' lang='lat' dir='ltr'><strong>qua:</strong></span> <span class='ocrx_word' id='word_1_306' title='bbox 1674 2135 1771 2174; x_wconf 89' lang='lat' dir='ltr'><strong>vos</strong></span> <span class='ocrx_word' id='word_1_307' title='bbox 1812 2120 2037 2183; x_wconf 85' lang='lat' dir='ltr'><strong>videtis,</strong></span> 
     </span>
    </p>
   </div>
   <div class='ocr_carea' id='block_1_37' title="bbox 456 2202 2035 2273">
    <p class='ocr_par' dir='ltr' id='par_1_37' title="bbox 456 2202 2035 2273">
     <span class='ocr_line' id='line_1_37' title="bbox 456 2202 2035 2273; baseline 0.006 -20"><span class='ocrx_word' id='word_1_308' title='bbox 456 2209 513 2256; x_wconf 84' lang='lat' dir='ltr'><strong>et</strong></span> <span class='ocrx_word' id='word_1_309' title='bbox 544 2216 651 2255; x_wconf 89' lang='lat' dir='ltr'><strong>non</strong></span> <span class='ocrx_word' id='word_1_310' title='bbox 684 2202 966 2266; x_wconf 88' lang='lat' dir='ltr'><strong>viderunt,</strong></span> <span class='ocrx_word' id='word_1_311' title='bbox 992 2212 1048 2257; x_wconf 90' lang='lat' dir='ltr'><strong>et</strong></span> <span class='ocrx_word' id='word_1_312' title='bbox 1079 2205 1271 2259; x_wconf 90' lang='lat' dir='ltr'><strong>audire</strong></span> <span class='ocrx_word' id='word_1_313' title='bbox 1298 2221 1420 2273; x_wconf 79' lang='lat' dir='ltr'><strong>qua:</strong></span> <span class='ocrx_word' id='word_1_314' title='bbox 1444 2207 1675 2270; x_wconf 87' lang='lat' dir='ltr'><strong>auditis,</strong></span> <span class='ocrx_word' id='word_1_315' title='bbox 1713 2216 1769 2260; x_wconf 91' lang='lat' dir='ltr'><strong>et</strong></span> <span class='ocrx_word' id='word_1_316' title='bbox 1804 2223 1911 2262; x_wconf 93' lang='lat' dir='ltr'><strong>non</strong></span> <span class='ocrx_word' id='word_1_317' title='bbox 1940 2224 2035 2263; x_wconf 41' lang='lat' dir='ltr'><strong>au-</strong></span> 
     </span>
    </p>
   </div>
   <div class='ocr_carea' id='block_1_38' title="bbox 458 2292 2039 2369">
    <p class='ocr_par' dir='ltr' id='par_1_38' title="bbox 458 2292 2039 2369">
     <span class='ocr_line' id='line_1_38' title="bbox 458 2292 2039 2369; baseline 0.006 -23"><span class='ocrx_word' id='word_1_318' title='bbox 458 2293 698 2350; x_wconf 90' lang='lat' dir='ltr'><strong>dierunt.</strong></span> <span class='ocrx_word' id='word_1_319' title='bbox 724 2292 896 2366; x_wconf 81' lang='lat' dir='ltr'><strong>[cxxt,</strong></span> <span class='ocrx_word' id='word_1_320' title='bbox 928 2293 1008 2366; x_wconf 74' lang='lat'><strong>2.]</strong></span> <span class='ocrx_word' id='word_1_321' title='bbox 1038 2293 1101 2347; x_wconf 77' lang='lat' dir='ltr'><strong>Et</strong></span> <span class='ocrx_word' id='word_1_322' title='bbox 1131 2312 1260 2351; x_wconf 89' lang='lat' dir='ltr'><strong>ecce</strong></span> <span class='ocrx_word' id='word_1_323' title='bbox 1292 2298 1514 2364; x_wconf 86' lang='lat' dir='ltr'><strong>quidam</strong></span> <span class='ocrx_word' id='word_1_324' title='bbox 1538 2298 1888 2369; x_wconf 86' lang='lat' dir='ltr'><strong>legisperitus</strong></span> <span class='ocrx_word' id='word_1_325' title='bbox 1918 2315 2039 2356; x_wconf 88' lang='lat' dir='ltr'><strong>sur-</strong></span> 
     </span>
    </p>
   </div>
   <div class='ocr_carea' id='block_1_39' title="bbox 467 2386 2039 2461">
    <p class='ocr_par' dir='ltr' id='par_1_39' title="bbox 467 2386 2039 2461">
     <span class='ocr_line' id='line_1_39' title="bbox 467 2386 2039 2461; baseline 0.005 -22"><span class='ocrx_word' id='word_1_326' title='bbox 467 2386 609 2440; x_wconf 80' lang='lat' dir='ltr'><strong>rexit</strong></span> <span class='ocrx_word' id='word_1_327' title='bbox 638 2395 856 2440; x_wconf 87' lang='lat' dir='ltr'><strong>tentans</strong></span> <span class='ocrx_word' id='word_1_328' title='bbox 888 2387 1066 2449; x_wconf 90' lang='lat' dir='ltr'><strong>illum,</strong></span> <span class='ocrx_word' id='word_1_329' title='bbox 1103 2398 1159 2442; x_wconf 89' lang='lat' dir='ltr'><strong>et</strong></span> <span class='ocrx_word' id='word_1_330' title='bbox 1191 2388 1415 2443; x_wconf 86' lang='lat' dir='ltr'><strong>dicens:</strong></span> <span class='ocrx_word' id='word_1_331' title='bbox 1461 2391 1734 2460; x_wconf 83' lang='lat' dir='ltr'><strong>Magister,</strong></span> <span class='ocrx_word' id='word_1_332' title='bbox 1790 2393 1920 2461; x_wconf 89' lang='lat' dir='ltr'><strong>quid</strong></span> <span class='ocrx_word' id='word_1_333' title='bbox 1964 2393 2039 2447; x_wconf 81' lang='lat' dir='ltr'><strong>fa-</strong></span> 
     </span>
    </p>
   </div>
   <div class='ocr_carea' id='block_1_40' title="bbox 465 2477 2034 2551">
    <p class='ocr_par' dir='ltr' id='par_1_40' title="bbox 465 2477 2034 2551">
     <span class='ocr_line' id='line_1_40' title="bbox 465 2477 2034 2551; baseline 0.005 -21"><span class='ocrx_word' id='word_1_334' title='bbox 465 2477 663 2531; x_wconf 90' lang='lat' dir='ltr'><strong>ciendo</strong></span> <span class='ocrx_word' id='word_1_335' title='bbox 693 2478 859 2531; x_wconf 86' lang='lat' dir='ltr'><strong>vitam</strong></span> <span class='ocrx_word' id='word_1_336' title='bbox 905 2488 1164 2534; x_wconf 66' lang='lat' dir='ltr'><strong>aeternam</strong></span> <span class='ocrx_word' id='word_1_337' title='bbox 1216 2481 1550 2551; x_wconf 75' lang='lat' dir='ltr'><strong>possidebo&quot;</strong></span> <span class='ocrx_word' id='word_1_338' title='bbox 1575 2483 1761 2538; x_wconf 78' lang='lat' dir='ltr'><strong>Atille</strong></span> <span class='ocrx_word' id='word_1_339' title='bbox 1795 2485 1934 2539; x_wconf 85' lang='lat' dir='ltr'><strong>dixit</strong></span> <span class='ocrx_word' id='word_1_340' title='bbox 1970 2487 2034 2538; x_wconf 91' lang='lat' dir='ltr'><strong>ad</strong></span> 
     </span>
    </p>
   </div>
   <div class='ocr_carea' id='block_1_41' title="bbox 458 2569 2038 2645">
    <p class='ocr_par' dir='ltr' id='par_1_41' title="bbox 458 2569 2038 2645">
     <span class='ocr_line' id='line_1_41' title="bbox 458 2569 2038 2645; baseline 0.004 -22"><span class='ocrx_word' id='word_1_341' title='bbox 458 2584 623 2624; x_wconf 87' lang='lat' dir='ltr'><strong>eum:</strong></span> <span class='ocrx_word' id='word_1_342' title='bbox 655 2569 713 2624; x_wconf 87' lang='lat' dir='ltr'><strong>In</strong></span> <span class='ocrx_word' id='word_1_343' title='bbox 745 2570 863 2641; x_wconf 88' lang='lat' dir='ltr'><strong>lege</strong></span> <span class='ocrx_word' id='word_1_344' title='bbox 890 2572 1019 2643; x_wconf 89' lang='lat' dir='ltr'><strong>quid</strong></span> <span class='ocrx_word' id='word_1_345' title='bbox 1047 2572 1315 2642; x_wconf 86' lang='lat' dir='ltr'><strong>scriptum</strong></span> <span class='ocrx_word' id='word_1_346' title='bbox 1359 2576 1485 2629; x_wconf 80' lang='lat' dir='ltr'><strong>est?</strong></span> <span class='ocrx_word' id='word_1_347' title='bbox 1511 2576 1797 2641; x_wconf 88' lang='lat' dir='ltr'><strong>Quomodo</strong></span> <span class='ocrx_word' id='word_1_348' title='bbox 1846 2577 1983 2645; x_wconf 80' lang='lat' dir='ltr'><strong>legis</strong></span> <span class='ocrx_word' id='word_1_349' title='bbox 2016 2577 2038 2629; x_wconf 85' lang='lat'><strong>?</strong></span> 
     </span>
    </p>
   </div>
   <div class='ocr_carea' id='block_1_42' title="bbox 462 2662 2033 2735">
    <p class='ocr_par' dir='ltr' id='par_1_42' title="bbox 462 2662 2033 2735">
     <span class='ocr_line' id='line_1_42' title="bbox 462 2662 2033 2735; baseline 0.004 -19"><span class='ocrx_word' id='word_1_350' title='bbox 462 2662 555 2718; x_wconf 88' lang='lat' dir='ltr'><strong>Ille</strong></span> <span class='ocrx_word' id='word_1_351' title='bbox 584 2664 924 2734; x_wconf 77' lang='lat' dir='ltr'><strong>respondens</strong></span> <span class='ocrx_word' id='word_1_352' title='bbox 944 2665 1083 2719; x_wconf 89' lang='lat' dir='ltr'><strong>dixit</strong></span> <span class='ocrx_word' id='word_1_353' title='bbox 1117 2664 1354 2735; x_wconf 73' lang='lat' dir='ltr'><strong>:Diliges</strong></span> <span class='ocrx_word' id='word_1_354' title='bbox 1373 2665 1663 2721; x_wconf 89' lang='lat' dir='ltr'><strong>Dominum</strong></span> <span class='ocrx_word' id='word_1_355' title='bbox 1691 2668 1861 2721; x_wconf 73' lang='lat' dir='ltr'><strong>Deum</strong></span> <span class='ocrx_word' id='word_1_356' title='bbox 1882 2678 2033 2722; x_wconf 87' lang='lat' dir='ltr'><strong>tuum</strong></span> 
     </span>
    </p>
   </div>
   <div class='ocr_carea' id='block_1_43' title="bbox 458 2756 2035 2821">
    <p class='ocr_par' dir='ltr' id='par_1_43' title="bbox 458 2756 2035 2821">
     <span class='ocr_line' id='line_1_43' title="bbox 458 2756 2035 2821; baseline 0.003 -12"><span class='ocrx_word' id='word_1_357' title='bbox 458 2769 527 2809; x_wconf 85' lang='lat' dir='ltr'><strong>ex</strong></span> <span class='ocrx_word' id='word_1_358' title='bbox 560 2762 674 2810; x_wconf 89' lang='lat' dir='ltr'><strong>toto</strong></span> <span class='ocrx_word' id='word_1_359' title='bbox 723 2756 886 2812; x_wconf 86' lang='lat' dir='ltr'><strong>corde</strong></span> <span class='ocrx_word' id='word_1_360' title='bbox 928 2766 1045 2818; x_wconf 90' lang='lat' dir='ltr'><strong>tuo,</strong></span> <span class='ocrx_word' id='word_1_361' title='bbox 1071 2766 1127 2812; x_wconf 89' lang='lat' dir='ltr'><strong>et</strong></span> <span class='ocrx_word' id='word_1_362' title='bbox 1174 2772 1239 2811; x_wconf 85' lang='lat' dir='ltr'><strong>ex</strong></span> <span class='ocrx_word' id='word_1_363' title='bbox 1300 2766 1412 2813; x_wconf 87' lang='lat' dir='ltr'><strong>tota</strong></span> <span class='ocrx_word' id='word_1_364' title='bbox 1450 2758 1628 2811; x_wconf 92' lang='lat' dir='ltr'><strong>anima</strong></span> <span class='ocrx_word' id='word_1_365' title='bbox 1689 2767 1804 2821; x_wconf 87' lang='lat' dir='ltr'><strong>tua,</strong></span> <span class='ocrx_word' id='word_1_366' title='bbox 1858 2768 1914 2813; x_wconf 91' lang='lat' dir='ltr'><strong>et</strong></span> <span class='ocrx_word' id='word_1_367' title='bbox 1969 2775 2035 2813; x_wconf 86' lang='lat' dir='ltr'><strong>ex</strong></span> 
     </span>
    </p>
   </div>
   <div class='ocr_carea' id='block_1_44' title="bbox 456 2846 2039 2910">
    <p class='ocr_par' dir='ltr' id='par_1_44' title="bbox 456 2846 2039 2910">
     <span class='ocr_line' id='line_1_44' title="bbox 456 2846 2039 2910; baseline 0.004 -12"><span class='ocrx_word' id='word_1_368' title='bbox 456 2846 715 2902; x_wconf 78' lang='lat' dir='ltr'><strong>omnibus</strong></span> <span class='ocrx_word' id='word_1_369' title='bbox 746 2847 959 2902; x_wconf 90' lang='lat' dir='ltr'><strong>viribus</strong></span> <span class='ocrx_word' id='word_1_370' title='bbox 990 2849 1121 2910; x_wconf 90' lang='lat' dir='ltr'><strong>tuis,</strong></span> <span class='ocrx_word' id='word_1_371' title='bbox 1158 2857 1214 2903; x_wconf 90' lang='lat' dir='ltr'><strong>et</strong></span> <span class='ocrx_word' id='word_1_372' title='bbox 1265 2863 1333 2904; x_wconf 82' lang='lat' dir='ltr'><strong>ex</strong></span> <span class='ocrx_word' id='word_1_373' title='bbox 1387 2852 1536 2903; x_wconf 89' lang='lat' dir='ltr'><strong>omni</strong></span> <span class='ocrx_word' id='word_1_374' title='bbox 1590 2859 1770 2904; x_wconf 81' lang='lat' dir='ltr'><strong>mente</strong></span> <span class='ocrx_word' id='word_1_375' title='bbox 1818 2861 1906 2903; x_wconf 90' lang='lat' dir='ltr'><strong>tua</strong></span> <span class='ocrx_word' id='word_1_376' title='bbox 1937 2869 1951 2903; x_wconf 91' lang='lat'><strong>:</strong></span> <span class='ocrx_word' id='word_1_377' title='bbox 1982 2860 2039 2905; x_wconf 91' lang='lat' dir='ltr'><strong>et</strong></span> 
     </span>
    </p>
   </div>
   <div class='ocr_carea' id='block_1_45' title="bbox 458 2938 2039 3008">
    <p class='ocr_par' dir='ltr' id='par_1_45' title="bbox 458 2938 2039 3008">
     <span class='ocr_line' id='line_1_45' title="bbox 458 2938 2039 3008; baseline -0.001 -15"><span class='ocrx_word' id='word_1_378' title='bbox 458 2938 773 3006; x_wconf 83' lang='lat' dir='ltr'><strong>proximum</strong></span> <span class='ocrx_word' id='word_1_379' title='bbox 804 2948 956 2992; x_wconf 89' lang='lat' dir='ltr'><strong>tuum</strong></span> <span class='ocrx_word' id='word_1_380' title='bbox 986 2940 1129 2994; x_wconf 88' lang='lat' dir='ltr'><strong>sicut</strong></span> <span class='ocrx_word' id='word_1_381' title='bbox 1164 2939 1418 3007; x_wconf 89' lang='lat' dir='ltr'><strong>teipsum.</strong></span> <span class='ocrx_word' id='word_1_382' title='bbox 1443 2939 1693 3008; x_wconf 77' lang='lat' dir='ltr'><strong>Dixitque</strong></span> <span class='ocrx_word' id='word_1_383' title='bbox 1721 2939 1794 2993; x_wconf 89' lang='lat' dir='ltr'><strong>illi</strong></span> <span class='ocrx_word' id='word_1_384' title='bbox 1826 2939 2039 2995; x_wconf 82' lang='lat' dir='ltr'><strong>:Becte</strong></span> 
     </span>
    </p>
   </div>
   <div class='ocr_carea' id='block_1_46' title="bbox 458 3029 2039 3105">
    <p class='ocr_par' dir='ltr' id='par_1_46' title="bbox 458 3029 2039 3105">
     <span class='ocr_line' id='line_1_46' title="bbox 458 3029 2039 3105; baseline 0 -19"><span class='ocrx_word' id='word_1_385' title='bbox 458 3031 840 3102; x_wconf 89' lang='lat' dir='ltr'><strong>respondisti:</strong></span> <span class='ocrx_word' id='word_1_386' title='bbox 879 3032 983 3085; x_wconf 90' lang='lat' dir='ltr'><strong>hoc</strong></span> <span class='ocrx_word' id='word_1_387' title='bbox 1033 3031 1137 3093; x_wconf 81' lang='lat' dir='ltr'><strong>fac,</strong></span> <span class='ocrx_word' id='word_1_388' title='bbox 1189 3039 1247 3085; x_wconf 91' lang='lat' dir='ltr'><strong>et</strong></span> <span class='ocrx_word' id='word_1_389' title='bbox 1285 3030 1453 3085; x_wconf 88' lang='lat' dir='ltr'><strong>vives.</strong></span> <span class='ocrx_word' id='word_1_390' title='bbox 1513 3029 1709 3105; x_wconf 70' lang='lat' dir='ltr'><strong>[cum</strong></span> <span class='ocrx_word' id='word_1_391' title='bbox 1765 3030 1880 3101; x_wconf 71' lang='lat'><strong>10.]</strong></span> <span class='ocrx_word' id='word_1_392' title='bbox 1945 3032 2039 3087; x_wconf 89' lang='lat' dir='ltr'><strong>llle</strong></span> 
     </span>
    </p>
   </div>
   <div class='ocr_carea' id='block_1_47' title="bbox 461 3120 2035 3192">
    <p class='ocr_par' dir='ltr' id='par_1_47' title="bbox 461 3120 2035 3192">
     <span class='ocr_line' id='line_1_47' title="bbox 461 3120 2035 3192; baseline -0.003 -13"><span class='ocrx_word' id='word_1_393' title='bbox 461 3132 644 3179; x_wconf 82' lang='lat' dir='ltr'><strong>autem</strong></span> <span class='ocrx_word' id='word_1_394' title='bbox 673 3123 862 3176; x_wconf 90' lang='lat' dir='ltr'><strong>volens</strong></span> <span class='ocrx_word' id='word_1_395' title='bbox 896 3120 1199 3192; x_wconf 83' lang='lat' dir='ltr'><strong>justificare</strong></span> <span class='ocrx_word' id='word_1_396' title='bbox 1247 3121 1511 3188; x_wconf 74' lang='lat' dir='ltr'><strong>seipsum,</strong></span> <span class='ocrx_word' id='word_1_397' title='bbox 1544 3121 1683 3176; x_wconf 80' lang='lat' dir='ltr'><strong>dixit</strong></span> <span class='ocrx_word' id='word_1_398' title='bbox 1706 3121 1771 3175; x_wconf 92' lang='lat' dir='ltr'><strong>ad</strong></span> <span class='ocrx_word' id='word_1_399' title='bbox 1806 3121 1993 3176; x_wconf 84' lang='lat' dir='ltr'><strong>Jesum</strong></span> <span class='ocrx_word' id='word_1_400' title='bbox 2022 3142 2035 3174; x_wconf 87' lang='lat'><strong>-.</strong></span> 
     </span>
    </p>
   </div>
   <div class='ocr_carea' id='block_1_48' title="bbox 462 3210 2036 3283">
    <p class='ocr_par' dir='ltr' id='par_1_48' title="bbox 462 3210 2036 3283">
     <span class='ocr_line' id='line_1_48' title="bbox 462 3210 2036 3283; baseline -0.002 -14"><span class='ocrx_word' id='word_1_401' title='bbox 462 3214 669 3282; x_wconf 85' lang='lat' dir='ltr'><strong>thuis</strong></span> <span class='ocrx_word' id='word_1_402' title='bbox 690 3223 775 3268; x_wconf 80' lang='lat' dir='ltr'><strong>est</strong></span> <span class='ocrx_word' id='word_1_403' title='bbox 796 3228 950 3267; x_wconf 90' lang='lat' dir='ltr'><strong>meus</strong></span> <span class='ocrx_word' id='word_1_404' title='bbox 974 3213 1252 3283; x_wconf 78' lang='lat' dir='ltr'><strong>proximus</strong></span> <span class='ocrx_word' id='word_1_405' title='bbox 1270 3212 1292 3264; x_wconf 88' lang='lat'><strong>?</strong></span> <span class='ocrx_word' id='word_1_406' title='bbox 1310 3212 1629 3281; x_wconf 82' lang='lat' dir='ltr'><strong>Suscipiens</strong></span> <span class='ocrx_word' id='word_1_407' title='bbox 1654 3223 1835 3266; x_wconf 90' lang='lat' dir='ltr'><strong>autem</strong></span> <span class='ocrx_word' id='word_1_408' title='bbox 1856 3210 2036 3273; x_wconf 84' lang='lat' dir='ltr'><strong>Jesus.</strong></span> 
     </span>
    </p>
   </div>
   <div class='ocr_carea' id='block_1_49' title="bbox 462 3304 2037 3374">
    <p class='ocr_par' dir='ltr' id='par_1_49' title="bbox 462 3304 2037 3374">
     <span class='ocr_line' id='line_1_49' title="bbox 462 3304 2037 3374; baseline -0.003 -10"><span class='ocrx_word' id='word_1_409' title='bbox 462 3308 639 3364; x_wconf 75' lang='lat' dir='ltr'><strong>dixit:</strong></span> <span class='ocrx_word' id='word_1_410' title='bbox 670 3306 841 3360; x_wconf 84' lang='lat' dir='ltr'><strong>Homo</strong></span> <span class='ocrx_word' id='word_1_411' title='bbox 871 3306 1094 3374; x_wconf 88' lang='lat' dir='ltr'><strong>quidam</strong></span> <span class='ocrx_word' id='word_1_412' title='bbox 1122 3305 1490 3360; x_wconf 85' lang='lat' dir='ltr'><strong>descendebat</strong></span> <span class='ocrx_word' id='word_1_413' title='bbox 1527 3306 1595 3358; x_wconf 91' lang='lat' dir='ltr'><strong>ab</strong></span> <span class='ocrx_word' id='word_1_414' title='bbox 1624 3304 1927 3361; x_wconf 77' lang='lat' dir='ltr'><strong>Jerusalem</strong></span> <span class='ocrx_word' id='word_1_415' title='bbox 1984 3306 2037 3360; x_wconf 90' lang='lat' dir='ltr'><strong>in</strong></span> 
     </span>
    </p>
   </div>
   <div class='ocr_carea' id='block_1_50' title="bbox 461 3395 2042 3466">
    <p class='ocr_par' dir='ltr' id='par_1_50' title="bbox 461 3395 2042 3466">
     <span class='ocr_line' id='line_1_50' title="bbox 461 3395 2042 3466; baseline -0.004 -10"><span class='ocrx_word' id='word_1_416' title='bbox 461 3400 707 3459; x_wconf 83' lang='lat' dir='ltr'><strong>Jericho.</strong></span> <span class='ocrx_word' id='word_1_417' title='bbox 727 3408 783 3453; x_wconf 89' lang='lat' dir='ltr'><strong>et</strong></span> <span class='ocrx_word' id='word_1_418' title='bbox 807 3397 1000 3453; x_wconf 89' lang='lat' dir='ltr'><strong>incidit</strong></span> <span class='ocrx_word' id='word_1_419' title='bbox 1029 3398 1083 3451; x_wconf 91' lang='lat' dir='ltr'><strong>in</strong></span> <span class='ocrx_word' id='word_1_420' title='bbox 1105 3396 1363 3460; x_wconf 88' lang='lat' dir='ltr'><strong>latrones,</strong></span> <span class='ocrx_word' id='word_1_421' title='bbox 1385 3396 1476 3464; x_wconf 89' lang='lat' dir='ltr'><strong>qui</strong></span> <span class='ocrx_word' id='word_1_422' title='bbox 1509 3397 1672 3449; x_wconf 86' lang='lat' dir='ltr'><strong>etiam</strong></span> <span class='ocrx_word' id='word_1_423' title='bbox 1697 3395 2042 3466; x_wconf 84' lang='lat' dir='ltr'><strong>despoliave-</strong></span> 
     </span>
    </p>
   </div>
   <div class='ocr_carea' id='block_1_51' title="bbox 463 3489 2040 3560">
    <p class='ocr_par' dir='ltr' id='par_1_51' title="bbox 463 3489 2040 3560">
     <span class='ocr_line' id='line_1_51' title="bbox 463 3489 2040 3560; baseline -0.004 -12"><span class='ocrx_word' id='word_1_424' title='bbox 463 3502 595 3549; x_wconf 88' lang='lat' dir='ltr'><strong>runt</strong></span> <span class='ocrx_word' id='word_1_425' title='bbox 629 3507 754 3547; x_wconf 91' lang='lat' dir='ltr'><strong>eum</strong></span> <span class='ocrx_word' id='word_1_426' title='bbox 783 3507 797 3544; x_wconf 89' lang='lat'><strong>:</strong></span> <span class='ocrx_word' id='word_1_427' title='bbox 826 3499 881 3545; x_wconf 92' lang='lat' dir='ltr'><strong>et</strong></span> <span class='ocrx_word' id='word_1_428' title='bbox 920 3490 1093 3560; x_wconf 88' lang='lat' dir='ltr'><strong>plagis</strong></span> <span class='ocrx_word' id='word_1_429' title='bbox 1134 3489 1428 3560; x_wconf 84' lang='lat' dir='ltr'><strong>impositis,</strong></span> <span class='ocrx_word' id='word_1_430' title='bbox 1458 3489 1732 3554; x_wconf 82' lang='lat' dir='ltr'><strong>abierunt,</strong></span> <span class='ocrx_word' id='word_1_431' title='bbox 1772 3489 2040 3542; x_wconf 86' lang='lat' dir='ltr'><strong>sentivivo</strong></span> 
     </span>
    </p>
   </div>
   <div class='ocr_carea' id='block_1_52' title="bbox 466 3579 2039 3648">
    <p class='ocr_par' dir='ltr' id='par_1_52' title="bbox 466 3579 2039 3648">
     <span class='ocr_line' id='line_1_52' title="bbox 466 3579 2039 3648; baseline -0.005 -9"><span class='ocrx_word' id='word_1_432' title='bbox 466 3584 678 3641; x_wconf 86' lang='lat' dir='ltr'><strong>relicto.</strong></span> <span class='ocrx_word' id='word_1_433' title='bbox 709 3583 923 3638; x_wconf 87' lang='lat' dir='ltr'><strong>Accidit</strong></span> <span class='ocrx_word' id='word_1_434' title='bbox 949 3590 1158 3644; x_wconf 86' lang='lat' dir='ltr'><strong>autem,</strong></span> <span class='ocrx_word' id='word_1_435' title='bbox 1192 3589 1254 3634; x_wconf 93' lang='lat' dir='ltr'><strong>ut</strong></span> <span class='ocrx_word' id='word_1_436' title='bbox 1279 3580 1539 3634; x_wconf 85' lang='lat' dir='ltr'><strong>sacerdos</strong></span> <span class='ocrx_word' id='word_1_437' title='bbox 1556 3579 1779 3648; x_wconf 89' lang='lat' dir='ltr'><strong>quidam</strong></span> <span class='ocrx_word' id='word_1_438' title='bbox 1808 3579 2039 3632; x_wconf 85' lang='lat' dir='ltr'><strong>descen-</strong></span> 
     </span>
    </p>
   </div>
   <div class='ocr_carea' id='block_1_53' title="bbox 464 3670 2041 3740">
    <p class='ocr_par' dir='ltr' id='par_1_53' title="bbox 464 3670 2041 3740">
     <span class='ocr_line' id='line_1_53' title="bbox 464 3670 2041 3740; baseline -0.004 -10"><span class='ocrx_word' id='word_1_439' title='bbox 464 3676 620 3732; x_wconf 84' lang='lat' dir='ltr'><strong>deret</strong></span> <span class='ocrx_word' id='word_1_440' title='bbox 639 3677 832 3730; x_wconf 87' lang='lat' dir='ltr'><strong>eadem</strong></span> <span class='ocrx_word' id='word_1_441' title='bbox 873 3675 957 3727; x_wconf 85' lang='lat' dir='ltr'><strong>via</strong></span> <span class='ocrx_word' id='word_1_442' title='bbox 993 3690 1009 3729; x_wconf 89' lang='lat'><strong>:</strong></span> <span class='ocrx_word' id='word_1_443' title='bbox 1040 3681 1096 3728; x_wconf 88' lang='lat' dir='ltr'><strong>et</strong></span> <span class='ocrx_word' id='word_1_444' title='bbox 1134 3672 1249 3727; x_wconf 91' lang='lat' dir='ltr'><strong>viso</strong></span> <span class='ocrx_word' id='word_1_445' title='bbox 1281 3672 1393 3736; x_wconf 91' lang='lat' dir='ltr'><strong>illo,</strong></span> <span class='ocrx_word' id='word_1_446' title='bbox 1431 3673 1752 3740; x_wconf 66' lang='lat' dir='ltr'><strong>praeterivil.</strong></span> <span class='ocrx_word' id='word_1_447' title='bbox 1778 3670 2041 3724; x_wconf 79' lang='lat' dir='ltr'><strong>Similiter</strong></span> 
     </span>
    </p>
   </div>
   <div class='ocr_carea' id='block_1_54' title="bbox 460 3763 2038 3832">
    <p class='ocr_par' dir='ltr' id='par_1_54' title="bbox 460 3763 2038 3832">
     <span class='ocr_line' id='line_1_54' title="bbox 460 3763 2038 3832; baseline -0.007 -7"><span class='ocrx_word' id='word_1_448' title='bbox 460 3779 520 3825; x_wconf 86' lang='lat' dir='ltr'><strong>et</strong></span> <span class='ocrx_word' id='word_1_449' title='bbox 548 3765 761 3832; x_wconf 87' lang='lat' dir='ltr'><strong>Levita,</strong></span> <span class='ocrx_word' id='word_1_450' title='bbox 787 3782 911 3822; x_wconf 91' lang='lat' dir='ltr'><strong>cum</strong></span> <span class='ocrx_word' id='word_1_451' title='bbox 945 3773 1092 3820; x_wconf 87' lang='lat' dir='ltr'><strong>esset</strong></span> <span class='ocrx_word' id='word_1_452' title='bbox 1134 3779 1295 3819; x_wconf 81' lang='lat' dir='ltr'><strong>secus</strong></span> <span class='ocrx_word' id='word_1_453' title='bbox 1328 3765 1537 3823; x_wconf 87' lang='lat' dir='ltr'><strong>locum,</strong></span> <span class='ocrx_word' id='word_1_454' title='bbox 1569 3771 1625 3817; x_wconf 90' lang='lat' dir='ltr'><strong>et</strong></span> <span class='ocrx_word' id='word_1_455' title='bbox 1653 3763 1863 3815; x_wconf 91' lang='lat' dir='ltr'><strong>videret</strong></span> <span class='ocrx_word' id='word_1_456' title='bbox 1886 3777 2038 3825; x_wconf 87' lang='lat' dir='ltr'><strong>eum,</strong></span> 
     </span>
    </p>
   </div>
   <div class='ocr_carea' id='block_1_55' title="bbox 463 3854 2037 3933">
    <p class='ocr_par' dir='ltr' id='par_1_55' title="bbox 463 3854 2037 3933">
     <span class='ocr_line' id='line_1_55' title="bbox 463 3854 2037 3933; baseline -0.008 -16"><span class='ocrx_word' id='word_1_457' title='bbox 463 3860 785 3933; x_wconf 73' lang='lat' dir='ltr'><strong>pertransiit</strong></span> <span class='ocrx_word' id='word_1_458' title='bbox 810 3879 821 3913; x_wconf 91' lang='lat'><strong>:</strong></span> <span class='ocrx_word' id='word_1_459' title='bbox 849 3858 1225 3913; x_wconf 85' lang='lat' dir='ltr'><strong>Samaritanus</strong></span> <span class='ocrx_word' id='word_1_460' title='bbox 1245 3867 1425 3911; x_wconf 89' lang='lat' dir='ltr'><strong>autem</strong></span> <span class='ocrx_word' id='word_1_461' title='bbox 1446 3856 1664 3927; x_wconf 82' lang='lat' dir='ltr'><strong>quidam</strong></span> <span class='ocrx_word' id='word_1_462' title='bbox 1689 3858 1790 3908; x_wconf 90' lang='lat' dir='ltr'><strong>iter</strong></span> <span class='ocrx_word' id='word_1_463' title='bbox 1811 3854 2037 3919; x_wconf 86' lang='lat' dir='ltr'><strong>faciens,</strong></span> 
     </span>
    </p>
   </div>
   <div class='ocr_carea' id='block_1_56' title="bbox 465 3945 2040 4011">
    <p class='ocr_par' dir='ltr' id='par_1_56' title="bbox 465 3945 2040 4011">
     <span class='ocr_line' id='line_1_56' title="bbox 465 3945 2040 4011; baseline -0.006 -6"><span class='ocrx_word' id='word_1_464' title='bbox 465 3953 617 4009; x_wconf 92' lang='lat' dir='ltr'><strong>venit</strong></span> <span class='ocrx_word' id='word_1_465' title='bbox 645 3966 807 4007; x_wconf 87' lang='lat' dir='ltr'><strong>secus</strong></span> <span class='ocrx_word' id='word_1_466' title='bbox 836 3966 963 4005; x_wconf 83' lang='lat' dir='ltr'><strong>eum</strong></span> <span class='ocrx_word' id='word_1_467' title='bbox 992 3966 1005 4003; x_wconf 90' lang='lat'><strong>:</strong></span> <span class='ocrx_word' id='word_1_468' title='bbox 1035 3958 1090 4003; x_wconf 90' lang='lat' dir='ltr'><strong>et</strong></span> <span class='ocrx_word' id='word_1_469' title='bbox 1121 3948 1314 4001; x_wconf 88' lang='lat' dir='ltr'><strong>videns</strong></span> <span class='ocrx_word' id='word_1_470' title='bbox 1340 3962 1489 4011; x_wconf 85' lang='lat' dir='ltr'><strong>eum,</strong></span> <span class='ocrx_word' id='word_1_471' title='bbox 1515 3945 1891 4001; x_wconf 73' lang='lat' dir='ltr'><strong>misericordia</strong></span> <span class='ocrx_word' id='word_1_472' title='bbox 1926 3958 2040 3997; x_wconf 89' lang='lat' dir='ltr'><strong>mo-</strong></span> 
     </span>
    </p>
   </div>
   <div class='ocr_carea' id='block_1_57' title="bbox 466 4038 2039 4112">
    <p class='ocr_par' dir='ltr' id='par_1_57' title="bbox 466 4038 2039 4112">
     <span class='ocr_line' id='line_1_57' title="bbox 466 4038 2039 4112; baseline -0.008 -10"><span class='ocrx_word' id='word_1_473' title='bbox 466 4056 554 4103; x_wconf 81' lang='lat' dir='ltr'><strong>tus</strong></span> <span class='ocrx_word' id='word_1_474' title='bbox 582 4053 687 4100; x_wconf 88' lang='lat' dir='ltr'><strong>est.</strong></span> <span class='ocrx_word' id='word_1_475' title='bbox 722 4043 787 4103; x_wconf 85' lang='lat' dir='ltr'><strong>Et</strong></span> <span class='ocrx_word' id='word_1_476' title='bbox 836 4043 1164 4112; x_wconf 84' lang='lat' dir='ltr'><strong>appropians</strong></span> <span class='ocrx_word' id='word_1_477' title='bbox 1211 4039 1456 4110; x_wconf 75' lang='lat' dir='ltr'><strong>alligavit</strong></span> <span class='ocrx_word' id='word_1_478' title='bbox 1486 4040 1712 4093; x_wconf 82' lang='lat' dir='ltr'><strong>vulnera</strong></span> <span class='ocrx_word' id='word_1_479' title='bbox 1774 4038 1915 4107; x_wconf 89' lang='lat' dir='ltr'><strong>ejus,</strong></span> <span class='ocrx_word' id='word_1_480' title='bbox 1957 4038 2039 4090; x_wconf 89' lang='lat' dir='ltr'><strong>in-</strong></span> 
     </span>
    </p>
   </div>
   <div class='ocr_carea' id='block_1_58' title="bbox 467 4130 2037 4197">
    <p class='ocr_par' dir='ltr' id='par_1_58' title="bbox 467 4130 2037 4197">
     <span class='ocr_line' id='line_1_58' title="bbox 467 4130 2037 4197; baseline -0.007 -4"><span class='ocrx_word' id='word_1_481' title='bbox 467 4136 707 4193; x_wconf 76' lang='lat' dir='ltr'><strong>fundens</strong></span> <span class='ocrx_word' id='word_1_482' title='bbox 734 4134 962 4195; x_wconf 76' lang='lat' dir='ltr'><strong>dicum,</strong></span> <span class='ocrx_word' id='word_1_483' title='bbox 999 4144 1053 4187; x_wconf 92' lang='lat' dir='ltr'><strong>et</strong></span> <span class='ocrx_word' id='word_1_484' title='bbox 1084 4134 1308 4186; x_wconf 90' lang='lat' dir='ltr'><strong>vinum:</strong></span> <span class='ocrx_word' id='word_1_485' title='bbox 1339 4142 1393 4185; x_wconf 90' lang='lat' dir='ltr'><strong>et</strong></span> <span class='ocrx_word' id='word_1_486' title='bbox 1431 4130 1717 4197; x_wconf 86' lang='lat' dir='ltr'><strong>imponens</strong></span> <span class='ocrx_word' id='word_1_487' title='bbox 1770 4130 1920 4185; x_wconf 89' lang='lat' dir='ltr'><strong>illum</strong></span> <span class='ocrx_word' id='word_1_488' title='bbox 1985 4130 2037 4182; x_wconf 88' lang='lat' dir='ltr'><strong>in</strong></span> 
     </span>
    </p>
   </div>
   <div class='ocr_carea' id='block_1_59' title="bbox 459 4221 2038 4298">
    <p class='ocr_par' dir='ltr' id='par_1_59' title="bbox 459 4221 2038 4298">
     <span class='ocr_line' id='line_1_59' title="bbox 459 4221 2038 4298; baseline -0.006 -15"><span class='ocrx_word' id='word_1_489' title='bbox 459 4230 771 4298; x_wconf 85' lang='lat' dir='ltr'><strong>jumentum</strong></span> <span class='ocrx_word' id='word_1_490' title='bbox 802 4240 984 4287; x_wconf 88' lang='lat' dir='ltr'><strong>suum,</strong></span> <span class='ocrx_word' id='word_1_491' title='bbox 1020 4223 1177 4278; x_wconf 84' lang='lat' dir='ltr'><strong>duxit</strong></span> <span class='ocrx_word' id='word_1_492' title='bbox 1199 4223 1253 4275; x_wconf 96' lang='lat' dir='ltr'><strong>in</strong></span> <span class='ocrx_word' id='word_1_493' title='bbox 1282 4222 1581 4284; x_wconf 82' lang='lat' dir='ltr'><strong>stabulum,</strong></span> <span class='ocrx_word' id='word_1_494' title='bbox 1610 4232 1663 4275; x_wconf 91' lang='lat' dir='ltr'><strong>et</strong></span> <span class='ocrx_word' id='word_1_495' title='bbox 1704 4236 1891 4274; x_wconf 77' lang='lat' dir='ltr'><strong>curam</strong></span> <span class='ocrx_word' id='word_1_496' title='bbox 1916 4221 2038 4290; x_wconf 89' lang='lat' dir='ltr'><strong>ejus</strong></span> 
     </span>
    </p>
   </div>
   <div class='ocr_carea' id='block_1_60' title="bbox 462 4311 2040 4388">
    <p class='ocr_par' dir='ltr' id='par_1_60' title="bbox 462 4311 2040 4388">
     <span class='ocr_line' id='line_1_60' title="bbox 462 4311 2040 4388; baseline -0.005 -15"><span class='ocrx_word' id='word_1_497' title='bbox 462 4319 593 4388; x_wconf 84' lang='lat' dir='ltr'><strong>egit.</strong></span> <span class='ocrx_word' id='word_1_498' title='bbox 628 4317 697 4380; x_wconf 80' lang='lat' dir='ltr'><strong>Et</strong></span> <span class='ocrx_word' id='word_1_499' title='bbox 733 4317 906 4371; x_wconf 85' lang='lat' dir='ltr'><strong>altera</strong></span> <span class='ocrx_word' id='word_1_500' title='bbox 939 4314 1031 4369; x_wconf 90' lang='lat' dir='ltr'><strong>die</strong></span> <span class='ocrx_word' id='word_1_501' title='bbox 1068 4314 1299 4383; x_wconf 88' lang='lat' dir='ltr'><strong>protulit</strong></span> <span class='ocrx_word' id='word_1_502' title='bbox 1323 4313 1463 4368; x_wconf 87' lang='lat' dir='ltr'><strong>duos</strong></span> <span class='ocrx_word' id='word_1_503' title='bbox 1493 4314 1769 4374; x_wconf 80' lang='lat' dir='ltr'><strong>denarios,</strong></span> <span class='ocrx_word' id='word_1_504' title='bbox 1803 4323 1855 4366; x_wconf 89' lang='lat' dir='ltr'><strong>et</strong></span> <span class='ocrx_word' id='word_1_505' title='bbox 1889 4311 2040 4366; x_wconf 85' lang='lat' dir='ltr'><strong>dedit</strong></span> 
     </span>
    </p>
   </div>
   <div class='ocr_carea' id='block_1_61' title="bbox 2148 1834 3669 1905">
    <p class='ocr_par' dir='ltr' id='par_1_61' title="bbox 2148 1834 3669 1905">
     <span class='ocr_line' id='line_1_61' title="bbox 2148 1834 3669 1905; baseline 0.006 -19"><span class='ocrx_word' id='word_1_506' title='bbox 2148 1834 2245 1887; x_wconf 85' lang='lat' dir='ltr'><strong>ibit</strong></span> <span class='ocrx_word' id='word_1_507' title='bbox 2279 1837 2345 1887; x_wconf 92' lang='lat' dir='ltr'><strong>ad</strong></span> <span class='ocrx_word' id='word_1_508' title='bbox 2400 1835 2550 1888; x_wconf 90' lang='lat' dir='ltr'><strong>illum</strong></span> <span class='ocrx_word' id='word_1_509' title='bbox 2603 1834 2781 1889; x_wconf 91' lang='lat' dir='ltr'><strong>media</strong></span> <span class='ocrx_word' id='word_1_510' title='bbox 2833 1845 3018 1898; x_wconf 89' lang='lat' dir='ltr'><strong>nocte,</strong></span> <span class='ocrx_word' id='word_1_511' title='bbox 3068 1846 3123 1890; x_wconf 86' lang='lat' dir='ltr'><strong>et</strong></span> <span class='ocrx_word' id='word_1_512' title='bbox 3157 1839 3306 1891; x_wconf 87' lang='lat' dir='ltr'><strong>dicat</strong></span> <span class='ocrx_word' id='word_1_513' title='bbox 3343 1840 3414 1892; x_wconf 86' lang='lat' dir='ltr'><strong>illi</strong></span> <span class='ocrx_word' id='word_1_514' title='bbox 3451 1857 3465 1894; x_wconf 90' lang='lat'><strong>:</strong></span> <span class='ocrx_word' id='word_1_515' title='bbox 3499 1842 3669 1905; x_wconf 74' lang='lat' dir='ltr'><strong>Amice,</strong></span> 
     </span>
    </p>
   </div>
   <div class='ocr_carea' id='block_1_62' title="bbox 2145 1926 3669 1996">
    <p class='ocr_par' dir='ltr' id='par_1_62' title="bbox 2145 1926 3669 1996">
     <span class='ocr_line' id='line_1_62' title="bbox 2145 1926 3669 1996; baseline 0.005 -18"><span class='ocrx_word' id='word_1_516' title='bbox 2145 1928 2430 1981; x_wconf 78' lang='lat' dir='ltr'><strong>commoda</strong></span> <span class='ocrx_word' id='word_1_517' title='bbox 2472 1926 2603 1980; x_wconf 87' lang='lat' dir='ltr'><strong>mihi</strong></span> <span class='ocrx_word' id='word_1_518' title='bbox 2643 1936 2753 1982; x_wconf 88' lang='lat' dir='ltr'><strong>tres</strong></span> <span class='ocrx_word' id='word_1_519' title='bbox 2794 1942 2981 1995; x_wconf 89' lang='lat' dir='ltr'><strong>panes,</strong></span> <span class='ocrx_word' id='word_1_520' title='bbox 3019 1928 3280 1996; x_wconf 83' lang='lat' dir='ltr'><strong>quoniam</strong></span> <span class='ocrx_word' id='word_1_521' title='bbox 3317 1930 3511 1984; x_wconf 86' lang='lat' dir='ltr'><strong>amicus</strong></span> <span class='ocrx_word' id='word_1_522' title='bbox 3546 1946 3669 1985; x_wconf 81' lang='lat' dir='ltr'><strong>meus</strong></span> 
     </span>
    </p>
   </div>
   <div class='ocr_carea' id='block_1_63' title="bbox 2146 2017 3672 2090">
    <p class='ocr_par' dir='ltr' id='par_1_63' title="bbox 2146 2017 3672 2090">
     <span class='ocr_line' id='line_1_63' title="bbox 2146 2017 3672 2090; baseline 0.003 -19"><span class='ocrx_word' id='word_1_523' title='bbox 2146 2018 2293 2071; x_wconf 85' lang='lat' dir='ltr'><strong>venit</strong></span> <span class='ocrx_word' id='word_1_524' title='bbox 2323 2017 2390 2071; x_wconf 91' lang='lat' dir='ltr'><strong>de</strong></span> <span class='ocrx_word' id='word_1_525' title='bbox 2426 2020 2510 2072; x_wconf 88' lang='lat' dir='ltr'><strong>via</strong></span> <span class='ocrx_word' id='word_1_526' title='bbox 2542 2019 2608 2073; x_wconf 90' lang='lat' dir='ltr'><strong>ad</strong></span> <span class='ocrx_word' id='word_1_527' title='bbox 2638 2033 2743 2081; x_wconf 89' lang='lat' dir='ltr'><strong>me,</strong></span> <span class='ocrx_word' id='word_1_528' title='bbox 2766 2028 2823 2073; x_wconf 91' lang='lat' dir='ltr'><strong>et</strong></span> <span class='ocrx_word' id='word_1_529' title='bbox 2850 2034 2957 2072; x_wconf 90' lang='lat' dir='ltr'><strong>non</strong></span> <span class='ocrx_word' id='word_1_530' title='bbox 2984 2019 3160 2074; x_wconf 87' lang='lat' dir='ltr'><strong>habeo</strong></span> <span class='ocrx_word' id='word_1_531' title='bbox 3191 2020 3338 2090; x_wconf 87' lang='lat' dir='ltr'><strong>quod</strong></span> <span class='ocrx_word' id='word_1_532' title='bbox 3366 2036 3546 2089; x_wconf 87' lang='lat' dir='ltr'><strong>ponam</strong></span> <span class='ocrx_word' id='word_1_533' title='bbox 3570 2032 3672 2075; x_wconf 85' lang='lat' dir='ltr'><strong>ante</strong></span> 
     </span>
    </p>
   </div>
   <div class='ocr_carea' id='block_1_64' title="bbox 2147 2108 3669 2180">
    <p class='ocr_par' dir='ltr' id='par_1_64' title="bbox 2147 2108 3669 2180">
     <span class='ocr_line' id='line_1_64' title="bbox 2147 2108 3669 2180; baseline 0.002 -18"><span class='ocrx_word' id='word_1_534' title='bbox 2147 2108 2318 2163; x_wconf 89' lang='lat' dir='ltr'><strong>illum.</strong></span> <span class='ocrx_word' id='word_1_535' title='bbox 2356 2110 2424 2164; x_wconf 87' lang='lat' dir='ltr'><strong>Et</strong></span> <span class='ocrx_word' id='word_1_536' title='bbox 2455 2109 2543 2165; x_wconf 90' lang='lat' dir='ltr'><strong>ille</strong></span> <span class='ocrx_word' id='word_1_537' title='bbox 2569 2110 2789 2165; x_wconf 79' lang='lat' dir='ltr'><strong>deintus</strong></span> <span class='ocrx_word' id='word_1_538' title='bbox 2824 2111 3163 2180; x_wconf 85' lang='lat' dir='ltr'><strong>respondens</strong></span> <span class='ocrx_word' id='word_1_539' title='bbox 3188 2111 3338 2171; x_wconf 86' lang='lat' dir='ltr'><strong>dicat</strong></span> <span class='ocrx_word' id='word_1_540' title='bbox 3368 2128 3381 2168; x_wconf 90' lang='lat'><strong>:</strong></span> <span class='ocrx_word' id='word_1_541' title='bbox 3415 2112 3526 2166; x_wconf 83' lang='lat' dir='ltr'><strong>Noli</strong></span> <span class='ocrx_word' id='word_1_542' title='bbox 3560 2112 3669 2165; x_wconf 85' lang='lat' dir='ltr'><strong>mihi</strong></span> 
     </span>
    </p>
   </div>
   <div class='ocr_carea' id='block_1_65' title="bbox 2146 2202 3671 2274">
    <p class='ocr_par' dir='ltr' id='par_1_65' title="bbox 2146 2202 3671 2274">
     <span class='ocr_line' id='line_1_65' title="bbox 2146 2202 3671 2274; baseline 0.002 -21"><span class='ocrx_word' id='word_1_543' title='bbox 2146 2202 2410 2257; x_wconf 85' lang='lat' dir='ltr'><strong>molestus</strong></span> <span class='ocrx_word' id='word_1_544' title='bbox 2454 2217 2597 2266; x_wconf 90' lang='lat' dir='ltr'><strong>esse,</strong></span> <span class='ocrx_word' id='word_1_545' title='bbox 2638 2202 2749 2274; x_wconf 89' lang='lat' dir='ltr'><strong>jam</strong></span> <span class='ocrx_word' id='word_1_546' title='bbox 2783 2204 2985 2258; x_wconf 89' lang='lat' dir='ltr'><strong>ostium</strong></span> <span class='ocrx_word' id='word_1_547' title='bbox 3018 2204 3269 2257; x_wconf 87' lang='lat' dir='ltr'><strong>clausum</strong></span> <span class='ocrx_word' id='word_1_548' title='bbox 3312 2212 3417 2267; x_wconf 88' lang='lat' dir='ltr'><strong>est,</strong></span> <span class='ocrx_word' id='word_1_549' title='bbox 3458 2212 3511 2258; x_wconf 89' lang='lat' dir='ltr'><strong>et</strong></span> <span class='ocrx_word' id='word_1_550' title='bbox 3542 2206 3671 2273; x_wconf 83' lang='lat' dir='ltr'><strong>pueri</strong></span> 
     </span>
    </p>
   </div>
   <div class='ocr_carea' id='block_1_66' title="bbox 2143 2294 3675 2365">
    <p class='ocr_par' dir='ltr' id='par_1_66' title="bbox 2143 2294 3675 2365">
     <span class='ocr_line' id='line_1_66' title="bbox 2143 2294 3675 2365; baseline 0.002 -20"><span class='ocrx_word' id='word_1_551' title='bbox 2143 2294 2250 2346; x_wconf 89' lang='lat' dir='ltr'><strong>mei</strong></span> <span class='ocrx_word' id='word_1_552' title='bbox 2300 2308 2511 2347; x_wconf 88' lang='lat' dir='ltr'><strong>mecum</strong></span> <span class='ocrx_word' id='word_1_553' title='bbox 2546 2302 2677 2348; x_wconf 90' lang='lat' dir='ltr'><strong>sunt</strong></span> <span class='ocrx_word' id='word_1_554' title='bbox 2720 2294 2771 2346; x_wconf 85' lang='lat' dir='ltr'><strong>in</strong></span> <span class='ocrx_word' id='word_1_555' title='bbox 2809 2294 2974 2349; x_wconf 83' lang='lat' dir='ltr'><strong>cubili</strong></span> <span class='ocrx_word' id='word_1_556' title='bbox 3005 2311 3021 2359; x_wconf 91' lang='lat'><strong>;</strong></span> <span class='ocrx_word' id='word_1_557' title='bbox 3061 2310 3170 2349; x_wconf 92' lang='lat' dir='ltr'><strong>non</strong></span> <span class='ocrx_word' id='word_1_558' title='bbox 3219 2311 3437 2365; x_wconf 88' lang='lat' dir='ltr'><strong>possum</strong></span> <span class='ocrx_word' id='word_1_559' title='bbox 3464 2309 3675 2365; x_wconf 77' lang='lat' dir='ltr'><strong>surgere,</strong></span> 
     </span>
    </p>
   </div>
   <div class='ocr_carea' id='block_1_67' title="bbox 2144 2382 3679 2455">
    <p class='ocr_par' dir='ltr' id='par_1_67' title="bbox 2144 2382 3679 2455">
     <span class='ocr_line' id='line_1_67' title="bbox 2144 2382 3679 2455; baseline 0.001 -19"><span class='ocrx_word' id='word_1_560' title='bbox 2144 2394 2198 2438; x_wconf 79' lang='lat' dir='ltr'><strong>et</strong></span> <span class='ocrx_word' id='word_1_561' title='bbox 2226 2387 2354 2437; x_wconf 82' lang='lat' dir='ltr'><strong>dare</strong></span> <span class='ocrx_word' id='word_1_562' title='bbox 2390 2384 2507 2437; x_wconf 87' lang='lat' dir='ltr'><strong>tibi.</strong></span> <span class='ocrx_word' id='word_1_563' title='bbox 2532 2382 2599 2438; x_wconf 84' lang='lat' dir='ltr'><strong>Et</strong></span> <span class='ocrx_word' id='word_1_564' title='bbox 2626 2386 2671 2439; x_wconf 90' lang='lat' dir='ltr'><strong>si</strong></span> <span class='ocrx_word' id='word_1_565' title='bbox 2703 2385 2793 2439; x_wconf 87' lang='lat' dir='ltr'><strong>ille</strong></span> <span class='ocrx_word' id='word_1_566' title='bbox 2830 2386 3269 2453; x_wconf 83' lang='lat' dir='ltr'><strong>perseveraverit</strong></span> <span class='ocrx_word' id='word_1_567' title='bbox 3299 2386 3515 2455; x_wconf 78' lang='lat' dir='ltr'><strong>pulsans</strong></span> <span class='ocrx_word' id='word_1_568' title='bbox 3540 2401 3552 2436; x_wconf 90' lang='lat'><strong>:</strong></span> <span class='ocrx_word' id='word_1_569' title='bbox 3577 2384 3679 2438; x_wconf 86' lang='lat' dir='ltr'><strong>dico</strong></span> 
     </span>
    </p>
   </div>
   <div class='ocr_carea' id='block_1_68' title="bbox 2146 2478 3682 2549">
    <p class='ocr_par' dir='ltr' id='par_1_68' title="bbox 2146 2478 3682 2549">
     <span class='ocr_line' id='line_1_68' title="bbox 2146 2478 3682 2549; baseline 0.001 -20"><span class='ocrx_word' id='word_1_570' title='bbox 2146 2478 2324 2539; x_wconf 87' lang='lat' dir='ltr'><strong>vobis.</strong></span> <span class='ocrx_word' id='word_1_571' title='bbox 2355 2486 2410 2532; x_wconf 90' lang='lat' dir='ltr'><strong>et</strong></span> <span class='ocrx_word' id='word_1_572' title='bbox 2439 2480 2485 2532; x_wconf 90' lang='lat' dir='ltr'><strong>si</strong></span> <span class='ocrx_word' id='word_1_573' title='bbox 2518 2492 2631 2532; x_wconf 92' lang='lat' dir='ltr'><strong>non</strong></span> <span class='ocrx_word' id='word_1_574' title='bbox 2676 2479 2829 2535; x_wconf 88' lang='lat' dir='ltr'><strong>dabit</strong></span> <span class='ocrx_word' id='word_1_575' title='bbox 2875 2478 2950 2531; x_wconf 91' lang='lat' dir='ltr'><strong>illi</strong></span> <span class='ocrx_word' id='word_1_576' title='bbox 2987 2493 3221 2547; x_wconf 85' lang='lat' dir='ltr'><strong>surgens</strong></span> <span class='ocrx_word' id='word_1_577' title='bbox 3245 2494 3313 2533; x_wconf 90' lang='lat' dir='ltr'><strong>eo</strong></span> <span class='ocrx_word' id='word_1_578' title='bbox 3336 2478 3474 2549; x_wconf 86' lang='lat' dir='ltr'><strong>quod</strong></span> <span class='ocrx_word' id='word_1_579' title='bbox 3506 2478 3682 2532; x_wconf 84' lang='lat' dir='ltr'><strong>amicus</strong></span> 
     </span>
    </p>
   </div>
   <div class='ocr_carea' id='block_1_69' title="bbox 2140 2569 3678 2640">
    <p class='ocr_par' dir='ltr' id='par_1_69' title="bbox 2140 2569 3678 2640">
     <span class='ocr_line' id='line_1_69' title="bbox 2140 2569 3678 2640; baseline 0.003 -16"><span class='ocrx_word' id='word_1_580' title='bbox 2140 2569 2265 2638; x_wconf 89' lang='lat' dir='ltr'><strong>ejus</strong></span> <span class='ocrx_word' id='word_1_581' title='bbox 2291 2570 2382 2635; x_wconf 88' lang='lat' dir='ltr'><strong>sit,</strong></span> <span class='ocrx_word' id='word_1_582' title='bbox 2425 2578 2649 2640; x_wconf 85' lang='lat' dir='ltr'><strong>prepter</strong></span> <span class='ocrx_word' id='word_1_583' title='bbox 2685 2570 3092 2639; x_wconf 85' lang='lat' dir='ltr'><strong>improbitatem</strong></span> <span class='ocrx_word' id='word_1_584' title='bbox 3128 2582 3317 2625; x_wconf 86' lang='lat' dir='ltr'><strong>tamen</strong></span> <span class='ocrx_word' id='word_1_585' title='bbox 3358 2571 3469 2640; x_wconf 88' lang='lat' dir='ltr'><strong>ejus</strong></span> <span class='ocrx_word' id='word_1_586' title='bbox 3503 2577 3678 2637; x_wconf 64' lang='lat' dir='ltr'><strong>surget.</strong></span> 
     </span>
    </p>
   </div>
   <div class='ocr_carea' id='block_1_70' title="bbox 2141 2656 3683 2733">
    <p class='ocr_par' dir='ltr' id='par_1_70' title="bbox 2141 2656 3683 2733">
     <span class='ocr_line' id='line_1_70' title="bbox 2141 2656 3683 2733; baseline -0.003 -16"><span class='ocrx_word' id='word_1_587' title='bbox 2141 2674 2198 2717; x_wconf 81' lang='lat' dir='ltr'><strong>et</strong></span> <span class='ocrx_word' id='word_1_588' title='bbox 2229 2662 2380 2715; x_wconf 83' lang='lat' dir='ltr'><strong>dabit</strong></span> <span class='ocrx_word' id='word_1_589' title='bbox 2418 2662 2491 2716; x_wconf 74' lang='lat' dir='ltr'><strong>illi</strong></span> <span class='ocrx_word' id='word_1_590' title='bbox 2515 2670 2787 2732; x_wconf 87' lang='lat' dir='ltr'><strong>quotquot</strong></span> <span class='ocrx_word' id='word_1_591' title='bbox 2820 2662 2985 2717; x_wconf 85' lang='lat' dir='ltr'><strong>habet</strong></span> <span class='ocrx_word' id='word_1_592' title='bbox 3025 2664 3393 2718; x_wconf 87' lang='lat' dir='ltr'><strong>necessarios.</strong></span> <span class='ocrx_word' id='word_1_593' title='bbox 3428 2661 3594 2733; x_wconf 64' lang='grc' dir='ltr'><strong>[θην.</strong></span> <span class='ocrx_word' id='word_1_594' title='bbox 3618 2656 3683 2727; x_wconf 81' lang='lat'><strong>5.]</strong></span> 
     </span>
    </p>
   </div>
   <div class='ocr_carea' id='block_1_71' title="bbox 2144 2753 3694 2823">
    <p class='ocr_par' dir='ltr' id='par_1_71' title="bbox 2144 2753 3694 2823">
     <span class='ocr_line' id='line_1_71' title="bbox 2144 2753 3694 2823; baseline -0.005 -13"><span class='ocrx_word' id='word_1_595' title='bbox 2144 2757 2209 2810; x_wconf 87' lang='lat' dir='ltr'><strong>Et</strong></span> <span class='ocrx_word' id='word_1_596' title='bbox 2235 2772 2336 2823; x_wconf 72' lang='lat' dir='ltr'><strong>ego</strong></span> <span class='ocrx_word' id='word_1_597' title='bbox 2365 2756 2487 2809; x_wconf 84' lang='lat' dir='ltr'><strong>diro</strong></span> <span class='ocrx_word' id='word_1_598' title='bbox 2518 2756 2671 2810; x_wconf 84' lang='lat' dir='ltr'><strong>vobis</strong></span> <span class='ocrx_word' id='word_1_599' title='bbox 2707 2774 2718 2810; x_wconf 94' lang='lat'><strong>:</strong></span> <span class='ocrx_word' id='word_1_600' title='bbox 2772 2755 2972 2821; x_wconf 76' lang='lat' dir='ltr'><strong>Petite,</strong></span> <span class='ocrx_word' id='word_1_601' title='bbox 3005 2764 3061 2809; x_wconf 89' lang='lat' dir='ltr'><strong>et</strong></span> <span class='ocrx_word' id='word_1_602' title='bbox 3095 2754 3322 2809; x_wconf 84' lang='lat' dir='ltr'><strong>dabitur</strong></span> <span class='ocrx_word' id='word_1_603' title='bbox 3353 2753 3501 2809; x_wconf 78' lang='lat' dir='ltr'><strong>vobis</strong></span> <span class='ocrx_word' id='word_1_604' title='bbox 3528 2766 3694 2819; x_wconf 73' lang='lat' dir='ltr'><strong>:qure-_</strong></span> 
     </span>
    </p>
   </div>
   <div class='ocr_carea' id='block_1_72' title="bbox 2144 2843 3685 2917">
    <p class='ocr_par' dir='ltr' id='par_1_72' title="bbox 2144 2843 3685 2917">
     <span class='ocr_line' id='line_1_72' title="bbox 2144 2843 3685 2917; baseline -0.003 -17"><span class='ocrx_word' id='word_1_605' title='bbox 2144 2851 2268 2909; x_wconf 87' lang='lat' dir='ltr'><strong>rite,</strong></span> <span class='ocrx_word' id='word_1_606' title='bbox 2319 2858 2374 2901; x_wconf 92' lang='lat' dir='ltr'><strong>et</strong></span> <span class='ocrx_word' id='word_1_607' title='bbox 2431 2849 2765 2903; x_wconf 88' lang='lat' dir='ltr'><strong>invenietis:</strong></span> <span class='ocrx_word' id='word_1_608' title='bbox 2827 2848 3061 2917; x_wconf 79' lang='lat' dir='ltr'><strong>pulsate,</strong></span> <span class='ocrx_word' id='word_1_609' title='bbox 3113 2857 3175 2901; x_wconf 90' lang='lat' dir='ltr'><strong>et</strong></span> <span class='ocrx_word' id='word_1_610' title='bbox 3226 2846 3503 2917; x_wconf 85' lang='lat' dir='ltr'><strong>aperietur</strong></span> <span class='ocrx_word' id='word_1_611' title='bbox 3530 2843 3685 2899; x_wconf 85' lang='lat' dir='ltr'><strong>vobis.</strong></span> 
     </span>
    </p>
   </div>
   <div class='ocr_carea' id='block_1_73' title="bbox 2141 2934 3687 3010">
    <p class='ocr_par' dir='ltr' id='par_1_73' title="bbox 2141 2934 3687 3010">
     <span class='ocr_line' id='line_1_73' title="bbox 2141 2934 3687 3010; baseline -0.005 -15"><span class='ocrx_word' id='word_1_612' title='bbox 2141 2939 2337 2995; x_wconf 86' lang='lat' dir='ltr'><strong>Omnis</strong></span> <span class='ocrx_word' id='word_1_613' title='bbox 2366 2941 2511 2995; x_wconf 89' lang='lat' dir='ltr'><strong>enim</strong></span> <span class='ocrx_word' id='word_1_614' title='bbox 2547 2942 2639 3009; x_wconf 89' lang='lat' dir='ltr'><strong>qui</strong></span> <span class='ocrx_word' id='word_1_615' title='bbox 2667 2945 2825 3010; x_wconf 81' lang='lat' dir='ltr'><strong>petit.</strong></span> <span class='ocrx_word' id='word_1_616' title='bbox 2861 2940 3061 3010; x_wconf 85' lang='lat' dir='ltr'><strong>accipit</strong></span> <span class='ocrx_word' id='word_1_617' title='bbox 3091 2955 3108 2998; x_wconf 91' lang='lat'><strong>:</strong></span> <span class='ocrx_word' id='word_1_618' title='bbox 3156 2950 3217 2994; x_wconf 91' lang='lat' dir='ltr'><strong>et</strong></span> <span class='ocrx_word' id='word_1_619' title='bbox 3256 2940 3350 3009; x_wconf 92' lang='lat' dir='ltr'><strong>qui</strong></span> <span class='ocrx_word' id='word_1_620' title='bbox 3386 2937 3588 3003; x_wconf 68' lang='lat' dir='ltr'><strong>quaerit,</strong></span> <span class='ocrx_word' id='word_1_621' title='bbox 3614 2934 3687 2987; x_wconf 85' lang='lat' dir='ltr'><strong>in-</strong></span> 
     </span>
    </p>
   </div>
   <div class='ocr_carea' id='block_1_74' title="bbox 2147 3026 3691 3101">
    <p class='ocr_par' dir='ltr' id='par_1_74' title="bbox 2147 3026 3691 3101">
     <span class='ocr_line' id='line_1_74' title="bbox 2147 3026 3691 3101; baseline -0.002 -20"><span class='ocrx_word' id='word_1_622' title='bbox 2147 3035 2295 3085; x_wconf 82' lang='lat' dir='ltr'><strong>venit</strong></span> <span class='ocrx_word' id='word_1_623' title='bbox 2322 3049 2335 3085; x_wconf 89' lang='lat'><strong>:</strong></span> <span class='ocrx_word' id='word_1_624' title='bbox 2368 3041 2423 3085; x_wconf 87' lang='lat' dir='ltr'><strong>et</strong></span> <span class='ocrx_word' id='word_1_625' title='bbox 2458 3032 2700 3101; x_wconf 83' lang='lat' dir='ltr'><strong>pulsanti</strong></span> <span class='ocrx_word' id='word_1_626' title='bbox 2730 3032 3029 3101; x_wconf 85' lang='lat' dir='ltr'><strong>aperietur.</strong></span> <span class='ocrx_word' id='word_1_627' title='bbox 3087 3030 3226 3097; x_wconf 86' lang='lat' dir='ltr'><strong>Quis</strong></span> <span class='ocrx_word' id='word_1_628' title='bbox 3253 3038 3441 3087; x_wconf 85' lang='lat' dir='ltr'><strong>autem</strong></span> <span class='ocrx_word' id='word_1_629' title='bbox 3471 3044 3533 3083; x_wconf 82' lang='lat' dir='ltr'><strong>ex</strong></span> <span class='ocrx_word' id='word_1_630' title='bbox 3560 3026 3691 3080; x_wconf 85' lang='lat' dir='ltr'><strong>vobis</strong></span> 
     </span>
    </p>
   </div>
   <div class='ocr_carea' id='block_1_75' title="bbox 2092 3114 3691 3195">
    <p class='ocr_par' dir='ltr' id='par_1_75' title="bbox 2092 3114 3691 3195">
     <span class='ocr_line' id='line_1_75' title="bbox 2092 3114 3691 3195; baseline -0.007 -17"><span class='ocrx_word' id='word_1_631' title='bbox 2092 3114 2114 3135; x_wconf 81' lang='grc'><em>⁴</em></span> <span class='ocrx_word' id='word_1_632' title='bbox 2146 3133 2353 3192; x_wconf 89' lang='lat' dir='ltr'><strong>patrem</strong></span> <span class='ocrx_word' id='word_1_633' title='bbox 2404 3125 2542 3195; x_wconf 87' lang='lat' dir='ltr'><strong>petit</strong></span> <span class='ocrx_word' id='word_1_634' title='bbox 2579 3139 2798 3195; x_wconf 86' lang='lat' dir='ltr'><strong>panem,</strong></span> <span class='ocrx_word' id='word_1_635' title='bbox 2841 3123 3090 3193; x_wconf 88' lang='lat' dir='ltr'><strong>nunquid</strong></span> <span class='ocrx_word' id='word_1_636' title='bbox 3129 3124 3375 3194; x_wconf 90' lang='lat' dir='ltr'><strong>lapidem</strong></span> <span class='ocrx_word' id='word_1_637' title='bbox 3424 3120 3568 3176; x_wconf 89' lang='lat' dir='ltr'><strong>dabit</strong></span> <span class='ocrx_word' id='word_1_638' title='bbox 3598 3118 3691 3172; x_wconf 80' lang='lat' dir='ltr'><strong>illi?</strong></span> 
     </span>
    </p>
   </div>
   <div class='ocr_carea' id='block_1_76' title="bbox 2143 3208 3695 3285">
    <p class='ocr_par' dir='ltr' id='par_1_76' title="bbox 2143 3208 3695 3285">
     <span class='ocr_line' id='line_1_76' title="bbox 2143 3208 3695 3285; baseline -0.002 -18"><span class='ocrx_word' id='word_1_639' title='bbox 2143 3216 2253 3269; x_wconf 85' lang='lat' dir='ltr'><strong>Aut</strong></span> <span class='ocrx_word' id='word_1_640' title='bbox 2301 3219 2526 3285; x_wconf 61' lang='lat' dir='ltr'><strong>pisci-ni,</strong></span> <span class='ocrx_word' id='word_1_641' title='bbox 2576 3215 2821 3284; x_wconf 87' lang='lat' dir='ltr'><strong>nunquid</strong></span> <span class='ocrx_word' id='word_1_642' title='bbox 2875 3231 2975 3284; x_wconf 89' lang='lat' dir='ltr'><strong>pro</strong></span> <span class='ocrx_word' id='word_1_643' title='bbox 3021 3218 3172 3285; x_wconf 88' lang='lat' dir='ltr'><strong>pisce</strong></span> <span class='ocrx_word' id='word_1_644' title='bbox 3213 3224 3529 3285; x_wconf 85' lang='lat' dir='ltr'><strong>serpentem</strong></span> <span class='ocrx_word' id='word_1_645' title='bbox 3569 3208 3695 3266; x_wconf 79' lang='lat' dir='ltr'><strong>dabit</strong></span> 
     </span>
    </p>
   </div>
   <div class='ocr_carea' id='block_1_77' title="bbox 2145 3302 3689 3377">
    <p class='ocr_par' dir='ltr' id='par_1_77' title="bbox 2145 3302 3689 3377">
     <span class='ocr_line' id='line_1_77' title="bbox 2145 3302 3689 3377; baseline -0.005 -16"><span class='ocrx_word' id='word_1_646' title='bbox 2145 3308 2262 3362; x_wconf 87' lang='lat' dir='ltr'><strong>illi?</strong></span> <span class='ocrx_word' id='word_1_647' title='bbox 2311 3308 2415 3361; x_wconf 80' lang='lat' dir='ltr'><strong>Ant</strong></span> <span class='ocrx_word' id='word_1_648' title='bbox 2460 3308 2505 3360; x_wconf 90' lang='lat' dir='ltr'><strong>si</strong></span> <span class='ocrx_word' id='word_1_649' title='bbox 2551 3309 2765 3375; x_wconf 87' lang='lat' dir='ltr'><strong>petierit</strong></span> <span class='ocrx_word' id='word_1_650' title='bbox 2814 3323 3021 3374; x_wconf 89' lang='lat' dir='ltr'><strong>ovum,</strong></span> <span class='ocrx_word' id='word_1_651' title='bbox 3068 3308 3329 3377; x_wconf 85' lang='lat' dir='ltr'><strong>nunquid</strong></span> <span class='ocrx_word' id='word_1_652' title='bbox 3382 3302 3689 3376; x_wconf 87' lang='lat' dir='ltr'><strong>porrigetilli</strong></span> 
     </span>
    </p>
   </div>
   <div class='ocr_carea' id='block_1_78' title="bbox 2144 3394 3697 3469">
    <p class='ocr_par' dir='ltr' id='par_1_78' title="bbox 2144 3394 3697 3469">
     <span class='ocr_line' id='line_1_78' title="bbox 2144 3394 3697 3469; baseline -0.006 -15"><span class='ocrx_word' id='word_1_653' title='bbox 2144 3398 2533 3468; x_wconf 84' lang='lat' dir='ltr'><strong>scorpionem?</strong></span> <span class='ocrx_word' id='word_1_654' title='bbox 2584 3398 2641 3454; x_wconf 89' lang='lat' dir='ltr'><strong>Si</strong></span> <span class='ocrx_word' id='word_1_655' title='bbox 2675 3415 2806 3469; x_wconf 82' lang='lat' dir='ltr'><strong>ergo</strong></span> <span class='ocrx_word' id='word_1_656' title='bbox 2848 3414 2947 3453; x_wconf 83' lang='lat' dir='ltr'><strong>vos</strong></span> <span class='ocrx_word' id='word_1_657' title='bbox 2997 3414 3124 3454; x_wconf 88' lang='lat' dir='ltr'><strong>cum</strong></span> <span class='ocrx_word' id='word_1_658' title='bbox 3175 3399 3308 3454; x_wconf 89' lang='lat' dir='ltr'><strong>sitis</strong></span> <span class='ocrx_word' id='word_1_659' title='bbox 3359 3396 3509 3463; x_wconf 87' lang='lat' dir='ltr'><strong>mali,</strong></span> <span class='ocrx_word' id='word_1_660' title='bbox 3547 3394 3697 3453; x_wconf 82' lang='lat' dir='ltr'><strong>nostis</strong></span> 
     </span>
    </p>
   </div>
   <div class='ocr_carea' id='block_1_79' title="bbox 2145 3485 3695 3560">
    <p class='ocr_par' dir='ltr' id='par_1_79' title="bbox 2145 3485 3695 3560">
     <span class='ocr_line' id='line_1_79' title="bbox 2145 3485 3695 3560; baseline -0.008 -15"><span class='ocrx_word' id='word_1_661' title='bbox 2145 3493 2285 3545; x_wconf 86' lang='lat' dir='ltr'><strong>bona</strong></span> <span class='ocrx_word' id='word_1_662' title='bbox 2318 3493 2442 3545; x_wconf 79' lang='lat' dir='ltr'><strong>(lata</strong></span> <span class='ocrx_word' id='word_1_663' title='bbox 2472 3493 2603 3547; x_wconf 89' lang='lat' dir='ltr'><strong>dare</strong></span> <span class='ocrx_word' id='word_1_664' title='bbox 2644 3492 2772 3546; x_wconf 82' lang='lat' dir='ltr'><strong>filiis</strong></span> <span class='ocrx_word' id='word_1_665' title='bbox 2809 3490 3047 3545; x_wconf 87' lang='lat' dir='ltr'><strong>vestris:</strong></span> <span class='ocrx_word' id='word_1_666' title='bbox 3099 3500 3322 3560; x_wconf 88' lang='lat' dir='ltr'><strong>quanto</strong></span> <span class='ocrx_word' id='word_1_667' title='bbox 3364 3487 3530 3556; x_wconf 87' lang='lat' dir='ltr'><strong>magis</strong></span> <span class='ocrx_word' id='word_1_668' title='bbox 3560 3485 3695 3539; x_wconf 85' lang='lat' dir='ltr'><strong>Pater</strong></span> 
     </span>
    </p>
   </div>
   <div class='ocr_carea' id='block_1_80' title="bbox 2145 3576 3697 3651">
    <p class='ocr_par' dir='ltr' id='par_1_80' title="bbox 2145 3576 3697 3651">
     <span class='ocr_line' id='line_1_80' title="bbox 2145 3576 3697 3651; baseline -0.007 -15"><span class='ocrx_word' id='word_1_669' title='bbox 2145 3594 2325 3638; x_wconf 71' lang='lat' dir='ltr'><strong>vester</strong></span> <span class='ocrx_word' id='word_1_670' title='bbox 2373 3585 2440 3638; x_wconf 90' lang='lat' dir='ltr'><strong>de</strong></span> <span class='ocrx_word' id='word_1_671' title='bbox 2489 3584 2630 3639; x_wconf 73' lang='lat' dir='ltr'><strong>crelo</strong></span> <span class='ocrx_word' id='word_1_672' title='bbox 2683 3583 2834 3637; x_wconf 89' lang='lat' dir='ltr'><strong>dabit</strong></span> <span class='ocrx_word' id='word_1_673' title='bbox 2884 3582 3139 3650; x_wconf 88' lang='lat' dir='ltr'><strong>spiritum</strong></span> <span class='ocrx_word' id='word_1_674' title='bbox 3168 3583 3386 3638; x_wconf 87' lang='lat' dir='ltr'><strong>bonum</strong></span> <span class='ocrx_word' id='word_1_675' title='bbox 3416 3576 3697 3651; x_wconf 73' lang='lat' dir='ltr'><strong>petentibus</strong></span> 
     </span>
    </p>
   </div>
   <div class='ocr_carea' id='block_1_81' title="bbox 2143 3667 3694 3747">
    <p class='ocr_par' dir='ltr' id='par_1_81' title="bbox 2143 3667 3694 3747">
     <span class='ocr_line' id='line_1_81' title="bbox 2143 3667 3694 3747; baseline -0.008 -17"><span class='ocrx_word' id='word_1_676' title='bbox 2143 3676 2234 3730; x_wconf 86' lang='lat' dir='ltr'><strong>sel</strong></span> <span class='ocrx_word' id='word_1_677' title='bbox 2267 3674 2475 3747; x_wconf 74' lang='lat' dir='ltr'><strong>[cxxvr,</strong></span> <span class='ocrx_word' id='word_1_678' title='bbox 2509 3674 2590 3746; x_wconf 87' lang='lat'><strong>5.]</strong></span> <span class='ocrx_word' id='word_1_679' title='bbox 2624 3675 2687 3729; x_wconf 88' lang='lat' dir='ltr'><strong>Et</strong></span> <span class='ocrx_word' id='word_1_680' title='bbox 2712 3683 2834 3729; x_wconf 89' lang='lat' dir='ltr'><strong>erat</strong></span> <span class='ocrx_word' id='word_1_681' title='bbox 2860 3675 3091 3740; x_wconf 88' lang='lat' dir='ltr'><strong>ejiciens</strong></span> <span class='ocrx_word' id='word_1_682' title='bbox 3117 3674 3484 3738; x_wconf 65' lang='lat' dir='ltr'><strong>dmmonium,</strong></span> <span class='ocrx_word' id='word_1_683' title='bbox 3518 3679 3569 3724; x_wconf 89' lang='lat' dir='ltr'><strong>et</strong></span> <span class='ocrx_word' id='word_1_684' title='bbox 3590 3667 3694 3720; x_wconf 84' lang='lat' dir='ltr'><strong>illud</strong></span> 
     </span>
    </p>
   </div>
   <div class='ocr_carea' id='block_1_82' title="bbox 2143 3763 3700 3836">
    <p class='ocr_par' dir='ltr' id='par_1_82' title="bbox 2143 3763 3700 3836">
     <span class='ocr_line' id='line_1_82' title="bbox 2143 3763 3700 3836; baseline -0.01 -10"><span class='ocrx_word' id='word_1_685' title='bbox 2143 3778 2262 3826; x_wconf 87' lang='lat' dir='ltr'><strong>crat</strong></span> <span class='ocrx_word' id='word_1_686' title='bbox 2304 3778 2535 3824; x_wconf 88' lang='lat' dir='ltr'><strong>mutum.</strong></span> <span class='ocrx_word' id='word_1_687' title='bbox 2579 3768 2641 3822; x_wconf 85' lang='lat' dir='ltr'><strong>Et</strong></span> <span class='ocrx_word' id='word_1_688' title='bbox 2664 3781 2788 3822; x_wconf 85' lang='lat' dir='ltr'><strong>cum</strong></span> <span class='ocrx_word' id='word_1_689' title='bbox 2819 3766 3077 3836; x_wconf 87' lang='lat' dir='ltr'><strong>ejecisset</strong></span> <span class='ocrx_word' id='word_1_690' title='bbox 3110 3765 3485 3826; x_wconf 58' lang='lat' dir='ltr'><strong>daemonium,</strong></span> <span class='ocrx_word' id='word_1_691' title='bbox 3508 3763 3700 3817; x_wconf 85' lang='lat' dir='ltr'><strong>locutus</strong></span> 
     </span>
    </p>
   </div>
   <div class='ocr_carea' id='block_1_83' title="bbox 2141 3848 3698 3927">
    <p class='ocr_par' dir='ltr' id='par_1_83' title="bbox 2141 3848 3698 3927">
     <span class='ocr_line' id='line_1_83' title="bbox 2141 3848 3698 3927; baseline -0.006 -12"><span class='ocrx_word' id='word_1_692' title='bbox 2141 3870 2227 3915; x_wconf 87' lang='lat' dir='ltr'><strong>est</strong></span> <span class='ocrx_word' id='word_1_693' title='bbox 2270 3870 2474 3924; x_wconf 89' lang='lat' dir='ltr'><strong>mutus,</strong></span> <span class='ocrx_word' id='word_1_694' title='bbox 2527 3868 2584 3914; x_wconf 90' lang='lat' dir='ltr'><strong>et</strong></span> <span class='ocrx_word' id='word_1_695' title='bbox 2623 3857 2908 3915; x_wconf 69' lang='lat' dir='ltr'><strong>admirata:</strong></span> <span class='ocrx_word' id='word_1_696' title='bbox 2958 3868 3090 3912; x_wconf 89' lang='lat' dir='ltr'><strong>sunt</strong></span> <span class='ocrx_word' id='word_1_697' title='bbox 3132 3858 3344 3913; x_wconf 67' lang='lat' dir='ltr'><strong>turbae.</strong></span> <span class='ocrx_word' id='word_1_698' title='bbox 3394 3856 3606 3927; x_wconf 69' lang='lat' dir='ltr'><strong>[curru</strong></span> <span class='ocrx_word' id='word_1_699' title='bbox 3634 3848 3698 3918; x_wconf 70' lang='grc' dir='ltr'><strong>ἓ]-</strong></span> 
     </span>
    </p>
   </div>
   <div class='ocr_carea' id='block_1_84' title="bbox 2144 3943 3704 4021">
    <p class='ocr_par' dir='ltr' id='par_1_84' title="bbox 2144 3943 3704 4021">
     <span class='ocr_line' id='line_1_84' title="bbox 2144 3943 3704 4021; baseline -0.003 -18"><span class='ocrx_word' id='word_1_700' title='bbox 2144 3950 2376 4021; x_wconf 84' lang='lat' dir='ltr'><strong>Quidam</strong></span> <span class='ocrx_word' id='word_1_701' title='bbox 2401 3959 2582 4006; x_wconf 89' lang='lat' dir='ltr'><strong>autem</strong></span> <span class='ocrx_word' id='word_1_702' title='bbox 2612 3966 2677 4006; x_wconf 79' lang='lat' dir='ltr'><strong>ex</strong></span> <span class='ocrx_word' id='word_1_703' title='bbox 2707 3951 2789 4005; x_wconf 89' lang='lat' dir='ltr'><strong>eis</strong></span> <span class='ocrx_word' id='word_1_704' title='bbox 2816 3951 3076 4005; x_wconf 85' lang='lat' dir='ltr'><strong>dixerunt</strong></span> <span class='ocrx_word' id='word_1_705' title='bbox 3100 3966 3116 4005; x_wconf 87' lang='lat'><strong>:</strong></span> <span class='ocrx_word' id='word_1_706' title='bbox 3155 3951 3220 4007; x_wconf 84' lang='lat' dir='ltr'><strong>in</strong></span> <span class='ocrx_word' id='word_1_707' title='bbox 3248 3946 3557 4006; x_wconf 82' lang='lat' dir='ltr'><strong>Beelzebub</strong></span> <span class='ocrx_word' id='word_1_708' title='bbox 3576 3943 3704 4015; x_wconf 66' lang='lat' dir='ltr'><strong>pritr</strong></span> 
     </span>
    </p>
   </div>
   <div class='ocr_carea' id='block_1_85' title="bbox 2143 4036 3704 4115">
    <p class='ocr_par' dir='ltr' id='par_1_85' title="bbox 2143 4036 3704 4115">
     <span class='ocr_line' id='line_1_85' title="bbox 2143 4036 3704 4115; baseline -0.01 -12"><span class='ocrx_word' id='word_1_709' title='bbox 2143 4045 2264 4114; x_wconf 73' lang='lat' dir='ltr'><strong>cipe</strong></span> <span class='ocrx_word' id='word_1_710' title='bbox 2298 4044 2692 4100; x_wconf 76' lang='lat' dir='ltr'><strong>daemoniorum</strong></span> <span class='ocrx_word' id='word_1_711' title='bbox 2735 4044 2887 4113; x_wconf 89' lang='lat' dir='ltr'><strong>ejicit</strong></span> <span class='ocrx_word' id='word_1_712' title='bbox 2927 4045 3232 4100; x_wconf 61' lang='lat' dir='ltr'><strong>daemonia.</strong></span> <span class='ocrx_word' id='word_1_713' title='bbox 3268 4044 3515 4115; x_wconf 66' lang='lat' dir='ltr'><strong>[cxxvnn</strong></span> <span class='ocrx_word' id='word_1_714' title='bbox 3545 4040 3597 4094; x_wconf 87' lang='lat'><strong>5.</strong></span> <span class='ocrx_word' id='word_1_715' title='bbox 3651 4036 3704 4089; x_wconf 81' lang='lat' dir='ltr'><strong>Et</strong></span> 
     </span>
    </p>
   </div>
   <div class='ocr_carea' id='block_1_86' title="bbox 2144 4131 3705 4207">
    <p class='ocr_par' dir='ltr' id='par_1_86' title="bbox 2144 4131 3705 4207">
     <span class='ocr_line' id='line_1_86' title="bbox 2144 4131 3705 4207; baseline -0.006 -15"><span class='ocrx_word' id='word_1_716' title='bbox 2144 4138 2235 4192; x_wconf 87' lang='lat' dir='ltr'><strong>alii</strong></span> <span class='ocrx_word' id='word_1_717' title='bbox 2290 4146 2589 4191; x_wconf 76' lang='lat' dir='ltr'><strong>tentantes.</strong></span> <span class='ocrx_word' id='word_1_718' title='bbox 2642 4136 2861 4207; x_wconf 87' lang='lat' dir='ltr'><strong>signum</strong></span> <span class='ocrx_word' id='word_1_719' title='bbox 2890 4138 2956 4190; x_wconf 94' lang='lat' dir='ltr'><strong>de</strong></span> <span class='ocrx_word' id='word_1_720' title='bbox 3004 4136 3148 4191; x_wconf 74' lang='lat' dir='ltr'><strong>ccelo</strong></span> <span class='ocrx_word' id='word_1_721' title='bbox 3177 4131 3599 4206; x_wconf 83' lang='lat' dir='ltr'><strong>qua-.rebantab</strong></span> <span class='ocrx_word' id='word_1_722' title='bbox 3631 4143 3705 4184; x_wconf 83' lang='lat' dir='ltr'><strong>eo.</strong></span> 
     </span>
    </p>
   </div>
   <div class='ocr_carea' id='block_1_87' title="bbox 2146 4228 3705 4303">
    <p class='ocr_par' dir='ltr' id='par_1_87' title="bbox 2146 4228 3705 4303">
     <span class='ocr_line' id='line_1_87' title="bbox 2146 4228 3705 4303; baseline -0.006 -19"><span class='ocrx_word' id='word_1_723' title='bbox 2146 4228 2449 4303; x_wconf 69' lang='lat' dir='ltr'><strong>[cxsrx.2.]</strong></span> <span class='ocrx_word' id='word_1_724' title='bbox 2474 4228 2597 4297; x_wconf 89' lang='lat' dir='ltr'><strong>Ipse</strong></span> <span class='ocrx_word' id='word_1_725' title='bbox 2626 4238 2839 4294; x_wconf 89' lang='lat' dir='ltr'><strong>autem,</strong></span> <span class='ocrx_word' id='word_1_726' title='bbox 2861 4237 2919 4281; x_wconf 89' lang='lat' dir='ltr'><strong>ut</strong></span> <span class='ocrx_word' id='word_1_727' title='bbox 2950 4228 3086 4283; x_wconf 86' lang='lat' dir='ltr'><strong>vidit</strong></span> <span class='ocrx_word' id='word_1_728' title='bbox 3117 4230 3499 4301; x_wconf 84' lang='lat' dir='ltr'><strong>cogitationes</strong></span> <span class='ocrx_word' id='word_1_729' title='bbox 3517 4238 3705 4285; x_wconf 89' lang='lat' dir='ltr'><strong>eorum,</strong></span> 
     </span>
    </p>
   </div>
   <div class='ocr_carea' id='block_1_88' title="bbox 2144 4314 3704 4391">
    <p class='ocr_par' dir='ltr' id='par_1_88' title="bbox 2144 4314 3704 4391">
     <span class='ocr_line' id='line_1_88' title="bbox 2144 4314 3704 4391; baseline -0.004 -17"><span class='ocrx_word' id='word_1_730' title='bbox 2144 4320 2283 4374; x_wconf 78' lang='lat' dir='ltr'><strong>dixit</strong></span> <span class='ocrx_word' id='word_1_731' title='bbox 2336 4320 2458 4373; x_wconf 86' lang='lat' dir='ltr'><strong>eis:</strong></span> <span class='ocrx_word' id='word_1_732' title='bbox 2497 4318 2674 4373; x_wconf 90' lang='lat' dir='ltr'><strong>Omne</strong></span> <span class='ocrx_word' id='word_1_733' title='bbox 2707 4334 2935 4389; x_wconf 83' lang='lat' dir='ltr'><strong>regnum</strong></span> <span class='ocrx_word' id='word_1_734' title='bbox 2972 4320 3026 4373; x_wconf 90' lang='lat' dir='ltr'><strong>in</strong></span> <span class='ocrx_word' id='word_1_735' title='bbox 3066 4322 3328 4391; x_wconf 85' lang='lat' dir='ltr'><strong>seipsum</strong></span> <span class='ocrx_word' id='word_1_736' title='bbox 3366 4320 3596 4375; x_wconf 85' lang='lat' dir='ltr'><strong>divisum</strong></span> <span class='ocrx_word' id='word_1_737' title='bbox 3624 4314 3704 4368; x_wconf 85' lang='lat' dir='ltr'><strong>de-</strong></span> 
     </span>
    </p>
   </div>
   <div class='ocr_carea' id='block_1_89' title="bbox 462 4403 3707 4479">
    <p class='ocr_par' dir='ltr' id='par_1_89' title="bbox 462 4403 3707 4479">
     <span class='ocr_line' id='line_1_89' title="bbox 462 4403 3707 4479; baseline -0 -15"><span class='ocrx_word' id='word_1_738' title='bbox 462 4408 785 4475; x_wconf 76' lang='lat' dir='ltr'><strong>stahulario,</strong></span> <span class='ocrx_word' id='word_1_739' title='bbox 813 4418 864 4462; x_wconf 92' lang='lat' dir='ltr'><strong>et</strong></span> <span class='ocrx_word' id='word_1_740' title='bbox 895 4408 1013 4462; x_wconf 85' lang='lat' dir='ltr'><strong>ait:</strong></span> <span class='ocrx_word' id='word_1_741' title='bbox 1045 4405 1245 4462; x_wconf 87' lang='lat' dir='ltr'><strong>Curam</strong></span> <span class='ocrx_word' id='word_1_742' title='bbox 1277 4404 1425 4460; x_wconf 90' lang='lat' dir='ltr'><strong>illius</strong></span> <span class='ocrx_word' id='word_1_743' title='bbox 1459 4404 1617 4465; x_wconf 86' lang='lat' dir='ltr'><strong>habe,</strong></span> <span class='ocrx_word' id='word_1_744' title='bbox 1646 4414 1700 4458; x_wconf 90' lang='lat' dir='ltr'><strong>et</strong></span> <span class='ocrx_word' id='word_1_745' title='bbox 1754 4403 2035 4473; x_wconf 85' lang='lat' dir='ltr'><strong>quodcnn-</strong></span> <span class='ocrx_word' id='word_1_746' title='bbox 2072 4421 2114 4473; x_wconf 84' lang='grc' dir='ltr'>ι)</span> <span class='ocrx_word' id='word_1_747' title='bbox 2146 4409 2410 4464; x_wconf 85' lang='lat' dir='ltr'><strong>solabitur</strong></span> <span class='ocrx_word' id='word_1_748' title='bbox 2434 4410 2476 4475; x_wconf 83' lang='grc'><strong>¹,</strong></span> <span class='ocrx_word' id='word_1_749' title='bbox 2496 4408 2764 4464; x_wconf 85' lang='lat' dir='ltr'><strong>etdomus</strong></span> <span class='ocrx_word' id='word_1_750' title='bbox 2794 4424 2959 4479; x_wconf 87' lang='lat' dir='ltr'><strong>supra</strong></span> <span class='ocrx_word' id='word_1_751' title='bbox 2995 4410 3230 4465; x_wconf 90' lang='lat' dir='ltr'><strong>domum</strong></span> <span class='ocrx_word' id='word_1_752' title='bbox 3255 4412 3442 4467; x_wconf 86' lang='lat' dir='ltr'><strong>cadet.</strong></span> <span class='ocrx_word' id='word_1_753' title='bbox 3476 4411 3529 4465; x_wconf 91' lang='lat' dir='ltr'><strong>Si</strong></span> <span class='ocrx_word' id='word_1_754' title='bbox 3552 4418 3707 4462; x_wconf 85' lang='lat' dir='ltr'><strong>autem</strong></span> 
     </span>
    </p>
   </div>
   <div class='ocr_carea' id='block_1_90' title="bbox 463 4497 2037 4571">
    <p class='ocr_par' dir='ltr' id='par_1_90' title="bbox 463 4497 2037 4571">
     <span class='ocr_line' id='line_1_90' title="bbox 463 4497 2037 4571; baseline -0.006 -16"><span class='ocrx_word' id='word_1_755' title='bbox 463 4518 573 4571; x_wconf 87' lang='lat' dir='ltr'><strong>que</strong></span> <span class='ocrx_word' id='word_1_756' title='bbox 629 4500 1131 4570; x_wconf 84' lang='lat' dir='ltr'><strong>supererogaveris,</strong></span> <span class='ocrx_word' id='word_1_757' title='bbox 1194 4512 1295 4566; x_wconf 88' lang='lat' dir='ltr'><strong>ego</strong></span> <span class='ocrx_word' id='word_1_758' title='bbox 1329 4513 1453 4550; x_wconf 91' lang='lat' dir='ltr'><strong>cum</strong></span> <span class='ocrx_word' id='word_1_759' title='bbox 1513 4498 1748 4561; x_wconf 85' lang='lat' dir='ltr'><strong>rediero,</strong></span> <span class='ocrx_word' id='word_1_760' title='bbox 1815 4497 2037 4550; x_wconf 89' lang='lat' dir='ltr'><strong>reddam</strong></span> 
     </span>
    </p>
   </div>
   <div class='ocr_carea' id='block_1_91' title="bbox 465 4584 2040 4656">
    <p class='ocr_par' dir='ltr' id='par_1_91' title="bbox 465 4584 2040 4656">
     <span class='ocr_line' id='line_1_91' title="bbox 465 4584 2040 4656; baseline -0.004 -11"><span class='ocrx_word' id='word_1_761' title='bbox 465 4592 585 4646; x_wconf 84' lang='lat' dir='ltr'><strong>tibi.</strong></span> <span class='ocrx_word' id='word_1_762' title='bbox 621 4591 751 4656; x_wconf 81' lang='lat' dir='ltr'><strong>Quis</strong></span> <span class='ocrx_word' id='word_1_763' title='bbox 785 4590 977 4645; x_wconf 85' lang='lat' dir='ltr'><strong>borum</strong></span> <span class='ocrx_word' id='word_1_764' title='bbox 1003 4588 1171 4641; x_wconf 88' lang='lat' dir='ltr'><strong>trium</strong></span> <span class='ocrx_word' id='word_1_765' title='bbox 1201 4587 1412 4643; x_wconf 87' lang='lat' dir='ltr'><strong>videtur</strong></span> <span class='ocrx_word' id='word_1_766' title='bbox 1443 4587 1538 4639; x_wconf 89' lang='lat' dir='ltr'><strong>tibi</strong></span> <span class='ocrx_word' id='word_1_767' title='bbox 1576 4588 1854 4653; x_wconf 77' lang='lat' dir='ltr'><strong>proximus</strong></span> <span class='ocrx_word' id='word_1_768' title='bbox 1877 4584 2040 4639; x_wconf 81' lang='lat' dir='ltr'><strong>fuisse</strong></span> 
     </span>
    </p>
   </div>
   <div class='ocr_carea' id='block_1_92' title="bbox 464 4676 2042 4750">
    <p class='ocr_par' dir='ltr' id='par_1_92' title="bbox 464 4676 2042 4750">
     <span class='ocr_line' id='line_1_92' title="bbox 464 4676 2042 4750; baseline -0.008 -11"><span class='ocrx_word' id='word_1_769' title='bbox 464 4683 542 4739; x_wconf 87' lang='lat' dir='ltr'><strong>illi</strong></span> <span class='ocrx_word' id='word_1_770' title='bbox 577 4683 670 4750; x_wconf 85' lang='lat' dir='ltr'><strong>qui</strong></span> <span class='ocrx_word' id='word_1_771' title='bbox 732 4679 922 4735; x_wconf 86' lang='lat' dir='ltr'><strong>incidit</strong></span> <span class='ocrx_word' id='word_1_772' title='bbox 956 4678 1008 4733; x_wconf 87' lang='lat' dir='ltr'><strong>in</strong></span> <span class='ocrx_word' id='word_1_773' title='bbox 1043 4677 1322 4731; x_wconf 85' lang='lat' dir='ltr'><strong>latrones?</strong></span> <span class='ocrx_word' id='word_1_774' title='bbox 1347 4678 1436 4730; x_wconf 81' lang='lat' dir='ltr'><strong>Ait</strong></span> <span class='ocrx_word' id='word_1_775' title='bbox 1469 4677 1559 4731; x_wconf 82' lang='lat' dir='ltr'><strong>ille</strong></span> <span class='ocrx_word' id='word_1_776' title='bbox 1584 4676 1760 4731; x_wconf 73' lang='lat' dir='ltr'><strong>dixit:</strong></span> <span class='ocrx_word' id='word_1_777' title='bbox 1794 4676 1883 4742; x_wconf 84' lang='lat' dir='ltr'><strong>qni</strong></span> <span class='ocrx_word' id='word_1_778' title='bbox 1914 4676 2042 4729; x_wconf 80' lang='lat' dir='ltr'><strong>fecit</strong></span> 
     </span>
    </p>
   </div>
   <div class='ocr_carea' id='block_1_93' title="bbox 466 4770 2042 4832">
    <p class='ocr_par' dir='ltr' id='par_1_93' title="bbox 466 4770 2042 4832">
     <span class='ocr_line' id='line_1_93' title="bbox 466 4770 2042 4832; baseline -0.004 -1"><span class='ocrx_word' id='word_1_779' title='bbox 466 4776 901 4832; x_wconf 86' lang='lat' dir='ltr'><strong>misericordiam</strong></span> <span class='ocrx_word' id='word_1_780' title='bbox 940 4775 995 4828; x_wconf 90' lang='lat' dir='ltr'><strong>in</strong></span> <span class='ocrx_word' id='word_1_781' title='bbox 1034 4774 1208 4828; x_wconf 90' lang='lat' dir='ltr'><strong>illum.</strong></span> <span class='ocrx_word' id='word_1_782' title='bbox 1240 4774 1303 4828; x_wconf 85' lang='lat' dir='ltr'><strong>Et</strong></span> <span class='ocrx_word' id='word_1_783' title='bbox 1338 4776 1413 4826; x_wconf 89' lang='lat' dir='ltr'><strong>ait</strong></span> <span class='ocrx_word' id='word_1_784' title='bbox 1449 4772 1523 4825; x_wconf 90' lang='lat' dir='ltr'><strong>illi</strong></span> <span class='ocrx_word' id='word_1_785' title='bbox 1559 4772 1718 4825; x_wconf 82' lang='lat' dir='ltr'><strong>.Icsus</strong></span> <span class='ocrx_word' id='word_1_786' title='bbox 1748 4791 1759 4824; x_wconf 92' lang='lat'><strong>:</strong></span> <span class='ocrx_word' id='word_1_787' title='bbox 1806 4770 1953 4826; x_wconf 83' lang='lat' dir='ltr'><strong>Vade</strong></span> <span class='ocrx_word' id='word_1_788' title='bbox 1987 4781 2042 4824; x_wconf 89' lang='lat' dir='ltr'><strong>et</strong></span> 
     </span>
    </p>
   </div>
   <div class='ocr_carea' id='block_1_94' title="bbox 466 4864 2042 4926">
    <p class='ocr_par' dir='ltr' id='par_1_94' title="bbox 466 4864 2042 4926">
     <span class='ocr_line' id='line_1_94' title="bbox 466 4864 2042 4926; baseline -0.004 -4"><span class='ocrx_word' id='word_1_789' title='bbox 466 4879 527 4923; x_wconf 86' lang='lat' dir='ltr'><strong>tu</strong></span> <span class='ocrx_word' id='word_1_790' title='bbox 554 4867 639 4923; x_wconf 87' lang='lat' dir='ltr'><strong>fac</strong></span> <span class='ocrx_word' id='word_1_791' title='bbox 668 4866 942 4922; x_wconf 86' lang='lat' dir='ltr'><strong>similiter.</strong></span> <span class='ocrx_word' id='word_1_792' title='bbox 973 4865 1195 4919; x_wconf 87' lang='lat' dir='ltr'><strong>Factum</strong></span> <span class='ocrx_word' id='word_1_793' title='bbox 1227 4872 1312 4919; x_wconf 92' lang='lat' dir='ltr'><strong>est</strong></span> <span class='ocrx_word' id='word_1_794' title='bbox 1340 4873 1546 4926; x_wconf 88' lang='lat' dir='ltr'><strong>autem,</strong></span> <span class='ocrx_word' id='word_1_795' title='bbox 1602 4867 1735 4916; x_wconf 89' lang='lat' dir='ltr'><strong>dum</strong></span> <span class='ocrx_word' id='word_1_796' title='bbox 1791 4864 1952 4923; x_wconf 88' lang='lat' dir='ltr'><strong>irent,</strong></span> <span class='ocrx_word' id='word_1_797' title='bbox 1987 4873 2042 4917; x_wconf 90' lang='lat' dir='ltr'><strong>et</strong></span> 
     </span>
    </p>
   </div>
   <div class='ocr_carea' id='block_1_95' title="bbox 468 4956 2043 5031">
    <p class='ocr_par' dir='ltr' id='par_1_95' title="bbox 468 4956 2043 5031">
     <span class='ocr_line' id='line_1_95' title="bbox 468 4956 2043 5031; baseline -0.004 -15"><span class='ocrx_word' id='word_1_798' title='bbox 468 4964 583 5031; x_wconf 90' lang='lat' dir='ltr'><strong>ipse</strong></span> <span class='ocrx_word' id='word_1_799' title='bbox 636 4959 863 5013; x_wconf 83' lang='lat' dir='ltr'><strong>intravit</strong></span> <span class='ocrx_word' id='word_1_800' title='bbox 902 4957 956 5013; x_wconf 92' lang='lat' dir='ltr'><strong>in</strong></span> <span class='ocrx_word' id='word_1_801' title='bbox 1020 4956 1296 5026; x_wconf 84' lang='lat' dir='ltr'><strong>qttnddam</strong></span> <span class='ocrx_word' id='word_1_802' title='bbox 1338 4956 1672 5011; x_wconf 88' lang='lat' dir='ltr'><strong>castellum:</strong></span> <span class='ocrx_word' id='word_1_803' title='bbox 1738 4968 1792 5010; x_wconf 92' lang='lat' dir='ltr'><strong>et</strong></span> <span class='ocrx_word' id='word_1_804' title='bbox 1846 4958 2043 5011; x_wconf 90' lang='lat' dir='ltr'><strong>mulier</strong></span> 
     </span>
    </p>
   </div>
   <div class='ocr_carea' id='block_1_96' title="bbox 462 5048 2042 5124">
    <p class='ocr_par' dir='ltr' id='par_1_96' title="bbox 462 5048 2042 5124">
     <span class='ocr_line' id='line_1_96' title="bbox 462 5048 2042 5124; baseline -0.003 -17"><span class='ocrx_word' id='word_1_805' title='bbox 462 5053 711 5124; x_wconf 78' lang='lat' dir='ltr'><strong>qua-dam</strong></span> <span class='ocrx_word' id='word_1_806' title='bbox 745 5050 950 5109; x_wconf 79' lang='lat' dir='ltr'><strong>Martha</strong></span> <span class='ocrx_word' id='word_1_807' title='bbox 992 5052 1237 5111; x_wconf 66' lang='lat' dir='ltr'><strong>nomine,</strong></span> <span class='ocrx_word' id='word_1_808' title='bbox 1268 5049 1485 5118; x_wconf 78' lang='lat' dir='ltr'><strong>excepit</strong></span> <span class='ocrx_word' id='word_1_809' title='bbox 1519 5048 1675 5103; x_wconf 92' lang='lat' dir='ltr'><strong>illum</strong></span> <span class='ocrx_word' id='word_1_810' title='bbox 1731 5049 1784 5104; x_wconf 91' lang='lat' dir='ltr'><strong>in</strong></span> <span class='ocrx_word' id='word_1_811' title='bbox 1816 5049 2042 5103; x_wconf 87' lang='lat' dir='ltr'><strong>domum</strong></span> 
     </span>
    </p>
   </div>
   <div class='ocr_carea' id='block_1_97' title="bbox 462 5143 2043 5211">
    <p class='ocr_par' dir='ltr' id='par_1_97' title="bbox 462 5143 2043 5211">
     <span class='ocr_line' id='line_1_97' title="bbox 462 5143 2043 5211; baseline -0.005 -6"><span class='ocrx_word' id='word_1_812' title='bbox 462 5164 616 5205; x_wconf 86' lang='lat' dir='ltr'><strong>suam</strong></span> <span class='ocrx_word' id='word_1_813' title='bbox 650 5164 663 5201; x_wconf 87' lang='lat'><strong>:</strong></span> <span class='ocrx_word' id='word_1_814' title='bbox 703 5157 759 5201; x_wconf 90' lang='lat' dir='ltr'><strong>ct</strong></span> <span class='ocrx_word' id='word_1_815' title='bbox 816 5146 945 5201; x_wconf 89' lang='lat' dir='ltr'><strong>huic</strong></span> <span class='ocrx_word' id='word_1_816' title='bbox 1002 5156 1118 5199; x_wconf 86' lang='lat' dir='ltr'><strong>erat</strong></span> <span class='ocrx_word' id='word_1_817' title='bbox 1156 5160 1315 5198; x_wconf 88' lang='lat' dir='ltr'><strong>soror</strong></span> <span class='ocrx_word' id='word_1_818' title='bbox 1375 5143 1597 5198; x_wconf 91' lang='lat' dir='ltr'><strong>nomine</strong></span> <span class='ocrx_word' id='word_1_819' title='bbox 1652 5143 1816 5196; x_wconf 77' lang='lat' dir='ltr'><strong>Maria</strong></span> <span class='ocrx_word' id='word_1_820' title='bbox 1849 5182 1865 5207; x_wconf 91' lang='lat'><strong>,</strong></span> <span class='ocrx_word' id='word_1_821' title='bbox 1921 5158 2043 5211; x_wconf 65' lang='lat' dir='ltr'><strong>quae</strong></span> 
     </span>
    </p>
   </div>
   <div class='ocr_carea' id='block_1_98' title="bbox 465 5235 2041 5306">
    <p class='ocr_par' dir='ltr' id='par_1_98' title="bbox 465 5235 2041 5306">
     <span class='ocr_line' id='line_1_98' title="bbox 465 5235 2041 5306; baseline -0.007 -9"><span class='ocrx_word' id='word_1_822' title='bbox 465 5242 631 5301; x_wconf 81' lang='lat' dir='ltr'><strong>etiam</strong></span> <span class='ocrx_word' id='word_1_823' title='bbox 663 5240 862 5299; x_wconf 86' lang='lat' dir='ltr'><strong>sedens</strong></span> <span class='ocrx_word' id='word_1_824' title='bbox 890 5253 1053 5292; x_wconf 88' lang='lat' dir='ltr'><strong>secus</strong></span> <span class='ocrx_word' id='word_1_825' title='bbox 1082 5237 1249 5306; x_wconf 76' lang='lat' dir='ltr'><strong>pedes</strong></span> <span class='ocrx_word' id='word_1_826' title='bbox 1269 5236 1507 5300; x_wconf 90' lang='lat' dir='ltr'><strong>Domini,</strong></span> <span class='ocrx_word' id='word_1_827' title='bbox 1532 5235 1790 5290; x_wconf 89' lang='lat' dir='ltr'><strong>audiebat</strong></span> <span class='ocrx_word' id='word_1_828' title='bbox 1815 5235 2041 5288; x_wconf 89' lang='lat' dir='ltr'><strong>verbum</strong></span> 
     </span>
    </p>
   </div>
   <div class='ocr_carea' id='block_1_99' title="bbox 467 5323 2081 5395">
    <p class='ocr_par' dir='ltr' id='par_1_99' title="bbox 467 5323 2081 5395">
     <span class='ocr_line' id='line_1_99' title="bbox 467 5323 2081 5395; baseline -0.006 -7"><span class='ocrx_word' id='word_1_829' title='bbox 467 5334 638 5390; x_wconf 84' lang='lat' dir='ltr'><strong>illius.</strong></span> <span class='ocrx_word' id='word_1_830' title='bbox 674 5330 883 5384; x_wconf 78' lang='lat' dir='ltr'><strong>Martha</strong></span> <span class='ocrx_word' id='word_1_831' title='bbox 915 5338 1097 5382; x_wconf 90' lang='lat' dir='ltr'><strong>autem</strong></span> <span class='ocrx_word' id='word_1_832' title='bbox 1138 5325 1424 5394; x_wconf 85' lang='lat' dir='ltr'><strong>satagebat</strong></span> <span class='ocrx_word' id='word_1_833' title='bbox 1457 5325 1599 5380; x_wconf 80' lang='lat' dir='ltr'><strong>circa</strong></span> <span class='ocrx_word' id='word_1_834' title='bbox 1643 5323 1905 5395; x_wconf 88' lang='lat' dir='ltr'><strong>frequens</strong></span> <span class='ocrx_word' id='word_1_835' title='bbox 1942 5323 2044 5379; x_wconf 84' lang='lat' dir='ltr'><strong>mi-</strong></span> <span class='ocrx_word' id='word_1_836' title='bbox 2078 5336 2081 5337; x_wconf 71' lang='lat'><strong><em>&#39;</em></strong></span> 
     </span>
    </p>
   </div>
   <div class='ocr_carea' id='block_1_100' title="bbox 535 5482 2042 5557">
    <p class='ocr_par' dir='ltr' id='par_1_100' title="bbox 535 5482 2042 5557">
     <span class='ocr_line' id='line_1_100' title="bbox 535 5482 2042 5557; baseline -0.006 -13"><span class='ocrx_word' id='word_1_837' title='bbox 535 5492 548 5522; x_wconf 88' lang='grc'>¹</span> <span class='ocrx_word' id='word_1_838' title='bbox 590 5491 821 5544; x_wconf 82' lang='lat' dir='ltr'><strong>Additur</strong></span> <span class='ocrx_word' id='word_1_839' title='bbox 843 5499 901 5542; x_wconf 86' lang='lat' dir='ltr'><strong>et</strong></span> <span class='ocrx_word' id='word_1_840' title='bbox 925 5506 974 5541; x_wconf 89' lang='grc' dir='ltr'><strong>ιιι</strong></span> <span class='ocrx_word' id='word_1_841' title='bbox 999 5488 1277 5557; x_wconf 87' lang='lat' dir='ltr'><strong>plerisque</strong></span> <span class='ocrx_word' id='word_1_842' title='bbox 1302 5485 1503 5540; x_wconf 65' lang='lat' dir='ltr'><strong>Graecis</strong></span> <span class='ocrx_word' id='word_1_843' title='bbox 1528 5482 1813 5557; x_wconf 79' lang='lat' dir='ltr'><strong>codicibus</strong></span> <span class='ocrx_word' id='word_1_844' title='bbox 1834 5482 1923 5535; x_wconf 82' lang='lat' dir='ltr'><strong>illa</strong></span> <span class='ocrx_word' id='word_1_845' title='bbox 1950 5498 2042 5549; x_wconf 74' lang='lat' dir='ltr'><strong>pc-</strong></span> 
     </span>
    </p>
   </div>
   <div class='ocr_carea' id='block_1_101' title="bbox 467 5552 2040 5628">
    <p class='ocr_par' dir='ltr' id='par_1_101' title="bbox 467 5552 2040 5628">
     <span class='ocr_line' id='line_1_101' title="bbox 467 5552 2040 5628; baseline -0.005 -15"><span class='ocrx_word' id='word_1_846' title='bbox 467 5563 676 5628; x_wconf 73' lang='lat' dir='ltr'><strong>rieope,</strong></span> <span class='ocrx_word' id='word_1_847' title='bbox 710 5559 806 5626; x_wconf 76' lang='lat' dir='ltr'><strong>[int</strong></span> <span class='ocrx_word' id='word_1_848' title='bbox 842 5552 1084 5612; x_wconf 64' lang='lat' dir='ltr'><strong>uoluntas</strong></span> <span class='ocrx_word' id='word_1_849' title='bbox 1113 5552 1204 5611; x_wconf 74' lang='lat' dir='ltr'><strong>turi</strong></span> <span class='ocrx_word' id='word_1_850' title='bbox 1231 5559 1370 5628; x_wconf 5' lang='lat' dir='ltr'><strong>sicut,</strong></span> <span class='ocrx_word' id='word_1_851' title='bbox 1401 5559 1453 5607; x_wconf 84' lang='lat' dir='ltr'><strong>in</strong></span> <span class='ocrx_word' id='word_1_852' title='bbox 1509 5552 1639 5628; x_wconf 72' lang='lat' dir='ltr'><strong>caelo</strong></span> <span class='ocrx_word' id='word_1_853' title='bbox 1684 5553 1818 5628; x_wconf 38' lang='lat' dir='ltr'><strong>et‘in</strong></span> <span class='ocrx_word' id='word_1_854' title='bbox 1874 5562 2040 5628; x_wconf 74' lang='lat' dir='ltr'><strong>terra,</strong></span> 
     </span>
    </p>
   </div>
   <div class='ocr_carea' id='block_1_102' title="bbox 468 5623 2041 5697">
    <p class='ocr_par' dir='ltr' id='par_1_102' title="bbox 468 5623 2041 5697">
     <span class='ocr_line' id='line_1_102' title="bbox 468 5623 2041 5697; baseline -0.004 -18"><span class='ocrx_word' id='word_1_855' title='bbox 468 5623 754 5697; x_wconf 55' lang='grc' dir='ltr'><strong>γενήθήτὼ</strong></span> <span class='ocrx_word' id='word_1_856' title='bbox 804 5631 865 5679; x_wconf 83' lang='grc' dir='ltr'>τὸ</span> <span class='ocrx_word' id='word_1_857' title='bbox 915 5629 1131 5697; x_wconf 76' lang='grc' dir='ltr'><strong>θέλημὰ</strong></span> <span class='ocrx_word' id='word_1_858' title='bbox 1193 5644 1312 5691; x_wconf 84' lang='grc' dir='ltr'><strong>σου,</strong></span> <span class='ocrx_word' id='word_1_859' title='bbox 1347 5627 1421 5687; x_wconf 84' lang='grc' dir='ltr'>ὼς</span> <span class='ocrx_word' id='word_1_860' title='bbox 1452 5628 1510 5677; x_wconf 81' lang='grc' dir='ltr'><strong>ἐν</strong></span> <span class='ocrx_word' id='word_1_861' title='bbox 1545 5623 1791 5697; x_wconf 53' lang='grc' dir='ltr'><strong>εὑρᾳνῷ,</strong></span> <span class='ocrx_word' id='word_1_862' title='bbox 1825 5625 2041 5697; x_wconf 35' lang='grc' dir='ltr'><strong>καὶ-ἐπὶ</strong></span> 
     </span>
    </p>
   </div>
   <div class='ocr_carea' id='block_1_103' title="bbox 464 5693 2045 5765">
    <p class='ocr_par' dir='ltr' id='par_1_103' title="bbox 464 5693 2045 5765">
     <span class='ocr_line' id='line_1_103' title="bbox 464 5693 2045 5765; baseline -0.002 -15"><span class='ocrx_word' id='word_1_863' title='bbox 464 5693 563 5765; x_wconf 61' lang='grc' dir='ltr'><strong>τῆς</strong></span> <span class='ocrx_word' id='word_1_864' title='bbox 589 5693 726 5764; x_wconf 67' lang='grc' dir='ltr'><strong>⁷γῆς.</strong></span> <span class='ocrx_word' id='word_1_865' title='bbox 774 5698 891 5752; x_wconf 71' lang='lat' dir='ltr'><strong>Mox</strong></span> <span class='ocrx_word' id='word_1_866' title='bbox 925 5709 979 5751; x_wconf 89' lang='lat' dir='ltr'><strong>et</strong></span> <span class='ocrx_word' id='word_1_867' title='bbox 1023 5693 1132 5753; x_wconf 79' lang='lat' dir='ltr'><strong>duo</strong></span> <span class='ocrx_word' id='word_1_868' title='bbox 1181 5712 1338 5763; x_wconf 71' lang='lat' dir='ltr'><strong>mss,</strong></span> <span class='ocrx_word' id='word_1_869' title='bbox 1370 5711 1512 5753; x_wconf 88' lang='lat' dir='ltr'><strong>unus</strong></span> <span class='ocrx_word' id='word_1_870' title='bbox 1545 5693 1866 5761; x_wconf 78' lang='lat' dir='ltr'><strong>Vaticanus,</strong></span> <span class='ocrx_word' id='word_1_871' title='bbox 1904 5693 2045 5747; x_wconf 80' lang='lat' dir='ltr'><strong>alter</strong></span> 
     </span>
    </p>
   </div>
   <div class='ocr_carea' id='block_1_104' title="bbox 2144 4496 3711 4571">
    <p class='ocr_par' dir='ltr' id='par_1_104' title="bbox 2144 4496 3711 4571">
     <span class='ocr_line' id='line_1_104' title="bbox 2144 4496 3711 4571; baseline -0.005 -16"><span class='ocrx_word' id='word_1_872' title='bbox 2144 4513 2199 4556; x_wconf 76' lang='grc' dir='ltr'><strong>«οι</strong></span> <span class='ocrx_word' id='word_1_873' title='bbox 2232 4503 2464 4563; x_wconf 84' lang='lat' dir='ltr'><strong>Satanas</strong></span> <span class='ocrx_word' id='word_1_874' title='bbox 2506 4500 2559 4555; x_wconf 91' lang='lat' dir='ltr'><strong>in</strong></span> <span class='ocrx_word' id='word_1_875' title='bbox 2596 4500 2840 4569; x_wconf 88' lang='lat' dir='ltr'><strong>seipsum</strong></span> <span class='ocrx_word' id='word_1_876' title='bbox 2877 4500 3086 4554; x_wconf 84' lang='lat' dir='ltr'><strong>divisus</strong></span> <span class='ocrx_word' id='word_1_877' title='bbox 3112 4511 3233 4562; x_wconf 89' lang='lat' dir='ltr'><strong>est,</strong></span> <span class='ocrx_word' id='word_1_878' title='bbox 3262 4502 3542 4571; x_wconf 88' lang='lat' dir='ltr'><strong>quomodo</strong></span> <span class='ocrx_word' id='word_1_879' title='bbox 3566 4496 3711 4552; x_wconf 83' lang='lat' dir='ltr'><strong>stabit</strong></span> 
     </span>
    </p>
   </div>
   <div class='ocr_carea' id='block_1_105' title="bbox 2148 4591 3712 4669">
    <p class='ocr_par' dir='ltr' id='par_1_105' title="bbox 2148 4591 3712 4669">
     <span class='ocr_line' id='line_1_105' title="bbox 2148 4591 3712 4669; baseline -0.005 -20"><span class='ocrx_word' id='word_1_880' title='bbox 2148 4611 2378 4669; x_wconf 79' lang='lat' dir='ltr'><strong>regnum</strong></span> <span class='ocrx_word' id='word_1_881' title='bbox 2408 4594 2570 4664; x_wconf 84' lang='lat' dir='ltr'><strong>ejus?</strong></span> <span class='ocrx_word' id='word_1_882' title='bbox 2601 4593 2728 4663; x_wconf 90' lang='lat' dir='ltr'><strong>quia</strong></span> <span class='ocrx_word' id='word_1_883' title='bbox 2764 4592 2952 4647; x_wconf 67' lang='lat' dir='ltr'><strong>dicitis</strong></span> <span class='ocrx_word' id='word_1_884' title='bbox 2993 4593 3046 4646; x_wconf 93' lang='lat' dir='ltr'><strong>in</strong></span> <span class='ocrx_word' id='word_1_885' title='bbox 3081 4591 3415 4651; x_wconf 80' lang='lat' dir='ltr'><strong>Beelzebub</strong></span> <span class='ocrx_word' id='word_1_886' title='bbox 3443 4609 3528 4647; x_wconf 90' lang='lat' dir='ltr'><strong>me</strong></span> <span class='ocrx_word' id='word_1_887' title='bbox 3545 4593 3712 4661; x_wconf 81' lang='lat' dir='ltr'><strong>ejicere</strong></span> 
     </span>
    </p>
   </div>
   <div class='ocr_carea' id='block_1_106' title="bbox 2145 4683 3711 4757">
    <p class='ocr_par' dir='ltr' id='par_1_106' title="bbox 2145 4683 3711 4757">
     <span class='ocr_line' id='line_1_106' title="bbox 2145 4683 3711 4757; baseline -0.006 -17"><span class='ocrx_word' id='word_1_888' title='bbox 2145 4687 2436 4740; x_wconf 72' lang='lat' dir='ltr'><strong>ila-monia.</strong></span> <span class='ocrx_word' id='word_1_889' title='bbox 2476 4687 2533 4740; x_wconf 75' lang='lat' dir='ltr'><strong>Si</strong></span> <span class='ocrx_word' id='word_1_890' title='bbox 2560 4696 2741 4739; x_wconf 87' lang='lat' dir='ltr'><strong>autem</strong></span> <span class='ocrx_word' id='word_1_891' title='bbox 2772 4699 2874 4754; x_wconf 79' lang='lat' dir='ltr'><strong>ego</strong></span> <span class='ocrx_word' id='word_1_892' title='bbox 2900 4684 2954 4741; x_wconf 90' lang='lat' dir='ltr'><strong>in</strong></span> <span class='ocrx_word' id='word_1_893' title='bbox 2992 4683 3316 4740; x_wconf 81' lang='lat' dir='ltr'><strong>Beelzebub</strong></span> <span class='ocrx_word' id='word_1_894' title='bbox 3353 4686 3514 4757; x_wconf 86' lang='lat' dir='ltr'><strong>cjicio</strong></span> <span class='ocrx_word' id='word_1_895' title='bbox 3540 4683 3711 4735; x_wconf 60' lang='lat' dir='ltr'><strong>daemo-</strong></span> 
     </span>
    </p>
   </div>
   <div class='ocr_carea' id='block_1_107' title="bbox 2147 4774 3713 4848">
    <p class='ocr_par' dir='ltr' id='par_1_107' title="bbox 2147 4774 3713 4848">
     <span class='ocr_line' id='line_1_107' title="bbox 2147 4774 3713 4848; baseline -0.004 -16"><span class='ocrx_word' id='word_1_896' title='bbox 2147 4779 2236 4832; x_wconf 87' lang='lat' dir='ltr'><strong>nia</strong></span> <span class='ocrx_word' id='word_1_897' title='bbox 2270 4799 2282 4832; x_wconf 89' lang='lat'><strong>:</strong></span> <span class='ocrx_word' id='word_1_898' title='bbox 2331 4778 2425 4831; x_wconf 84' lang='lat' dir='ltr'><strong>lilii</strong></span> <span class='ocrx_word' id='word_1_899' title='bbox 2477 4777 2641 4831; x_wconf 86' lang='lat' dir='ltr'><strong>vestri</strong></span> <span class='ocrx_word' id='word_1_900' title='bbox 2672 4777 2727 4830; x_wconf 91' lang='lat' dir='ltr'><strong>in</strong></span> <span class='ocrx_word' id='word_1_901' title='bbox 2764 4791 2877 4844; x_wconf 87' lang='lat' dir='ltr'><strong>quo</strong></span> <span class='ocrx_word' id='word_1_902' title='bbox 2914 4775 3195 4844; x_wconf 76' lang='lat' dir='ltr'><strong>ejicittnt‘.’</strong></span> <span class='ocrx_word' id='word_1_903' title='bbox 3228 4777 3362 4833; x_wconf 78' lang='lat' dir='ltr'><strong>Ideo</strong></span> <span class='ocrx_word' id='word_1_904' title='bbox 3398 4774 3713 4848; x_wconf 74' lang='lat' dir='ltr'><strong>ipsijudices</strong></span> 
     </span>
    </p>
   </div>
   <div class='ocr_carea' id='block_1_108' title="bbox 2147 4862 3713 4938">
    <p class='ocr_par' dir='ltr' id='par_1_108' title="bbox 2147 4862 3713 4938">
     <span class='ocr_line' id='line_1_108' title="bbox 2147 4862 3713 4938; baseline -0.006 -17"><span class='ocrx_word' id='word_1_905' title='bbox 2147 4870 2312 4922; x_wconf 78' lang='lat' dir='ltr'><strong>veStri</strong></span> <span class='ocrx_word' id='word_1_906' title='bbox 2337 4876 2521 4920; x_wconf 84' lang='lat' dir='ltr'><strong>erunt.</strong></span> <span class='ocrx_word' id='word_1_907' title='bbox 2553 4865 2721 4919; x_wconf 81' lang='lat' dir='ltr'><strong>Porro</strong></span> <span class='ocrx_word' id='word_1_908' title='bbox 2750 4866 2795 4918; x_wconf 86' lang='lat' dir='ltr'><strong>si</strong></span> <span class='ocrx_word' id='word_1_909' title='bbox 2827 4867 2880 4918; x_wconf 92' lang='lat' dir='ltr'><strong>in</strong></span> <span class='ocrx_word' id='word_1_910' title='bbox 2914 4865 3085 4935; x_wconf 79' lang='lat' dir='ltr'><strong>digito</strong></span> <span class='ocrx_word' id='word_1_911' title='bbox 3104 4866 3205 4921; x_wconf 87' lang='lat' dir='ltr'><strong>Dei</strong></span> <span class='ocrx_word' id='word_1_912' title='bbox 3239 4868 3415 4938; x_wconf 89' lang='lat' dir='ltr'><strong>ejieio</strong></span> <span class='ocrx_word' id='word_1_913' title='bbox 3437 4862 3713 4921; x_wconf 68' lang='lat' dir='ltr'><strong>daemonia:</strong></span> 
     </span>
    </p>
   </div>
   <div class='ocr_carea' id='block_1_109' title="bbox 2146 4956 3718 5029">
    <p class='ocr_par' dir='ltr' id='par_1_109' title="bbox 2146 4956 3718 5029">
     <span class='ocr_line' id='line_1_109' title="bbox 2146 4956 3718 5029; baseline -0.004 -17"><span class='ocrx_word' id='word_1_914' title='bbox 2146 4960 2392 5029; x_wconf 87' lang='lat' dir='ltr'><strong>profecto</strong></span> <span class='ocrx_word' id='word_1_915' title='bbox 2442 4958 2694 5027; x_wconf 89' lang='lat' dir='ltr'><strong>pervenit</strong></span> <span class='ocrx_word' id='word_1_916' title='bbox 2736 4957 2790 5011; x_wconf 90' lang='lat' dir='ltr'><strong>iu</strong></span> <span class='ocrx_word' id='word_1_917' title='bbox 2845 4972 2939 5012; x_wconf 83' lang='lat' dir='ltr'><strong>vos</strong></span> <span class='ocrx_word' id='word_1_918' title='bbox 2986 4973 3229 5028; x_wconf 82' lang='lat' dir='ltr'><strong>regnum</strong></span> <span class='ocrx_word' id='word_1_919' title='bbox 3270 4959 3553 5015; x_wconf 85' lang='lat' dir='ltr'><strong>Dei.Cum</strong></span> <span class='ocrx_word' id='word_1_920' title='bbox 3584 4956 3718 5011; x_wconf 80' lang='lat' dir='ltr'><strong>[ortis</strong></span> 
     </span>
    </p>
   </div>
   <div class='ocr_carea' id='block_1_110' title="bbox 2146 5048 3716 5123">
    <p class='ocr_par' dir='ltr' id='par_1_110' title="bbox 2146 5048 3716 5123">
     <span class='ocr_line' id='line_1_110' title="bbox 2146 5048 3716 5123; baseline -0.004 -18"><span class='ocrx_word' id='word_1_921' title='bbox 2146 5062 2388 5105; x_wconf 88' lang='lat' dir='ltr'><strong>armatus</strong></span> <span class='ocrx_word' id='word_1_922' title='bbox 2418 5048 2656 5103; x_wconf 86' lang='lat' dir='ltr'><strong>custodit</strong></span> <span class='ocrx_word' id='word_1_923' title='bbox 2706 5049 2906 5102; x_wconf 90' lang='lat' dir='ltr'><strong>atrium</strong></span> <span class='ocrx_word' id='word_1_924' title='bbox 2972 5066 3162 5114; x_wconf 84' lang='lat' dir='ltr'><strong>suum,</strong></span> <span class='ocrx_word' id='word_1_925' title='bbox 3226 5051 3287 5107; x_wconf 88' lang='lat' dir='ltr'><strong>in</strong></span> <span class='ocrx_word' id='word_1_926' title='bbox 3336 5066 3473 5123; x_wconf 88' lang='lat' dir='ltr'><strong>pace</strong></span> <span class='ocrx_word' id='word_1_927' title='bbox 3509 5058 3631 5102; x_wconf 90' lang='lat' dir='ltr'><strong>sunt</strong></span> <span class='ocrx_word' id='word_1_928' title='bbox 3665 5059 3716 5097; x_wconf 85' lang='lat' dir='ltr'><strong>ea</strong></span> 
     </span>
    </p>
   </div>
   <div class='ocr_carea' id='block_1_111' title="bbox 2147 5139 3722 5212">
    <p class='ocr_par' dir='ltr' id='par_1_111' title="bbox 2147 5139 3722 5212">
     <span class='ocr_line' id='line_1_111' title="bbox 2147 5139 3722 5212; baseline -0.005 -17"><span class='ocrx_word' id='word_1_929' title='bbox 2147 5159 2269 5212; x_wconf 82' lang='lat' dir='ltr'><strong>qua:</strong></span> <span class='ocrx_word' id='word_1_930' title='bbox 2319 5141 2587 5210; x_wconf 84' lang='lat' dir='ltr'><strong>possidet.</strong></span> <span class='ocrx_word' id='word_1_931' title='bbox 2640 5140 2694 5196; x_wconf 89' lang='lat' dir='ltr'><strong>Si</strong></span> <span class='ocrx_word' id='word_1_932' title='bbox 2734 5154 2916 5197; x_wconf 89' lang='lat' dir='ltr'><strong>autem</strong></span> <span class='ocrx_word' id='word_1_933' title='bbox 2963 5140 3165 5194; x_wconf 87' lang='lat' dir='ltr'><strong>fortior</strong></span> <span class='ocrx_word' id='word_1_934' title='bbox 3222 5157 3297 5195; x_wconf 90' lang='lat' dir='ltr'><strong>eo</strong></span> <span class='ocrx_word' id='word_1_935' title='bbox 3349 5139 3722 5211; x_wconf 82' lang='lat' dir='ltr'><strong>superveniens</strong></span> 
     </span>
    </p>
   </div>
   <div class='ocr_carea' id='block_1_112' title="bbox 2152 5229 3722 5307">
    <p class='ocr_par' dir='ltr' id='par_1_112' title="bbox 2152 5229 3722 5307">
     <span class='ocr_line' id='line_1_112' title="bbox 2152 5229 3722 5307; baseline -0.004 -23"><span class='ocrx_word' id='word_1_936' title='bbox 2152 5235 2510 5295; x_wconf 76' lang='lat' dir='ltr'><strong>viceriteum,</strong></span> <span class='ocrx_word' id='word_1_937' title='bbox 2546 5234 2801 5287; x_wconf 78' lang='lat' dir='ltr'><strong>universa</strong></span> <span class='ocrx_word' id='word_1_938' title='bbox 2838 5249 2986 5286; x_wconf 88' lang='lat' dir='ltr'><strong>arma</strong></span> <span class='ocrx_word' id='word_1_939' title='bbox 3019 5233 3144 5307; x_wconf 81' lang='lat' dir='ltr'><strong>ejus</strong></span> <span class='ocrx_word' id='word_1_940' title='bbox 3170 5234 3426 5295; x_wconf 81' lang='lat' dir='ltr'><strong>auferet,</strong></span> <span class='ocrx_word' id='word_1_941' title='bbox 3464 5232 3516 5284; x_wconf 89' lang='lat' dir='ltr'><strong>in</strong></span> <span class='ocrx_word' id='word_1_942' title='bbox 3546 5229 3722 5301; x_wconf 83' lang='lat' dir='ltr'><strong>quibus</strong></span> 
     </span>
    </p>
   </div>
   <div class='ocr_carea' id='block_1_113' title="bbox 2146 5322 3725 5397">
    <p class='ocr_par' dir='ltr' id='par_1_113' title="bbox 2146 5322 3725 5397">
     <span class='ocr_line' id='line_1_113' title="bbox 2146 5322 3725 5397; baseline -0.007 -17"><span class='ocrx_word' id='word_1_943' title='bbox 2146 5326 2479 5387; x_wconf 82' lang='lat' dir='ltr'><strong>confidebat,</strong></span> <span class='ocrx_word' id='word_1_944' title='bbox 2520 5336 2575 5378; x_wconf 90' lang='lat' dir='ltr'><strong>et</strong></span> <span class='ocrx_word' id='word_1_945' title='bbox 2621 5325 2791 5393; x_wconf 89' lang='lat' dir='ltr'><strong>spolia</strong></span> <span class='ocrx_word' id='word_1_946' title='bbox 2842 5326 2964 5397; x_wconf 86' lang='lat' dir='ltr'><strong>ejus</strong></span> <span class='ocrx_word' id='word_1_947' title='bbox 2994 5322 3338 5381; x_wconf 87' lang='lat' dir='ltr'><strong>distribuet.</strong></span> <span class='ocrx_word' id='word_1_948' title='bbox 3380 5324 3487 5388; x_wconf 88' lang='lat' dir='ltr'><strong>Qui</strong></span> <span class='ocrx_word' id='word_1_949' title='bbox 3516 5338 3619 5378; x_wconf 91' lang='lat' dir='ltr'><strong>non</strong></span> <span class='ocrx_word' id='word_1_950' title='bbox 3654 5325 3725 5373; x_wconf 85' lang='lat' dir='ltr'><strong>est</strong></span> 
     </span>
    </p>
   </div>
   <div class='ocr_carea' id='block_1_114' title="bbox 2149 5473 3725 5555">
    <p class='ocr_par' dir='ltr' id='par_1_114' title="bbox 2149 5473 3725 5555">
     <span class='ocr_line' id='line_1_114' title="bbox 2149 5473 3725 5555; baseline -0.006 -18"><span class='ocrx_word' id='word_1_951' title='bbox 2149 5482 2728 5555; x_wconf 38' lang='lat' dir='ltr'><strong>Reginmtprmfernnt</strong></span> <span class='ocrx_word' id='word_1_952' title='bbox 2760 5481 2829 5534; x_wconf 83' lang='lat' dir='ltr'><strong>da</strong></span> <span class='ocrx_word' id='word_1_953' title='bbox 2858 5483 3001 5536; x_wconf 78' lang='lat' dir='ltr'><strong>nobis</strong></span> <span class='ocrx_word' id='word_1_954' title='bbox 3033 5482 3460 5555; x_wconf 12' lang='lat' dir='ltr'><strong>quotidie,ipro</strong></span> <span class='ocrx_word' id='word_1_955' title='bbox 3496 5481 3562 5533; x_wconf 83' lang='lat' dir='ltr'><strong>da</strong></span> <span class='ocrx_word' id='word_1_956' title='bbox 3600 5473 3725 5531; x_wconf 72' lang='lat' dir='ltr'><strong>nobis</strong></span> 
     </span>
    </p>
   </div>
   <div class='ocr_carea' id='block_1_115' title="bbox 2148 5552 3687 5621">
    <p class='ocr_par' dir='ltr' id='par_1_115' title="bbox 2148 5552 3687 5621">
     <span class='ocr_line' id='line_1_115' title="bbox 2148 5552 3687 5621; baseline -0.005 -14"><span class='ocrx_word' id='word_1_957' title='bbox 2148 5555 2345 5607; x_wconf 82' lang='lat' dir='ltr'><strong>hodie:</strong></span> <span class='ocrx_word' id='word_1_958' title='bbox 2385 5554 2571 5607; x_wconf 65' lang='lat' dir='ltr'><strong>Graece</strong></span> <span class='ocrx_word' id='word_1_959' title='bbox 2607 5552 2930 5620; x_wconf 70' lang='lat' dir='ltr'><strong>plerumque</strong></span> <span class='ocrx_word' id='word_1_960' title='bbox 2971 5562 3052 5606; x_wconf 86' lang='lat' dir='ltr'><strong>est</strong></span> <span class='ocrx_word' id='word_1_961' title='bbox 3082 5552 3153 5602; x_wconf 72' lang='grc' dir='ltr'><strong>τὸ</strong></span> <span class='ocrx_word' id='word_1_962' title='bbox 3201 5552 3614 5621; x_wconf 57' lang='grc' dir='ltr'><strong>καθνήμέραν.</strong></span> <span class='ocrx_word' id='word_1_963' title='bbox 3679 5614 3687 5621; x_wconf 86' lang='lat'>_</span> 
     </span>
    </p>
   </div>
   <div class='ocr_carea' id='block_1_116' title="bbox 2221 5621 3725 5693">
    <p class='ocr_par' dir='ltr' id='par_1_116' title="bbox 2221 5621 3725 5693">
     <span class='ocr_line' id='line_1_116' title="bbox 2221 5621 3725 5693; baseline -0.004 -15"><span class='ocrx_word' id='word_1_964' title='bbox 2221 5629 2240 5656; x_wconf 79' lang='lat'>&#39;</span> <span class='ocrx_word' id='word_1_965' title='bbox 2284 5625 2339 5678; x_wconf 91' lang='lat' dir='ltr'><strong>In</strong></span> <span class='ocrx_word' id='word_1_966' title='bbox 2381 5623 2605 5679; x_wconf 88' lang='lat' dir='ltr'><strong>instanti</strong></span> <span class='ocrx_word' id='word_1_967' title='bbox 2634 5622 2906 5676; x_wconf 74' lang='lat' dir='ltr'><strong>desolatur</strong></span> <span class='ocrx_word' id='word_1_968' title='bbox 2945 5638 3073 5676; x_wconf 82' lang='lat' dir='ltr'><strong>mss.</strong></span> <span class='ocrx_word' id='word_1_969' title='bbox 3104 5623 3301 5678; x_wconf 85' lang='lat' dir='ltr'><strong>nostri</strong></span> <span class='ocrx_word' id='word_1_970' title='bbox 3336 5621 3650 5693; x_wconf 69' lang='lat' dir='ltr'><strong>praeierunt,</strong></span> <span class='ocrx_word' id='word_1_971' title='bbox 3678 5626 3725 5668; x_wconf 76' lang='lat' dir='ltr'><strong>In</strong></span> 
     </span>
    </p>
   </div>
   <div class='ocr_carea' id='block_1_117' title="bbox 2148 5693 3033 5763">
    <p class='ocr_par' dir='ltr' id='par_1_117' title="bbox 2148 5693 3033 5763">
     <span class='ocr_line' id='line_1_117' title="bbox 2148 5693 3033 5763; baseline -0.009 -14"><span class='ocrx_word' id='word_1_972' title='bbox 2148 5694 2337 5749; x_wconf 68' lang='lat' dir='ltr'><strong>Gixco</strong></span> <span class='ocrx_word' id='word_1_973' title='bbox 2378 5695 2545 5749; x_wconf 76' lang='lat' dir='ltr'><strong>etiam</strong></span> <span class='ocrx_word' id='word_1_974' title='bbox 2578 5702 2681 5759; x_wconf 80' lang='lat' dir='ltr'><strong>est,</strong></span> <span class='ocrx_word' id='word_1_975' title='bbox 2713 5693 3033 5763; x_wconf 74' lang='grc' dir='ltr'><strong>ἐρημοῦται.</strong></span> 
     </span>
    </p>
   </div>
  </div>
