3880 6168
184 256 273 318 665

1270 256 1654 322 EVANGELI
1671 258 1716 318 U
1732 262 1781 319 Μ
1831 260 1989 320 SEC.
2037 262 2321 324 LUCAM.

3324 260 3432 324 666

188 385 408 434 mecum,
435 382 626 422 contra
656 382 741 423 me
764 377 848 424 est
877 386 889 423 :
924 376 979 424 et
1002 369 1095 437 qui
1131 384 1238 425 non
1267 371 1479 442 colligit
1501 386 1743 435 mecum.
1778 378 1820 433 Δ
1854 373 1983 430 liam
2027 378 2185 434 nobis
2230 378 2387 433 lacis.
2437 379 2504 431 At
2539 376 2629 431 ille
2658 375 2732 429 ait
2763 392 2775 429 :
2825 372 2892 428 Et
2920 369 3074 425 vobis
3099 370 3434 439 legisperitis

185 459 458 527 dispergit.
488 457 675 529 icxxx.
708 458 786 530 5.]
820 458 956 514 Cum
1003 460 1326 516 immundus
1355 462 1588 532 spiritus
1628 464 1749 518 esi-

185 552 274 609 erit
298 552 364 605 de
408 551 659 615 homine,
706 552 951 606 ambulat
1005 569 1102 623 per
1126 553 1245 607 loca
1282 555 1569 623 inaquosa,
1605 570 1752 625 quze-

188 659 295 699 rens
332 644 607 712 requiem.
642 653 695 698 et
730 659 836 698 non
864 645 1151 699 inveniens
1175 645 1311 699 dicit
1344 662 1359 704 ;
1396 644 1663 699 Revertar
1696 647 1749 698 in

188 738 390 790 domum
422 750 597 787 meam
635 736 780 788 unde
808 735 951 790 exivi
984 752 998 789 :
1030 745 1087 789 et
1122 751 1245 789 cum
1271 736 1507 798 venerit.
1542 736 1752 789 invenit

190 842 289 883 eam
334 828 521 897 scopis
559 828 896 887 mundatam.
931 838 986 881 et
1016 837 1265 882 ornatam
1306 829 1343 883 ¹.
1398 826 1553 883 Tune
1580 827 1749 888 vadit.

190 934 235 975 et
261 922 488 975 assumit
520 930 727 989 septem
778 921 914 977 alios
962 921 1191 992 spiritus
1225 936 1412 975 secum
1459 920 1754 989 nequiores

191 1028 255 1077 se,
300 1026 356 1067 et
412 1012 670 1082 ingressi,
723 1013 972 1068 habitant
1026 1013 1122 1067 ibi.
1178 1012 1241 1065 Et
1275 1013 1409 1066 linat
1447 1011 1745 1065 novissima

194 1104 415 1159 hominis
443 1106 591 1159 illius
610 1106 794 1174 pejora
824 1105 1128 1174 prioribus.
1156 1103 1363 1175 [cum
1389 1101 1501 1171 10.]
1527 1103 1751 1156 Factum

194 1208 261 1250 est
284 1206 470 1250 autem
506 1211 630 1251 cum
665 1197 780 1252 haec
829 1196 1061 1258 diceret,
1098 1196 1366 1251 euollcns
1392 1212 1577 1249 vocem
1610 1209 1755 1263 qua:-

193 1290 297 1345 dam
330 1290 535 1344 mulier
558 1289 625 1343 de
660 1290 841 1348 turba.
874 1289 1014 1342 dixit
1040 1289 1114 1342 illi
1158 1304 1171 1341 :
1208 1290 1406 1343 Beatus
1438 1296 1631 1339 venter
1655 1286 1751 1353 qui

195 1395 238 1438 te
287 1383 543 1452 portavit,
581 1392 637 1438 et
686 1384 852 1437 ubera
887 1398 1008 1453 quze
1050 1382 1265 1435 suxisti.
1325 1381 1391 1433 At
1427 1379 1517 1432 ille
1565 1378 1751 1432 dixit:

194 1474 436 1539 Quinimo
473 1472 615 1527 beati
652 1472 744 1541 qui
782 1471 1018 1529 audiunt
1083 1470 1309 1525 verbum
1338 1469 1431 1524 Dei
1460 1479 1513 1524 et
1574 1480 1757 1523 custo-

193 1566 334 1647 diunt
364 1565 522 1619 illud.
554 1562 786 1636 Icum,
821 1564 900 1636 5.]
935 1563 1137 1619 Turbis
1176 1572 1357 1617 autem
1377 1561 1755 1617 concurrenti-

195 1659 305 1723 bus,
357 1658 531 1725 caapit
564 1656 753 1711 dicere
785 1672 799 1708 :
855 1654 1155 1709 Generatio
1186 1655 1303 1710 hate
1333 1654 1620 1722 generatio
1657 1666 1757 1705 ne-

194 1767 336 1821 quam
370 1760 460 1805 est
491 1769 506 1805 :
555 1750 770 1812 signum
815 1752 1035 1818 quaerit,
1066 1757 1122 1803 et
1159 1750 1377 1816 signum
1401 1764 1510 1801 non
1540 1746 1759 1800 dabitur
1796 1727 1834 1779 Β

193 1845 254 1907 ei,
286 1842 387 1896 nisi
423 1843 642 1912 signum
675 1841 826 1896 Jovize
851 1841 1157 1910 propheta).
1193 1839 1327 1895 Nam
1362 1842 1507 1893 sicut
1538 1839 1641 1892 fuit
1669 1838 1761 1893 Jo-

195 1952 281 1991 nas
318 1937 537 2007 signum
582 1935 839 1990 Ninivitis
873 1952 886 1991 :
940 1934 1013 1987 ita
1067 1935 1172 1988 erit
1212 1944 1265 1989 et
1298 1933 1469 1988 Filius
1516 1930 1760 1986 hominis

195 2028 525 2097 generationi
567 2026 676 2082 isti.
737 2027 947 2096 Regina
981 2026 1171 2081 Austri
1206 2033 1396 2096 surget
1446 2025 1499 2079 in
1551 2023 1763 2093 judicio

200 2136 307 2173 t‘lltlt
336 2121 473 2173 viris
501 2119 876 2189 generationis
900 2118 1090 2189 hujus,
1109 2127 1164 2173 et
1185 2116 1575 2175 condemnabit
1599 2115 1721 2168 illos
1745 2133 1758 2168 :

202 2209 313 2279 quia
346 2210 503 2263 venit
533 2223 562 2262 a
594 2206 793 2262 ﬁnibus
823 2217 985 2264 terra:
1022 2207 1214 2262 audire
1250 2206 1576 2277 sapientiam
1612 2205 1766 2261 Salo-

198 2303 399 2357 monis:
457 2311 517 2357 et
572 2317 702 2356 ecce
747 2302 872 2370 plus
923 2315 1087 2369 quam
1137 2300 1397 2355 Salomon
1437 2298 1525 2353 hic
1546 2302 1588 2351 '.
1648 2297 1761 2352 Viri

198 2394 441 2449 Ninivin
492 2402 720 2464 surgent
763 2394 815 2447 in
856 2392 1068 2463 judicio
1094 2406 1218 2446 cum
1251 2391 1607 2461 generatione
1640 2387 1762 2451 hac,

195 2499 245 2543 et
270 2487 728 2544 eondemuabunt
760 2487 925 2551 illam,
960 2486 1089 2555 quia
1120 2483 1499 2555 paenitentiam
1530 2490 1766 2553 egerunt

194 2580 251 2635 ad
278 2579 727 2650 praedicationem
754 2577 905 2634 Joua:
931 2602 946 2631 .-
978 2586 1036 2632 et
1084 2591 1213 2631 ecce
1244 2576 1363 2644 plus
1394 2590 1558 2647 quam
1584 2573 1768 2643 Jonas

194 2671 294 2725 hic.
334 2671 598 2742 Leuant,
632 2667 711 2738 l.]
764 2667 934 2723 Nemo
973 2667 1261 2723 lucernam
1296 2664 1570 2729 accendit,
1615 2674 1671 2719 et
1712 2662 1765 2715 in

196 2764 519 2821 abscondito
584 2761 760 2833 ponit,
813 2774 995 2830 neque
1041 2758 1144 2813 sub
1176 2757 1362 2813 modio
1400 2774 1414 2811 :
1470 2756 1565 2811 sed
1602 2770 1767 2825 supra

193 2856 615 2918 candelabrum,
654 2862 715 2909 ut
752 2852 846 2923 qui
882 2850 1272 2921 ingrediuntur
1300 2850 1487 2906 lumen
1529 2848 1767 2903 videant.

194 2947 422 3019 [csum
464 2943 552 3017 5.]
598 2943 845 3003 Lucerna
892 2942 1142 3012 corporis
1168 2942 1245 2995 tui
1281 2952 1366 2996 est
1392 2940 1586 2996 oculus
1619 2950 1766 2995 tuus.

1854 486 1935 525 vae
1964 485 1980 525 :
2032 471 2159 540 quia
2202 471 2447 525 oneratis
2478 470 2733 523 homines
2777 465 3041 521 oneribus
3071 478 3191 533 quae
3214 476 3433 533 portare

1854 578 1963 616 non
1991 572 2235 631 possunt,
2283 570 2338 616 et
2380 564 2480 630 ipsi
2510 576 2619 614 uno
2646 558 2819 625 digito
2860 564 3047 611 vestro
3072 570 3178 608 non
3215 554 3434 622 tangitis

1857 655 2127 709 sarcinas.
2165 653 2310 725 last,
2348 653 2427 725 5.]
2456 654 2546 708 Vae
2581 651 2759 714 vobis,
2802 648 2894 719 qui
2921 647 3205 702 :edilicatis
3240 660 3437 697 moun-

1856 756 2039 798 nienta
2062 746 2448 813 prophetarum
2474 761 2487 797 :
2514 754 2696 813 patres
2722 750 2903 795 autem
2926 739 3090 793 vestri
3113 739 3434 793 occiderunt

1856 836 1997 890 illos.
2021 834 2272 889 Profecto
2306 832 2676 889 testiﬁcamini
2706 830 2849 901 quod
2876 828 3217 884 eonsentitis
3252 825 3435 894 operi-

1856 928 1961 983 bus
1994 938 2209 995 patrum
2264 936 2599 989 vestrorum,
2649 923 2910 993 quoniam
2945 920 3049 990 ipsi
3079 920 3301 989 quidem
3337 932 3436 972 eos

1856 1019 2200 1078 occiderunt.
2235 1033 2333 1071 vos
2383 1029 2566 1070 autem
2616 1014 2900 1069 aediﬁcetis
2927 1026 3120 1065 eorum
3156 1009 3433 1077 sepulcra.

1861 1110 2029 1184 [cxu,
2061 1110 2140 1182 5.]
2169 1110 2487 1179 Propterea,
2515 1117 2570 1162 et
2592 1106 2857 1175 sapientia
2884 1104 2975 1158 Dei
3010 1103 3145 1156 dixit
3180 1118 3196 1158 :
3225 1101 3431 1155 Mittam

1857 1205 1924 1258 ad
1960 1204 2079 1258 illos
2106 1204 2403 1272 prophetas
2426 1210 2481 1255 et
2511 1200 2813 1269 apostolos,
2854 1207 2909 1252 et
2940 1212 3003 1250 ex
3037 1195 3147 1248 illis
3180 1194 3436 1249 occident

1858 1305 1913 1351 ct
1942 1304 2365 1367 persequentur.
2447 1292 2513 1346 Ut
2558 1290 2869 1359 inquiratur
2916 1284 3139 1352 sanguis
3187 1281 3431 1336 omnium

1860 1392 2254 1462 pr0phetarnm
2287 1388 2379 1457 qui
2404 1386 2616 1441 cll‘usus
2644 1392 2730 1440 est
2756 1398 2786 1436 a
2814 1377 3217 1436 constitutione
3244 1372 3434 1429 mundi

1856 1500 1888 1539 a
1921 1481 2273 1552 generatione
2306 1482 2405 1534 ista
2433 1497 2445 1533 :
2481 1494 2508 1532 a
2535 1476 2806 1546 sanguine
2829 1471 2969 1526 Abel
3004 1484 3177 1536 usque
3211 1467 3277 1520 ad
3311 1481 3437 1519 san-

1860 1575 2079 1647 guinem
2111 1571 2412 1635 Zachariaa,
2453 1570 2547 1639 qui
2584 1569 2750 1637 periit
2776 1566 2921 1621 inter
2947 1565 3119 1620 altare
3153 1568 3211 1614 et
3237 1558 3435 1613 aedem.

1862 1666 1939 1721 lta
1996 1667 2125 1721 dico
2168 1666 2347 1727 vobis,
2406 1664 2719 1732 requiretur
2774 1659 2844 1713 ab
2899 1658 3004 1712 hac
3052 1653 3434 1725 generatione.

1860 1758 2053 1830 (cuti,
2078 1755 2159 1827 5.]
2198 1754 2287 1809 Va:
2320 1754 2475 1808 vobis
2523 1750 2880 1819 legisperitis,
2916 1747 3045 1815 quia
3101 1743 3305 1799 tulistis
3333 1741 3443 1795 ela-

1861 1864 1983 1905 vem
2007 1848 2273 1909 scientias,
2319 1844 2419 1913 ipsi
2456 1860 2565 1898 non
2597 1841 2895 1903 introistis,
2929 1849 2986 1893 ct
3023 1853 3117 1893 eos
3140 1837 3232 1905 qui
3272 1835 3443 1889 intro—

1863 1943 2015 1996 ibant
2058 1938 2443 2009 prohibuistis.
2502 1933 2712 2003 [enim
2747 1930 2858 2002 ιιι]
2914 1929 3055 1985 Cum
3089 1935 3273 1981 autem
3322 1926 3441 1979 haec

1864 2034 1932 2091 ad
1973 2032 2095 2088 illos
2126 2030 2357 2094 diceret,
2402 2032 2694 2095 cmperunt
2746 2020 3011 2077 Pharisaei
3050 2028 3107 2074 et
3140 2015 3441 2087 Iegisperiti

1865 2126 2102 2198 graviter
2127 2124 2407 2184 insistere,
2435 2128 2491 2173 et
2520 2133 2582 2175 os
2604 2117 2726 2185 eius
2760 2114 3073 2182 opprimere
3113 2109 3182 2165 de
3225 2107 3439 2169 multis,

1866 2196 2194 2273 insidiantes
2235 2212 2313 2277 ei,
2351 2220 2407 2265 et
2445 2214 2756 2279 quaerentes
2786 2201 2992 2272 aliquid
3025 2213 3223 2270 capere
3250 2196 3320 2251 de
3350 2211 3447 2250 ore

1866 2312 2007 2383 ejus,
2037 2317 2097 2363 ut
2122 2313 2451 2362 accusarent
2476 2316 2626 2358 eum.

1940 2399 2099 2472 [ϐαρ.
2130 2397 2274 2469 Xll.]
2316 2395 2502 2452 Multis
2524 2406 2709 2448 autem
2739 2390 2921 2447 turbis
2953 2382 3446 2444 circumstantibus

1870 2496 1945 2551 ita
1977 2503 2039 2550 ut
2087 2509 2146 2549 se
2179 2492 2414 2547 invicem
2470 2488 2889 2549 conculcarent.
2924 2482 3097 2551 coepit
3151 2480 3338 2534 dicere
3376 2476 3445 2530 ad

1869 2589 2174 2659 discipulos
2223 2598 2352 2641 suos
2380 2600 2397 2638 :
2436 2581 2640 2655 [cum
2671 2578 2754 2650 2.]
2806 2577 3089 2633 Attendite
3119 2591 3147 2627 a
3176 2573 3449 2627 fermento

1868 2680 2295 2743 Pharisaeorum,
2330 2676 2476 2745 quod
2510 2683 2595 2729 est
2626 2671 2950 2743 hypocrisis.
2977 2668 3158 2740 [chv,
3196 2663 3277 2737 5.]
3306 2662 3449 2717 Nihil

1872 2783 2053 2829 autem
2112 2780 2363 2840 opertum
2414 2776 2498 2822 est
2549 2765 2698 2835 quod
2746 2778 2857 2817 non
2906 2760 3218 2822 reveletur,
3272 2769 3453 2823 neque

1872 2863 2255 2920 absconditum
2290 2859 2436 2931 quod
2490 2874 2597 2913 non
2654 2856 2857 2911 sciatur
2934 2852 3204 2918 Quoniam
3236 2862 3358 2916 quae
3393 2846 3447 2899 in

1876 2956 2122 3015 tenebris
2152 2954 2370 3009 dixistis
2421 2952 2476 3005 in
2512 2949 2719 3005 lumine
2770 2946 3152 3001 dicentur:et
3201 2938 3348 3009 quod
3395 2939 3452 2991 in

194 3038 246 3092 Si
274 3037 470 3093 oculus
506 3044 633 3088 tuus
670 3033 834 3088 luerit
867 3032 1124 3103 simplex,
1163 3041 1339 3086 totum
1374 3046 1576 3100 corpus
1610 3039 1764 3084 tuum

1882 3065 2063 3105 aurem
2119 3047 2285 3102 locuti
2324 3043 2460 3100 estis
2512 3043 2568 3097 in
2625 3039 2916 3103 cubiculis,
2976 3033 3363 3105 praedicabitur
3395 3031 3454 3085 in

193 3130 427 3186 lucidum
455 3129 570 3183 erit
602 3144 617 3181 :
664 3127 711 3185 si
740 3134 923 3182 autem
958 3140 1194 3195 nequam
1221 3124 1411 3190 fuerit,
1448 3124 1612 3179 etiam
1644 3139 1771 3179 cor-

191 3240 285 3292 pus
336 3235 504 3278 tuum
538 3220 896 3277 tenebrosum
943 3218 1071 3274 erit.
1133 3215 1266 3271 Vide
1300 3231 1429 3287 ergo
1472 3230 1542 3270 ne
1585 3216 1772 3271 lumen

196 3313 332 3383 quod
369 3313 426 3369 in
461 3322 518 3368 te
553 3321 662 3375 est,
702 3310 941 3367 tenebras
969 3310 1103 3365 sint.
1136 3308 1193 3365 Si
1222 3323 1353 3378 ergo
1380 3322 1583 3377 corpus
1620 3316 1774 3365 tuum

195 3414 360 3460 totum
391 3403 649 3460 lucidum
681 3401 870 3465 fuerit,
899 3415 1008 3454 non
1042 3399 1253 3455 habens
1286 3398 1528 3468 aliquam
1562 3406 1778 3467 partem

195 3497 581 3557 tenebrarum,
629 3494 735 3549 erit
762 3492 1007 3549 lucidum
1055 3500 1250 3550 totum.
1283 3498 1339 3544 et
1372 3491 1519 3546 sicut
1551 3491 1777 3544 lucerna

192 3591 418 3661 fulgoris
454 3588 799 3645 illuminabit
835 3597 908 3641 te.
942 3585 1162 3655 Icum,
1197 3583 1279 3656 5.]
1332 3582 1398 3637 Et
1436 3598 1561 3636 cum
1590 3583 1782 3651 loque-

194 3694 363 3749 retur,
399 3682 624 3753 rogavit
648 3680 800 3735 illum
842 3680 1063 3749 quidam
1098 3677 1407 3731 Pharisaeus
1444 3686 1503 3727 ttt
1544 3674 1784 3746 prande-

194 3783 273 3829 ret
301 3776 453 3845 apud
485 3789 567 3831 se.
607 3773 675 3827 Et
702 3771 985 3840 ingressus
1018 3768 1295 3823 recubuit.
1338 3768 1646 3822 Pharisazus
1682 3782 1783 3823 au-

196 3878 299 3921 tem
346 3866 527 3935 etepit
576 3864 720 3921 intra
772 3875 832 3916 se
869 3870 1129 3931 reputans
1178 3859 1389 3924 dicere,
1446 3873 1618 3927 quare
1669 3874 1776 3911 non

198 3959 514 4028 baptizatus
536 3966 686 4016 esset
717 3971 842 4011 an'e
868 3955 1179 4029 prandium.
1214 3953 1278 4007 Et
1317 3954 1394 4007 ait
1429 3952 1693 4006 Dominus
1717 3950 1785 4004 ad

199 4052 348 4106 illum
386 4070 404 4106 :
448 4051 614 4105 Nunc
638 4064 759 4115 vos,
794 4046 1078 4108 Pharisaei,
1107 4044 1253 4114 quod
1291 4043 1501 4097 deforis
1540 4052 1626 4096 est
1656 4041 1789 4095 cali-

200 4143 276 4199 eis
331 4154 391 4199 et
439 4142 616 4197 catini
661 4139 991 4194 mundatis;
1057 4136 1203 4206 quod
1259 4146 1446 4189 autem
1503 4134 1652 4190 intus
1704 4143 1793 4187 est

192 4246 438 4295 vestrum
492 4235 718 4304 plenum
774 4239 860 4285 est
910 4230 1101 4299 rapina
1127 4240 1182 4283 et
1233 4227 1548 4297 iniquitate.
1600 4224 1789 4290 Stulti,

194 4318 377 4385 nonne
419 4329 526 4397 qui
561 4325 694 4381 fecit
740 4323 887 4393 quod
947 4323 1156 4380 deforis
1202 4330 1308 4385 est,
1356 4321 1523 4375 etiam
1552 4317 1601 4373 id
1642 4316 1791 4387 quod

1880 3141 2055 3198 tectis.
2091 3140 2219 3195 Dico
2242 3147 2427 3192 autem
2451 3135 2606 3189 vobis
2639 3130 2830 3186 amicis
2870 3130 3006 3184 meis
3039 3144 3053 3184 :
3105 3127 3178 3182 Ne
3244 3135 3459 3179 terrea-

1878 3230 2017 3287 mini
2074 3229 2143 3284 ab
2171 3229 2256 3282 his
2286 3227 2381 3298 qui
2411 3224 2670 3281 occidunt
2694 3235 2916 3290 corpus,
2950 3227 3007 3275 et
3049 3227 3174 3288 post
3205 3217 3322 3271 haec
3346 3230 3461 3270 non

1880 3322 2085 3377 habent
2134 3318 2370 3388 amplius
2422 3315 2570 3387 quod
2631 3313 2857 3368 faciant.
2930 3309 3229 3367 Ostendam
3276 3319 3461 3361 autem

1884 3414 2038 3469 vobis
2074 3426 2238 3481 quem
2283 3410 2566 3465 timentis:
2620 3406 2809 3462 timete
2837 3420 2967 3461 cum
3002 3403 3122 3472 qui,
3164 3410 3459 3474 postquam

1884 3504 2174 3569 occiderit,
2220 3502 2385 3557 habet
2419 3507 2745 3570 potestatem
2778 3498 3003 3551 mittere
3042 3496 3097 3549 in
3129 3495 3461 3564 gehennam.

1891 3597 1964 3652 Ila
1997 3599 2120 3651 dico
2154 3595 2327 3659 vobis,
2366 3593 2515 3647 hunc
2546 3591 2758 3645 timete.
2807 3588 3004 3642 Nonne
3044 3587 3288 3655 quinque
3338 3598 3467 3653 pas.

1887 3703 2038 3745 seres
2086 3692 2328 3741 veneunt
2378 3681 2663 3751 dipondio,
2718 3688 2774 3734 et
2818 3693 2961 3732 unus
2994 3691 3059 3731 es
3099 3676 3206 3729 illis
3242 3689 3350 3728 non
3382 3686 3471 3728 est

1889 3782 1945 3835 in
1982 3780 2259 3835 oblivione
2312 3789 2499 3831 coram
2549 3772 2709 3827 Deo?
2765 3770 2873 3826 Sed
2916 3778 2972 3823 et
3030 3766 3212 3836 capilli
3272 3767 3470 3835 capitis

1890 3874 2059 3929 vestri
2103 3884 2298 3926 omnes
2352 3865 2627 3923 numerati
2666 3872 2817 3919 sunt.
2856 3862 3036 3916 Nolite
3065 3875 3197 3929 ergo
3227 3859 3419 3913 timere
3452 3873 3471 3913 :

1891 3963 2079 4018 multis
2131 3959 2446 4030 passeribus
2496 3955 2667 4025 pluris
2690 3955 2825 4011 estis
2872 3951 3049 4007 vos'.
3100 3951 3232 4005 Dico
3285 3957 3468 4003 autem

1892 4056 2051 4110 vobis
2083 4069 2098 4109 :
2157 4051 2339 4107 omnis
2385 4049 2705 4117 quicunque
2738 4046 3025 4101 confessus
3056 4043 3217 4098 luerit
3260 4056 3345 4094 me
3381 4054 3475 4093 eo--

1894 4159 2011 4197 ram
2065 4140 2402 4201 hominibus,
2459 4148 2517 4195 et
2578 4134 2754 4193 Filius
2808 4135 3051 4189 hominis
3107 4130 3473 4186 eoulitebitur

1896 4236 2050 4291 illum
2083 4248 2270 4289 coram
2319 4230 2533 4301 angelis
2564 4230 2656 4284 Dei
2694 4246 2710 4285 :
2766 4227 2963 4300 [cxu.vt,
3007 4224 3089 4295 1]
3140 4226 3232 4294 qui
3290 4234 3475 4276 autem

1899 4326 2185 4397 negaverit
2235 4340 2322 4378 me
2370 4338 2554 4377 coram
2591 4320 2933 4379 hominibus,
2969 4318 3257 4385 negabitur
3292 4330 3477 4367 coram

192 4424 419 4477 deintus
479 4427 573 4475 est
625 4416 804 4476 fecit?
858 4414 1265 4479 Verumtamen,
1318 4412 1464 4481 quod
1514 4420 1762 4479 superem

1899 4420 2110 4489 angelis
2140 4418 2259 4474 Dei.
2291 4415 2522 4488 [exui],
2549 4413 2635 4485 2.]
2662 4414 2729 4467 Ει
2752 4413 2933 4467 omnis
2960 4412 3052 4480 qui
3088 4410 3225 4463 dicit
3253 4410 3483 4462 verbum

192 4515 317 4569 date
344 4514 818 4579 electuosynaui:
874 4516 931 4565 et
987 4521 1119 4563 ecce
1171 4506 1358 4559 omnia
1406 4504 1612 4558 munda
1642 4510 1797 4556 ‘sunt

192 4606 370 4663 vobis.
411 4602 675 4675 [διηγῇ
710 4600 792 4671 5.]
844 4599 950 4655 Sed
1005 4615 1084 4653 va:
1134 4598 1288 4653 vobis
1320 4596 1635 4658 Pharisazis.
1667 4594 1797 4664 quia

193 4695 500 4751 deeimatis
541 4692 849 4756 mentham,
901 4702 956 4746 et
1007 4698 1211 4753 rutam,
1264 4697 1319 4743 et
1372 4702 1534 4741 oumc
1568 4686 1713 4749 olus,
1744 4694 1801 4743 et

193 4788 509 4857 premitis
553 4783 828 4854 judicium
853 4791 910 4837 ct
936 4782 1261 4838 charitatem
1293 4781 1426 4835 Dei:
1464 4782 1580 4834 haec
1614 4788 1799 4833 autem

194 4881 447 4948 oportuit
489 4877 704 4939 facere,
748 4884 805 4930 et
844 4875 935 4930 illa
965 4887 1071 4928 non
1099 4874 1377 4931 omittere.
1413 4871 1678 4942 [cxsxvm
1716 4868 1802 4941 2.]

197 4972 283 5026 tae
316 4970 495 5029 vobis
524 4967 843 5033 Phariseis,
866 4965 996 5033 quia
1023 4963 1253 5033 diligitis
1279 4965 1483 5033 primas
1513 4963 1805 5018 cathedras

197 5081 249 5117 in
280 5062 626 5133 synagogis,
658 5068 713 5114 et
740 5058 1102 5115 salutationes
1139 5058 1193 5113 in
1230 5059 1372 5111 l'oro.
1402 5057 1687 5127 ternuit,
1721 5056 1803 5128 5.]

198 5158 285 5213 γε
303 5158 501 5221 vobis,
536 5154 670 5222 quia
692 5153 827 5206 estis
862 5161 923 5207 ut
952 5164 1311 5207 monumenta
1344 5166 1463 5217 qua:
1496 5164 1605 5202 non
1634 5165 1805 5218 appa-

200 5261 366 5316 rent,
423 5259 491 5305 et
576 5249 824 5301 homines
877 5244 1224 5298 ambulantes
1290 5260 1455 5313 supra
1527 5244 1804 5298 nesciunt.

199 5353 457 5419 lcnxtx,
495 5346 592 5419 5.]
618 5347 983 5416 Respondens
1016 5355 1200 5405 autem
1228 5345 1451 5414 quidam
1473 5360 1541 5400 ex
1566 5344 1808 5412 legispe-

201 5448 343 5507 ritis.
378 5447 475 5498 ait
498 5442 588 5497 illi
618 5458 631 5497 ;
664 5442 933 5511 Magister,
966 5440 1083 5493 haec
1105 5440 1296 5492 dicens
1325 5439 1492 5493 etiam
1521 5447 1808 5491 contume-

268 5588 284 5617 ’
328 5586 458 5637 Duo
505 5584 718 5636 iterum
760 5595 913 5643 mss,
953 5594 1097 5632 unus
1124 5576 1441 5647 Vaticanus,
1475 5587 1641 5647 atque
1669 5575 1809 5647 alter

202 5659 430 5724 Reginae
478 5651 789 5724 vetustior,
847 5650 1121 5724 omittunt,
1163 5646 1305 5724 istud
1363 5645 1627 5724 orna-tuin,
1660 5645 1805 5716 quod

200 5718 291 5782 est
314 5740 513 5781 tamen
557 5724 618 5773 in
654 5722 923 5790 plerisque
954 5721 1211 5773 omnibus
1235 5718 1435 5773 Graecis
1468 5720 1643 5773 libris.

1904 4514 1960 4568 in
1989 4512 2185 4568 Filium
2212 4508 2470 4571 hominis,
2503 4507 2814 4563 remittetur
2848 4504 2925 4561 illi
2961 4520 2976 4558 :
3013 4502 3063 4556 ei
3096 4512 3282 4556 autem
3307 4499 3486 4567 quiin

1903 4605 2171 4674 Spiritum
2195 4611 2447 4658 sanetum
2490 4598 2976 4663 blasphemaverit,
3002 4610 3109 4653 non
3148 4594 3490 4648 remittetur.

1909 4699 2152 4773 [cxcvm,
2178 4694 2259 4766 2.]
2281 4695 2419 4750 Cum
2445 4701 2628 4747 autem
2658 4689 2925 4745 inducent
2950 4703 3049 4742 vos
3075 4689 3129 4742 in
3161 4699 3487 4758 synagogas,

1904 4803 1955 4850 et
1980 4794 2048 4847 ad
2074 4789 2429 4859 magistratus
2457 4795 2515 4839 et
2540 4792 2863 4854 potestates.
2902 4780 3073 4836 nolite
3105 4779 3324 4833 solliciti
3359 4792 3483 4831 esse

1906 4885 2147 4956 qualiter
2190 4890 2284 4936 aut
2336 4879 2466 4948 quid
2502 4875 2906 4945 respondeatis,
2940 4882 3038 4928 aut
3086 4872 3216 4941 quid
3246 4869 3483 4925 dicatis:

1908 4977 2149 5047 Spiritus
2198 4974 2346 5027 enim
2408 4979 2634 5024 sanctus
2681 4967 2903 5022 docebit
2958 4981 3054 5025 vos
3104 4966 3159 5019 in
3206 4964 3323 5035 ipsa
3352 4963 3487 5017 hora

1908 5069 2039 5140 quid
2074 5074 2327 5137 oporteat
2350 5078 2447 5118 vos
2483 5062 2689 5117 dicere.
2725 5058 2929 5131 [cum
2964 5057 3084 5129 10.]
3111 5058 3200 5114 Ait
3232 5066 3412 5111 autem
3436 5055 3488 5111 ei

1907 5162 2131 5232 quidam
2166 5160 2233 5211 de
2276 5157 2434 5212 turba
2471 5172 2485 5207 :
2522 5154 2801 5223 Magister,
2855 5152 2946 5207 dic
2974 5152 3129 5206 fratri
3161 5164 3281 5203 meo
3317 5156 3375 5201 ut
3405 5145 3489 5199 di-

1910 5254 2060 5307 vidat
2083 5265 2298 5304 mecum
2330 5247 2729 5302 ltmreditatetn.
2766 5246 2836 5298 At
2867 5245 2958 5299 ille
2979 5243 3118 5297 dixit
3147 5242 3222 5294 illi
3249 5255 3263 5291 :
3290 5236 3485 5299 llomo,

1908 5344 2033 5415 quis
2069 5356 2156 5395 me
2208 5337 2496 5395 constituit
2547 5334 2787 5406 iudicem
2836 5344 2929 5389 aut
2976 5332 3274 5387 divisorem
3319 5340 3490 5395 super

1911 5435 2043 5489 vos?
2075 5432 2327 5499 Dixitque
2359 5429 2424 5483 ad
2464 5428 2585 5483 illos
2618 5446 2634 5482 :
2679 5425 2894 5490 Videte,
2928 5435 2983 5481 et
3010 5431 3201 5481 cavete
3230 5420 3300 5475 ab
3326 5417 3479 5472 omni

1987 5577 2005 5604 ⁴¹
2055 5574 2110 5627 In
2150 5571 2341 5626 iisdem
2375 5568 2664 5623 codicibus
2701 5566 2817 5637 plus
2851 5561 3134 5618 Salomone
3164 5559 3269 5611 hic.
3333 5625 3363 5637 ν.

1987 5644 2007 5674 ³
2041 5644 2351 5697 Pronomen
2381 5657 2486 5701 vos.
2517 5642 2664 5709 quod
2696 5632 2753 5694 et
2776 5635 3000 5689 Grazcus
3041 5638 3225 5686 textus
3258 5632 3489 5693 retinet,

1917 5731 2046 5772 mss.
2078 5713 2247 5771 nostri
2275 5726 2467 5768 omnes
2498 5712 2769 5779 ignorant.
