3880 6168
429 288 530 349 €67

1313 297 1375 356 S.
1415 295 1854 354 HIEIlONYMI
1905 295 2163 355 DIVINA
2215 290 2734 355 BIBLIO'I‘IIIECA.
2776 347 2778 349 ,
3515 299 3603 364 663

421 401 693 464 avaritia;
734 401 859 469 quia
895 419 1000 456 non
1039 403 1092 456 in
1127 405 1461 458 abundantia
1506 407 1830 474 cujusquam
1878 407 1986 458 vita
2020 413 2066 470 Α
2095 405 2356 469 ιιοττισΐυι·
2405 403 2636 464 veniret,
2677 401 2928 471 vigilaret
2973 399 3181 466 utique,
3227 410 3277 455 et
3318 417 3412 458 non
3435 408 3603 465 sineret

416 492 536 559 ejus
570 501 675 554 est,
711 507 775 545 ex
819 493 904 546 his
931 509 1050 562 qua:
1081 495 1336 561 possidet.
1392 495 1532 548 Dixit
1558 506 1740 549 autem
1774 497 1982 550 simili-

420 582 665 635 tudinem
691 583 756 635 ad
784 584 927 647 illos,
961 585 1185 637 dicens:
1214 586 1461 640 Ilmuinis
1484 587 1766 656 Cujusdam
1797 589 1984 642 divitis

420 675 618 727 uberes
668 675 875 728 fructus
922 691 1048 742 ager
1097 678 1321 744 attulit;
1367 689 1422 732 et
1453 681 1726 748 cogitabat
1757 681 1895 733 intra
1927 697 1984 734 se

419 766 608 818 dlt't‘lls
649 781 662 818 :
702 765 840 828 Quid
872 766 1084 830 faciam,
1119 771 1245 834 quia
1279 787 1384 822 non
1415 771 1589 824 habeo
1618 787 1725 840 quo
1759 787 1985 840 congre-

420 872 537 924 gem
605 856 814 909 fructus
871 861 1062 911 meos?
1122 861 1191 913 Et
1236 862 1412 916 dixit:
1456 862 1567 916 Iloc
1622 864 1859 916 faciam:
1893 864 1987 918 de-

418 952 628 994 struam
660 945 857 997 horrea
888 961 1029 1007 nica,
1056 956 1110 1000 et
1133 949 1338 1018 majora
1362 951 1555 1004 faciam
1583 968 1596 1017 ;
1630 964 1684 1004 et
1706 952 1831 1004 illuc
1849 969 1986 1006 con-

418 1032 653 1099 gregatio
701 1035 881 1086 omnia
917 1052 1036 1103 qua:
1080 1047 1201 1090 nata
1239 1051 1367 1094 sunt
1394 1041 1547 1103 mihi,
1580 1052 1635 1094 et
1665 1042 1806 1093 bona
1841 1058 1984 1107 mea,

411 1105 469 1177 ἐι
505 1126 678 1177 dicam
729 1126 926 1180 animae
971 1144 1136 1182 mea):
1176 1131 1390 1193 Anima,
1422 1131 1591 1184 habes
1631 1133 1793 1184 multa
1847 1136 1985 1186 bona

420 1217 594 1284 pesita
647 1218 699 1271 in
754 1235 927 1272 annos
989 1221 1299 1289 plurimos:
1358 1223 1677 1290 requiesce,
1737 1226 1985 1291 comede,

419 1306 569 1370 bihe,
605 1312 850 1377 epulare.
896 1311 1032 1364 Dixit
1066 1322 1250 1366 autem
1300 1313 1375 1366 illi
1414 1315 1596 1368 Deus:
1639 1315 1838 1378 Stulte,
1885 1317 1989 1370 hac

417 1409 578 1452 nocte
636 1399 875 1452 animam
927 1411 1075 1454 tuam
1138 1412 1391 1472 repetunt
1433 1418 1462 1456 a
1509 1412 1608 1460 te:
1652 1422 1772 1472 quae
1804 1417 1984 1460 autem

418 1489 648 1554 parasti,
683 1491 839 1559 cujus
869 1494 1069 1546 erunt?
1103 1492 1194 1546 Sic
1226 1505 1308 1546 est
1339 1496 1431 1562 qui
1475 1495 1581 1548 sibi
1621 1498 1984 1559 thesaurizat,

418 1587 470 1628 et
503 1593 611 1629 non
641 1589 725 1631 est
751 1581 802 1632 in
836 1581 998 1634 Deum
1023 1583 1195 1636 dives.
1225 1583 1334 1654 [cc,
1359 1584 1440 1655 5.]
1473 1585 1728 1654 Dixitque
1758 1585 1824 1638 ad
1903 1587 1987 1639 di-

420 1666 664 1734 scipulos
683 1685 812 1723 suos
841 1689 852 1723 :
885 1672 1007 1725 Ideo
1037 1674 1161 1727 dico
1189 1677 1337 1728 vocis
1370 1693 1383 1731 :
1418 1676 1596 1731 Nolite
1620 1680 1837 1732 solliciti
1865 1696 1988 1734 esse

2092 496 2300 562 peilodi
2338 495 2561 546 domum
2609 509 2785 546 suam.
2838 491 2904 545 Et
2939 507 3034 544 vos
3075 499 3246 546 estote
3281 497 3456 561 parati,
3501 501 3605 567 quia

2089 603 2194 652 qua
2226 588 2357 639 liora
2387 601 2492 638 non
2526 586 2752 653 putatis,
2779 583 2950 637 Filius
2976 584 3217 636 hominis
3247 585 3428 640 veniet.
3447 586 3604 659 [ευ-ιι,

2091 677 2170 750 5.]
2205 679 2285 731 Ait
2324 689 2502 731 autem
2532 679 2578 730 ei
2612 677 2834 730 Petrus:
2860 676 3106 738 Domine,
3140 676 3204 728 ad
3233 691 3324 729 nos
3345 677 3469 732 dicis
3492 682 3608 736 banc

2092 769 2400 836 parabolam
2431 784 2445 823 :
2492 785 2558 820 an
2590 777 2645 822 et
2677 767 2746 820 ad
2785 767 3014 820 omnes?
3078 767 3220 819 Dixit
3260 778 3426 823 autent
3457 772 3607 824 Domi-

2091 878 2235 916 nus:
2272 863 2422 928 Quis,
2460 873 2644 930 putas,
2696 869 2781 914 est
2815 860 2987 914 fidelis
3023 861 3363 928 dispensator
3398 875 3448 917 et
3498 881 3608 933 pru-

2091 952 2247 1018 dens,
2313 969 2475 1022 quem
2531 954 2819 1007 constituit
2875 953 3133 1006 dominus
3176 969 3334 1019 supra
3390 955 3609 1013 familiam

2090 1059 2264 1103 suam.
2315 1054 2371 1095 ut
2429 1044 2519 1097 det
2567 1044 2674 1097 illis
2717 1045 2768 1096 in
2809 1054 3052 1110 tempore
3103 1043 3268 1096 tritici
3308 1049 3612 1100 mensuram?

2093 1135 2287 1188 Beatus
2323 1136 2411 1188 ille
2443 1151 2635 1189 servus
2685 1152 2871 1206 quem,
2920 1152 3044 1190 cum
3082 1137 3283 1189 venerit
3319 1137 3548 1191 dominus
3576 1141 3608 1204 ³,

2092 1226 2364 1279 invenerit
2398 1227 2469 1280 ita
2509 1225 2831 1281 facientem.
2863 1227 3000 1280 Vere
3026 1227 3151 1281 dico
3178 1227 3346 1285 vobis.
3393 1231 3612 1297 quoniam

2090 1331 2252 1383 supra
2291 1318 2473 1368 omnia
2504 1333 2622 1385 qum
2648 1319 2888 1385 possidet
2923 1319 3216 1372 constituet
3241 1319 3403 1372 illum.
3434 1319 3612 1391 [ccvut.

2093 1406 2171 1477 5.]
2203 1407 2356 1472 Quod
2409 1409 2453 1461 si
2490 1409 2690 1461 dixerit
2734 1425 2924 1464 servus
2977 1410 3066 1463 ille.
3096 1409 3146 1462 in
3181 1413 3338 1466 corde
3359 1426 3488 1467 suo:
3521 1413 3611 1466 Ilu-

2094 1511 2206 1547 ram
2246 1496 2377 1548 facit
2409 1496 2665 1550 dominus
2693 1512 2846 1550 meus
2874 1498 3085 1558 venire,
3117 1507 3174 1550 et
3199 1501 3418 1566 cmperit
3449 1515 3612 1563 percu-

2095 1594 2208 1640 tere
2237 1600 2426 1640 servos
2457 1585 2478 1616 ⁸
2509 1597 2564 1641 et
2586 1586 2831 1651 ancillas,
2863 1597 2917 1641 et
2946 1590 3130 1647 edere.
3157 1597 3214 1639 et
3260 1587 3454 1646 bibere,
3481 1600 3528 1642 et
3553 1592 3613 1642 in-

2093 1678 2296 1731 ebriari
2333 1693 2350 1734 :
2386 1680 2573 1732 veniet
2622 1679 2882 1733 dominus
2934 1680 3078 1733 servi
3134 1680 3278 1732 illius
3317 1681 3367 1733 iit
3415 1682 3493 1734 die
3532 1699 3617 1750 qua

419 1758 615 1809 animae.
648 1769 841 1815 vestrae
896 1764 1025 1828 quid
1087 1765 1469 1829 manducetis,
1535 1785 1712 1837 neque
1765 1773 1980 1840 corpori
2023 1772 2061 1826 Β
2095 1785 2202 1822 non
2245 1781 2449 1838 sperat.
2485 1781 2542 1825 et
2597 1773 2729 1825 hora
2765 1788 2868 1837 qua
2919 1773 3115 1835 nescit,
3173 1783 3231 1826 et
3265 1772 3457 1826 dividet
3493 1789 3616 1834 enin,

421 1846 548 1912 quid
611 1847 936 1903 induamini.
1005 1853 1199 1906 Anima
1255 1855 1376 1923 plus
1423 1865 1507 1910 est
1557 1873 1720 1927 quam
1756 1874 1900 1924 esea,
1936 1869 1990 1914 et

421 1951 624 2004 corpus
659 1942 779 2008 plus
833 1957 993 2011 quam
1033 1946 1440 2003 vestimentum.
1479 1949 1838 2007 Considerate
1870 1968 1988 2007 cor-

420 2043 535 2091 \‘0s,
565 2031 692 2097 quia
723 2048 830 2087 non
865 2038 1160 2101 seminant,
1189 2053 1368 2109 neque
1397 2051 1631 2108 metunt,
1657 2046 1857 2114 quibus
1879 2063 1985 2101 non

416 2133 504 2176 est
537 2124 820 2179 cellarium
852 2142 1030 2198 neque
1065 2132 1346 2196 horreum,
1381 2143 1437 2188 et
1474 2135 1615 2190 Deus
1645 2138 1820 2206 pascit
1845 2140 1986 2193 illos.

418 2212 634 2278 Quanto
689 2221 858 2289 magis
903 2236 996 2275 vos
1043 2223 1214 2291 pluris
1267 2227 1401 2281 estis
1449 2228 1589 2282 illis!
1632 2230 1769 2294 Quis
1807 2243 1990 2284 autem

417 2316 660 2360 vestrum
719 2311 1012 2378 cogitando
1063 2324 1244 2382 potest
1303 2317 1543 2386 adjicere
1600 2320 1668 2374 ad
1720 2330 1988 2375 staturam

419 2411 573 2450 suam
613 2400 860 2456 cubitum
900 2404 1114 2471 unum?
1159 2406 1215 2460 Si
1256 2423 1388 2477 ergo
1419 2425 1596 2479 neque
1630 2411 1778 2480 quod
1824 2413 1990 2467 mini-

420 2504 568 2543 mum
597 2500 681 2546 est
711 2495 958 2562 potestis,
1011 2496 1156 2566 quod
1189 2499 1257 2552 de
1298 2500 1515 2554 caeteris
1555 2502 1776 2556 solliciti
1807 2504 1991 2559 estis?

414 2579 775 2638 Considerate
813 2586 926 2641 lilia
980 2577 1283 2657 quomodo.
1316 2604 1572 2646 crescunt
1610 2610 1624 2648 :
1676 2611 1784 2648 non
1835 2596 1989 2650 labo-

416 2685 561 2737 rant,
597 2692 777 2745 neque
805 2689 936 2732 nent
969 2694 982 2729 :
1017 2679 1142 2734 dico
1168 2692 1350 2736 autem
1383 2683 1563 2750 vobis,
1594 2700 1696 2740 nec
1726 2686 1985 2743 Salomon

415 2766 470 2820 in
496 2769 644 2822 omni
677 2771 847 2840 gloria
873 2787 971 2827 sua
998 2773 1338 2829 vestiebatur
1367 2775 1514 2830 sicut
1550 2792 1720 2830 unum
1745 2793 1813 2832 ex
1847 2780 1985 2836 istis.

415 2861 471 2915 Si
501 2873 681 2918 autem
717 2865 902 2920 fenum
931 2868 1076 2936 quod
1124 2868 1286 2922 hodie
1315 2878 1399 2924 est
1435 2869 1487 2923 in
1515 2885 1669 2939 agro,
1694 2880 1750 2925 et
1784 2886 1905 2925 cras
1933 2872 1986 2926 in

415 2951 692 3006 clibanum
740 2957 996 3018 mittitur,
1050 2959 1197 3011 Deus
1223 2961 1303 3013 sic
1329 2962 1494 3014 veStit
1531 2976 1544 3015 :
1578 2970 1786 3030 quanto
1817 2960 1990 3031 magis

417 3058 533 3107 vos,
559 3048 766 3113 pusilla
796 3049 920 3104 fidei
949 3051 962 3104 ι
999 3049 1063 3106 Et
1089 3067 1184 3105 vos
1210 3053 1378 3107 nolite
1401 3069 1649 3122 quatrere
1673 3055 1802 3124 quid
1833 3071 1988 3110 man-

416 3136 650 3200 ducetis,
702 3149 796 3193 aut
845 3143 975 3210 quid
1038 3143 1274 3206 bibatis;
1329 3154 1385 3198 et
1429 3147 1598 3201 nolite
1650 3148 1704 3200 in
1753 3147 1987 3201 sublime

418 3229 584 3285 tolli:
642 3231 756 3286 hinc
806 3235 953 3287 enim
1010 3237 1192 3290 omnia
1245 3245 1434 3306 gentes
1471 3239 1656 3292 mundi
1710 3251 1985 3308 quierunt.

417 3319 577 3372 Pater
636 3331 816 3376 autem
881 3334 1061 3378 vester
1112 3327 1215 3380 scit
1261 3328 1522 3396 quoniam
1574 3330 1659 3384 bis
1708 3331 1986 3400 indigetis.

423 3409 812 3465 Verumtamen
863 3417 1096 3482 qua'rite
1145 3418 1382 3485 primum
1423 3419 1440 3448 ί
1503 3434 1730 3486 regnum
1787 3420 1883 3474 Dei
1933 3431 1991 3477 et

415 3500 684 3568 justit'am
739 3505 877 3572 ejus,
927 3515 982 3559 et
1033 3507 1150 3563 haec
1201 3509 1384 3563 omnia
1434 3509 1765 3580 adjicientur
1815 3512 1988 3567 vobis.

420 3591 552 3662 μω,
586 3593 698 3664 10.]
753 3595 933 3650 Nolite
975 3601 1190 3666 ttinere,
1235 3601 1468 3670 pusillus
1505 3617 1660 3671 grex,
1688 3605 1816 3674 quia
1841 3619 1990 3660 com-

419 3685 622 3753 placuit
671 3689 809 3755 patri
846 3700 1028 3744 vestro
1053 3691 1185 3746 dare
1220 3694 1374 3748 vobis
1423 3710 1674 3765 regnum.
1721 3697 1874 3767 lecti,
1904 3695 1988 3767 2.]

429 3779 647 3833 \‘eudite
700 3796 820 3848 quae
873 3784 1194 3851 possidetis,
1251 3795 1309 3839 et
1367 3787 1490 3842 date
1549 3788 1983 3859 eleemosyuam.

421 3867 591 3938 [ειιιι.
616 3869 694 3941 5.]
717 3871 901 3927 Facite
927 3874 1080 3929 vobis
1099 3877 1348 3932 sacculos
1367 3879 1461 3946 qui
1486 3893 1597 3932 non
1617 3889 1988 3944 veterascunt,

421 3960 737 4015 thesaurum
774 3981 882 4018 non
916 3966 1261 4022 deﬁcientem
1297 3970 1350 4022 in
1384 3970 1539 4024 caelis
1571 3985 1585 4024 :
1623 3985 1732 4039 quo
1759 3970 1850 4023 fur
1882 3985 1990 4024 non

420 4057 723 4124 apprupiat,
747 4072 924 4127 neque
957 4061 1098 4113 tinea
1130 4062 1453 4131 corrumpit.
1477 4061 1579 4116 Ubi
1600 4064 1747 4116 enim
1776 4064 1995 4117 thesau-

418 4161 513 4202 rus
556 4160 736 4202 vester
777 4160 882 4214 est,
916 4151 988 4205 ibi
1028 4161 1081 4204 et
1119 4167 1215 4206 cor
1247 4163 1488 4207 vestrum
1518 4154 1646 4208 erit.
1679 4153 1850 4225 [cum
1883 4155 1991 4228 l0.]

421 4239 544 4293 S.nt
571 4241 741 4294 lumbi
771 4241 932 4296 vestri
967 4242 1272 4309 praecincti,
1303 4253 1360 4295 et
1389 4243 1626 4298 lucerna:
1651 4245 1911 4299 ardentes
1938 4247 1993 4300 in

421 4334 672 4388 nzaniuus
699 4338 897 4389 vestris
931 4337 975 4396 ’,‘
1028 4343 1085 4388 et
1138 4349 1238 4389 vos
1280 4336 1488 4390 similes
1536 4337 1858 4391 hominibus
1900 4353 1995 4394 ex—

417 4426 797 4493 spectantibus
831 4426 1112 4480 dominum
1148 4442 1308 4480 suum
1336 4427 1558 4497 quando
1608 4439 1920 4483 revertatur
1956 4445 1987 4483 a
2024 4451 2067 4504 ο

419 4521 624 4590 nuptiis
657 4536 674 4587 ;
710 4528 768 4574 ut
809 4536 934 4575 cum
986 4523 1202 4574 venerit
1237 4534 1291 4574 et
1326 4521 1648 4590 pulsaverit,
1701 4520 1989 4576 confestim

417 4611 666 4679 aperiant
705 4613 777 4666 ei.
811 4611 956 4682 [ριν.
987 4611 1068 4680 5.]
1127 4612 1279 4664 Beati
1333 4613 1472 4664 serti
1523 4613 1599 4664 illi
1650 4626 1808 4679 quos.
1865 4625 1990 4665 cum

420 4703 634 4756 venerit
667 4704 945 4766 dominus,
979 4703 1254 4756 invenerit
1289 4703 1594 4772 vigilantes.
1649 4703 1822 4756 Anien
1867 4702 1991 4757 dico

423 4794 576 4849 vobis
615 4796 762 4864 quod
799 4796 1096 4864 pratcinget
1148 4809 1230 4858 se,
1281 4805 1336 4848 et
1388 4794 1551 4848 faciet
1601 4794 1724 4848 illos
1753 4795 1990 4848 discum-

421 4886 572 4947 bere,
605 4897 660 4940 et
694 4887 965 4940 transiens
996 4884 1327 4940 ministrabit
1353 4885 1481 4939 illis.
1516 4885 1583 4941 Et
1614 4886 1659 4938 si
1699 4887 1908 4952 venerit
1936 4887 1990 4940 in

2097 1871 2418 1931 partemque
2453 1865 2574 1933 ejus
2606 1878 2730 1918 cum
2768 1863 3079 1918 intidelibus
3110 1873 3295 1932 ponet.
3332 1864 3487 1935 [cux,
3528 1865 3624 1933 l0.]

2095 1953 2186 2006 Ille
2210 1963 2389 2008 autem
2421 1969 2617 2009 servus
2665 1956 2756 2024 qui
2789 1954 3051 2024 cognovit
3094 1955 3420 2009 voluntatem
3445 1955 3620 2009 domini

2092 2043 2199 2106 sui,
2235 2053 2287 2097 et
2318 2059 2427 2098 non
2457 2047 2806 2115 pratparavit,
2839 2055 2894 2100 et
2941 2062 3051 2100 non
3087 2047 3218 2100 fecit
3248 2047 3524 2101 secundum
3550 2063 3624 2101 vo-

2091 2132 2356 2188 luntatem
2395 2135 2534 2204 ejus,
2565 2137 2845 2204 vapulabit
2891 2136 3123 2203 multis;
3177 2138 3272 2206 qui
3311 2147 3478 2190 autem
3533 2153 3621 2190 non

2093 2229 2368 2294 cognovit,
2411 2236 2463 2281 et
2513 2227 2642 2281 fecit
2691 2227 2849 2296 digna
2884 2228 3074 2298 plagis,
3121 2228 3395 2298 vapulabit
3445 2229 3621 2298 paucis.

2092 2316 2252 2372 Omni
2276 2329 2461 2372 autem
2502 2319 2589 2373 cui
2635 2319 2861 2372 multum
2890 2319 3077 2373 datum
3107 2327 3217 2383 est,
3253 2321 3619 2388 multumque-

2093 2421 2245 2465 retur
2273 2412 2341 2466 ab
2363 2427 2461 2479 eo;
2495 2425 2550 2468 et
2581 2414 2665 2467 cui
2697 2412 3227 2467 commendaverunt
3254 2413 3494 2477 multum,
3523 2413 3626 2481 plus

2091 2511 2282 2573 petent
2315 2504 2386 2558 ab
2414 2520 2502 2559 eo.
2533 2503 2676 2576 [ccx,
2705 2503 2785 2576 5.]
2835 2505 3020 2575 Ignem
3051 2503 3176 2558 veni
3214 2505 3420 2558 mittere
3450 2505 3498 2557 in
3538 2513 3626 2558 ter-

2093 2611 2229 2660 ram,
2263 2606 2319 2650 et
2348 2596 2480 2665 quid
2516 2597 2638 2650 volo
2695 2596 2802 2650 nisi
2855 2605 2914 2648 ut
2957 2595 3336 2649 accendatur?
3385 2595 3626 2663 Baptismo

2090 2696 2271 2741 autem
2317 2687 2496 2742 habeo
2534 2688 2802 2757 baptizari
2833 2705 2847 2752 ;
2902 2697 2957 2742 et
2985 2688 3265 2756 quomodo
3291 2697 3523 2742 coarctor
3541 2701 3626 2738 us-

2091 2793 2198 2848 que
2252 2780 2380 2833 dum
2438 2779 2801 2849 perficiatur?
2864 2779 3079 2833 Putatis
3128 2779 3262 2848 quia
3299 2793 3474 2848 pacem
3524 2776 3625 2831 veni

2091 2870 2221 2926 dare
2245 2872 2299 2924 in
2331 2881 2533 2926 terram
2559 2871 2581 2924 ἶ)
2605 2870 2725 2925 Νοη
2751 2870 2878 2925 dico
2909 2871 3086 2936 vobis,
3106 2870 3205 2925 sed
3234 2869 3628 2939 separationem:

2091 2971 2252 3015 erunt
2280 2961 2424 3014 enim
2473 2976 2540 3015 ex
2587 2961 2690 3014 hoc
2739 2960 2985 3030 quinque
3028 2961 3082 3013 in
3127 2962 3293 3014 domo
3339 2974 3438 3012 una
3471 2957 3628 3020 divisi,

2094 3062 2207 3106 tres
2256 3053 2310 3106 in
2343 3054 2503 3116 duos,
2549 3061 2605 3107 et
2634 3059 2743 3106 duo
2777 3052 2831 3106 in
2883 3061 2997 3106 tres
3021 3051 3347 3108 dividentur
3375 3068 3390 3105 :
3422 3061 3559 3121 pater
3587 3050 3634 3102 in

2095 3143 2288 3208 filium,
2324 3154 2380 3198 et
2417 3145 2562 3198 Illius
2605 3145 2658 3198 in
2692 3154 2908 3213 patrem
2938 3159 3136 3210 suum;
3185 3154 3361 3198 mater
3391 3146 3440 3197 in
3471 3143 3630 3208 tiliam,

2092 3245 2147 3289 et
2181 3235 2286 3290 lilia
2307 3237 2362 3290 in
2393 3247 2658 3302 matrem;
2684 3250 2877 3291 socrus
2900 3236 2954 3290 in
2986 3251 3191 3290 nurum
3219 3252 3394 3300 suam,
3419 3246 3470 3289 et
3491 3247 3638 3288 nurus

2096 3326 2150 3379 in
2184 3342 2402 3382 socrum
2436 3343 2614 3382 suam.
2647 3327 2815 3399 jam,
2847 3325 2930 3398 5.]
2983 3328 3217 3383 Dicebat
3269 3339 3445 3382 autem
3493 3335 3542 3380 et
3577 3323 3637 3377 ad

2095 3417 2286 3473 turbas
2312 3436 2326 3476 :
2357 3418 2492 3474 Cum
2521 3418 2771 3474 videritis
2805 3419 3006 3474 nubem
3039 3420 3314 3474 orientem
3353 3419 3420 3474 ab
3445 3431 3636 3480 occasu,

2092 3501 2496 3567 statim‘dicitis
2533 3529 2546 3566 :
2603 3510 2833 3566 Nimbus
2878 3512 3047 3575 venit,
3079 3522 3136 3567 et
3185 3512 3262 3566 ita
3305 3512 3382 3566 fit.
3428 3511 3489 3564 Et
3530 3522 3633 3562 cum

2094 3614 2344 3657 austrum
2397 3603 2642 3666 ﬂantem,
2697 3602 2879 3657 dicitis
2927 3604 3051 3671 quia
3084 3613 3261 3658 testas
3315 3603 3438 3664 erit,
3481 3611 3532 3656 et
3565 3601 3634 3653 lit.

2096 3693 2424 3765 Hypocritae,
2461 3695 2655 3750 faciem
2700 3695 2827 3750 εαξιὶ
2873 3705 2931 3750 et
2971 3704 3130 3750 terra:
3179 3697 3358 3750 nostis
3391 3692 3631 3764 probare;

2096 3787 2203 3842 hoc
2251 3798 2432 3843 autem
2492 3797 2708 3856 tempus
2737 3786 3013 3856 quomodo
3057 3803 3170 3841 non
3201 3784 3480 3855 probatis?
3521 3779 3637 3848 Quid

2095 3892 2277 3935 autem
2333 3891 2388 3935 et
2437 3895 2466 3935 a
2496 3881 2653 3935 vobis
2679 3882 2810 3950 ipsis
2855 3895 2964 3934 non
2995 3880 3262 3950 judicatis
3293 3876 3636 3948 quodjustum

2094 3972 2228 4026 est?
2263 3971 2452 4043 [cun,
2490 3970 2568 4043 5.]
2617 3971 2754 4027 Cum
2784 3981 2967 4028 autem
3010 3972 3166 4026 vadis
3191 3985 3319 4026 cum
3356 3963 3640 4025 adversario

2099 4073 2192 4118 tuo
2209 4064 2275 4118 ad
2303 4065 2630 4133 principem,
2653 4065 2814 4128 in;via
2847 4065 2913 4117 da
2939 4079 3166 4134 operam
3207 4061 3433 4118 liberari
3456 4059 3518 4112 ab
3542 4056 3638 4116 illo.

2099 4168 2166 4207 ne
2192 4137 2332 4208 forte
2349 4155 2526 4208 trahat
2551 4163 2602 4207 te
2621 4156 2685 4207 ad
2707 4154 2971 4221 judicent,
2992 4167 3046 4209 et
3063 4153 3237 4224 judex
3262 4154 3436 4208 tradat
3467 4160 3514 4204 te
3559 4163 3641 4201 ex-

2097 4245 2358 4309 actori,et
2374 4254 2596 4297 exactor
2613 4244 2793 4297 mittat
2811 4255 2862 4297 te
2884 4244 2937 4296 in
2959 4258 3262 4298 carcerem.
3289 4244 3415 4297 Dico
3439 4239 3642 4305 tibi,nou

2098 4335 2390 4390 exiesinde
2403 4335 2575 4389 donec
2591 4335 2756 4389 etiam
2780 4335 3136 4389 novissimum
3157 4335 3427 4389 minutum
3449 4329 3637 4385 reddas.

2171 4425 2327 4494 (Cap.
2373 4422 2510 4476 XIII.
2544 4438 2731 4488 ccxin,
2784 4421 2897 4490 10.)
2954 4422 3196 4477 Aderant
3226 4430 3411 4476 autem
3441 4417 3636 4488 quidam

2097 4519 2217 4588 ipso
2251 4519 2304 4572 in
2339 4528 2608 4587 tempore,
2645 4521 2963 4572 nuntiantes
3009 4517 3088 4571 illi
3143 4521 3214 4570 de
3243 4514 3499 4579 Galilmis,
3530 4523 3645 4580 quo-

2100 4626 2222 4664 rum
2250 4612 2575 4678 sanguinem
2612 4611 2818 4664 Pilatus
2863 4611 3086 4664 miscuit
3115 4624 3243 4663 cum
3272 4605 3550 4663 sacrificiis
3569 4616 3643 4654 eo-

2101 4719 2244 4756 rum.
2283 4703 2350 4758 Et
2397 4702 2736 4771 respondens
2786 4701 2926 4754 dixit
2957 4701 3107 4754 illis:
3160 4698 3381 4754 Putatis
3429 4693 3562 4765 quod
3599 4689 3643 4743 Iti

2103 4795 2309 4850 (ἱειιὶιωὶ
2350 4810 2460 4863 pra:
2514 4793 2771 4846 omnibus
2817 4789 3056 4845 Galilacis
3085 4800 3408 4859 peccatores
3449 4782 3644 4842 fuerint,

2102 4887 2228 4955 quia
2285 4886 2411 4939 talia
2462 4885 2606 4954 passi
2661 4884 2830 4937 sunt?
2867 4883 2987 4936 Non
3030 4883 3155 4936 dico
3208 4881 3400 4935 vobis:
3440 4876 3526 4930 sed
3557 4871 3645 4926 nisi

2101 4979 2484 5046 paenitentiam
2523 4975 2851 5037 habueritis,
2887 4990 3082 5030 omnes
3114 4974 3379 5028 similiter
3402 4967 3644 5040 peribitis.

2102 5070 2255 5126 Sicut
2287 5069 2362 5122 illi
2391 5069 2580 5122 decem
2618 5077 2673 5122 et
2712 5078 2858 5133 octo,
2893 5082 3056 5136 supra
3093 5081 3236 5136 quos
3277 5063 3474 5119 cecidit
3502 5057 3650 5112 turris

2100 5163 2152 5217 iu
2210 5162 2379 5228 Siloe,
2417 5173 2472 5215 et
2517 5161 2721 5216 occidit
2757 5175 2855 5214 eos
2887 5175 2903 5218 :
2934 5160 3136 5229 putatis
3165 5160 3298 5228 quia
3346 5166 3402 5213 et
3434 5156 3530 5225 ipsi
3567 5151 3649 5204 dr-

417 4983 658 5038 secunda
704 4982 904 5051 vigilia,
939 4993 995 5036 et
1037 4983 1081 5036 si
1132 4983 1185 5036 in
1235 4983 1395 5036 tertia
1449 4983 1629 5049 vigilia
1663 4982 1898 5044 venerit,
1936 4991 1994 5036 et

419 5079 492 5132 ita
529 5077 827 5141 invenerit,
881 5075 1024 5129 beati
1075 5083 1207 5128 sunt
1236 5076 1378 5128 servi
1414 5073 1514 5129 illi.
1551 5073 1713 5146 [ccvt,
1746 5072 1825 5144 2.]
1881 5072 1996 5128 Hoc

417 5182 599 5226 autem
625 5171 842 5234 scitote,
867 5168 1126 5238 quoniam
1157 5169 1201 5221 si
1247 5169 1414 5222 sciret
1455 5167 1854 5236 paterfamilias
1887 5181 1995 5234 qua

2171 5369 2523 5424 aPronomen
2557 5380 2703 5430 suus,
2744 5371 2800 5417 et
2833 5361 2888 5416 in
2929 5359 3120 5415 Gratco
3148 5365 3411 5424 textu,et
3468 5356 3519 5406 in
3567 5363 3652 5402 no-

2099 5440 2230 5495 stris
2262 5454 2392 5491 mss.
2422 5438 2512 5490 hic
2538 5437 2780 5489 additur.

2173 5489 2226 5540 "ﬂ
2249 5489 2715 5574 Eodemquidetn
2747 5517 2937 5565 sensu,
2995 5499 3286 5574 proprius_
3313 5505 3488 5570 tamen
3524 5489 3650 5544 Gne-

2100 5598 2164 5633 co
2187 5579 2375 5641 Verbo,
2408 5564 2633 5639 παῖόις,
2671 5587 2859 5642 pueros
2893 5564 3011 5642 prro'
3034 5564 3207 5624 servos
3235 5564 3290 5621 ἑῇ
3321 5566 3514 5620 nostris
3534 5575 3645 5613 Iulis-

2103 5655 2324 5720 legitur.

489 5380 506 5404 ‘
567 5376 905 5433 Adverbiuur
961 5374 1193 5443 primum
1245 5371 1312 5426 ad
1371 5371 1542 5426 Cra-ci
1607 5381 1789 5424 textus
1832 5370 1993 5424 tidem

417 5449 528 5502 duo
569 5462 598 5500 e
633 5448 839 5504 nostris
872 5461 1005 5499 mss.
1049 5447 1304 5514 ignorant
1335 5458 1350 5505 ;
1388 5443 1560 5495 sedet
1581 5457 1712 5514 niox
1749 5444 1914 5514 verba
1944 5451 1994 5493 et

409 5520 681 5587 justitiam
715 5521 851 5587 ejus,
883 5519 996 5584 pari
1030 5511 1111 5569 oft:
1127 5530 1222 5568 nes
1250 5511 1754 5575 COIISCIISU,GI‘&'CO
1796 5511 1993 5564 suffra-

417 5604 578 5658 gante
612 5591 928 5656 archetypo,
963 5594 1249 5658 respuunt.
1574 5653 1602 5658 ﬂ
1957 5595 1988 5620 υ

492 5663 511 5692 ⁸
548 5658 715 5710 Verba
749 5653 1066 5710 ἰιίήιιιηὶὺιιέ
1095 5656 1298 5716 vestris,
1335 5669 1510 5718 neque.
1565 5653 1787 5704 Graecus
1819 5660 1995 5703 lt’Slus

421 5727 596 5790 addit,
633 5744 810 5795 tteziuc
849 5729 902 5781 hi
935 5726 1137 5797 quibus
1181 5727 1384 5777 utimur
1416 5722 1592 5776 Latini
1639 5738 1768 5774 mss.
