3880 6168
222 259 311 319 (Ἦ)

1317 239 1566 296 Ei'.\.\'(i
1585 236 1825 294 iCLlUM
1868 238 2024 294 SEC.
2072 234 2350 294 LUCAM.

3353 225 3456 284 (ἓῗυ

226 372 413 422 bitort's
461 365 662 417 fuerint
714 371 910 430 pra-ter
954 372 1144 411 omnes
1179 357 1424 408 homines
1463 354 1780 407 habitantes
1811 352 1855 408 A
1885 357 2048 400 erunt
2101 348 2282 414 primi,
2336 354 2392 398 et
2437 355 2569 397 sunt
2602 345 2784 412 primi,
2825 345 2916 413 qui
2964 348 3452 400 cruntnovissitut.

222 458 580 517 inJi-rusaleni
600 457 622 506 2’
653 455 793 517 Non,
821 453 946 506 dico
976 451 1131 504 vobis
1160 466 1176 504 :
1206 449 1299 502 sed
1323 449 1366 502 si
1399 447 1780 514 ptenitcntiam

222 569 310 607 non
339 550 589 620 egeritis,
618 561 812 601 omnes
841 545 1091 600 similiter
1125 541 1395 610 pet-ibitis.
1426 541 1634 610 [cum
1661 539 1779 605 l0.:

219 644 429 699 Dicebat
453 651 635 694 autem
661 649 715 693 et
738 639 877 691 hanc
903 634 1324 689 similitudinem
1356 649 1370 687 :
1402 633 1666 683 Arborem
1693 629 1777 682 liei

220 735 448 791 habebat
493 732 716 798 quidam
756 729 1052 796 plantatam
1091 725 1144 776 in
1196 724 1355 776 vinea
1391 736 1490 773 sua
1544 730 1600 773 et
1633 721 1780 772 venit

219 842 460 900 qttterens
493 824 730 877 fructum
770 823 821 872 in
861 819 974 879 illa,
1005 828 1058 869 et
1091 832 1197 869 non
1243 814 1472 868 invenit.
1514 813 1654 865 Dixit
1685 829 1779 866 au-

218 935 310 976 tem
339 919 408 972 ad
461 919 729 970 cultorem
766 912 975 964 vineae:
1027 911 1164 963 Ecce
1205 909 1335 961 anni
1369 917 1480 961 tres
1532 916 1660 961 sunt
1711 923 1777 960 ex

215 1035 310 1088 quo
335 1016 505 1070 venio
536 1026 784 1083 quaerens
808 1010 1043 1062 fructum
1077 1007 1130 1059 in
1156 1004 1384 1057 lienlnea
1415 1003 1536 1060 hac.
1576 1011 1628 1053 et
1670 1016 1776 1052 non

219 1107 422 1165 invenio
452 1126 466 1160 :
510 1103 728 1159 succide
756 1117 886 1167 ergo
922 1101 1067 1153 illam
1099 1115 1112 1152 :
1148 1097 1337 1165 tttquid
1380 1096 1543 1148 etiam
1576 1105 1773 1147 terram

218 1200 480 1268 occupat?
511 1202 577 1252 At
628 1196 719 1250 ille
771 1191 1134 1262 respondens,
1180 1189 1314 1243 dicit
1348 1189 1465 1244 illi:
1519 1189 1768 1251 Domine,

219 1293 416 1346 dimitte
454 1290 600 1344 illam
635 1297 686 1340 et
723 1287 829 1339 hoc
860 1300 1004 1338 anno
1037 1298 1208 1348 usque
1238 1282 1364 1332 dum
1397 1279 1597 1332 fodiam
1629 1279 1774 1330 circa

219 1387 368 1446 illam,
417 1394 479 1436 et
517 1382 727 1434 mittam
777 1386 1060 1431 stercora:
1108 1381 1163 1427 et
1209 1373 1251 1426 si
1288 1371 1510 1440 quidem
1585 1369 1778 1422 fecerit

218 1485 489 1532 lruetum:
549 1475 632 1528 sin
685 1482 891 1535 autem,
945 1471 998 1524 in
1036 1469 1282 1523 futurum
1335 1466 1585 1521 succides
1631 1480 1773 1518 eam.

220 1570 332 1622 Erat
381 1576 571 1620 autem
617 1565 822 1617 docens
874 1563 929 1614 in
974 1575 1242 1631 synagoga
1275 1574 1464 1612 eorum
1492 1555 1774 1609 Sabbatis.

221 1662 275 1714 lit
305 1674 432 1713 ecce
475 1657 689 1718 mulier,
721 1670 840 1722 qua:
893 1653 1130 1705 habebat
1161 1650 1411 1718 spiritum
1446 1645 1780 1699 inlirmita-tis

220 1749 358 1801 annis
405 1748 603 1800 decem
655 1755 708 1798 et
735 1751 900 1797 octo:
932 1751 987 1794 et
1035 1749 1155 1792 erat
1199 1738 1487 1799 inclinata,
1527 1750 1629 1789 nec
1659 1749 1771 1786 om-
1811 1724 1852 1776 Β

222 1841 336 1892 nino
365 1847 583 1906 poterat
616 1850 833 1889 sursum
885 1831 1182 1898 respicere.
1214 1829 1385 1893 Quam
1419 1841 1540 1879 cum
1572 1824 1782 1878 videret

221 1932 380 1991 Jesus,
435 1926 651 1981 vocavit
690 1939 811 1977 eam
863 1922 927 1973 ad
981 1936 1059 1985 se,
1108 1930 1160 1970 ct
1190 1918 1402 1970 aitilli:
1447 1914 1660 1977 Mulier,
1695 1913 1780 1967 di-

221 2024 366 2077 missa
393 2037 463 2076 es
500 2022 569 2074 ab
619 2015 935 2070 inﬁrmitate
968 2024 1077 2066 tua.
1130 2012 1194 2064 Et
1245 2009 1504 2078 imposuit
1557 2007 1630 2059 illi
1671 2020 1782 2057 nta-

224 2134 331 2179 nus,
381 2123 443 2166 et
473 2111 759 2166 confestim
783 2117 972 2162 creeta
997 2115 1102 2166 e51,
1140 2112 1195 2156 ct
1227 2099 1567 2171 glmiﬁcabat
1594 2098 1781 2150 Deum.

227 2205 580 2275 ltespondens
602 2209 783 2255 autem
815 2198 1296 2263 archisynagogns,
1337 2191 1628 2256 indignans
1657 2189 1785 2254 quia

227 2296 460 2352 Sabbato
492 2299 740 2347 curasset
784 2289 965 2349 Jesus,
1023 2286 1238 2339 dicebat
1268 2283 1484 2337 turbae:
1516 2280 1621 2336 Sex
1669 2280 1788 2334 dies

221 2399 357 2452 sunt,
393 2391 453 2442 in
485 2385 686 2456 quibus
711 2390 929 2451 Oportet
957 2377 1207 2448 operari:
1240 2377 1290 2428 in
1316 2375 1400 2427 his
1422 2389 1552 2442 ergo
1580 2372 1785 2436 venite,

219 2494 268 2536 et
295 2478 602 2536 curatuini:
631 2486 687 2531 et
719 2489 826 2528 non
859 2473 914 2526 in
945 2472 1034 2525 die
1064 2468 1307 2524 Sabbati.
1343 2466 1524 2536 [cum
1576 2462 1656 2534 2.]
1685 2464 1789 2517 lie-

218 2577 496 2644 spondeus
527 2581 708 2625 autem
729 2568 794 2621 ad
815 2567 964 2621 illum
986 2563 1246 2617 Dominus
1261 2559 1398 2614 dixit
1420 2575 1434 2612 :
1461 2558 1784 2628 llypocritae,

221 2667 594 2736 unusquisque
647 2671 889 2715 vestrum
921 2657 1162 2712 Sabbato
1207 2668 1312 2706 non
1368 2651 1532 2705 solvit
1595 2651 1787 2702 bovem

217 2775 366 2814 suum
402 2766 504 2811 aut
533 2756 748 2810 asinum
782 2767 812 2804 a
856 2753 1141 2820 praesepio,
1191 2755 1247 2798 et
1294 2743 1444 2796 ducit
1478 2739 1792 2808 adaquare?

221 2851 364 2904 llanc
402 2859 598 2901 autem
637 2843 805 2897 liliam
842 2839 1098 2902 Abraltm,
1136 2851 1299 2904 quam
1343 2832 1588 2901 alligavit
1639 2830 1793 2883 Sata-

220 2954 330 3002 nas,
362 2951 502 2992 ecce
541 2935 731 2988 decem
771 2941 827 2986 et
855 2937 981 2984 octo
1015 2928 1195 2990 annis,
1227 2939 1333 2977 non
1374 2921 1619 2991 oportuit
1655 2918 1792 2973 solvi

212 3045 240 3081 a
267 3027 500 3082 vinculo
525 3024 630 3079 isto
659 3023 748 3076 die
778 3018 1042 3074 Sabbati?
1062 3015 1266 3088 [cum
1293 3011 1407 3083 l0.]
1427 3012 1494 3066 Et
1523 3027 1645 3064 cum
1677 3009 1790 3062 haec

215 3122 436 3182 diceret,
500 3115 902 3171 erubescebant
956 3124 1149 3164 omnes
1193 3103 1492 3161 adversarii
1527 3105 1690 3172 ejus:
1733 3111 1788 3156 et

212 3215 383 3266 omnis
411 3213 658 3281 papulas
688 3207 959 3276 gaudebat
997 3205 1049 3257 in
1084 3201 1374 3262 universis,
1400 3215 1520 3268 qua:
1553 3197 1786 3266 gloriose

216 3304 406 3358 lia-baut
433 3307 618 3355 abeo.
650 3299 873 3371 Lentim,
906 3294 990 3366 2.]
1016 3295 1238 3349 Dicebat
1276 3308 1407 3362 ergo
1433 3308 1449 3345 :
1475 3292 1575 3346 Cui
1607 3289 1787 3343 simile

210 3411 287 3455 est
319 3413 558 3468 regnum
616 3397 732 3457 Dei,
761 3405 814 3448 et
847 3391 933 3445 cui
966 3390 1144 3443 simile
1174 3385 1459 3440 a'stimabo
1490 3381 1664 3437 illud?
1706 3380 1788 3434 Si-

214 3491 332 3543 ntile
360 3499 450 3543 est
488 3503 663 3558 grano
697 3483 925 3553 sinapis,
958 3479 1104 3550 quod
1131 3487 1416 3546 acceptum
1449 3477 1616 3528 homo
1639 3471 1790 3525 misit

213 3587 260 3634 iu
289 3584 517 3635 hortum
557 3591 740 3641 situm,
792 3585 846 3626 et
880 3572 1071 3634 crevit,
1104 3580 1157 3624 ct
1187 3569 1390 3622 factum
1422 3575 1506 3619 est
1539 3565 1595 3616 in
1633 3562 1789 3616 arbo-

215 3689 319 3725 rent
373 3684 667 3740 magnam:
737 3676 793 3719 et
828 3663 1082 3716 volucres
1129 3657 1255 3713 creti
1301 3655 1690 3723 rcquievernnt
1733 3649 1787 3702 in

212 3766 372 3818 rimis
409 3765 555 3834 ejus.
617 3760 864 3832 [CLX\'lII,
901 3754 980 3825 5.]
1017 3753 1081 3805 lit
1111 3752 1313 3804 iterum
1360 3747 1543 3802 dixit:
1575 3743 1674 3798 Cui
1708 3742 1788 3797 sic

213 3860 333 3911 mile
369 3856 671 3912 aestimabo
704 3866 929 3920 regnum
967 3847 1107 3900 Dei?
1147 3843 1339 3898 Simile
1379 3849 1461 3895 est
1492 3839 1785 3898 fermento,

208 3949 347 4018 quod
379 3957 676 4017 acceptum
704 3942 898 3997 mulier
930 3935 1219 3992 abscondit
1243 3935 1298 3986 in
1323 3931 1510 3985 farina:
1527 3939 1642 3982 sata
1664 3928 1786 3989 tria,

208 4044 378 4094 donec
408 4041 842 4094 [cruentaretur
876 4042 1070 4084 totum.
1122 4025 1326 4097 [cum
1355 4019 1437 4092 2.]
1467 4021 1530 4074 Et
1557 4019 1666 4072 ibat
1695 4031 1789 4084 per

206 4134 466 4187 civitates
506 4138 564 4184 et
605 4125 847 4182 castella.
884 4124 1107 4182 docens,
1147 4126 1201 4171 et
1236 4116 1341 4169 iter
1371 4114 1581 4166 faciens
1621 4109 1675 4162 in
1703 4108 1788 4163 Je-

209 4227 474 4280 rusalem.
512 4222 695 4294 iens,
714 4219 795 4288 5.]
820 4216 906 4270 Ait
935 4223 1117 4266 autem
1145 4211 1220 4263 illi
1253 4206 1509 4276 quidam:
1541 4202 1791 4262 Domine,

205 4321 246 4371 si
283 4317 454 4388 pauci
491 4289 646 4375 stunt,
680 4311 774 4380 qtti
813 4303 1130 4362 salvantur?
1161 4301 1284 4370 ipse
1315 4307 1499 4351 autem
1548 4292 1688 4346 dixit
1722 4289 1788 4343 ad

207 4414 358 4466 illos:
417 4406 758 4464 Contendite
809 4404 1016 4454 intrare
1067 4411 1161 4464 per
1198 4398 1482 4460 angustam

204 4505 329 4572 quia
355 4501 556 4561 multi,
581 4499 704 4552 dico
723 4494 905 4557 vobis,
935 4497 1184 4558 quaerent
1215 4487 1442 4544 intrare,
1475 4489 1528 4532 et
1561 4493 1668 4530 non
1696 4490 1790 4544 po-

207 4564 416 4647 terunt.
450 4591 664 4661 lcum,
702 4584 782 4654 5.]
828 4583 965 4636 Cum
1015 4589 1196 4631 autem
1228 4570 1514 4626 intraverit
1559 4564 1794 4636 paterfa-

204 4686 406 4746 milias,
455 4659 526 4736 et
560 4679 821 4734 clziuserit
869 4673 1095 4730 ostium,
1141 4662 1419 4735 incipictis
1456 4659 1592 4714 loris
1621 4667 1788 4720 stare,

201 4790 251 4829 et
278 4778 517 4846 pulsare
560 4769 784 4830 ostium,
813 4765 1060 4817 dicentes
1088 4771 1106 4810 :
1139 4757 1388 4818 Domine,
1433 4749 1580 4820 aperi
1612 4747 1793 4810 nobis,

201 4880 254 4922 et
300 4866 662 4938 respondens
693 4860 841 4914 dicet
871 4857 1058 4909 vobis:
1083 4851 1281 4908 Nescio
1313 4862 1408 4900 vos
1456 4843 1602 4897 unde
1631 4840 1750 4893 sitis
1777 4853 1794 4892 :

200 4971 328 5013 tunc
351 4937 645 5024 incipietis
675 4951 866 5004 dicere
903 4939 1392 4999 :Manducavintus
1423 4947 1603 4987 coram
1639 4939 1714 4989 te.
1741 4937 1795 4981 et

201 5022 573 5112 bibitnus,-et
600 5049 651 5097 in
681 5041 875 5109 plateis
901 5037 1103 5090 nostris
1132 5027 1390 5083 docuisti.
1425 5025 1490 5079 Et
1516 5022 1659 5078 dicet
1695 5036 1789 5072 vo-

200 5145 314 5197 bis;
346 5142 567 5196 Nescio
599 5152 696 5188 vos
733 5131 876 5185 unde
903 5129 1068 5182 sitis:
1109 5123 1374 5178 discedite
1406 5135 1434 5170 a
1462 5131 1570 5180 me,
1599 5126 1793 5166 omnes

198 5233 445 5303 operarii
503 5225 839 5295 iniquitatis.
875 5222 950 5274 lbi
983 5219 1094 5274 erit
1127 5218 1304 5274 lletus,
1343 5220 1398 5264 et
1423 5207 1624 5266 stridor
1658 5205 1791 5258 den-

199 5297 363 5380 tium:
401 5323 650 5395 iunxisti,
679 5314 757 5388 5.]
787 5331 910 5368 cum
941 5308 1188 5363 videritis
1217 5304 1512 5363 Abraham,
1545 5307 1601 5352 et
1624 5297 1792 5358 lsaac,

193 5437 248 5474 et
296 5421 502 5478 Jacob,
553 5424 611 5466 et
659 5424 850 5464 omnes
897 5403 1190 5472 prophetas
1238 5397 1292 5449 in
1343 5410 1510 5463 regno
1547 5392 1662 5455 Dei,
1699 5405 1793 5440 vos

195 5529 381 5567 autem
417 5506 849 5577 expelliJuras.
893 5501 957 5552 Et
996 5498 1218 5551 Venient
1240 5493 1306 5544 ab
1338 5490 1574 5549 oriente,
1610 5495 1666 5538 et
1701 5501 1794 5534 nc-

197 5608 443 5666 etdente,
479 5575 546 5655 et
592 5598 867 5666 aquilone,
922 5602 976 5643 et
1003 5598 1210 5648 austro,
1263 5595 1318 5638 et
1369 5582 1698 5634 accumbent
1730 5575 1782 5626 in

197 5719 362 5770 regno
393 5698 522 5752 Dei.
568 5691 813 5759 [suum
847 5685 928 5755 2.]
962 5687 1025 5739 Et
1053 5696 1179 5738 ecce
1213 5687 1339 5736 sunt
1372 5673 1652 5732 novissimi
1690 5668 1783 5737 qui

1890 437 2123 508 [ccxxm
2162 436 2276 506 HL]
2320 438 2375 489 ltt
2408 437 2522 503 ipsa
2557 433 2648 486 die
2685 447 3033 488 accesserunt
3062 437 3283 503 quidam
3317 437 3458 490 Pha-

1886 532 2187 592 risaeorum,
2238 530 2485 582 dicentes
2529 529 2649 581 illi':
2689 527 2808 588 Exi,
2859 537 2915 580 et
2950 527 3080 579 vade
3136 529 3300 590 hinc,
3331 529 3458 596 quia

1886 622 2128 674 Herodes
2157 621 2268 672 vult
2301 632 2350 673 te
2381 620 2657 674 occidere.
2687 619 2750 672 Et
2783 618 2858 672 ait
2885 619 2994 672 illis
3026 635 3039 672 :
3076 619 3170 678 Ite,
3208 633 3258 672 et
3295 621 3459 673 dit-ite

1884 712 2031 778 vulpi
2069 712 2185 780 illi]:
2234 711 2369 764 Ecce
2406 713 2564 779 ejicio
2597 712 2864 764 daemonia
2898 719 2952 762 et
2985 711 3261 763 sanitates
3298 711 3460 776 pet-lio

1885 803 1971 856 cio
2000 804 2164 856 hodie
2197 813 2251 855 et
2298 819 2439 866 cras,
2502 813 2555 855 et
2608 804 2766 855 tertia
2814 802 2898 854 die
2944 816 3152 854 consnu
3181 817 3319 853 mor.
3364 802 3460 853 Ve-

1887 906 2191 947 rumtamen
2235 906 2456 962 oportet
2510 911 2594 947 me
2651 893 2812 944 hodie
2865 903 2920 944 rt
2955 907 3074 945 eras
3123 902 3175 942 ct
3207 893 3460 956 sequenti

1884 988 1970 1040 die
1995 987 2299 1051 ambulare,
2338 989 2462 1053 quia
2495 1002 2598 1038 non
2627 987 2770 1053 capit
2797 985 3110 1054 prophetam
3138 985 3315 1050 perire
3367 999 3462 1036 ex-

1886 1086 1966 1129 tra
2016 1075 2340 1129 Jerusalem.
2376 1075 2595 1145 [eLxxvg
2630 1077 2714 1144 5.]
2757 1076 3084 1136 Jerusalem,
3127 1074 3454 1137 Jerusalem,

1883 1184 2004 1237 qua:
2036 1168 2242 1222 oet'idis
2273 1171 2586 1235 prophetas.
2619 1180 2672 1220 et.
2703 1168 2914 1228 lapidas
2950 1183 3044 1219 eos
3107 1167 3198 1233 qui
3233 1169 3458 1219 mittun-

1886 1269 1975 1311 tur
2035 1260 2100 1311 ad
2157 1269 2230 1321 te,
2284 1260 2507 1328 quoties
2549 1259 2696 1312 volui
2748 1273 3082 1327 congregare
3130 1257 3268 1308 ﬁlios
3308 1266 3456 1318 tuos,

1882 1351 2340 1417 quemadmodum
2360 1352 2476 1403 avis
2501 1351 2690 1403 nidum
2714 1366 2873 1402 suum
2901 1349 3004 1401 sub
3037 1347 3251 1416 pennis,
3272 1355 3328 1399 et
3354 1361 3454 1399 n0—

1884 1446 2030 1498 luisti
2057 1445 2079 1495 ’ἲ
2108 1445 2244 1498 Ecce
2264 1445 2607 1511 relinquetur
2632 1444 2785 1495 vobis
2803 1442 2997 1494 donius
3017 1448 3196 1493 vestra
3213 1437 3456 1491 deserta.

1886 1536 2011 1590 Dico
2030 1547 2208 1590 autem
2225 1537 2396 1598 vobis,
2417 1535 2665 1604 quianon
2686 1532 2943 1586 videbitis
2962 1547 3068 1594 tne,
3084 1530 3260 1582 donec
3275 1527 3461 1580 veniat

1883 1643 2004 1679 cum
2025 1626 2252 1680 dicetis:
2278 1621 2719 1689 Benedictus,qui
2743 1621 2892 1673 venit
2917 1620 2969 1672 in
2988 1618 3208 1671 nomine
3223 1615 3462 1668 Domini.

1949 1716 2104 1786 |Cap.
2139 1714 2281 1777 XIV,
2310 1729 2526 1775 CLxxvi,
2561 1710 2671 1782 10.]
2703 1713 2765 1765 Et
2787 1711 2988 1762 laetum
3020 1720 3100 1762 est
3132 1723 3262 1761 cum
3293 1706 3466 1760 intra-

1885 1806 2219 1860 retJesusin
2263 1804 2487 1858 domum
2525 1801 2806 1869 cujusdam
2834 1799 3099 1866 principis
3155 1797 3460 1852 Pharisaeo-

1887 1914 2006 1952 rum
2037 1897 2280 1951 Sabbato
2343 1894 2679 1948 manducare
2729 1907 2949 1961 panem,
2976 1901 3032 1944 et
3065 1889 3165 1958 ipsi
3197 1889 3462 1942 observa-

1887 1991 2015 2044 bant
2047 2004 2194 2043 eum.
2242 1987 2311 2041 Et
2340 2001 2469 2041 ecce
2502 1989 2665 2038 homo
2712 1983 2934 2052 quidatn
2982 1981 3316 2050 hydropicus
3343 1989 3464 2032 erat

1886 2091 2009 2135 ante
2035 2081 2204 2133 illttm.
2249 2078 2514 2149 {al.xxvtt,
2544 2075 2628 2147 2.]
2663 2076 2722 2128 Et
2756 2074 3089 2143 respondens
3117 2072 3274 2126 Jesus
3323 2070 3464 2124 dixit

1887 2174 1950 2226 ad
1980 2171 2346 2240 legisperitos,
2390 2178 2444 2223 et
2475 2168 2800 2231 Pharisaeos,
2831 2167 3058 2218 dicens:
3086 2164 3139 2217 Si
3167 2164 3293 2216 licet
3321 2161 3461 2217 Sab-

1891 2263 2017 2316 bato
2061 2261 2300 2314 curare?
2332 2259 2402 2312 At
2449 2258 2526 2312 illi
2565 2245 2888 2310 tacuerunt.
2933 2253 3052 2320 Ipse
3102 2268 3233 2305 vero
3262 2266 3462 2320 appre-

1891 2353 2120 2406 hensum
2174 2352 2388 2404 sanavit
2442 2364 2591 2413 eum,
2635 2363 2696 2399 ac
2731 2345 2961 2399 dimisit.
3012 2343 3078 2396 Et
3127 2345 3465 2411 respondens

1891 2447 1952 2498 al
1990 2447 2113 2498 illos
2135 2445 2270 2496 dixit
2306 2456 2320 2495 :
2355 2440 2523 2510 Cujus
2555 2449 2796 2491 vestrum
2823 2437 3014 2490 asinus
3043 2445 3136 2488 aut
3158 2435 3256 2487 hos
3285 2434 3337 2486 iit
3364 2447 3466 2500 pu-

1894 2547 2038 2590 tcum
2081 2535 2257 2599 cadet,
2313 2541 2368 2586 et
2420 2545 2527 2583 non
2576 2528 2835 2582 continuo
2896 2525 3154 2579 extrahet
3194 2523 3343 2576 illum
3376 2522 3466 2575 die

1894 2629 2161 2682 Sabbati?
2193 2626 2263 2678 Et
2289 2642 2393 2679 non
2443 2631 2694 2692 poterant
2723 2620 2788 2674 ad
2845 2619 2962 2673 haec
3000 2618 3331 2684 respondere
3363 2615 3462 2669 illi.

1893 2719 2179 2792 [cuxvttn
2215 2715 2328 2787 10.]
2358 2715 2582 2768 Dicebat
2615 2719 2802 2765 autem
2837 2717 2893 2763 et
2926 2709 2990 2761 ad
3027 2709 3281 2761 invitatos
3305 2721 3465 2774 para-

1896 2813 2096 2878 bolatn,
2147 2809 2442 2864 intendens
2483 2803 2760 2874 quomodo
2800 2801 3008 2871 primos
3055 2798 3339 2852 accubitus
3359 2797 3462 2851 eli-

1894 2913 2106 2976 gerent,
2130 2904 2318 2957 dicens
2365 2899 2433 2954 ad
2482 2900 2642 2952 illos:
2679 2895 2813 2950 Cum
2867 2893 3130 2948 invitatus
3175 2890 3346 2944 fueris
3393 2888 3464 2943 ad

1897 2995 2132 3065 nuptias,
2186 3007 2295 3046 non
2351 2989 2666 3044 discumbas
2709 2988 2764 3041 in
2809 2985 2985 3054 primo
3028 2983 3174 3044 loco,
3221 2997 3290 3034 ne
3324 2980 3466 3033 forte

1898 3086 2218 3141 honoratior
2263 3091 2314 3136 te
2352 3081 2423 3135 sit
2460 3079 2725 3133 invitatus
2767 3075 2837 3130 ab
2869 3075 3001 3128 illo:
3037 3081 3094 3126 et
3143 3071 3367 3125 veniens
3393 3071 3462 3131 is,

1896 3178 1987 3247 qui
2018 3189 2066 3231 te
2097 3185 2150 3230 et
2183 3175 2333 3228 illum
2367 3171 2602 3232 vocavit,
2625 3169 2772 3222 dicat
2803 3167 2936 3220 tibi:
2970 3165 3045 3218 Da
3081 3163 3210 3216 huic
3243 3160 3420 3214 locum
3447 3175 3464 3220 ;

1896 3279 1951 3322 et
1993 3277 2122 3320 tunc
2148 3264 2377 3332 incipias
2397 3275 2520 3315 cum
2550 3259 2752 3312 rubore
2789 3255 3145 3310 novissimum
3170 3253 3351 3305 locum
3381 3261 3465 3304 te-

1896 3374 2048 3412 nere.
2098 3357 2202 3411 Sed
2251 3370 2377 3410 cum
2423 3361 2647 3406 vocatus
2687 3349 2884 3412 lueris,
2917 3346 3075 3408 vade,
3120 3342 3380 3398 reenmbe
3407 3341 3463 3394 in

1896 3450 2199 3504 novissimo
2250 3448 2414 3500 loco:
2450 3455 2532 3509 ut,
2563 3457 2687 3498 cum
2741 3442 2951 3494 venerit
2985 3452 3077 3506 qut
3101 3446 3152 3489 te
3195 3434 3463 3497 invitavit,

1895 3547 2038 3596 dicat
2066 3542 2160 3595 tibi
2189 3555 2205 3594 :
2236 3539 2447 3598 Amice,
2474 3534 2709 3590 ascende
2739 3532 3016 3598 superius.
3041 3529 3197 3580 Tune
3228 3528 3338 3580 erit
3363 3524 3463 3578 tibi

1895 3635 2064 3704 gloria
2101 3645 2284 3686 coram
2316 3627 2478 3681 simul
2521 3622 3039 3678 discunibentibus:
3081 3617 3322 3679 lcuxtx,
3367 3612 3457 3685 5.]

1895 3703 2022 3793 quia
2052 3722 2232 3776 onmis
2257 3719 2348 3788 qui
2383 3732 2441 3770 se
2486 3715 2709 3777 exaltat,
2742 3709 3153 3763 humiliabitur:
3189 3714 3246 3759 et
3283 3703 3376 3771 qui
3403 3720 3464 3757 se

1897 3816 2166 3877 hutniliat,
2201 3810 2554 3865 exaltabitur.
2604 3806 2828 3877 μηνί,
2871 3799 2982 3871 ·10.]
3024 3800 3248 3853 Dicebat
3280 3805 3464 3850 autent

1897 3919 1951 3962 et
1982 3907 2054 3968 ei,
2105 3905 2198 3974 qui
2252 3918 2312 3958 se
2350 3902 2723 3953 invitaverat:
2770 3895 2916 3970 tium
2970 3891 3103 3944 lacis
3152 3890 3463 3958 prandium,

1897 4013 2249 4062 antemnam,
2299 3993 2411 4048 noli
2439 4005 2637 4047 vocare
2689 3988 2898 4042 amicos
2951 3994 3094 4046 tuos,
3146 3997 3321 4050 neque
3357 3981 3466 4033 lra-

1901 4104 2013 4148 tres
2039 4102 2183 4152 tuos,
2231 4101 2410 4155 neque
2455 4090 2740 4152 cognatos,
2775 4092 2952 4147 neque
2986 4076 3215 4136 vicinos,
3247 4071 3464 4134 divites,

1900 4199 1967 4238 ne
1999 4183 2140 4236 forte
2182 4191 2232 4234 te
2252 4190 2307 4232 et
2332 4177 2431 4247 ipsi
2465 4175 2782 4233 reinvitenl,
2806 4181 2861 4225 et
2895 4171 2987 4223 liat
3021 4167 3116 4220 tibi
3151 4165 3462 4219 retributio.

1899 4275 2005 4329 Sed
2038 4289 2159 4327 cum
2189 4271 2358 4325 iacies
2389 4267 2722 4326 convivium,
2751 4278 2880 4317 voca
2915 4274 3206 4331 pauperes,
3235 4256 3463 4320 debiles,

1538 4395 1747 4456 ponam
1775 4398 1792 4438 ;
1825 4370 2140 4454 Delaudos.
2180 4377 2236 4420 et
2267 4375 2478 4418 caecos:
2527 4370 2580 4414 et
2610 4358 2804 4411 beatus
2847 4355 2973 4416 eris,
3024 4354 3152 4421 quia
3201 4364 3308 4403 non
3367 4349 3465 4400 ha—

1900 4467 2029 4518 bent
2073 4459 2374 4512 retribuere
2405 4453 2500 4507 tibi
2531 4468 2546 4505 :
2591 4449 2931 4504 retribuetur
2954 4447 3100 4499 enim
3133 4443 3229 4496 tibi
3273 4441 3325 4495 in
3375 4455 3464 4492 re-

1897 4554 2235 4610 surrectione
2272 4551 2568 4619 justorutn.
2625 4543 2746 4596 llaec
2793 4555 2917 4593 cum
2959 4536 3202 4590 audisset
3242 4532 3466 4601 quidam

1897 4649 1965 4701 de
2009 4646 2170 4701 simul
2226 4638 2718 4698 discumbentibus,
2758 4632 2893 4686 dixit
2924 4630 3000 4682 illi
3050 4643 3067 4683 :
3127 4627 3320 4680 Beatus
3373 4623 3468 4691 qui

1899 4737 2250 4794 tnauducabit
2305 4747 2496 4810 panem
2547 4729 2601 4780 in
2633 4742 2797 4796 regno
2849 4721 2967 4776 Dei.
2995 4720 3236 4792 [ccxxxt,
3288 4714 3369 4785 5.]
3402 4721 3472 4765 At

1898 4834 2013 4901 ipse
2037 4829 2176 4883 dixit
2203 4829 2251 4881 ei
2285 4841 2304 4881 :
2341 4824 2511 4878 llomo
2543 4821 2762 4891 quidatn
2795 4815 2926 4869 fecit
2950 4826 3161 4866 orenam
3191 4823 3466 4878 magnam,

1899 4933 1956 4978 et
1989 4920 2204 4976 vocavit
2227 4918 2448 4971 multos.
2481 4914 2543 4966 Et
2572 4911 2956 4964 tnisitservum
2990 4919 3149 4957 suum
3184 4901 3318 4952 hora
3353 4913 3467 4951 (ξω-

1900 5033 1982 5069 na:
2032 5013 2216 5065 dicere
2257 5007 2522 5067 invitatis,
2573 5009 2629 5054 ut
2667 4999 2936 5057 venirent,
2985 4995 3112 5063 quia
3141 4992 3250 5060 jam
3284 4998 3464 5057 parata

1900 5113 2031 5158 sunt
2069 5100 2273 5155 omnia.
2321 5097 2386 5150 Et
2419 5101 2702 5162 cwperunt
2739 5090 2905 5143 simul
2947 5102 3140 5140 omnes
3179 5094 3464 5136 excusare.

1901 5201 2116 5256 Primus
2148 5193 2282 5247 dixit
2305 5191 2351 5246 ei
2380 5208 2393 5242 :
2428 5189 2616 5241 Villam
2641 5186 2837 5244 emi,et
2859 5193 3085 5234 necesse
3106 5176 3275 5229 habeo
3294 5171 3465 5231 exire,

1901 5303 1956 5346 et
1988 5290 2174 5343 videre
2228 5286 2372 5339 illam
2401 5299 2416 5338 °.
2446 5293 2578 5349 rogo
2621 5287 2695 5340 te,
2735 5275 2873 5328 habe
2914 5287 2998 5324 me
3023 5277 3361 5323 excusatum.
3398 5259 3463 5313 Et

1902 5385 2037 5437 alter
2067 5379 2245 5434 dixit:
2303 5375 2442 5443 Juga
2489 5373 2653 5426 boum
2689 5369 2794 5422 etni
2843 5365 3104 5432 quinque,
3140 5366 3194 5408 et
3245 5369 3312 5406 eo
3334 5367 3464 5420 pro-

1905 5479 2032 5530 bare
2094 5473 2245 5526 illa:
2309 5484 2440 5535 rogo
2497 5478 2568 5525 te.
2633 5461 2770 5514 habe
2846 5470 2931 5507 me
2998 5455 3339 5502 Heu-“alum-
3405 5444 3465 5496 ΕΙ

1903 5569 2042 5621 alitis
2071 5563 2247 5617 dixit:
2293 5559 2523 5615 Uxorem
2551 5553 2703 5614 duxi,
2730 5556 2784 5602 et
2823 5548 2943 5597 ideo
2977 5558 3080 5595 non
3115 5553 3339 5605 possunt
3372 5555 3464 5588 V0.-

1907 5659 2045 5713 nire.
2085 5654 2146 5708 Et
2174 5667 2424 5707 reversus
2448 5659 2632 5701 servus
2652 5636 2928 5708 nuntiavit
2957 5636 3066 5689 [nec
3096 5631 3323 5683 domino
3347 5643 3470 5684 suo.
