3880 6168
449 287 546 348 67!

1346 292 1407 353 s.
1453 291 1893 353 menonvu-t
1940 291 2206 352 unum
2258 262 2787 349 BiDlJOTllECA.

3560 293 3648 354 6Ἲὲ

432 402 585 456 Tum:
612 402 783 456 iratus
809 402 1223 471 paterfamilias,
1252 403 1389 456 dixit
1413 419 1575 459 servo
1596 420 1732 458 suo:
1762 404 1864 459 Exi
1886 403 2010 459 ‘cito
2042 411 2087 467 Α
2120 414 2302 457 autem
2347 420 2361 456 :
2396 403 2566 457 llomo
2611 403 2835 472 quidam
2871 400 3066 455 habuit
3102 402 3241 455 duos
3292 402 3418 456 filios
3444 416 3518 458 :rt
3544 406 3653 461 dixit

435 497 488 547 in
520 493 726 562 plateas
744 501 797 547 ct
814 495 961 547 vicos
982 494 1221 547 civitatis
1244 512 1258 547 :
1280 503 1333 547 et
1369 510 1659 564 pauperes,
1700 512 1764 550 ac
1783 496 2018 557 debiles,

433 594 489 640 et
506 586 1005 644 ca-cos.etciaudos
1032 585 1434 643 introduehuc.
1467 586 1535 640 Et
1557 591 1633 641 ait
1659 603 1890 643 servus:
1923 590 2024 641 Do—

438 676 606 739 tnine,
650 676 851 729 factum
869 684 954 731 est
971 685 1027 729 ut
1049 678 1351 746 imperasti,
1375 688 1430 733 et
1449 678 1628 733 adhuc
1649 680 1802 733 locus
1826 690 1930 735 est.
1957 681 2023 735 Et

436 766 785 821 aitdominus
804 782 961 820 servo
985 779 1001 821 :
1023 766 1120 821 Exi
1150 768 1206 821 in
1234 774 1365 835 vias,
1388 780 1442 824 et
1462 786 1653 840 sepes;
1682 781 1734 826 ct
1758 771 2023 839 compelle

438 858 670 922 intrare,
715 866 775 911 ut
804 858 1098 927 impleatur
1135 860 1333 914 domus
1367 878 1507 917 mea.
1545 863 1674 916 liico
1702 873 1885 917 autem
1921 879 2023 917 vo-

436 947 544 1009 bis,
580 947 727 1015 quod
759 963 920 1003 nemo
959 950 1199 1003 virorum
1234 951 1486 1016 illorum,
1517 954 1608 1020 qui
1649 954 1825 1006 vocati
1870 962 2019 1013 sunt,

437 1040 679 1109 gestabit
723 1053 935 1093 caenam
988 1056 1182 1095 meam.
1232 1040 1501 1113 lenuit,
1535 1041 1617 1115 5.]
1646 1043 1801 1097 Ibant
1837 1054 2019 1098 autem

441 1129 617 1183 turbze
655 1132 839 1185 multa:
866 1147 990 1185 cum
1033 1148 1100 1187 eo
1128 1149 1141 1187 :
1174 1142 1229 1187 et
1270 1149 1574 1189 conversus
1596 1136 1736 1188 dixit
1760 1136 1826 1188 ad
1861 1136 2021 1190 illos:

438 1220 494 1275 Si
527 1221 653 1290 quis
698 1222 849 1276 venit
880 1222 945 1275 ad
979 1238 1087 1288 me,
1116 1235 1174 1277 et
1198 1239 1307 1277 non
1364 1225 1481 1277 odit
1514 1237 1721 1289 patrem
1757 1242 1938 1289 suum,
1967 1236 2025 1281 et

440 1322 692 1377 matrem,
720 1320 777 1367 et
816 1329 1066 1378 uxorem,
1096 1324 1151 1369 et
1181 1315 1345 1381 filios,
1373 1328 1429 1369 et
1451 1316 1669 1377 fratres,
1699 1330 1751 1369 et
1772 1332 2019 1381 sorores,

439 1402 621 1457 adhuc
656 1415 839 1458 autem
892 1415 942 1459 et
984 1408 1221 1460 animam
1278 1422 1461 1471 suam,
1514 1423 1622 1461 non
1657 1416 1838 1476 potest
1867 1423 2023 1461 meus

440 1510 561 1549 esse
588 1495 911 1565 discipulus.
947 1498 1012 1552 Et
1040 1500 1133 1568 qui
1179 1514 1289 1553 non
1333 1500 1533 1569 hajutat
1582 1515 1803 1553 crucem
1841 1514 2022 1564 suam,

441 1589 681 1641 etvenit
729 1600 852 1657 post
882 1605 989 1653 me,
1033 1607 1139 1644 non
1183 1602 1363 1661 potest
1399 1608 1555 1646 meus
1611 1607 1733 1647 esse
1782 1592 2025 1660 discipu-

443 1679 549 1730 lus.
606 1677 891 1749 [cr.xxxm,
952 1682 1066 1755 10]
1128 1686 1262 1749 Quis
1322 1686 1469 1738 enim
1519 1700 1586 1739 ex
1626 1685 1781 1739 vobis
1838 1686 2025 1738 volens

2130 498 2537 551 adolescentior
2564 514 2629 552 ex
2668 493 2959 565 illis'patri
2994 512 3011 552 ς
3045 495 3225 560 Pater,
3284 495 3348 549 da
3395 498 3513 550 mihi
3554 516 3658 566 por-

2131 589 2339 643 tionem
2375 587 2696 642 substantia:
2748 603 2872 656 quat
2936 602 3023 642 me
3077 586 3365 655 contingit.
3416 588 3476 642 Et
3500 589 3658 647 divisit

2133 678 2241 732 illis
2276 678 2661 732 substantiam.
2692 676 2761 731 Et
2802 692 2908 731 non
2947 686 3070 746 post
3101 678 3303 732 multos
3337 679 3445 733 dies
3467 696 3662 750 congre-

2131 768 2270 836 gatis
2307 769 2584 825 omnibus.
2619 767 3025 821 adolescentior
3062 768 3206 823 filius
3260 782 3470 838 peregre
3511 774 3661 838 profe-

2130 874 2254 917 ctus
2282 871 2368 917 est
2402 865 2455 917 in
2483 864 2763 932 regionem
2792 863 3170 932 longinquam,
3224 874 3280 918 ct
3306 864 3376 918 ibi
3419 865 3663 933 dissipavit

2131 952 2499 1009 substantiam
2535 970 2690 1009 suam
2728 954 2964 1009 vivendo
2994 954 3293 1009 luxuriose.
3335 953 3396 1009 Et
3421 965 3662 1025 postquam

2130 1046 2315 1101 omnia
2351 1054 2819 1107 consummasset,
2850 1044 2988 1099 facta
3025 1054 3105 1098 est
3129 1044 3303 1099 fames
3329 1044 3493 1099 valida
3524 1048 3569 1099 in
3592 1062 3665 1101 re.

2130 1138 2293 1206 gione
2328 1137 2439 1197 illa,
2474 1146 2527 1191 et
2564 1137 2680 1204 ipse
2705 1136 3079 1206 cmpitcgere.
3113 1136 3182 1189 Et
3217 1135 3372 1200 abiit,
3405 1136 3667 1191 ctadluesit

2133 1231 2226 1284 uni
2255 1230 2458 1284 civium
2495 1229 2735 1297 regionis
2766 1228 2936 1290 illius.
2970 1228 3034 1282 Et
3065 1227 3213 1282 misit
3240 1228 3398 1282 illum
3428 1228 3477 1282 in
3515 1228 3663 1282 villam

2132 1335 2311 1386 suam,
2336 1330 2393 1375 ut
2424 1329 2674 1390 pasceret
2703 1335 2921 1387 porcos.
2954 1319 3019 1373 Et
3046 1318 3307 1388 cupiebat
3334 1318 3543 1388 implere
3563 1334 3665 1374 ven-

2132 1422 2270 1467 trem
2300 1427 2458 1466 suum
2485 1411 2806 1481 desiliquis,
2862 1427 3003 1481 quas
3066 1411 3212 1477 porci
3269 1410 3661 1463 manducabant:

2131 1512 2187 1555 et
2210 1516 2373 1555 nemo
2401 1502 2475 1554 illi
2515 1500 2703 1554 dabat.
2733 1500 2791 1554 lu
2845 1514 2904 1554 se
2951 1510 3137 1554 autem
3196 1514 3466 1559 reversus,
3516 1499 3664 1552 dixit:

2134 1594 2334 1660 Quanti
2363 1594 2690 1647 mercenarii
2747 1594 2798 1646 in
2839 1593 3004 1646 doiuo
3069 1592 3241 1662 patris
3277 1591 3378 1644 mei
3432 1591 3667 1645 abundant

2135 1686 2391 1753 panibus,
2425 1700 2525 1755 ego
2547 1695 2729 1739 autem
2763 1685 2852 1738 hic
2918 1684 3061 1739 fame
3111 1686 3320 1753 pereo!
3370 1684 3594 1753 Surgam,
3626 1693 3668 1735 et

446 1770 639 1823 turrim
673 1770 969 1837 aedificare,
1010 1789 1121 1827 non
1157 1777 1309 1844 prius
1351 1777 1550 1831 sedens
1574 1785 1855 1845 computat
1883 1790 2030 1830 snm-
2062 1768 2104 1821 Β
2136 1777 2228 1832 ibo
2269 1778 2335 1831 ad
2365 1786 2571 1847 patrem
2604 1791 2786 1831 meum
2818 1786 2873 1831 et
2929 1776 3107 1830 dicam
3132 1777 3181 1831 ei
3219 1793 3233 1829 :
3275 1774 3448 1840 Pater,
3480 1775 3667 1845 peccavi

445 1870 569 1927 ptus
635 1866 728 1932 qui
778 1868 1075 1921 necessarii
1122 1878 1269 1929 sunt,
1317 1868 1361 1921 si
1404 1868 1605 1922 haheat
1634 1869 1699 1922 ad
1740 1868 2021 1936 perficien-

443 1958 611 2023 dum;
651 1975 739 2023 ne,
802 1968 1157 2028 posteaquam
1212 1961 1455 2029 posuerit
1494 1959 1935 2026 fundamentum,
1965 1968 2022 2015 et

444 2066 553 2104 non
594 2052 837 2119 potuerit
862 2050 1154 2119 perlicere,
1191 2068 1383 2108 omnes
1410 2054 1502 2123 qui
1539 2053 1725 2108 vident
1755 2053 2023 2122 incipiant

447 2143 676 2196 illudere
728 2144 802 2208 ei,
846 2144 1133 2201 dicentes:
1168 2144 1306 2210 Quia
1350 2146 1437 2199 hic
1468 2147 1632 2201 homo
1657 2146 1824 2214 erepit
1849 2145 2021 2198 aedifi-

444 2248 593 2299 care,
625 2244 679 2287 et
708 2250 816 2287 non
846 2236 1024 2301 potuit
1052 2238 1477 2291 consummare?
1502 2238 1612 2292 Aut
1636 2242 1759 2305 quis
1788 2252 1884 2290 rex
1915 2240 2026 2289 itu-

445 2340 541 2379 rus
597 2326 945 2381 committere
1012 2328 1212 2382 bellum
1264 2328 1531 2385 adversus
1573 2330 1743 2383 alium
1813 2343 2020 2399 regem.

443 2431 549 2469 non
588 2418 786 2470 sedens
804 2417 955 2487 prius
974 2420 1199 2490 cogitat,
1226 2419 1270 2474 si
1296 2420 1470 2490 possit
1496 2436 1621 2475 cum
1649 2420 1838 2475 decem
1859 2421 2027 2476 milli-

445 2509 546 2563 bus
574 2525 872 2565 cccurrere
894 2512 968 2575 ei,
1003 2513 1095 2581 qui
1130 2527 1256 2567 cum
1282 2514 1474 2583 viginti
1511 2513 1755 2569 millibus
1780 2515 1928 2568 venit
1954 2515 2022 2570 ad

445 2600 549 2654 se?
582 2601 830 2671 alioquin
882 2602 1066 2658 adhuc
1104 2604 1198 2659 illo
1231 2606 1394 2673 longe
1447 2616 1665 2674 agente,
1696 2606 2022 2676 legationem

444 2694 686 2757 mittens,
719 2702 871 2764 rogat
893 2708 956 2748 ea
987 2711 1105 2764 qua:
1141 2696 1291 2765 pacis
1323 2707 1472 2751 sunt.
1505 2695 1793 2768 (curru,
1828 2696 1906 2767 5.]
1937 2698 2027 2752 Sic

442 2794 576 2848 ergo
616 2781 798 2836 Omnis
846 2797 914 2837 ex
950 2784 1129 2844 vobis,
1160 2785 1253 2854 qui
1302 2800 1411 2839 non
1445 2789 1727 2841 renuntiat
1769 2788 2028 2841 omnibus

443 2888 565 2940 quae
614 2874 883 2942 possidet.
940 2891 1046 2929 non
1098 2888 1275 2945 potest
1319 2893 1474 2932 meus
1510 2893 1631 2933 esse
1670 2878 2023 2948 discipulus:

446 2961 696 3033 μιλίων,
739 2962 819 3036 2.]
854 2965 1066 3019 Bonum
1102 2977 1187 3021 est
1206 2969 1285 3022 sal
1317 2985 1333 3035 ;
1380 2970 1425 3023 si
1462 2979 1645 3024 autem
1670 2973 1749 3024 sal
1786 2986 2027 3026 evanue-

448 3054 520 3107 rit
548 3055 590 3118 ⁸,
640 3055 693 3107 in
747 3071 859 3124 quo
895 3057 1187 3111 condietur
1212 3054 1448 3127 {Neque
1486 3063 1540 3114 in
1589 3071 1815 3127 terrain,
1846 3077 2025 3131 neque

445 3145 503 3198 in
538 3147 948 3215 sterquiliuium
984 3150 1116 3204 utile
1165 3161 1271 3214 est,
1311 3152 1407 3206 sed
1441 3152 1591 3208 foras
1622 3154 1894 3209 mittetur.
1922 3155 2026 3221 Qui
2056 3142 2098 3165 v

447 3238 620 3292 habet
648 3254 811 3295 aures
844 3242 1129 3310 audiendi,
1167 3245 1375 3300 audiat.

521 3328 818 3399 [Cap.XV.
850 3334 1205 3406 ccxxxi'i,2,]
1264 3336 1434 3390 Erant
1485 3346 1669 3392 autem
1732 3344 2030 3411 :ipprOpin-

442 3429 682 3489 quantes
710 3422 758 3474 ei
789 3423 1094 3491 publicani,
1153 3435 1209 3479 et
1231 3436 1569 3495 peccatores,
1604 3438 1664 3483 ut
1686 3434 1939 3486 audirent
1970 3436 2031 3488 il-

445 3515 585 3569 lum.
621 3514 685 3568 Et
718 3514 1136 3569 murmurabant
1178 3515 1457 3581 Pharisazi,
1492 3528 1548 3572 et
1580 3517 1807 3583 Scriba),
1840 3522 2032 3579 dicen-

454 3617 572 3662 tes:
602 3609 739 3672 Quia
771 3607 861 3662 hic
891 3618 1207 3676 peccatores
1244 3609 1458 3676 recipit,
1487 3622 1543 3664 et
1581 3613 1877 3668 manducat
1905 3631 2029 3670 cum

452 3700 560 3754 illis
590 3698 886 3771 [CLxxxvn,
914 3697 969 3770 5]
1010 3697 1075 3752 Et
1113 3700 1186 3753 ait
1222 3700 1289 3754 ad
1345 3700 1469 3756 illos
1502 3703 1812 3772 parabolam
1872 3707 2029 3760 istam

450 3789 683 3855 dicens:
717 3787 851 3854 Quis
892 3802 959 3841 ex
1003 3788 1155 3842 vobis
1204 3788 1392 3854 homo,
1445 3791 1537 3858 qui
1590 3790 1755 3844 habet
1810 3800 2029 3846 centum

449 3899 582 3937 oves
622 3890 722 3937 :et
760 3881 805 3935 si
836 3880 1138 3951 perdiderit
1170 3896 1334 3934 unam
1390 3896 1458 3935 ex
1520 3882 1651 3949 illis,
1717 3899 1899 3938 nonne
1950 3884 2031 3938 di-

451 3976 943 4046 mittltnouaginta
977 3989 1175 4029 novem
1234 3975 1287 4028 in
1338 3976 1586 4040 deserto,
1644 3985 1698 4029 et
1760 3976 1911 4031 vadit
1963 3977 2030 4030 ad

450 4070 598 4125 illam
631 4084 753 4138 qua:
788 4068 1045 4137 perierat,
1089 4068 1265 4121 donec
1303 4068 1550 4122 inveniat
1581 4083 1700 4122 eam
1730 4069 1752 4119 ?
1784 4068 1849 4122 Et
1904 4084 2029 4123 cum

452 4162 724 4215 invenerit
749 4175 893 4226 eam,
922 4160 1156 4229 imponit
1190 4159 1243 4212 in
1286 4159 1549 4213 humeros
1582 4174 1713 4214 suos
1742 4160 1986 4230 gaudens
2014 4176 2029 4217 :

449 4263 507 4309 et
542 4254 768 4309 veniens
804 4253 1028 4307 domum
1062 4261 1329 4305 convocat
1359 4252 1563 4306 amicos
1595 4260 1651 4307 et
1682 4253 1913 4319 vicinos,
1953 4253 2034 4308 di-

452 4362 590 4402 cens
625 4347 736 4401 illis
770 4364 782 4398 :
816 4344 1288 4415 Congratulamini
1315 4344 1468 4409 mihi,
1504 4344 1630 4415 quia
1664 4346 1845 4400 inveni
1872 4362 2028 4401 ovem

2150 1885 2183 1922 n
2214 1869 2442 1930 ccelnm,
2473 1877 2529 1922 et
2549 1883 2732 1922 coram
2771 1877 2841 1921 te.
2870 1869 2989 1923 lam
3017 1882 3125 1922 non
3155 1883 3280 1921 sum
3313 1869 3494 1937 dignus
3524 1865 3671 1920 vocari

2125 1960 2269 2015 filius
2301 1970 2463 2015 tuus:
2500 1958 2586 2012 fac
2613 1973 2697 2012 me
2714 1960 2858 2013 sicut
2890 1974 3056 2012 unum
3088 1958 3157 2012 de
3203 1958 3540 2012 mercenariis
3566 1957 3669 2011 tuis.

2136 2052 2204 2106 Et
2244 2066 2475 2121 surgens
2498 2051 2653 2105 venit
2680 2051 2746 2104 ad
2778 2060 2987 2117 patrem
3022 2065 3205 2105 suum.
3240 2050 3376 2105 Cum
3408 2061 3569 2105 autem
3593 2048 3673 2103 ad-

2127 2145 2417 2215 huclunge
2463 2153 2630 2209 esset,
2667 2142 2805 2196 vidit
2851 2144 3008 2198 illum
3047 2142 3428 2213 pater’ipsius.
3462 2151 3511 2195 ct
3538 2142 3671 2194 inise-

2127 2236 2371 2291 ricordia
2402 2248 2583 2290 motus
2606 2244 2713 2300 est,
2752 2244 2806 2290 ct
2832 2249 3134 2290 occurrens
3158 2234 3358 2290 cecidit
3406 2249 3556 2303 super
3582 2230 3675 2287 col-

2126 2329 2241 2383 lum
2280 2329 2420 2399 ejus,
2449 2337 2506 2383 et
2533 2326 2813 2381 osculatus
2840 2338 2921 2381 est
2949 2340 3098 2381 cum.
3134 2325 3391 2391 Dixitque
3436 2340 3481 2378 ei
3513 2323 3673 2378 filius:

2128 2422 2315 2485 Pater,
2353 2418 2575 2491 peccavi
2609 2419 2662 2472 in
2694 2418 2895 2473 caelum
2929 2426 2983 2474 ct
3010 2431 3195 2472 coram
3220 2427 3298 2478 te.
3325 2418 3431 2487 jam
3459 2432 3555 2470 nun
3580 2430 3675 2471 sum

2130 2514 2333 2581 dignus
2358 2512 2544 2565 vocari
2599 2510 2747 2565 filius
2788 2520 2934 2564 tuus.
3007 2508 3154 2565 Dixit
3207 2517 3391 2562 autem
3439 2514 3579 2576 pater
3624 2507 3679 2559 ad

2129 2619 2321 2660 servas
2347 2619 2475 2657 suos
2500 2619 2515 2661 :
2544 2602 2669 2657 (lito
2698 2602 2941 2671 proferte
2988 2599 3184 2655 smiam
3219 2598 3469 2667 primam.
3516 2607 3566 2651 et
3613 2595 3681 2649 in-

2127 2696 2279 2751 duite
2302 2696 2480 2760 illum,
2510 2704 2565 2749 et
2592 2693 2717 2747 date
2740 2692 3006 2746 annulum
3057 2705 3112 2743 tn
3178 2704 3404 2742 manum
3464 2688 3590 2755 ejus,
3637 2680 3683 2740 ei

2128 2789 2499 2843 calceamenta
2532 2785 2591 2840 in
2626 2783 2796 2855 pedes
2827 2782 2949 2854 eius
2994 2801 3008 2836 :
3066 2791 3123 2836 et
3180 2779 3435 2835 adducite
3484 2778 3679 2832 vitulum

2131 2880 2467 2951 saginatum.
2500 2889 2556 2932 et
2588 2876 2845 2939 occidite,
2883 2883 2941 2929 et
2976 2878 3403 2930 manducemus.
3432 2880 3484 2925 et
3526 2868 3686 2939 epule-

2132 2987 2258 3025 mur
2284 2987 2301 3039 V:
2327 2972 2454 3040 quia
2484 2970 2578 3026 hic
2611 2969 2755 3023 [ilius
2783 2981 2938 3022 meus
2962 2975 3219 3021 mortuus
3250 2975 3390 3031 erat,
3421 2974 3474 3019 ct
3494 2960 3678 3021 revixit;

2132 3066 2388 3133 perierat,
2416 3074 2473 3118 et
2504 3065 2757 3118 inventus
2785 3071 2889 3117 est.
2911 3062 2976 3115 Et
3004 3070 3302 3129 cmperunt
3331 3056 3550 3128 epulari.
3579 3055 3686 3111 Erat

2135 3166 2320 3211 autem
2360 3157 2506 3210 filius
2538 3156 2661 3226 ejus
2684 3154 2870 3208 senior
2901 3154 2954 3207 in
2972 3166 3105 3221 agro
3141 3160 3238 3206 :et
3266 3165 3392 3205 cum
3428 3149 3617 3204 veniret
3638 3154 3684 3198 et

2134 3250 2606 3319 appropinquaret
2665 3247 2897 3313 domui,
2952 3244 3165 3299 audivit
3225 3242 3599 3315 symphoniam
3641 3250 3685 3293 et

2133 3344 2363 3395 chorum
2389 3358 2402 3393 :
2438 3351 2493 3394 et
2528 3338 2745 3392 vocavit
2776 3351 2946 3390 unum
2981 3334 3049 3389 de
3071 3333 3272 3399 servis,
3295 3342 3351 3388 et
3371 3328 3685 3399 interrogavit

2133 3432 2263 3501 quid
2295 3432 2409 3485 inec
2438 3437 2630 3484 essent
2655 3430 2697 3482 '.
2729 3427 2892 3496 Isque
2935 3425 3073 3481 dixit
3111 3425 3228 3479 illi:
3268 3423 3456 3479 Frater
3486 3431 3596 3475 tuus
3616 3433 3686 3471 ve-

2133 3526 2236 3587 nit.
2272 3532 2329 3578 et
2357 3521 2557 3578 occidit
2577 3530 2734 3591 pater
2761 3530 2888 3573 tuus
2919 3518 3153 3572 vitulum
3204 3518 3534 3589 saginatum,
3572 3511 3681 3580 quia

2133 3615 2341 3669 salvum
2372 3612 2527 3666 illum
2556 3610 2787 3680 recepit.
2831 3607 3147 3679 Indignatus
3169 3616 3257 3663 est
3291 3615 3497 3667 autent,
3526 3616 3575 3658 et
3596 3617 3677 3656 uo‘

2133 3705 2283 3759 lebat
2318 3704 2547 3757 introire
2606 3702 2769 3756 Pater
2814 3715 2946 3769 ergo
3013 3700 3161 3753 illius
3214 3712 3489 3767 egressus,
3540 3692 3679 3761 cmpit

2134 3812 2327 3867 rogare
2354 3796 2532 3851 illum.
2559 3796 2629 3850 At
2658 3794 2748 3849 ille
2803 3792 3163 3863 respondens,
3196 3792 3345 3847 dixit
3403 3789 3533 3859 patri
3562 3802 3647 3841 suo

2133 3889 2274 3945 Ecce
2307 3899 2384 3944 tot
2413 3889 2574 3943 annis
2598 3889 2782 3943 servio
2802 3887 2925 3952 tibi,
2957 3896 3012 3939 et
3062 3899 3349 3954 nunquam
3400 3879 3677 3935 mandatum

2133 3989 2285 4035 tuum
2313 3978 2612 4049 praeterivi,
2666 3987 2722 4031 et
2762 3990 3041 4045 nunquam
3070 3974 3275 4030 dediSti
3301 3972 3435 4027 mihi
3475 3969 3682 4029 ltzcduln,

2133 4082 2193 4127 ut
2221 4086 2343 4125 cum
2385 4068 2582 4126 amicis
2602 4068 2737 4124 meis
2780 4067 3072 4137 cpularer:
3110 4064 3204 4121 sed
3253 4073 3535 4135 postquam
3572 4060 3691 4112 tilius

2134 4175 2263 4220 tuus
2287 4161 2398 4225 hic,
2428 4162 2523 4232 qui
2552 4161 2839 4216 devoravit
2861 4158 3226 4215 substantiam
3265 4171 3421 4212 suam
3456 4168 3571 4209 cum
3596 4162 3693 4204 nie-

2134 4256 2455 4319 retricibus,
2490 4254 2665 4320 venit,
2695 4251 2946 4308 occidisti
2985 4252 3061 4305 illi
3089 4251 3327 4305 vitulum
3384 4249 3685 4317 saginatum.

2135 4350 2204 4402 At
2232 4350 2349 4417 ipse
2371 4347 2510 4400 dixit
2545 4344 2624 4400 illi
2665 4359 2680 4398 :
2716 4343 2845 4406 Fili,
2884 4353 2940 4396 tu
2988 4357 3207 4411 semper
3260 4356 3473 4396 mecum
3522 4350 3593 4395 es,
3647 4340 3694 4386 ct

458 4454 653 4501 meam,
686 4453 807 4507 qua:
838 4437 1123 4507 perierat?
1150 4436 1279 4489 Dico
1303 4437 1479 4500 vobis,
1502 4436 1646 4507 quod
1681 4438 1754 4491 ita
1774 4438 2030 4504 gaudium
2065 4441 2110 4497 D
2138 4438 2321 4493 omnia
2355 4451 2474 4490 mea
2507 4445 2597 4490 tua
2646 4444 2815 4489 sunt:
2854 4432 3067 4503 epulari
3129 4440 3318 4487 autem
3374 4441 3427 4484 et
3490 4424 3694 4497 gaudere

451 4537 562 4591 erit
613 4535 667 4589 in
721 4533 863 4587 cmlo
925 4546 1093 4600 super
1151 4546 1259 4586 uno
1320 4539 1608 4601 peccatore
1642 4518 2036 4600 paenitentiam

454 4639 673 4698 agente.
703 4644 864 4699 quam
895 4643 1062 4697 super
1116 4630 1409 4694 nonaginta
1466 4640 1660 4679 novem
1705 4626 1892 4694 justis,
1946 4626 2041 4694 qui

458 4738 567 4777 non
606 4722 850 4789 indigent
885 4718 1227 4788 paenitentia.
1264 4717 1585 4789 [CLXXXVII],
1616 4715 1698 4769 l0.
1728 4716 1746 4787 ]
1782 4719 1887 4770 Aut
1918 4733 2040 4784 quze

460 4814 659 4868 mulier
700 4813 907 4866 habens
938 4809 1231 4864 drachmas
1262 4810 1473 4872 decem,
1500 4809 1546 4861 si
1593 4808 1891 4876 perdiderit
1919 4809 2045 4862 dra-

456 4908 675 4961 clttnant
702 4919 889 4967 uuam,
927 4918 1110 4959 nonne
1135 4901 1387 4956 accendit
1412 4901 1717 4965 lucernam,
1750 4910 1806 4954 et
1838 4903 2044 4956 everrit

458 5001 586 5075 [ηις.
620 4996 844 5070 evertit]
872 5002 1117 5060 domum,
1170 5003 1225 5050 ct
1265 4994 1464 5064 qurerit
1498 4993 1814 5062 diligenter,
1869 4991 2044 5047 donec

460 5093 999 5150 inveniat?Etcuui
1058 5089 1348 5154 invenerit,
1402 5096 1665 5142 convocat
1719 5086 1926 5141 amicas
1985 5098 2041 5141 et

458 5190 689 5252 vicinas,
730 5190 956 5245 dicens:
988 5183 1456 5256 Congratulamini
1488 5182 1641 5249 mihi,
1681 5182 1812 5252 quia
1853 5180 2035 5236 inveni

457 5282 774 5339 drachmam
828 5295 989 5350 quam
1042 5276 1430 5348 perdideram?
1496 5273 1771 5348 [cuum
1799 5272 1905 5347 5.]
1960 5273 2037 5327 ita

457 5374 585 5429 dico
614 5373 795 5436 vobis,
835 5372 1097 5443 gaudium
1127 5370 1237 5424 erit
1267 5383 1452 5423 coram
1496 5368 1704 5439 angelis
1735 5366 1827 5421 Dei
1875 5379 2041 5435 super

460 5482 571 5522 uno
603 5463 1287 5535 peecatorepmuitcntiam
1335 5470 1551 5531 agente.
1582 5460 1725 5533 [cxc,
1788 5456 1900 5521 10.]
1951 5457 2039 5510 Ait

592 5680 648 5730 lu
676 5694 782 5729 uno
811 5677 1072 5731 Vaticano
1093 5684 1256 5742 atque
1287 5675 1459 5728 altero
1510 5672 1729 5740 Regina:
1754 5685 1854 5723 ms.
1882 5678 1939 5719 nt
1987 5675 2041 5719 ct

462 5750 519 5803 in
567 5748 769 5815 aliquot
802 5748 953 5801 Once
979 5764 1003 5800 s
1031 5746 1332 5809 codicibus,
1364 5747 1403 5797 si
1450 5754 1624 5798 autem
1678 5742 1760 5795 sul
1811 5756 2033 5809 quoque,

2142 4528 2449 4598 oportebat,
2482 4525 2607 4596 quia
2644 4526 2813 4579 frater
2839 4534 2967 4578 tuus
3006 4524 3095 4577 hic
3122 4531 3377 4577 mortuus
3401 4531 3521 4577 erat
3548 4528 3691 4573 etre-

2142 4622 2317 4675 vixit:
2357 4620 2620 4689 perierat,
2647 4629 2704 4671 et
2734 4618 2992 4670 iuventus
3017 4624 3123 4670 est.

2216 4711 2376 4785 (Cap.
2406 4706 2571 4780 ΧΠ]
2604 4707 2827 4762 Dicebat
2871 4715 3054 4761 autem
3089 4705 3231 4761 etad
3257 4704 3553 4773 discipulos
3569 4710 3694 4755 suos:

2142 4802 2315 4859 llomo
2339 4802 2560 4872 quidam
2595 4809 2714 4854 erat
2738 4798 2915 4863 dives,
2937 4798 3032 4867 qui
3076 4796 3318 4854 habebat
3358 4797 3587 4852 villicunt
3613 4806 3626 4845 :
3653 4795 3697 4841 ct

2144 4896 2234 4951 hic
2284 4893 2600 4948 didamatus
2657 4900 2743 4945 est
2789 4890 2933 4958 apud
2999 4888 3153 4943 illum
3198 4888 3361 4957 quasi
3414 4887 3698 4954 dissipasset

2143 4988 2286 5042 bona
2317 4985 2511 5056 ipsius.
2549 4982 2616 5038 Et
2650 4981 2868 5036 vocavit
2905 4980 3058 5037 illum
3088 4991 3143 5036 et
3171 4981 3248 5036 ait
3281 4982 3361 5036 illi
3400 4996 3415 5034 :
3458 4979 3587 5046 Quid
3614 4977 3699 5030 hoc

2148 5078 2314 5134 audio
2340 5077 2411 5131 de
2441 5076 2545 5130 te?
2602 5073 2772 5128 redde
2835 5074 3103 5128 rationem
3168 5072 3518 5129 villicationis
3565 5080 3697 5123 tua:

2146 5174 2257 5243 jam
2283 5172 2429 5225 enim
2458 5184 2566 5223 non
2617 5167 2824 5238 poteris
2847 5166 3114 5220 villicare.
3141 5164 3233 5219 Ait
3285 5174 3469 5220 autem
3516 5163 3702 5217 villicus

2145 5266 2289 5321 intra
2310 5278 2410 5318 se:
2447 5260 2587 5327 Quid
2618 5261 2838 5322 faciam,
2871 5260 2998 5328 quia
3059 5257 3319 5313 dominus
3355 5270 3506 5313 meus
3553 5250 3701 5306 aufert

2148 5373 2179 5412 a
2208 5371 2296 5411 me
2335 5352 2722 5409 villicationem
2747 5351 2770 5404 ?
2795 5349 3007 5405 Fodere
3036 5363 3145 5404 non
3183 5349 3369 5412 valeo,
3423 5346 3703 5404 mendicare

2148 5449 2434 5506 erubesco.
2476 5444 2605 5500 Scio
2635 5443 2767 5498 ouid
2798 5442 3017 5509 faciam,
3053 5453 3113 5498 ut
3142 5458 3266 5498 cum
3306 5451 3520 5498 amotus
3570 5439 3701 5496 fuero

2150 5672 2236 5765 NE
2270 5736 2328 5789 ln
2362 5731 2568 5787 nostris
2598 5743 2727 5783 mss.
2756 5744 2871 5799 qua:
2905 5727 3013 5780 hwc
3049 5733 3231 5780 essent.
