3880 6168
168 327 269 390 673

1284 323 1797 388 EVANGELIUM
1837 323 1993 383 SEC.
2038 321 2230 382 LUCA
2244 320 2317 384 Μ.

3332 324 3438 387 δτι

149 422 561 498 ενίιιίθτιιίοπὲ,
590 433 863 503 recipiant
885 448 971 489 me
1006 434 1062 489 in
1088 432 1287 490 domus
1322 450 1473 491 suas.
1527 434 1746 488 Convo-
1780 444 1825 499 Α
1854 434 2003 488 enim
2032 434 2277 503 quinque
2307 431 2525 496 fratres,
2583 438 2642 485 ut
2670 436 2903 487 testetur
2943 442 3052 488 mis
3077 473 3092 498 ,
3126 450 3193 488 ne
3235 446 3291 491 et
3340 437 3445 507 ipsi

150 530 287 585 catis
314 531 503 599 itaque
532 527 765 599 singulis
787 527 1135 584 debitoribus
1149 528 1358 584 domini
1381 529 1492 593 sui,
1528 527 1746 583 diccbat

152 623 329 690 primo
354 620 668 687 :Quantum
692 620 863 675 debes
891 619 1112 674 domino
1148 620 1315 675 meo?
1346 623 1413 672 At
1442 619 1530 673 ille
1556 619 1697 673 dixit
1727 635 1741 669 :

150 714 385 768 Centum
407 713 576 767 cadus
605 713 735 767 olei.
765 712 1022 781 Dixitque
1055 712 1132 766 illi
1158 730 1175 768 :
1208 714 1407 782 Accipe
1430 713 1743 766 cautionem

154 816 301 857 luant
342 815 442 858 :et
474 804 607 858 sede
633 806 766 865 cito,
816 804 997 858 scribe
1050 805 1468 873 quinquaginta.
1538 804 1744 857 Deinde

150 897 235 951 alii
265 898 413 949 dixit
446 911 461 947 :
492 895 573 948 Tn
612 911 742 950 vero
772 904 1036 963 quantum
1066 896 1280 951 debes?
1315 896 1415 961 Qui
1454 897 1530 949 ait
1562 914 1577 950 :
1606 895 1744 949 Cen-

153 997 255 1041 tum
284 1001 456 1042 coros
486 986 677 1039 tritici.
706 986 795 1037 Ait
828 986 904 1039 illi
946 1002 961 1041 2
998 986 1197 1055 Accipe
1245 987 1460 1040 litteras
1522 998 1658 1051 tuas,
1688 996 1744 1041 ct

153 1078 328 1133 scribe
356 1077 658 1144 octoginta.
695 1076 763 1129 Et
796 1077 1043 1129 laudavit
1076 1076 1337 1130 dominus
1364 1078 1604 1130 villicum
1641 1078 1743 1130 ini~

150 1170 405 1239 quitatis,
442 1169 576 1237 quia
619 1170 919 1237 prudenter
962 1168 1211 1233 fecisset,
1275 1169 1401 1238 quia
1436 1170 1529 1222 lilii
1579 1170 1743 1240 hujus

155 1262 331 1314 saeculi
380 1260 768 1327 prudentiores
801 1260 926 1314 ﬁliis
970 1260 1111 1314 locis
1162 1264 1216 1313 in
1251 1261 1603 1329 generatione
1642 1276 1742 1315 sua

153 1362 288 1406 sunt.
327 1352 402 1405 Et
432 1366 535 1421 ego
570 1351 727 1405 vobis
757 1352 880 1405 dico
918 1364 933 1407 ε
972 1351 1135 1407 facite
1195 1353 1347 1406 vobis
1416 1353 1621 1407 amicos
1673 1352 1741 1406 de

154 1458 465 1497 mammona
490 1443 796 1513 iniquitatis
826 1454 943 1505 :ut.
974 1444 1450 1507 cumdefeceritis,
1475 1445 1743 1514 recipiant

152 1546 235 1585 vos
257 1531 318 1585 in
354 1543 561 1586 aeterna
597 1532 975 1585 tabernacula.
1010 1531 1111 1598 Qui
1153 1531 1330 1585 fidelis
1382 1542 1466 1586 est
1525 1533 1578 1585 in
1636 1534 1741 1585 nii-

150 1625 314 1689 nimo,
348 1624 488 1678 etin
518 1624 711 1693 majori
749 1625 925 1678 ﬁdelis
958 1637 1086 1688 est;
1152 1636 1209 1679 et
1274 1625 1367 1693 qui
1424 1626 1477 1679 in
1526 1625 1741 1678 modico

154 1713 372 1780 iniquus
391 1724 500 1779 est,
528 1724 587 1768 et
616 1716 671 1767 in
705 1713 900 1783 majori
935 1715 1159 1777 iniquus
1182 1726 1286 1769 est.
1317 1716 1370 1770 Si
1394 1733 1524 1784 ergo
1556 1718 1609 1769 in
1631 1716 1740 1769 ini-

153 1821 252 1871 quo
279 1821 600 1860 mammona
626 1806 816 1860 ﬁdeles
851 1822 959 1860 non
990 1806 1174 1861 fuistis
1208 1823 1223 1861 :
1266 1809 1410 1877 quod
1439 1825 1627 1863 verum
1659 1818 1746 1862 est

160 1900 277 1966 quis
304 1895 500 1951 credet
530 1896 733 1951 vobis?
762 1897 830 1951 Et
861 1899 905 1951 si
945 1897 998 1951 in
1032 1899 1213 1953 alieno
1242 1898 1433 1954 ﬁdeles
1478 1915 1585 1954 non
1634 1901 1746 1954 fui-

156 1988 244 2041 stis
274 2004 295 2043 :
329 1989 479 2057 quod
511 1997 753 2041 vestrum
785 1996 889 2052 est,
915 1986 1038 2057 quis
1061 1988 1213 2041 dabit
1239 1989 1438 2043 vobis?
1474 1988 1639 2061 [εχει.
1667 1986 1748 2061 5.]

158 2080 322 2132 Nemo
353 2094 553 2132 servus
579 2088 756 2147 potest
785 2078 1002 2133 duobus
1035 2077 1275 2132 dominis
1333 2081 1542 2135 servire
1579 2097 1595 2134 :
1656 2090 1750 2133 aut

156 2174 296 2223 enim
334 2188 507 2224 unum
540 2171 712 2237 odiet,
748 2180 805 2225 et
836 2173 1071 2226 alterum
1111 2173 1342 2242 diliget:
1380 2182 1472 2226 aut
1528 2173 1620 2227 tini
1653 2173 1749 2227 adv

158 2266 388 2318 haerebit
425 2274 481 2317 et
516 2265 753 2318 alterum
802 2275 1121 2320 contemnet
1147 2282 1164 2320 :
1195 2280 1303 2319 non
1360 2267 1587 2334 potestis
1636 2267 1749 2321 Deo

154 2358 363 2410 servire
404 2365 458 2409 et
490 2372 835 2412 mammonae.
870 2356 1057 2428 [cxcn,
1087 2357 1200 2429 10.}
1228 2359 1538 2412 Audiebant
1563 2370 1746 2414 autem

151 2450 331 2499 omnia
376 2445 491 2501 hinc
526 2444 810 2513 Pharisaei,
862 2448 956 2517 qui
992 2458 1150 2501 erant
1188 2452 1386 2504 avari:
1433 2461 1488 2504 et
1533 2451 1745 2505 deride-

154 2542 279 2593 bant
308 2539 490 2592 illum.
520 2538 585 2594 Et
621 2542 700 2594 ait
727 2540 855 2593 illis.
879 2537 986 2593 Vos
1013 2543 1167 2605 estis,
1197 2542 1288 2610 qui
1308 2542 1622 2611 justiﬁcatis
1651 2559 1748 2597 vos

151 2645 334 2683 coram
370 2630 689 2685 hominibus
724 2644 739 2684 :
772 2631 917 2685 Deus
948 2642 1129 2686 autem
1168 2637 1320 2687 novit
1368 2636 1531 2689 corda
1565 2645 1747 2699 vestra

148 2720 266 2788 quia
300 2721 454 2789 quod
509 2721 832 2776 hominibus
880 2723 1052 2777 altum
1102 2732 1208 2788 est,
1265 2725 1606 2780 abominatio
1664 2735 1750 2781 est

147 2820 267 2865 ante
299 2813 494 2866 Deum.
537 2812 743 2885 latent,
773 2812 857 2885 5.]
898 2814 1008 2869 Lex
1035 2826 1089 2870 et
1122 2816 1429 2885 Propheta,
1475 2832 1647 2887 usque
1679 2817 1749 2871 ad

150 2904 417 2958 Joannem
450 2918 465 2956 :
499 2920 564 2958 ex
613 2920 681 2959 eo
732 2921 963 2976 regnum
1031 2908 1125 2960 Dei
1206 2909 1640 2978 evangelizatur,
1693 2924 1750 2966 et

150 2998 333 3050 omnis
373 2997 426 3049 in
457 2997 590 3051 illud
642 2999 747 3052 vim
786 2999 911 3053 iacit
966 2998 1172 3071 [exetv,
1232 3000 1331 3073 5.]
1379 3000 1613 3059 Facilius
1664 3011 1752 3060 est

147 3096 325 3142 autem
366 3088 569 3143 celum
610 3099 665 3144 et
696 3100 896 3144 terrain
935 3094 1240 3159 praeterire,
1296 3110 1465 3164 quam
1501 3096 1571 3151 de
1626 3100 1746 3167 lege

1854 524 2080 578 veniant
2112 525 2163 577 in
2197 524 2344 576 hunc
2378 522 2560 576 locum
2623 530 3043 579 tormentorum.
3098 524 3167 578 Et
3226 526 3303 580 ait
3359 526 3443 581 illi

1854 617 2126 670 Abraham
2178 632 2191 668 :
2253 613 2774 684 llabent'Moysen,
2850 623 2906 669 et
2967 616 3301 686 prOpbetas:
3350 632 3447 671 au-

1852 708 2007 761 diant
2032 707 2173 760 illos.
2203 708 2270 759 At
2300 706 2390 760 ille
2409 706 2582 761 dixit:
2614 706 2770 771 Non,
2805 718 2961 776 pater
2992 710 3304 763 Abraham:
3341 712 3436 766 sed

1851 798 1896 852 si
1924 801 2049 867 quis
2112 815 2180 852 ex
2248 798 2482 851 mortuis
2536 798 2660 851 ierit
2719 800 2787 852 ad
2840 815 2977 862 eos.
3047 803 3439 871 paenitentiam

1849 902 2033 959 agent.
2062 892 2147 942 Ait
2167 898 2351 942 autem
2368 888 2445 941 illi
2471 888 2567 942 :vSi
2588 890 2804 961 Moysen
2824 904 2877 947 et
2916 896 3209 963 prophetas
3231 912 3338 948 non
3356 912 3446 949 an.

1851 984 2009 1036 diunt
2060 1000 2075 1049 ;
2148 998 2324 1050 neque
2366 983 2413 1034 si
2460 982 2589 1049 quis
2627 997 2693 1034 ex
2752 983 2983 1037 mortuis
3037 987 3441 1053 rcsurrexerit,

1849 1079 2098 1129 credent.

1920 1166 2078 1236 lCap.
2108 1164 2275 1228 XVII,
2311 1180 2512 1228 cxcvu,
2536 1163 2619 1236 2.]
2644 1164 2709 1218 Et
2752 1165 2830 1219 ait
2851 1166 2917 1220 ad
2942 1166 3238 1233 discipulus
3271 1184 3400 1223 suos
3419 1183 3439 1223 :

1847 1257 2201 1325 lmpossibile
2226 1267 2312 1313 est
2335 1297 2350 1321 ,
2387 1267 2445 1313 ut
2480 1272 2590 1312 non
2618 1258 2839 1312 veniant
2871 1258 3167 1324 scandala;
3206 1276 3283 1315 vae
3344 1275 3443 1315 au-

1849 1360 1955 1403 tem
1984 1350 2091 1413 illi,
2125 1366 2223 1419 per
2248 1364 2413 1418 quem
2448 1350 2696 1404 veniunt.
2740 1350 2938 1405 Utilius
2964 1360 3049 1404 est
3081 1352 3180 1416 illi,
3237 1353 3284 1407 si
3302 1353 3441 1423 lapis

1847 1441 2075 1495 molaris
2108 1441 2427 1509 imponatur
2452 1441 2603 1495 circa
2629 1442 2836 1495 collum
2864 1443 3002 1513 ejus,
3032 1453 3089 1497 et
3112 1444 3441 1514 projiciatur

1846 1534 1899 1587 in
1933 1549 2103 1597 mare,
2144 1549 2306 1602 quam
2362 1542 2421 1588 ut
2501 1536 2851 1589 scandalizet
2898 1550 3071 1590 unum
3125 1536 3195 1592 de
3229 1537 3444 1606 pusillis

1845 1624 1991 1679 istis.
2028 1623 2271 1695 [cxcvim
2311 1625 2364 1679 5.
2402 1624 2740 1694 ]Attendite
2804 1630 2957 1679 vobis
2991 1644 3006 1680 :
3046 1626 3105 1681 Si
3174 1642 3443 1696 peccave-

1846 1717 1954 1769 rint
1985 1717 2037 1768 in
2072 1726 2123 1768 te
2195 1715 2363 1769 frater
2397 1726 2540 1780 tuus,
2583 1718 2805 1785 increpa
2840 1717 2993 1771 illum
3026 1736 3041 1773 :
3074 1728 3131 1773 et
3158 1720 3204 1775 si
3259 1722 3442 1790 patui-

1781 1805 1819 1857 B
1853 1809 2078 1862 tentiam
2111 1808 2309 1875 egerit,
2350 1807 2566 1862 dimitte
2610 1809 2707 1861 illi.
2754 1809 2957 1880 jussis.
2988 1811 3041 1865 5.
3078 1810 3096 1881 ]
3131 1812 3198 1865 Ει
3232 1814 3278 1867 si
3350 1828 3442 1867 se-

1852 1900 1997 1967 pties
2032 1900 2084 1952 in
2118 1899 2202 1953 die
2234 1900 2546 1968 peccaverit
2580 1901 2633 1954 in
2672 1909 2747 1962 te.
2781 1909 2838 1955 et
2870 1901 3074 1971 septies
3115 1905 3167 1957 in
3190 1903 3277 1959 die
3306 1917 3442 1959 con-

1850 2004 2044 2043 versus
2072 1989 2231 2043 fuerit
2261 1990 2327 2042 ad
2365 1998 2439 2052 te,
2476 1988 2667 2044 dicens
2700 2005 2717 2043 :
2759 1990 2996 2045 Paenitet
3063 2008 3169 2054 me,
3224 1994 3441 2048 dimitte

1849 2082 1948 2135 illi.
1985 2080 2089 2152 [cc,
2130 2082 2183 2135 5.
2219 2080 2238 2151 ]
2282 2081 2347 2135 Et
2402 2081 2661 2135 dixerunt
2714 2082 2945 2149 apostoli
3004 2083 3284 2140 Domino:
3334 2086 3445 2139 Ad-

1851 2189 1988 2242 uage
2022 2172 2181 2226 nobis
2236 2173 2418 2225 fidem.
2451 2172 2599 2225 Dixit
2629 2180 2813 2225 autent
2876 2172 3140 2229 Dominus
3169 2188 3186 2227 :
3224 2176 3279 2230 Si
3341 2176 3441 2231 lia-

1851 2265 2083 2318 bueritis
2115 2263 2274 2317 ﬁdem
2309 2262 2454 2315 sicut
2511 2276 2742 2330 granum
2780 2262 3011 2332 sinapis,
3036 2265 3230 2320 dicetis
3261 2268 3281 2298 ¹
3314 2268 3443 2322 huic

1852 2356 2036 2409 arbori
2071 2371 2227 2409 moro
2274 2372 2288 2407 :
2319 2354 2637 2419 Eradicare,
2662 2367 2715 2408 et
2744 2356 3150 2424 traiisplantare
3197 2360 3250 2413 in
3290 2374 3441 2415 mare

1849 2457 1906 2501 et
1936 2447 2159 2501 obediet
2190 2446 2366 2501 vobis.
2405 2445 2531 2518 [εει⁹
2568 2448 2705 2521 10.]
2758 2449 2892 2517 Quis
2957 2458 3143 2504 autem
3196 2460 3439 2505 vestrum

1851 2538 2057 2593 habens
2084 2554 2305 2593 servum
2334 2549 2581 2595 arantem
2607 2553 2702 2595 aut
2725 2541 3161 2612 pascentem,qui
3193 2555 3441 2610 regresso

1847 2631 1919 2684 de
1953 2647 2083 2697 agro
2118 2632 2267 2684 dicat
2300 2631 2418 2686 illi:
2460 2632 2653 2687 Statim
2691 2635 2883 2698 transi,
2920 2637 3178 2688 recumbe
3213 2652 3231 2690 :
3260 2645 3439 2687 etnon

1850 2721 1998 2776 dicat
2024 2721 2075 2776 ei
2100 2731 2117 2774 :
2149 2718 2286 2774 Parii
2313 2721 2462 2790 quod
2498 2737 2735 2789 omnem,
2763 2732 2820 2778 et
2847 2726 3121 2794 praecingit
3154 2735 3227 2790 te,
3252 2734 3309 2779 et
3334 2726 3439 2777 nii-

1852 2816 2025 2866 nistra
2057 2813 2189 2866 mihi
2223 2812 2402 2867 donec
2455 2820 2781 2869 manducem
2830 2826 2886 2868 et
2938 2816 3149 2880 bibam,
3212 2827 3268 2871 et
3316 2825 3441 2886 post

1852 2902 1968 2956 haec
2017 2913 2073 2955 tu
2116 2902 2475 2961 uiaiiducabis
2534 2915 2589 2957 et
2635 2904 2834 2958 bibes?
2886 2903 3148 2974 Nunquid
3208 2907 3439 2976 gratiam

1853 2992 2017 3045 habet
2054 3007 2214 3046 servo
2247 2993 2345 3052 illi,
2375 2995 2506 3062 quia
2555 2993 2686 3048 fecit
2724 3010 2846 3064 qua:
2869 2996 2918 3049 ei
2974 2998 3343 3065 imperaverat
3374 2997 3441 3051 '2

1857 3081 1975 3137 Non
2000 3093 2151 3153 puto.
2205 3083 2297 3138 Sic
2326 3094 2380 3137 et
2435 3100 2550 3148 vos,
2596 3100 2723 3139 cuin
2786 3087 3027 3142 feceritis
3082 3089 3267 3144 omnia
3317 3103 3439 3159 quae

149 3192 312 3233 unum
346 3180 559 3248 apicem
583 3179 801 3236 cadere.
839 3181 1019 3252 [οχον.
1048 3181 1132 3256 2.]
1163 3159 1376 3252 Omnis,
1407 3159 1740 3255 quidimittit

1847 3183 2114 3244 praecepta
2148 3182 2278 3229 sunt
2310 3174 2487 3239 vobis,
2518 3175 2720 3230 dicite:
2751 3173 2908 3230 Servi
2945 3176 3170 3233 inutiles
3194 3193 3427 3235 sumus:

150 3284 372 3324 uxorein
443 3284 601 3324 suam
636 3312 653 3338 ,
737 3283 794 3326 et
845 3275 1072 3328 alteram
1164 3275 1357 3343 ducit,
1406 3280 1744 3333 iiimchatnr:

149 3370 201 3412 et
232 3361 329 3431 qui
395 3360 679 3417 dimissam
728 3378 758 3416 a
790 3364 908 3418 viro
971 3366 1142 3429 ducit.
1185 3372 1513 3423 moechatur.
1546 3368 1745 3440 [cxcvi,

155 3446 265 3523 10.]
306 3450 491 3503 lionio
520 3451 743 3519 quidam
774 3461 896 3507 erat
922 3453 1100 3521 dives,
1126 3456 1219 3525 qui
1250 3456 1583 3511 induebatur
1618 3475 1745 3527 pur-

154 3554 279 3607 pura
311 3550 375 3594 et
410 3542 572 3609 bysso
599 3557 614 3595 :
647 3549 705 3596 et
759 3542 1093 3612 epulabatur
1126 3546 1376 3613 quotidie
1432 3548 1739 3615 Splendide.

154 3632 211 3686 Et
242 3643 366 3687 erat
406 3632 629 3702 quidam
689 3634 1000 3699 mendicus,
1067 3634 1289 3692 nomine
1338 3636 1597 3705 Lazarus,
1648 3642 1744 3710 qui

144 3724 360 3791 jacebat
400 3725 467 3778 ad
500 3727 727 3793 januain
757 3727 898 3796 ejus,
940 3727 1220 3784 ulceribus
1266 3731 1482 3798 plenus,
1514 3732 1745 3801 cupiens

150 3814 387 3868 saturari
413 3814 481 3867 de
504 3817 662 3868 micis
713 3832 835 3886 qua:
853 3818 1122 3872 cadebant
1144 3821 1211 3875 de
1244 3837 1430 3875 mensa
1465 3824 1743 3886 divitis,ct

149 3921 302 3958 ltettio
340 3904 419 3959 illi
448 3905 614 3959 dabat
648 3907 665 3936 ¹
702 3923 719 3973 ;
751 3909 842 3961 sed
869 3918 923 3963 et
951 3924 1114 3964 canes
1141 3912 1455 3978 veniebant,
1494 3926 1547 3968 ct
1568 3915 1743 3985 linge-

149 3997 275 4050 bant
302 3998 492 4051 ulcera
524 3998 665 4067 ejus.
708 3997 936 4054 Factum
975 4012 1289 4068 estautem,
1345 4014 1402 4057 ut
1432 4020 1743 4063 moreretur

148 4089 442 4142 mendicus
468 4099 525 4143 ct
555 4098 872 4158 portaretur
894 4091 962 4144 ab
980 4094 1188 4162 angelis
1209 4096 1262 4147 in
1280 4096 1459 4150 sinum
1486 4100 1739 4154 Abraha'.

146 4176 399 4232 Mortuus
420 4190 507 4233 est
540 4188 725 4233 autem
757 4190 812 4234 et
847 4180 1025 4245 dives,
1064 4193 1119 4237 et
1165 4188 1412 4253 sepultus
1451 4202 1536 4243 εει
1568 4190 1620 4242 iii
1654 4190 1742 4244 in-

144 4270 320 4325 ferno.
357 4270 598 4325 Elevans
625 4283 809 4326 autem
846 4274 1035 4331 oculos
1102 4293 1252 4345 suos,
1304 4296 1425 4333 cum
1484 4293 1631 4337 esset
1686 4284 1738 4337 in

145 4363 461 4427 tormentis,
497 4362 632 4416 vidit
678 4362 955 4417 Abraham
988 4382 1016 4419 a
1048 4367 1231 4438 longe,
1270 4380 1326 4423 et
1376 4370 1640 4427 Lazarum
1684 4374 1739 4428 in

140 4454 261 4505 sinu
286 4454 413 4523 ejus
445 4470 461 4509 :
499 4464 553 4507 et
581 4454 698 4523 ipse
724 4454 967 4523 clamans
1002 4457 1141 4512 dixit
1176 4478 1185 4510 :
1222 4459 1383 4515 Pater
1437 4464 1734 4528 Abraham,

141 4544 409 4597 miserere
442 4544 572 4606 mei,
605 4555 662 4597 et
696 4545 855 4597 mitte
901 4544 1194 4610 Lazarum,
1239 4559 1300 4602 ut
1364 4551 1593 4622 intingat
1645 4570 1737 4607 ex-

140 4644 378 4687 tremum
430 4633 590 4703 digiti
631 4635 716 4687 sui
755 4635 809 4687 in
837 4651 1057 4705 aquam,
1090 4648 1147 4691 ut
1176 4640 1460 4708 refrigeret
1498 4644 1736 4713 linguam

139 4740 338 4787 meam,
380 4728 513 4795 quia
554 4726 774 4780 crucior
814 4730 869 4781 in
912 4729 1015 4782 hac
1056 4730 1296 4786 ﬁatnnia.
1348 4734 1411 4789 lit
1470 4736 1607 4791 dixit
1657 4739 1735 4795 illi

147 4818 428 4871 Abraham
467 4832 484 4871 ξ
514 4816 615 4872 Fili
647 4858 661 4882 ,
691 4821 990 4874 recordare
1020 4823 1146 4891 quia
1189 4828 1444 4896 recepisti
1483 4828 1625 4882 bona
1678 4831 1733 4882 in

135 4907 244 4959 vita
286 4918 383 4961 tua
404 4946 420 4970 ,
452 4916 510 4961 et
543 4906 786 4963 Lazarus
816 4909 1071 4963 similiter
1098 4914 1236 4965 mala
1264 4931 1277 4967 :
1346 4932 1491 4970 nunc
1549 4928 1732 4973 autem

135 4999 221 5051 hic
255 4998 589 5053 consolatur
614 5038 630 5062 ,
665 5009 723 5053 ιιι
749 5015 880 5053 vero
905 5004 1175 5058 cruciaris
1208 5020 1224 5070 ;
1256 5014 1311 5060 et
1345 5008 1398 5061 in
1426 5009 1510 5063 liis
1558 5014 1734 5067 omni-

134 5092 233 5142 bus
259 5129 279 5153 ,
308 5090 459 5145 inter
479 5105 583 5144 nos
608 5099 666 5145 et
701 5106 797 5146 vos
824 5094 991 5146 chaos
1027 5109 1287 5164 magnum
1322 5101 1597 5155 ﬁrmatum
1620 5114 1727 5164 est:

128 5193 187 5234 ut
218 5182 278 5235 hi
302 5223 320 5246 ,
348 5182 443 5252 qui
479 5182 829 5251 volunt_binc
859 5186 1102 5241 transire
1124 5187 1193 5241 ad
1216 5204 1311 5243 vos
1340 5229 1355 5251 ,
1387 5206 1493 5245 non
1518 5196 1732 5262 possint

128 5288 313 5343 neque
357 5274 487 5328 inde
525 5274 635 5328 huc
658 5283 1021 5331 transmeare.
1054 5277 1124 5332 Et
1142 5282 1258 5334 ait:
1294 5281 1445 5354 Rogo
1468 5300 1602 5355 ergo
1633 5297 1685 5342 te
1711 5328 1728 5355 ,

127 5376 283 5433 pater
306 5404 325 5431 ,
362 5374 422 5420 ut
445 5366 634 5421 mittas
664 5380 792 5420 eum
826 5367 881 5420 in
906 5368 1131 5425 domum
1156 5376 1326 5443 patris
1358 5378 1485 5431 mei.
1544 5378 1729 5435 Habeo

191 5477 205 5505 '
240 5474 446 5555 Verba,
473 5478 540 5555 Et
583 5496 735 5534 nemo
768 5480 851 5534 illi
879 5483 1068 5551 dabat,
1099 5501 1223 5555 qua:
1251 5498 1306 5542 et
1332 5489 1384 5542 in
1418 5489 1613 5545 Oricon
1640 5511 1726 5547 ar-

116 5548 362 5633 chetypo
386 5553 797 5633 desiderantur,
840 5558 892 5607 in
938 5548 1063 5621 bis,
1115 5548 1256 5627 quos
1314 5563 1723 5633 constituimus,

117 5634 249 5671 nisa.
272 5620 447 5676 libris
471 5637 581 5675 non
606 5631 756 5679 sunt.

138 5760 148 5767 η
183 5689 288 5772 flii
320 5695 532 5749 nostris
555 5692 817 5749 omnibus
850 5710 985 5755 mss.
1011 5700 1281 5768 diceretis,
1315 5710 1369 5758 et
1400 5703 1589 5760 Graece
1614 5717 1722 5771 est,

107 5774 337 5827 ωιεγετι
355 5799 372 5815 .

1848 3266 1995 3336 quod
2022 3265 2316 3319 debuimus
2341 3264 2541 3333 facere,
2569 3264 2826 3322 feeinius.
2859 3267 2926 3322 Et
2948 3269 3153 3323 factum
3175 3280 3281 3334 est.
3302 3274 3433 3327 dum

1849 3357 1955 3410 iret
1989 3358 2044 3410 in
2072 3356 2400 3419 Jerusalem,
2428 3356 2705 3411 transibat
2734 3372 2832 3426 per
2862 3360 3099 3413 mediam
3132 3360 3433 3418 Samariam

1849 3445 2037 3516 injAl.
2081 3457 2136 3498 et
2164 3443 2183 3517 ]
2216 3445 2517 3500 Galilaeam.
2552 3444 2769 3500 Etcum
2820 3448 3204 3518 ingrederetur
3254 3458 3434 3522 quod-

1847 3539 1971 3591 dam
2002 3537 2288 3592 castellum
2317 3553 2332 3603 ;
2366 3549 2730 3593 occurrerunt
2755 3540 2806 3593 ei
2842 3543 3034 3595 decent
3062 3546 3164 3598 viri
3205 3547 3433 3615 leprosi,

1846 3634 1940 3701 qui
1972 3640 2247 3685 steterunt
2269 3648 2298 3683 a
2334 3630 2494 3699 longe
2526 3647 2542 3683 :
2578 3641 2634 3685 et
2664 3634 2984 3688 levaverunt
3006 3651 3223 3701 vocem,
3246 3640 3435 3696 dicen-

1844 3733 1928 3779 tes
1959 3740 1976 3778 :
2009 3723 2136 3776 Jesu
2208 3733 2534 3791 praeceptor,
2601 3726 2866 3780 miserere
2918 3728 3112 3782 nostri.
3162 3731 3312 3795 Quos
3374 3742 3436 3788 nt

1844 3814 2005 3877 vidit,
2049 3814 2187 3867 dixit
2224 3831 2239 3866 :
2273 3813 2373 3877 Ite,
2425 3813 2702 3870 ostendite
2765 3831 2865 3871 νυε
2916 3821 3314 3877 sacerdotibus.
3366 3823 3438 3879 Et

1849 3905 2053 3959 iactum
2087 3916 2192 3969 est,
2214 3905 2343 3957 dum
2372 3904 2535 3970 irent,
2575 3906 2827 3961 inundati
2872 3922 3022 3965 sunt.
3060 3911 3212 3968 Unus
3244 3924 3431 3970 autem

1843 4012 1911 4052 ex
1943 3997 2073 4061 illis,
2110 4008 2171 4050 ut
2204 3997 2340 4050 vidit
2370 3999 2499 4067 quia
2539 3998 2837 4054 mundatus
2872 4012 2978 4068 est,
3012 4018 3293 4074 regressus
3324 4019 3430 4076 est,

1844 4103 1969 4143 cum
1998 4105 2191 4157 magna
2225 4106 2355 4145 voce
2382 4092 2739 4160 magnificans
2768 4093 2965 4161 Deum,
3003 4106 3062 4151 et
3115 4101 3315 4155 cecidit
3370 4106 3428 4157 in

1844 4181 2038 4235 faciem
2073 4192 2202 4235 ante
2232 4183 2402 4251 pedes
2432 4184 2575 4253 ejus,
2609 4187 2813 4252 gratias
2841 4203 3007 4257 agens
3034 4206 3050 4245 :
3076 4202 3132 4244 et
3165 4193 3254 4247 hic
3309 4205 3431 4249 erat

1844 4272 2246 4327 Samaritanus.
2336 4274 2698 4345 itespondens
2765 4295 2947 4335 autem
2998 4282 3176 4349 Jesus,
3232 4286 3424 4341 dixit:

1842 4363 2032 4418 Nonne
2073 4368 2262 4419 decent
2301 4370 2547 4423 inundati
2580 4380 2708 4424 sunt
2737 4374 2760 4425 ?
2793 4384 2849 4427 et
2875 4389 3071 4429 novem
3122 4379 3213 4431 ubi
3254 4380 3432 4435 sunt?

1843 4453 1962 4509 Non
1988 4466 2074 4510 est
2110 4459 2370 4517 inventus
2399 4462 2491 4528 qui
2530 4464 2755 4527 rediret,
2774 4474 2827 4517 et
2849 4465 3008 4519 daret
3036 4468 3265 4536 gloriam
3290 4469 3429 4539 Deo,

1840 4548 1946 4600 nisi
1982 4550 2072 4603 hic
2102 4550 2430 4620 alienigena.
2458 4554 2525 4608 Et
2549 4557 2623 4609 ait
2672 4557 2791 4610 illi:
2830 4557 3028 4630 Surge,
3086 4569 3245 4631 vade,
3298 4567 3432 4635 quia

1836 4640 1972 4694 ﬁdes
2001 4651 2090 4696 tua
2141 4652 2193 4696 te
2252 4644 2462 4698 salvum
2522 4646 2673 4702 fecit.
2730 4648 3007 4725 ['ccii,5.j
3055 4654 3433 4729 interrogatus

1836 4742 2019 4785 autem
2045 4752 2074 4786 a
2098 4732 2423 4791 Pbarisaﬁs;
2453 4738 2681 4803 Quando
2715 4747 2863 4797 Venit
2891 4761 3117 4816 regnum
3156 4749 3253 4805 Dei
3282 4750 3305 4805 ?
3339 4768 3430 4809 re-

1836 4826 2113 4892 spondens
2135 4827 2239 4891 eis,
2292 4832 2431 4882 dixit
2468 4831 2637 4886 :Nun
2678 4846 2825 4889 venit
2864 4854 3086 4909 regnum
3152 4843 3248 4898 Dei
3303 4860 3429 4900 cum

1835 4920 2216 4973 observatione
2252 4938 2269 4975 :
2302 4936 2480 4990 neque
2533 4925 2718 4979 dicent
2752 4927 2931 4984 :Eece
2993 4933 3105 4999 hic,
3158 4945 3255 4991 aut
3300 4952 3431 4995 ecce

1835 5010 1965 5063 illic.
1991 5007 2134 5066 Ecce
2164 5013 2312 5066 enim
2343 5030 2568 5084 regnum
2599 5017 2695 5072 Dei
2752 5021 2892 5077 intra
2940 5039 3042 5080 vos
3093 5036 3195 5094 est,
3254 5027 3426 5101 (cum,

1837 5102 1923 5158 10.
1944 5104 1968 5175 'j
1990 5106 2054 5159 Et
2080 5108 2158 5161 ait
2182 5107 2249 5162 ad
2277 5106 2584 5179 discipulos
2605 5127 2736 5168 suos
2766 5132 2780 5169 :
2815 5114 3048 5174 Venient
3064 5122 3183 5178 dies
3205 5125 3430 5192 quando

1832 5196 2161 5255 desideretis
2191 5200 2381 5258 videre
2406 5218 2575 5259 unum
2612 5208 2755 5262 diem
2790 5209 2913 5266 Filii
2945 5213 3201 5282 hominis,
3236 5227 3422 5269 etnon

1835 5288 2107 5341 videbitis.
2150 5290 2314 5360 [σειν.
2347 5293 2444 5365 2.]
2484 5297 2547 5349 ιι
2584 5299 2772 5353 dicent
2819 5302 3015 5358 vobis:
3052 5304 3191 5357 Ecce
3226 5306 3334 5369 liic,
3369 5321 3425 5360 et

1831 5396 1961 5437 ecce
1989 5384 2124 5438 illic.
2182 5385 2365 5442 Nolite
2398 5388 2500 5453 ire,
2541 5407 2720 5460 neque
2772 5396 3073 5450 secteinini.
3133 5394 3275 5466 [εον.
3310 5397 3413 5469 5.}.

1905 5501 1926 5531 ³
1967 5497 2173 5579 lterum
2213 5502 2378 5557 iidem
2408 5520 2544 5560 mss.
2593 5524 2712 5576 quis
2741 5511 2839 5563 sibi
2883 5526 2979 5577 pro
3010 5512 3106 5579 ei,-
3149 5513 3421 5572 didercn-

1833 5572 1963 5624 tiam
1992 5574 2143 5649 hanc
2162 5578 2376 5643 peperit
2394 5591 2552 5649 viiria
2575 5572 2754 5635 Uiteci
2788 5572 2959 5649 ψειιιε
2988 5572 3234 5637 vocabuli
3286 5592 3419 5643 seri-

1831 5652 1967 5731 ptio,
2004 5644 2176 5731 attingi,
2212 5648 2404 5731 quaesi
2451 5663 2673 5731 aspero,
2721 5664 2774 5731 ut
2802 5644 3019 5717 vocant,
3058 5666 3281 5712 notetur
3309 5663 3425 5731 spi-

1832 5724 1960 5775 ritu,
1989 5720 2086 5766 sibi'
2117 5730 2136 5778 ;
2178 5722 2221 5771 si
2250 5720 2378 5784 leni,
2418 5720 2465 5770 ei
2494 5721 2908 5788 interpretatur.
