3880 6168
463 348 569 410 ωδ

1356 350 1417 405 S.
1460 347 1896 408 IllERONYMl
1952 351 2216 412 Dll’let
2259 350 2788 412 Bll‘lLlOTHECA.

3576 347 3656 413 ς’ῖῦ

467 465 626 524 Nam,
651 463 792 516 sicut
830 461 1014 530 fulgur
1045 473 1341 514 coruscans
1393 457 1463 513 de
1493 460 1596 512 sub
1652 462 1814 526 cmlo,
1867 463 1920 514 in
1983 479 2043 513 ea
2086 472 2118 522 Α
2150 465 2230 532 9..)
2266 463 2580 517 Afiercbant
2614 472 2791 513 autem
2825 456 2891 509 ad
2927 457 3077 509 illum
3115 464 3166 508 et
3217 453 3455 518 infantes,
3499 468 3547 509 ut
3587 477 3660 516 eos

467 569 590 624 qua:
641 555 746 608 sub
789 553 927 608 cwlo
980 560 1125 613 sunt,
1162 550 1373 618 fulget:
1416 549 1486 602 ita
1525 551 1630 602 erit
1669 552 1831 604 Filius
1866 554 2039 606 homi-

471 651 556 701 nis
596 647 649 700 in
680 646 769 700 die
795 660 912 698 sua.
945 643 1109 712 lcevr,
1140 641 1194 694 2.
1224 641 1244 711 ]
1299 641 1540 696 Priorum
1594 653 1775 697 autem
1830 654 2043 712 oportet

473 741 626 792 illum
659 737 828 790 multa
873 737 1005 802 pati,
1031 744 1086 788 et
1129 735 1410 802 reprobari
1444 749 1471 787 a
1502 735 1859 803 generatione
1919 735 2042 789 hac.

477 829 660 897 ]ccvu,
700 827 753 880 5.
786 824 807 896 ]
853 825 918 878 Et
949 826 1086 879 sicut
1122 825 1322 879 factum
1369 835 1450 880 est
1484 827 1534 878 in
1566 826 1757 881 diebus
1787 826 1919 885 Noe.
1975 827 2046 880 ita

472 919 581 970 erit
609 917 739 970 etin
770 917 964 970 diebus
997 917 1114 970 Filii
1159 917 1416 970 hominis.
1463 916 1727 974 Edebant.
1781 925 1835 970 et
1902 918 2049 970 bibe-

479 1010 606 1062 bant
641 1024 657 1063 :
690 1023 887 1063 uxores
919 1008 1214 1072 ducebant,
1264 1019 1318 1061 et
1378 1008 1650 1061 dabantur
1678 1008 1744 1060 ad
1812 1009 2051 1076 nuptias,

480 1117 652 1168 usque
684 1102 735 1153 iii
777 1100 920 1154 diem
955 1116 1056 1168 qua
1112 1101 1330 1153 intravit
1367 1100 1480 1154 Noe
1513 1102 1563 1153 in
1601 1118 1781 1154 arcani
1820 1116 1836 1157 :
1869 1110 1925 1154 et
1960 1118 2051 1154 vc-

480 1191 558 1243 nit
589 1192 877 1254 diluvium,
912 1202 964 1243 ct
1015 1191 1254 1260 perdidit
1286 1206 1476 1246 omnes
1532 1191 1740 1262 {ccxttu
1785 1192 1896 1263 10]
1965 1193 2056 1245 Si-

482 1283 686 1335 militer
716 1283 860 1335 sicut
902 1282 1104 1334 factum
1142 1293 1228 1335 est
1285 1285 1335 1334 in
1369 1284 1560 1336 diebus
1627 1283 1768 1337 Lot:
1814 1284 2059 1337 Ede-bant

482 1383 536 1425 et
573 1371 873 1424 bibebant:
909 1373 1186 1434 emebant,
1241 1381 1296 1424 et
1343 1371 1654 1425 vendebant
1692 1385 1706 1425 :
1743 1373 2060 1440 plantabant

484 1475 538 1517 et
565 1463 939 1517 aedificabant:
981 1478 1087 1530 qua
1112 1463 1199 1516 die
1225 1472 1406 1516 autem
1444 1464 1579 1517 exiit
1605 1463 1702 1516 Lot
1728 1480 1757 1516 a
1782 1464 2055 1530 Sodomis,

488 1560 625 1628 pluit
648 1559 827 1626 ignem
856 1568 914 1610 et
945 1558 1173 1622 sulphur
1206 1555 1273 1609 de
1295 1557 1454 1620 cmlo,
1485 1565 1750 1610 etomnes
1786 1557 2059 1624 perdidit:

486 1652 789 1706 secundum
828 1650 938 1702 hare
974 1650 1078 1701 erit
1113 1664 1218 1716 qua
1255 1649 1343 1701 die
1370 1648 1540 1701 Filius
1573 1649 1811 1701 hominis
1858 1651 2063 1702 revela-

410 1745 412 1748 ’
494 1745 664 1796 bitur.
711 1741 980 1814 φημὶ]
1012 1741 1066 1793 ln
1111 1741 1197 1792 illa
1225 1743 1376 1799 hora,
1405 1739 1497 1808 qui
1541 1742 1704 1792 fuerit
1740 1741 1980 1804 intecto,
2010 1746 2068 1792 et

2149 566 2412 625 tangeret.
2451 553 2606 619 Quod
2647 567 2774 605 eum
2833 547 3082 602 viderent
3140 545 3406 614 discipuli,
3466 547 3662 620 increpa.

2147 651 2279 702 bant
2312 647 2454 701 illos.
2493 645 2649 699 .lesus
2679 651 2862 695 autem
2897 652 3210 694 convocans
3241 637 3357 690 illos
3411 638 3568 698 dixit:
3595 642 3662 696 Si-

2151 745 2262 794 nite
2289 754 2487 806 pueros
2520 737 2709 792 venire
2742 739 2808 788 ad
2851 749 2958 794 me,
2994 743 3048 786 et
3119 731 3286 784 nolite
3344 740 3504 784 vetare
3549 748 3666 787 eos:

2152 833 2338 887 talium
2365 840 2448 885 est
2478 830 2626 884 enim
2665 841 2890 898 regnum
2928 825 3045 879 Dei.
3115 823 3339 894 [ccxvm
3393 822 3487 895 2.]
3535 827 3668 879 Anien

2153 927 2274 979 dico
2313 924 2464 977 vobis
2493 965 2506 978 .
2535 923 2862 989 Quicunque.
2903 935 3006 972 non
3044 916 3318 984 acceperit
3357 931 3556 985 regnum
3601 918 3673 970 Dei

2157 1018 2300 1070 sicut
2332 1031 2490 1084 puer,
2528 1029 2636 1066 non
2682 1011 2908 1064 intrabit
2959 1009 3012 1062 in
3040 1008 3193 1061 illud.
3254 1005 3479 1076 [ccu'nn
3520 1005 3588 1078 2.]
3629 1013 3675 1059 lit

2159 1106 2520 1174 interrogavit
2550 1120 2677 1158 eum
2713 1101 2934 1170 quidam
2973 1102 3250 1169 princeps,
3305 1098 3476 1151 dicens
3505 1113 3521 1153 :
3546 1100 3679 1167 Magi.

2160 1209 2271 1250 ster
2314 1197 2476 1257 bone,
2505 1196 2634 1262 quid
2673 1193 2882 1247 faciens
2915 1192 3077 1244 vitam
3109 1201 3366 1243 a:ternam
3407 1189 3681 1257 possidebo‘!

2162 1289 2297 1342 dixit
2327 1301 2509 1340 autem
2543 1287 2592 1340 ei
2619 1286 2778 1340 Jesus
2814 1303 2828 1341 :
2870 1285 3011 1350 Quid
3053 1301 3138 1338 me
3175 1284 3312 1336 dicis
3366 1282 3546 1336 bonum
3570 1283 3589 1332 ?
3613 1297 3683 1333 ne-

2165 1397 2253 1434 mo
2295 1381 2472 1434 bonus
2507 1381 2610 1434 nisi
2643 1381 2793 1433 solus
2859 1380 3025 1432 Deus.
3063 1375 3328 1445 ,Mandata
3376 1374 3500 1427 nosti
3536 1389 3550 1425 :
3593 1372 3680 1426 Non

2164 1475 2384 1528 occides
2416 1489 2432 1530 :
2463 1473 2578 1528 Non
2610 1472 2968 1527 moecliaberis
3022 1485 3036 1526 :
3093 1469 3213 1523 Non
3273 1468 3463 1520 furtum
3514 1469 3682 1520 iacies:

2166 1566 2286 1620 Non
2342 1567 2536 1620 falsum
2597 1565 2977 1619 testimonium
3024 1562 3218 1615 dices:
3269 1558 3477 1612 Honora
3519 1567 3682 1627 patrem

2171 1665 2322 1709 tuum
2353 1666 2410 1709 et
2442 1666 2692 1709 matrem.
2720 1653 2824 1719 Qui
2853 1656 2932 1706 ait
2963 1667 2980 1707 :
3015 1650 3142 1704 Hice
3171 1649 3351 1705 omnia
3408 1647 3634 1702 custodiri
3665 1664 3685 1699 a

2164 1748 2451 1816 juventute
2481 1764 2620 1803 mea.
2653 1748 2841 1819 [ccxtx
2866 1785 2882 1810 ,
2915 1744 2999 1818 c3.]
3035 1743 3155 1810 Quo
3190 1742 3374 1796 audito
3398 1780 3414 1807 ,
3446 1741 3582 1795 Jcsus
3633 1741 3689 1793 ait

491 1850 621 1886 vasa
652 1834 772 1903 ejus
803 1836 854 1884 iu
890 1836 1076 1894 domo,
1102 1846 1172 1883 ne
1197 1831 1494 1883 descendat
1529 1831 1719 1884 tollere
1741 1832 1826 1884 illa
1850 1847 1866 1897 ;
1891 1841 1946 1884 et
1969 1831 2063 1900 qui

2180 1841 2221 1894 ei
2247 1858 2261 1892 :
2299 1841 2486 1893 Adhuc
2513 1855 2679 1892 unum
2710 1839 2810 1893 tibi
2839 1837 2994 1891 deest
3027 1853 3042 1892 :
3072 1835 3253 1889 omnia
3280 1845 3588 1902 quacunque
3613 1831 3691 1883 ha-

489 1928 544 1978 in
569 1939 719 1995 agro,
749 1925 1005 1978 similiter
1046 1937 1153 1976 non
1182 1924 1368 1976 redeat
1403 1933 1572 1976 retro.
1607 1922 1744 1994 [σεχ.
1781 1925 1867 1978 li).
1897 1923 1916 1994 ]
1957 1924 2067 1978 lle-

489 2032 673 2071 mores
701 2027 880 2070 estete
910 2016 1095 2069 uxoris
1117 2014 1238 2067 Lot.
1269 2012 1433 2084 [θείῃ
1463 2013 1542 2086 5.]
1584 2015 1902 2083 Quicunque
1921 2033 2067 2085 qua:-

489 2109 646 2162 sierit
676 2109 911 2160 animam
943 2120 1097 2159 suam
1130 2106 1334 2158 salvam
1367 2106 1568 2168 facere,
1627 2108 1816 2173 perdet
1871 2107 2014 2159 illam
2047 2125 2062 2162 :

491 2210 549 2254 et
601 2202 912 2269 quicunque
967 2199 1265 2268 perdiderit
1335 2199 1502 2263 illam,
1552 2198 1847 2252 vivificabit
1922 2216 2065 2255 eam.

495 2291 680 2362 locati,
710 2295 756 2346 ὅ.
801 2291 812 2358 |
855 2291 984 2344 Dico
1044 2290 1236 2343 vobis:
1273 2289 1330 2342 lu
1368 2289 1455 2342 illa
1535 2299 1689 2343 nocte
1739 2301 1906 2346 erunt
1960 2293 2067 2346 duo

493 2388 548 2438 in
576 2386 716 2438 lecto
751 2399 860 2437 uno
885 2399 901 2450 ;
927 2399 1069 2437 unus
1097 2393 1428 2441 assumatur.
1452 2394 1507 2436 et
1530 2384 1668 2437 alter
1687 2384 2062 2452 relinquetur:

493 2477 617 2529 dua:
655 2484 822 2528 erunt
854 2475 1124 2527 molentes
1156 2474 1208 2525 in
1245 2489 1412 2526 unum
1442 2488 1457 2526 :
1491 2488 1598 2526 una
1638 2485 1972 2538 assumetur,
2015 2486 2069 2529 et

493 2567 666 2621 altera
703 2565 1044 2634 relinquetur
1072 2583 1085 2618 :
1114 2565 1226 2618 duo
1261 2565 1314 2617 in
1347 2579 1476 2632 agro
1513 2581 1529 2618 :
1586 2580 1728 2618 unus
1757 2580 2069 2619 assumetur

493 2668 552 2711 et.
621 2657 759 2709 alter
820 2657 1182 2724 relinquetur.
1247 2655 1483 2726 [ccxttu
1536 2654 1651 2726 5.]
1712 2656 2071 2726 Responden-

499 2758 582 2802 tes
604 2748 793 2801 dicunt
819 2747 896 2800 illi
927 2764 944 2801 :
974 2746 1098 2808 Ubi,
1128 2747 1402 2801 Domine?
1450 2746 1553 2812 Qui
1585 2748 1722 2800 dixit
1746 2748 1852 2802 illis
1887 2764 1902 2801 :
1936 2747 2070 2804 Ubi-

498 2857 720 2910 cunque
789 2840 958 2894 fuerit
1012 2854 1230 2908 corpus,
1301 2840 1432 2893 illuc
1491 2839 1966 2909 congregabuntur
2014 2849 2071 2895 et

497 2935 716 3003 aquibe.

585 3026 742 3096 [ϐαρ.
767 3024 952 3079 XVIII.
990 3040 1166 3085 ccxtv,
1202 3022 1324 3094 ll0.]
1358 3023 1578 3078 Dicebat
1612 3034 1793 3079 autern
1818 3035 1872 3079 et
1917 3041 2072 3095 para-

502 3116 684 3168 bolam
717 3117 782 3167 ad
820 3115 963 3179 illos,
1000 3114 1258 3182 quoniam
1283 3123 1498 3182 oportet
1553 3129 1770 3184 semper
1801 3131 1979 3181 orare,
2019 3127 2074 3169 et

503 3223 609 3260 non
652 3208 909 3268 deficere,
945 3208 1132 3259 dicens
1171 3224 1186 3262 :
1221 3207 1393 3260 Judex
1428 3208 1646 3274 quidam
1677 3218 1794 3260 erat
1845 3208 1898 3261 in
1947 3225 2078 3276 qua-

502 3302 625 3352 dam
660 3298 899 3359 civitate,
934 3299 1022 3364 qui
1053 3298 1224 3350 Deum
1254 3313 1359 3349 non
1388 3298 1632 3360 timebat,
1693 3309 1748 3352 et
1801 3301 2075 3353 hominem

506 3407 616 3446 non
653 3391 1027 3444 reverebatur.
1073 3389 1244 3442 Vidua
1309 3399 1493 3442 autem
1556 3393 1798 3458 quaedam
1858 3404 1975 3444 erat
2024 3394 2077 3445 in

505 3483 729 3535 civitate
766 3481 876 3543 illa,
928 3490 985 3533 et
1021 3480 1274 3533 veniebat
1308 3479 1373 3533 ad
1408 3495 1554 3541 eum,
1586 3481 1818 3534 dicens:
1854 3479 2079 3535 Vindica

505 3588 592 3626 me
629 3573 696 3626 de
743 3570 1058 3623 adversario
1117 3585 1257 3622 meo.
1303 3569 1366 3621 Et
1424 3569 1643 3622 nolebat
1690 3586 1787 3637 per
1844 3573 2079 3624 multum

506 3677 742 3732 tempus.
786 3661 912 3715 Post
951 3663 1063 3714 haec
1091 3670 1274 3714 autem
1307 3661 1444 3714 dixit
1469 3662 1610 3713 intra
1636 3676 1694 3714 se
1721 3679 1734 3714 :
1769 3660 1883 3716 Etsi
1914 3661 2080 3716 Deum

505 3771 615 3809 non
641 3757 808 3808 timeo
833 3793 848 3818 ,
889 3767 990 3806 nec
1025 3753 1302 3805 hominem
1375 3767 1674 3806 revereor:
1717 3763 1896 3807 tamen
1956 3755 2082 3823 quia

507 3848 735 3900 molesta
758 3856 843 3900 est
867 3847 996 3899 mihi
1030 3846 1144 3899 haec
1177 3846 1336 3898 vidua
1371 3883 1386 3906 ,
1447 3846 1737 3899 vindicabo
1783 3848 1927 3900 illam
1952 3887 1967 3910 ,
2014 3864 2081 3901 ne

507 3940 563 3990 in
595 3938 896 3991 novissimo
925 3939 1146 3990 veniens
1178 3937 1428 4005 suggillet
1460 3951 1565 3990 me.
1596 3937 1684 3990 Ait
1728 3947 1909 3990 autem
1978 3935 2084 3990 Du-

507 4031 689 4084 tninus
722 4029 961 4084 :Audite
984 4029 1111 4096 quid
1155 4029 1320 4098 judex
1374 4028 1674 4096 iniquitatis
1721 4025 1870 4083 'dieit
1906 4030 2085 4084 :Deus

507 4131 690 4175 autem
725 4136 834 4174 non
868 4119 1033 4173 faciet
1067 4119 1366 4173 vindictam
1393 4119 1692 4172 electorum
1723 4134 1944 4172 suormn
1968 4121 2082 4172 cla-

508 4212 770 4265 mantium
803 4211 868 4264 ad
892 4226 952 4264 se
982 4210 1072 4265 die
1103 4226 1166 4263 ac
1203 4219 1351 4273 note,
1386 4220 1439 4263 et
1492 4211 1810 4278 patientiam
1864 4213 2087 4267 habebit

510 4307 561 4356 in
602 4304 748 4357 illis?
777 4303 907 4357 Dico
935 4303 1114 4367 vobis,
1143 4305 1271 4371 quia
1301 4303 1414 4356 cito
1453 4302 1618 4356 faciet
1668 4304 1960 4357 vindictam
2008 4306 2084 4358 il-

509 4397 710 4449 lorum.
736 4395 1119 4448 Verumtamen
1163 4394 1331 4448 Filius
1373 4395 1613 4450 hominis
1644 4398 1897 4460 veniens,
1928 4406 2087 4465 putas

2173 1933 2288 1997 bes,
2316 1931 2509 1993 vende,
2536 1941 2589 1984 et
2617 1930 2680 1984 da
2716 1929 3064 1999 pauperibus,
3095 1939 3149 1980 et
3173 1924 3401 1979 habebis
3423 1925 3684 1976 thesaurum

2175 2025 2226 2078 in
2256 2025 2394 2079 ccelo
2428 2043 2441 2077 :
2476 2039 2531 2076 et
2575 2023 2723 2085 veni,
2756 2037 2983 2089 sequere
3020 2035 3124 2073 me.
3167 2017 3345 2090 [ccxx,
3381 2015 3432 2069 Ξ.
3463 2013 3582 2086 jllis
3623 2013 3690 2064 ille

2171 2115 2396 2176 auditis,
2431 2113 2788 2169 contristatus
2840 2123 2923 2167 est
2960 2131 2973 2164 :
3011 2110 3135 2180 quia
3183 2109 3341 2162 dives
3397 2116 3504 2161 erat
3553 2103 3692 2156 valde.

2171 2207 2376 2263 Videtis
2398 2217 2577 2260 autem
2617 2205 2774 2260 .lesus
2829 2205 2983 2259 illum
3043 2203 3253 2257 tristem
3290 2200 3503 2263 factum,
3549 2197 3691 2250 dixit:

2170 2298 2345 2364 Quam
2383 2299 2632 2363 difﬁcile,
2676 2298 2769 2366 qui
2809 2297 3074 2366 pecunias
3129 2294 3356 2358 habent,
3411 2293 3462 2344 iu
3515 2303 3695 2355 regnum

2173 2390 2267 2445 Dei
2297 2392 2579 2446 intrabunt
2613 2393 2625 2444 !
2672 2389 2907 2443 Facilius
2933 2397 3015 2442 est
3044 2386 3190 2442 enim
3224 2384 3483 2438 camelum
3524 2394 3605 2450 per
3631 2379 3694 2430 fo-

2173 2500 2359 2538 ramen
2386 2498 2517 2537 acus
2547 2485 2806 2544 transire,
2827 2495 2999 2550 quam
3035 2479 3259 2532 divitem
3324 2477 3515 2530 intrare
3561 2472 3604 2524 in
3636 2485 3700 2522 re-

2173 2595 2336 2649 gnum
2383 2577 2496 2630 Dei.
2532 2576 2596 2630 Et
2656 2575 2911 2629 dixerunt
2957 2574 3050 2642 qui
3102 2570 3445 2625 audiebant:
3513 2564 3566 2617 Et
3605 2562 3702 2631 quis

2172 2678 2352 2738 potest
2381 2671 2562 2723 salvus
2589 2667 2750 2722 fieri?
2782 2667 2870 2719 Ait
2905 2667 3015 2719 illis
3045 2683 3059 2720 :
3101 2679 3220 2732 qua:
3248 2658 3582 2730 impossibilia
3607 2665 3702 2708 sunt

2173 2761 2316 2830 apud
2354 2760 2624 2821 homines,
2679 2757 2962 2828 possibilia
3023 2764 3151 2809 sunt
3211 2755 3358 2823 apud
3414 2752 3581 2804 Deum.
3636 2744 3705 2797 Ait

2173 2862 2354 2906 autem
2381 2851 2577 2906 Petrus
2609 2867 2623 2904 :
2664 2849 2802 2902 Ecce
2837 2863 2934 2902 nos
2968 2848 3283 2902 dimisimus
3334 2842 3524 2903 omnia,
3557 2847 3605 2892 et
3641 2851 3708 2889 sc-

2173 2945 2282 3000 cuti
2315 2959 2504 2998 sumus
2538 2953 2609 2997 te.
2644 2941 2853 3014 lcum,
2885 2940 2970 3012 2.]
3005 2942 3105 3005 Qui
3138 2939 3277 2993 dixit
3309 2937 3387 2991 eis
3410 2947 3424 2987 ε
3450 2928 3709 2987 Ameudico

2175 3037 2349 3097 vobis.
2385 3051 2548 3090 nemo
2579 3043 2682 3100 est,
2716 3035 2807 3102 qui
2838 3035 3058 3102 reliquit
3084 3031 3336 3094 domum,
3370 3035 3460 3082 aut
3483 3031 3706 3094 parentes.

2179 3142 2274 3181 aut
2297 3128 2517 3192 fratres,
2553 3136 2651 3180 aut
2685 3140 2936 3188 uxorem,
2977 3132 3073 3177 aut
3106 3124 3272 3184 filios,
3300 3128 3507 3189 propter
3530 3123 3711 3182 regnum

2195 3220 2315 3284 Dei,
2350 3229 2406 3274 et
2462 3234 2569 3273 non
2601 3217 2829 3287 recipiat
2858 3220 3027 3270 multo
3062 3217 3216 3284 plura
3259 3214 3314 3265 in
3343 3212 3441 3264 hoc
3495 3216 3714 3272 tempore.

2181 3324 2235 3364 et
2270 3314 2322 3364 in
2355 3313 2553 3364 seculo
2585 3321 2813 3364 venturo
2840 3311 2999 3361 vitam
3058 3318 3344 3361 :eternam.
3380 3303 3580 3375 'lccun,
3628 3290 3714 3362 2.]

2183 3407 2506 3473 Assumpsit
2540 3415 2724 3457 autem
2779 3400 2939 3454 Jesus
2993 3399 3310 3462 duodecim,
3375 3407 3430 3450 et
3492 3393 3556 3446 ait
3601 3389 3712 3442 illis:

2186 3497 2326 3549 Ecce
2357 3497 2702 3548 ascendimus
2729 3494 3183 3563 Hierosolymam.
3231 3501 3287 3545 et
3313 3486 3715 3542 consummaban-

2191 3593 2278 3637 tur
2306 3585 2486 3638 omnia
2565 3600 2686 3652 qua:
2721 3586 2924 3652 scripta
2965 3592 3093 3636 sunt
3126 3597 3222 3650 per
3265 3580 3546 3650 prophetas
3571 3577 3626 3630 de
3648 3570 3714 3627 Fi-

2185 3677 2259 3729 lio
2293 3677 2554 3729 hominis.
2587 3674 2862 3729 Tradetur
2900 3674 3048 3728 enim
3076 3674 3355 3743 gentibus,
3385 3682 3438 3726 et
3478 3668 3714 3726 illudetur,

2183 3774 2238 3819 et
2263 3765 2642 3834 llagellabitur,
2678 3775 2734 3820 et
2759 3779 3096 3835 conspuetur
3131 3782 3146 3820 :
3179 3775 3237 3819 et
3268 3777 3541 3834 postquam
3569 3757 3716 3828 tias-tl-

2195 3858 2446 3922 laverint,
2463 3859 2875 3923 occidenteum,
2895 3869 2947 3912 et
2978 3861 3134 3913 tertia
3154 3860 3239 3912 die
3260 3853 3719 3926 resurget.[ccxxui,

2207 3951 2290 4002 10.
2323 3949 2341 4020 ]
2391 3951 2452 4002 Et
2484 3952 2581 4019 ipsi
2630 3951 2764 4005 nihil
2796 3953 2983 4006 horum
3013 3952 3417 4014 intellexerunt,
3435 3965 3485 4005 et
3509 3958 3613 4002 erat
3630 3960 3724 3999 ver-

2186 4042 2316 4095 hum
2375 4043 2518 4096 istud
2556 4043 2946 4097 absconditum
2985 4043 3054 4098 ab
3104 4046 3213 4108 eis,
3242 4054 3296 4097 et
3343 4061 3443 4097 non
3500 4039 3724 4106 intellige-

2189 4131 2314 4184 baut
2341 4149 2462 4201 quae
2495 4134 2840 4187 dicebantur.
2876 4133 3114 4205 [coxam
3150 4136 3239 4206 2.]
3290 4135 3510 4188 Factum
3537 4138 3609 4184 est
3651 4143 3724 4180 au-

2190 4233 2318 4287 tem,
2352 4241 2474 4278 cum
2508 4227 2981 4295 appropinquaret
3022 4227 3268 4290 Jericho,
3316 4241 3490 4281 Carcus
3543 4219 3726 4291 quidam

2188 4317 2411 4368 sedebat
2443 4330 2602 4370 secus
2628 4319 2794 4381 viam,
2855 4318 3201 4372 mendicans.
3264 4316 3332 4371 Et
3387 4333 3506 4370 cum
3553 4309 3728 4365 audiret

2191 4404 2407 4458 tut-bam
2450 4415 2896 4472 praetereuntem,
2932 4406 3348 4476 interrogabant
3376 4406 3501 4475 quid
3533 4405 3624 4455 hoc
3663 4413 3731 4450 es-

509 4489 754 4542 ‘tnveniet
784 4489 942 4542 fidem
981 4490 1031 4540 in
1084 4497 1227 4540 terra
1261 4488 1282 4539 ?
1311 4487 1454 4540 Dixit
1499 4499 1682 4542 autem
1723 4499 1776 4543 et
1822 4488 1887 4541 ad
1922 4504 2088 4558 quos-
2120 4511 2164 4564 ι)
2193 4501 2293 4545 set.
2325 4493 2786 4548 Dixeruntantem
2808 4498 2881 4561 ei,
2903 4498 3046 4565 quod
3068 4497 3224 4550 Jesus
3251 4498 3567 4550 Nazartenus
3588 4502 3730 4542 trans-

507 4579 656 4643 dam,
707 4578 799 4644 qui
856 4579 910 4630 in
943 4591 1026 4642 ,sc
1077 4575 1426 4630 conlidebam
1481 4584 1738 4646 tanquam
1819 4579 1974 4647 justi,
2031 4587 2087 4631 et

509 4672 946 4739 aspernabantur
976 4679 1222 4730 exteros,
1261 4669 1571 4736 parabolant
1602 4672 1758 4723 istam
1794 4683 1809 4722 :
1842 4671 1958 4723 Duo
1988 4673 2089 4724 ho-

513 4764 689 4816 mines
735 4762 1174 4815 ascendcruntin
1233 4764 1517 4829 templum,
1560 4772 1617 4814 ut
1644 4776 1862 4817 orarent
1905 4778 2090 4822 :unus

513 4851 842 4915 Phariszens,
873 4865 925 4905 et
959 4856 1095 4904 alter
1129 4851 1483 4906 Publicanus.
1551 4852 1860 4908 Pharismus
1914 4867 2088 4918 stans,

512 4945 627 4999 haec
653 4945 791 5012 apud
829 4958 887 4997 se
917 4943 1110 4996 orabat
1155 4959 1166 4991 :
1211 4941 1378 5006 Deus,
1424 4947 1628 5012 gratias
1664 4963 1762 5016 ago
1796 4949 1929 5010 tibi,
1963 4949 2088 5015 quia

511 5053 621 5092 non
656 5053 776 5090 sum
809 5036 951 5088 sicut
980 5045 1164 5087 caeteri
1201 5035 1481 5087 hominum
1525 5054 1539 5091 :
1583 5049 1847 5106 raptores,
1878 5041 2087 5107 injusli,

510 5130 743 5186 adulteri
783 5147 797 5181 :
832 5131 975 5182 Vt'lul
999 5129 1160 5180 etiam
1189 5129 1276 5180 hic
1312 5127 1658 5184 Pnblicanus.
1695 5131 1889 5201 Jejuno
1922 5135 2002 5186 bis
2038 5136 2091 5186 in

513 5225 752 5280 Sabbato
791 5236 805 5273 :
861 5224 1098 5278 decimas
1144 5229 1214 5275 do
1254 5226 1494 5275 omnium
1547 5241 1666 5292 quae
1706 5227 1976 5292 possideo.
2033 5230 2096 5280 Et

511 5319 836 5373 l‘ublicattus
883 5318 1092 5386 alonge
1125 5329 1297 5378 stans.
1359 5318 1577 5372 nolebat
1629 5336 1726 5371 nec
1783 5321 1971 5374 oculos
2027 5323 2094 5374 ad

515 5414 714 5465 malum
748 5414 930 5464 levare
959 5425 975 5463 :
1007 5411 1100 5463 sed
1133 5409 1470 5477 percutiebat
1526 5420 1718 5478 pectus
1772 5429 1954 5478 suum,
2011 5414 2096 5466 di-

510 5516 691 5556 cens:
736 5503 898 5565 Deus,
928 5503 1195 5572 propitius
1249 5512 1366 5555 esto
1428 5503 1557 5555 mihi
1613 5505 1912 5570 peccatori.
1965 5505 2095 5560 Dico

511 5595 684 5655 vobis,
722 5597 1006 5649 descendit
1041 5596 1488 5663 hicjustiticatus
1551 5596 1603 5648 in
1659 5596 1876 5649 domum
1939 5613 2091 5652 suum

512 5687 580 5738 ab
617 5686 708 5738 illo
751 5703 766 5739 :
811 5687 990 5755 [ccxv,
1025 5687 1104 5756 5.]
1135 5689 1258 5755 quia
1290 5687 1468 5739 omnis
1530 5689 1621 5756 qui
1658 5706 1714 5741 se
1745 5693 1966 5756 exabal,
1995 5695 2094 5746 liii-

512 5774 808 5827 Iniliabitur
849 5786 940 5827 :et
979 5780 1069 5840 qui
1104 5793 1161 5830 se
1191 5778 1460 5842 hutuilial,
1500 5783 1851 5837 cxaltabitur.
1890 5788 2090 5852 μνέαι.

2193 4582 2316 4634 irct.
2346 4583 2413 4635 Et
2435 4584 2709 4649 clamavit,
2738 4584 2927 4639 dicens
2957 4607 2970 4640 ;
3002 4586 3152 4648 .lesu,
3186 4588 3256 4639 fili
3293 4585 3483 4647 Datid,
3519 4584 3734 4636 miserere

2191 4677 2317 4731 mei.
2355 4675 2417 4726 Et
2448 4679 2537 4743 qui
2574 4677 2860 4745 praeibam,
2892 4679 3248 4746 increpabant
3289 4693 3439 4739 eum,
3472 4685 3526 4728 nt
3549 4677 3730 4727 taceret.

2192 4762 2310 4832 Ipse
2342 4783 2468 4820 vero
2499 4772 2670 4822 multo
2705 4772 2878 4839 magis
2908 4773 3175 4824 clamabat
3216 4790 3230 4826 :
3276 4770 3376 4824 Fi.i
3407 4770 3585 4828 David,
3611 4765 3736 4818 misc-

2195 4875 2314 4912 rere
2343 4862 2472 4913 mei.
2521 4863 2684 4916 Stans
2711 4876 2894 4918 autem
2928 4864 3272 4936 .lesnsjussit
3309 4865 3460 4918 illum
3487 4860 3661 4917 adduci
3685 4853 3735 4906 ad

2193 4966 2272 5002 se.
2316 4951 2382 5003 Et
2443 4969 2567 5006 cum
2635 4958 3154 5026 appropinquasset,
3202 4955 3557 5028 interrogavit
3597 4953 3740 5007 illum.

2193 5045 2419 5096 dicens;
2461 5047 2601 5111 Quid
2636 5051 2730 5102 tibi
2761 5052 2840 5102 vis
2856 5050 3050 5104 faciant
3074 5054 3174 5105 ?At
3209 5054 3300 5106 ille
3332 5053 3504 5106 dixit;
3530 5045 3739 5100 Domine.

2197 5148 2254 5190 ut
2287 5140 2526 5192 videam.
2583 5140 2646 5194 Et
2677 5142 2836 5195 Jcsus
2888 5144 3025 5196 dixit
3080 5145 3156 5197 illi
3190 5161 3205 5198 :
3242 5146 3495 5213 ltespice,
3519 5140 3637 5193 ﬁdes
3674 5145 3744 5188 tua

2197 5240 2247 5281 te
2286 5232 2494 5283 salvum
2529 5233 2678 5286 fecit.
2717 5236 2781 5287 Et
2805 5235 3094 5289 confestim
3129 5237 3283 5300 vidit,
3349 5250 3404 5288 et
3462 5233 3745 5300 sequebatur

2199 5323 2343 5374 illum
2379 5329 2733 5394 ttuiguilicans
2758 5328 2949 5381 Deum.
2982 5330 3049 5382 Et
3080 5348 3111 5382 υ
3139 5333 3262 5382 nnis
3301 5330 3473 5396 plebs,
3510 5337 3560 5376 ιιι
3621 5321 3744 5377 vidit.

2198 5413 2348 5468 dedit
2383 5418 2621 5474 laudent.
2641 5422 2774 5476 Deo.

2287 5511 2445 5580 [(an.
2475 5513 2616 5578 XIX,
2647 5531 2837 5582 ccxxv,
2884 5517 2998 5588 10]
3032 5519 3094 5572 Et
3125 5521 3410 5588 ingressus
3440 5507 3748 5584 perambula-

2200 5605 2291 5656 bat
2322 5605 2566 5660 Jirracho.
2620 5609 2685 5661 Et
2721 5624 2848 5664 ecce
2890 5611 2971 5662 \ir
3009 5613 3228 5665 nomine
3261 5611 3520 5664 Zaclneus
3551 5622 3565 5659 :
3607 5614 3656 5654 el
3680 5599 3750 5652 llic

2202 5702 2455 5767 princeps
2504 5712 2624 5753 crat
2684 5703 3124 5765 Pttbiicattorutn,
3182 5713 3239 5755 et
3305 5703 3422 5771 ipse
3473 5700 3660 5754 dives:
3711 5697 3753 5742 et

2201 5796 2478 5861 qua-iebat
2518 5797 2704 5848 videre
2729 5794 2938 5860 Jcsum,
2969 5799 3095 5857 quis
3121 5805 3266 5851 esset
3301 5816 3314 5850 ;
3353 5806 3408 5849 et
3442 5807 3544 5849 non
3569 5788 3748 5858 polum
