3880 6168
267 362 383 428 6⁸17
1403 366 1914 428 EVANGELIUM

1963 365 2120 427 SEC.
2168 367 2355 428 LUCA
2369 367 2447 427 Μ.
3419 356 3526 424 C73

268 498 392 550 prae
429 480 613 543 turba,
646 479 775 549 quia
834 485 1048 537 statura
1079 478 1310 549 pusillus
1338 490 1477 533 erat.
1510 478 1575 532 Et
1611 492 1852 546 praecur-
1884 481 1933 538 Α
1961 474 2318 538 iutroeuutes,
2380 473 2678 528 invenietis
2740 471 2953 542 pullum
3021 469 3188 524 asina
3220 467 3524 538 alligatum,

267 590 409 628 rens
437 572 688 628 ascendit
719 573 771 625 in
798 572 1052 626 arborem
1111 585 1454 642 sycomorum
1522 581 1578 624 ut
1634 569 1848 622 videret

262 681 404 720 eum
442 681 456 716 :
491 665 618 734 quia
661 663 789 717 inde
829 673 947 717 erat
975 663 1333 717 transiturus.
1372 663 1437 715 Et
1467 677 1587 716 cum
1615 662 1857 714 venisset

261 757 334 811 ad
372 757 586 815 locum,
626 755 937 826 suspiciens
990 752 1154 807 Jcsus
1203 753 1340 805 vidit
1375 753 1548 816 illum,
1605 762 1658 802 et
1718 749 1856 803 dixit

260 847 334 900 ad
370 861 506 900 eum
545 861 560 899 :
592 845 843 907 Zachtee,
884 843 1151 898 festinans
1185 843 1457 897 descende
1495 843 1664 911 :quia
1694 841 1856 894 hodie

261 939 318 990 in
354 937 534 990 domo
578 947 668 990 tua
707 947 922 1004 Oportet
956 951 1043 989 me
1079 950 1324 991 manere.
1370 934 1434 988 Et
1458 934 1726 987 festinans
1759 933 1855 987 de-

258 1029 521 1092 scendit,
547 1036 601 1080 et
631 1028 1014 1096 excepitillum
1046 1027 1316 1095 gaudens.
1355 1026 1418 1078 Et
1457 1041 1582 1078 cum
1603 1023 1856 1078 viderent

247 1135 500 1186 omnes,
535 1120 976 1182 murmurabaut,
1014 1119 1264 1172 dicentes
1295 1119 1440 1187 quod
1475 1118 1538 1170 ad
1572 1119 1851 1171 hominem

257 1222 625 1281 peccatoretn
652 1212 986 1266 divertisset.
1010 1211 1173 1264 Stans
1203 1222 1383 1265 autetn
1411 1209 1690 1274 Zach'aeus,
1717 1212 1853 1263 dixit

257 1303 328 1356 ad
373 1303 680 1356 Dominum
719 1320 733 1356 :
777 1301 919 1357 Ecce
950 1303 1240 1357 dimidium
1276 1303 1545 1357 bonorum
1579 1317 1849 1368 meorum,

261 1393 534 1457 Domine,
577 1393 648 1448 do
697 1394 1038 1464 pauperibus
1071 1413 1085 1448 :
1151 1403 1208 1448 et
1239 1395 1282 1447 si
1332 1394 1460 1462 quid
1493 1394 1725 1462 aliquem
1759 1393 1854 1447 de-

258 1485 557 1549 fraudavi,
609 1485 781 1539 reddo
821 1485 1210 1554 quadruplum.
1270 1485 1360 1537 Ait
1388 1482 1548 1538 .lesus
1577 1483 1641 1537 ad
1674 1499 1798 1536 eum
1834 1496 1852 1538 :

258 1573 412 1640 Quia
449 1574 615 1628 hodie
648 1575 796 1628 salus
822 1575 1006 1626 domui
1042 1574 1171 1627 huic
1203 1573 1342 1626 facta
1378 1583 1499 1627 est:
1533 1586 1597 1625 eo
1629 1570 1774 1639 quod
1799 1577 1854 1623 et

260 1666 388 1733 ipse
435 1666 585 1719 filius
622 1666 693 1719 sit
724 1665 974 1720 Abrahae.
1011 1664 1244 1736 [ccxxvr,
1282 1662 1364 1734 5.]
1398 1663 1558 1718 Venit
1598 1663 1743 1716 enim
1765 1662 1854 1716 Fi-

258 1756 372 1810 lius
411 1757 660 1811 hominis
699 1772 943 1825 quaerere
996 1766 1051 1810 et
1083 1759 1289 1810 salvum
1327 1761 1507 1809 facere
1535 1755 1679 1823 quod
1725 1769 1849 1822 per-

257 1847 435 1899 ierat.
477 1846 735 1918 [ccxxnt,
770 1847 889 1918 10.]
915 1848 1037 1902 Ha-c
1063 1848 1168 1902 illis
1193 1847 1563 1910 audientibus,
1590 1845 1853 1916 adjiciens
1884 1863 1926 1917 Β

258 1939 416 1992 dixit
449 1940 792 2008 parabolam,
831 1954 898 1992 eo
936 1940 1082 2008 quod
1112 1949 1257 1993 esset
1307 1953 1473 2008 prope
1503 1937 1802 1992 Jerusalem
1831 1954 1848 1994 :

251 2040 317 2083 et
351 2031 493 2098 quia
532 2030 906 2085 existimarent
954 2030 1098 2097 quod
1159 2029 1449 2084 confestim
1502 2044 1722 2098 regnum
1755 2029 1848 2083 Dei

259 2120 749 2177 manifestaretur.
825 2119 1107 2192 [ccxxvut,
1142 2119 1224 2192 2.]
1279 2120 1423 2174 Dixit
1461 2135 1636 2190 ergo:
1678 2119 1850 2174 Homo

259 2214 500 2279 quidam
535 2213 731 2267 nobilis
769 2213 910 2267 abiit
943 2213 998 2267 in
1038 2221 1318 2282 reglonem
1356 2213 1711 2282 longinquam
1755 2228 1850 2268 ac—

254 2304 455 2372 cipere
486 2303 592 2357 sibi
635 2319 887 2373 regnum,
918 2314 973 2358 et
994 2305 1216 2358 reverti.
1247 2303 1484 2375 locum,
1517 2303 1599 2376 5.]
1629 2303 1849 2360 Vocatis

261 2406 462 2448 autem
508 2396 696 2449 decem
721 2395 897 2451 servis
931 2397 1071 2460 suis,
1131 2395 1282 2450 dedit
1320 2397 1400 2451 eis
1447 2396 1634 2451 decem
1673 2411 1847 2461 muas,

256 2497 319 2538 et
353 2487 439 2538 ait
481 2485 550 2538 ad
578 2487 698 2538 illos
729 2505 744 2543 :
788 2485 1159 2556 Negotiamiui
1188 2485 1315 2539 dum
1349 2487 1532 2539 venio.
1562 2487 1721 2540 Cives
1750 2503 1848 2540 att-

261 2586 382 2629 teui
449 2578 573 2646 cjus
612 2578 841 2631 oderant
901 2592 1026 2631 eum
1072 2591 1088 2629 :
1125 2585 1180 2628 et
1231 2577 1491 2630 miserunt
1521 2577 1846 2645 legationem

260 2677 395 2734 post
433 2668 616 2734 illum,
641 2669 889 2722 dicentes
930 2687 945 2725 :
975 2667 1242 2722 Nolumus
1270 2669 1416 2721 hunc
1443 2683 1668 2736 regnare
1685 2684 1850 2738 super

251 2774 394 2813 nos.
437 2759 506 2812 Et
543 2760 743 2813 factum
773 2769 875 2824 est,
915 2770 972 2812 ut
1028 2759 1229 2814 rediret
1282 2770 1506 2828 accepto
1549 2775 1714 2828 regno
1749 2779 1762 2816 :
1797 2770 1851 2814 et

252 2852 441 2916 jussit
475 2852 660 2904 vocari
714 2865 918 2916 servos,
979 2852 1178 2920 quibus
1229 2850 1381 2903 dedit
1445 2852 1755 2919 pecuniam,
1793 2863 1851 2906 ut

253 2941 443 2994 sciret
503 2951 768 3008 quantum
806 2942 1042 3010 quisque
1101 2943 1411 3010 negotiatus
1463 2951 1630 2997 esset.
1689 2943 1850 2998 Venit

255 3041 461 3084 autem
503 3031 714 3098 primus
772 3031 1009 3086 dicens:
1064 3031 1312 3095 Domine,
1357 3047 1479 3085 mna
1541 3042 1630 3085 tua
1661 3033 1848 3086 decem

258 3135 434 3172 muas
466 3121 781 3188 acquisivit.
839 3121 908 3174 Et
941 3122 1017 3176 ait
1055 3121 1131 3175 illi
1171 3139 1186 3176 :
1249 3123 1413 3191 Euge,
1470 3123 1612 3176 bone
1667 3139 1846 3189 serve,

257 3213 402 3278 quia
442 3214 498 3264 in
540 3213 754 3267 modico
797 3213 945 3267 fuisti
984 3213 1183 3279 ﬁdelis,
1255 3218 1366 3268 eris
1398 3226 1716 3283 petesmtem
1752 3217 1846 3270 ha-
1875 3196 1917 3250 θ

259 3302 416 3353 hens
446 3316 617 3368 super
645 3302 830 3356 decem
859 3302 1136 3356 civitates.
1167 3303 1232 3356 Et
1257 3307 1394 3357 alter
1421 3305 1589 3366 venit,
1622 3307 1848 3360 dicens:

261 3390 532 3450 Domine,
575 3405 696 3442 mna
741 3399 829 3443 tua
860 3389 987 3443 fecit
1024 3391 1266 3458 quinque
1290 3406 1467 3444 muas.
1504 3392 1569 3444 Et
1592 3392 1719 3444 huic
1736 3393 1847 3444 ait:

257 3483 329 3535 Et
365 3491 432 3534 tu
466 3490 586 3534 esto
613 3497 781 3550 super
808 3481 1052 3550 quinque
1083 3482 1350 3536 civitates.
1411 3482 1476 3534 Et
1515 3483 1652 3536 alter
1681 3484 1846 3547 venit,

257 3572 470 3624 dicens
503 3587 520 3623 :
549 3572 794 3634 Domine,
834 3586 962 3625 ecce
999 3587 1122 3624 mna
1184 3582 1295 3633 tua,
1353 3589 1515 3641 quam
1566 3575 1728 3626 habui
1764 3588 1849 3627 re-

261 3667 516 3729 positam
553 3663 608 3714 in
650 3663 875 3717 sudario
914 3679 928 3714 :
999 3663 1156 3716 timui
1216 3666 1359 3716 enim
1397 3676 1469 3723 te.
1521 3665 1647 3733 quia
1683 3664 1848 3717 homo

261 3765 537 3805 austeros
559 3768 618 3805 es
648 3770 664 3805 :
693 3753 838 3806 tollis
867 3753 1009 3818 quod
1041 3769 1148 3806 non
1175 3755 1494 3822 posuiSti,et
1525 3757 1681 3808 metis
1701 3757 1847 3822 quod

260 3863 381 3898 non
426 3844 732 3897 seminasti.
801 3841 941 3896 Dicit
975 3844 1024 3896 ei
1068 3845 1194 3897 :De
1254 3860 1350 3898 ore
1406 3855 1500 3898 tuo
1555 3854 1604 3898 te
1637 3846 1845 3914 judico,

259 3947 437 3985 serve
495 3947 730 4000 nequam
763 3950 777 3986 :
815 3934 1026 3987 sciebas
1055 3935 1198 4001 quod
1239 3951 1337 4004 ego
1377 3935 1539 3988 homo
1593 3946 1847 3989 austerus

257 4038 423 4085 sum,
451 4024 656 4076 tollens
688 4024 833 4090 quod
869 4038 976 4076 non
1012 4030 1191 4092 posui,
1223 4037 1276 4078 et
1313 4038 1524 4080 metens
1553 4028 1696 4094 quod
1733 4043 1842 4080 non

262 4116 548 4167 seminavi
584 4129 601 4167 τ
658 4125 714 4169 et
744 4131 913 4184 quare
947 4131 1053 4169 non
1084 4118 1281 4172 dedisti
1332 4120 1622 4187 pecuniam
1671 4129 1844 4174 meam

259 4209 331 4261 ad
373 4222 645 4271 mensam,
713 4216 769 4261 ut
821 4225 923 4279 ego
961 4211 1186 4264 veniens
1241 4226 1366 4264 cum
1420 4212 1600 4267 usuris
1658 4213 1846 4281 utique

257 4299 583 4368 exegissem
618 4301 814 4354 illam?
867 4302 929 4353 Et
967 4301 1271 4356 astantibus
1309 4303 1487 4358 dixit:
1515 4303 1740 4359 Auferte
1779 4305 1846 4359 ab

261 4391 366 4443 illo
411 4405 593 4442 uiuam
627 4399 682 4445 et
721 4395 848 4445 date
879 4393 955 4446 illi
990 4395 1082 4462 qui
1109 4393 1295 4449 decem
1332 4409 1488 4450 muas
1529 4395 1715 4449 habet.
1780 4396 1846 4450 Et

259 4483 544 4536 dixerunt
577 4483 626 4535 ei
665 4498 680 4534 :
716 4483 964 4547 Domine,
1005 4485 1168 4539 habet
1201 4485 1390 4540 decem
1428 4501 1600 4540 ulnas.
1631 4486 1840 4559 [ccxxx,

257 4572 348 4642 2.]
387 4572 527 4625 Dico
561 4583 742 4626 autem
773 4575 948 4640 vobis,
985 4577 1112 4644 quia
1145 4578 1293 4629 omni
1330 4577 1555 4630 habenti
1595 4579 1842 4644 dabitur,

255 4677 318 4718 et
350 4666 664 4718 abundabit
698 4668 714 4697 ⁸
760 4682 776 4723 :
840 4667 908 4720 ab
959 4684 1028 4723 eo
1062 4678 1242 4723 autem
1283 4671 1376 4738 qui
1413 4685 1519 4722 non
1555 4671 1740 4734 habet,
1789 4681 1845 4725 et

259 4758 424 4828 quod
457 4757 620 4812 habet
655 4747 938 4814 auferetur
968 4761 1037 4813 ab
1067 4776 1152 4814 eo.
1214 4761 1449 4833 [ccxxvr,
1487 4761 1565 4833 5.]
1617 4763 1845 4817 Verum-

262 4864 461 4905 tamen
488 4852 746 4906 iuimicos
786 4867 938 4908 meos
981 4854 1102 4907 illos
1159 4855 1250 4924 qui
1284 4856 1584 4910 noluerunt
1646 4873 1732 4910 me
1761 4873 1846 4912 re-

258 4959 445 5013 gnare
469 4961 638 5011 super
672 4960 753 5008 se,
781 4945 1036 5000 adducite
1090 4947 1215 5010 huc,
1261 4959 1317 5001 et
1374 4948 1665 5002 interficite
1717 4959 1844 5003 ante

261 5053 382 5089 me.
415 5035 683 5107 {ccxxxm
715 5036 801 5108 2.]
833 5037 900 5090 Et
928 5039 1013 5091 his
1043 5038 1222 5102 dictis,
1283 5040 1620 5108 pracedebat
1651 5058 1845 5095 ascen-

257 5133 410 5182 dens
439 5131 856 5200 Jerosolymam.
898 5130 962 5184 Et
991 5132 1190 5185 factum
1246 5142 1350 5197 est,
1387 5148 1512 5186 cum
1543 5135 1844 5203 apprOpin-

259 5234 498 5289 quasset
525 5225 590 5275 ad
637 5223 978 5294 Bethphage,
1022 5236 1074 5278 et
1115 5226 1458 5290 Bethaniam,
1493 5231 1559 5281 ad
1598 5241 1836 5284 montem

257 5316 362 5384 qui
398 5326 627 5368 vocatur
653 5315 872 5379 Oliveti,
936 5319 1082 5371 misit
1141 5319 1280 5373 duos
1339 5321 1639 5389 discipulos
1685 5337 1840 5390 suos,

258 5412 463 5463 dicens
502 5427 517 5465 ε
548 5409 624 5463 Ite
650 5411 701 5464 in
734 5412 1013 5466 castellum
1068 5415 1213 5484 quod
1247 5424 1436 5468 contra
1462 5427 1539 5470 est
1567 5435 1579 5469 :
1612 5417 1666 5469 in
1699 5418 1842 5486 quod

345 5574 364 5603 ³
397 5570 513 5623 Non
551 5570 760 5622 addunt
789 5571 1079 5624 Vaticanus
1109 5584 1163 5626 et
1192 5574 1410 5638 Regina:
1446 5585 1714 5628 vetustior
1736 5594 1838 5629 ms.

253 5653 308 5693 et
345 5641 660 5697 abundabit.
691 5657 811 5704 qua:
851 5643 1009 5694 verba
1048 5645 1100 5695 in
1138 5645 1313 5695 altero
1343 5654 1555 5697 tantum
1590 5649 1834 5710 Regium,

251 5723 314 5764 et
356 5712 618 5764 secundis
643 5712 862 5776 quuletn
898 5715 1045 5766 curis
1077 5714 1302 5767 suffecta
1332 5724 1460 5767 sunt
1496 5730 1509 5769 ξ
1564 5719 1614 5769 iu
1648 5718 1838 5771 Graeco

254 5793 455 5835 autem
490 5789 640 5834 textu
677 5784 893 5846 penitus
923 5784 1334 5840 desiderantur.

1963 565 2052 618 cui
2087 581 2248 618 nemo
2277 582 2515 634 unquam
2550 563 2834 618 hominum
2872 562 3010 615 sedit
3045 579 3059 614 ;
3116 561 3311 614 solvite
3344 561 3521 624 illum,

1961 665 2015 708 et
2039 656 2311 709 adducite.
2368 657 2434 709 Et
2466 656 2508 708 si
2539 656 2662 724 quis
2691 669 2786 707 vos
2826 652 3243 719 iziterrogaverit
3276 669 3292 706 :
3348 649 3528 716 Quare
3608 680 3613 685 -

1958 747 2202 802 solvitis?
2234 749 2310 802 sic
2345 749 2538 802 dicetis
2567 749 2614 801 ei
2657 764 2670 804 :
2706 748 2841 814 Quia
2881 751 3141 804 Dominus
3164 760 3387 813 operam
3408 743 3528 811 ejus

1960 839 2257 893 desiderat.
2312 838 2595 909 [ccxxxm,
2630 838 2716 910 2.]
2745 840 3010 893 Abierunt
3039 847 3218 892 autem
3258 836 3349 906 qui
3373 835 3524 888 missi

1957 936 2118 979 erant
2155 942 2168 978 :
2202 927 2624 989 etinvenerunt,
2655 929 2797 980 sicut
2821 929 2958 981 dixit
2986 928 3114 988 illis,
3136 935 3374 980 stantem
3404 924 3525 991 pul-

1960 1016 2096 1068 lum.
2139 1016 2489 1070 Solvcntibus
2521 1028 2702 1070 autem
2738 1020 2848 1072 illis
2876 1019 3103 1086 pullum,
3131 1018 3387 1070 dixerunt
3427 1014 3524 1067 do-

1962 1106 2092 1158 mini
2127 1107 2245 1174 ejus
2275 1109 2339 1158 ad
2367 1107 2487 1160 illos
2526 1123 2540 1163 :
2598 1107 2740 1174 Quid
2793 1109 3006 1162 solvitis
3046 1106 3289 1175 pullum?
3347 1106 3414 1156 At
3447 1103 3520 1155 illi

1959 1196 2214 1249 dixerunt
2251 1211 2266 1252 :
2305 1195 2439 1261 Quia
2485 1199 2748 1251 Dominus
2777 1212 2902 1250 eum
2931 1195 3307 1266 necessarium
3336 1193 3522 1245 habet.

1959 1283 2024 1335 Et.
2054 1285 2327 1338 duxerunt
2368 1287 2521 1339 illum
2561 1288 2624 1340 ad
2656 1286 2864 1340 .lcsum.
2922 1286 2992 1338 Et
3017 1286 3286 1353 jactantes
3359 1281 3526 1335 vesti-

1959 1385 2136 1429 menta
2204 1393 2302 1430 sua
2353 1393 2515 1446 supra
2603 1380 2838 1449 pullum,
2890 1379 3271 1446 imposuerunt
3314 1374 3522 1429 Jesum.

1957 1462 2130 1517 Eunte
2162 1474 2342 1518 autent
2379 1468 2495 1528 illo,
2553 1466 2983 1521 substernebant
3039 1466 3367 1519 vestimenta
3425 1477 3525 1515 sua

1957 1552 2009 1606 in
2040 1555 2146 1608 via.
2188 1553 2457 1626 {ccxxxm
2495 1555 2657 1628 1.]Et
2681 1573 2802 1611 cum
2835 1559 3298 1626 appropinquaret
3322 1556 3430 1624 jam
3457 1553 3525 1606 ad

1955 1645 2276 1700 descensum
2312 1649 2516 1702 montis
2543 1649 2767 1714 Oliveti,
2799 1658 3086 1718 cmperunt
3115 1653 3318 1701 ~omnes
3355 1647 3527 1699 turba:

1955 1737 2348 1806 discipulorum
2374 1742 2393 1769 ‘
2420 1744 2718 1809 gaudentes
2743 1744 2970 1796 laudare
2995 1743 3161 1797 Deum
3183 1757 3315 1794 voce
3333 1755 3524 1810 magna

1955 1845 2121 1898 super
2165 1833 2442 1892 omnibus,
2479 1849 2615 1899 quas
2651 1835 2924 1899 viderant,
2983 1835 3296 1895 virtutibus,
3335 1833 3524 1887 dicen-

1957 1935 2039 1979 tes
2080 1943 2094 1979 :
2122 1925 2472 1992 Benedictus,
2510 1930 2602 1999 qui
2635 1931 2785 1984 venit
2824 1945 2917 1983 rex
2951 1928 3003 1981 in
3032 1929 3252 1982 nomine
3283 1927 3523 1986 Domini,

1954 2028 2058 2081 pax
2091 2016 2141 2067 in
2172 2017 2406 2079 caslo,et
2431 2019 2599 2088 gloria
2625 2019 2678 2072 in
2725 2020 2977 2074 excelsis.
3030 2018 3280 2090 [ccxxxn
3315 2018 3366 2072 5.
3407 2016 3426 2088 1
3461 2016 3525 2070 Et

1953 2104 2173 2172 quidam
2198 2107 2594 2163 Pharisaaorum
2618 2111 2686 2164 de
2718 2111 2910 2170 turbis,
2936 2111 3193 2164 dixerunt
3225 2110 3291 2162 ad
3320 2110 3472 2162 illum
3504 2127 3518 2161 :

1954 2198 2234 2269 Magister,
2266 2201 2485 2270 increpa
2521 2203 2822 2272 discipulos
2846 2214 2989 2258 tuos.
3014 2203 3226 2269 Quibus
3256 2204 3372 2273 ipse
3403 2205 3514 2256 ait:

1951 2287 2083 2341 Dico
2118 2290 2291 2354 vobis,
2317 2292 2440 2359 quia
2468 2291 2512 2345 si
2538 2292 2592 2344 lti
2620 2293 2910 2352 tacuerint,
2946 2291 3155 2360 lapides
3184 2292 3520 2346 clamabunt.

1955 2376 2224 2449 [ccxxxvt,
2274 2380 2392 2454 19.}
2453 2384 2518 2436 Et
2551 2394 2610 2438 ut
2641 2386 3124 2454 appropinquavit,
3160 2384 3354 2438 videns
3387 2384 3524 2438 civi-

1953 2480 2142 2535 tatem,
2173 2471 2322 2526 flevit
2355 2489 2522 2542 super
2555 2475 2730 2539 illam,
2785 2475 2975 2531 dicens
3010 2493 3028 2531 :
3063 2477 3198 2542 Quia
3251 2481 3295 2532 si
3323 2493 3524 2548 cogno~

1954 2560 2126 2616 visses
2155 2573 2210 2616 et
2245 2573 2325 2626 tu,
2353 2576 2409 2618 et
2451 2566 2669 2635 quidem
2711 2568 2765 2620 in
2799 2568 2902 2623 hac
2923 2569 3011 2623 die
3046 2577 3300 2639 tua,quae
3326 2570 3392 2622 ad
3429 2586 3521 2638 pa-

1955 2667 2071 2705 cem
2105 2653 2230 2719 tibi,
2267 2670 2412 2708 nunc
2441 2666 2621 2710 autem
2675 2657 2992 2712 abscondita
3045 2669 3172 2714 sunt
3227 2663 3278 2714 in
3336 2661 3515 2714 oculis

1951 2743 2085 2797 tuis.
2113 2744 2248 2809 Quia
2280 2746 2504 2800 venient
2536 2748 2652 2801 dies
2677 2749 2730 2802 in
2769 2757 2820 2802 te
2856 2765 2870 2801 :
2908 2759 2962 2804 et
3023 2750 3444 2806 circumdabant
3471 2764 3522 2807 te

1952 2835 2158 2889 inimici
2206 2837 2283 2890 tui
2320 2838 2483 2902 vallo,
2527 2849 2576 2892 et
2611 2841 3034 2895 circumdabunt
3071 2852 3121 2897 te
3156 2860 3170 2897 :
3202 2853 3259 2898 et
3282 2859 3520 2915 coangu-

1951 2927 2174 2981 stabunt
2215 2937 2267 2981 te
2301 2931 2542 2999 undique
2583 2950 2597 2986 :
2631 2941 2683 2986 et
2735 2933 2803 2986 ad
2835 2945 3032 2986 terram
3063 2943 3412 3002 prosternent
3446 2948 3519 3002 te,

1952 3027 2007 3072 et
2037 3018 2178 3074 ﬁlios
2207 3031 2348 3086 tuos,
2382 3029 2475 3092 qui
2512 3026 2561 3076 in
2597 3034 2648 3078 te
2679 3035 2827 3078 sunt.
2867 3023 3158 3098 [ccxxxvtu
3194 3026 3271 3098 1.]
3329 3038 3384 3082 et
3410 3043 3520 3083 non

1954 3111 2264 3181 relinquent
2296 3117 2349 3167 in
2381 3125 2430 3168 te
2457 3116 2694 3185 lapidem
2729 3133 2896 3186 super
2945 3119 3180 3186 lapidem
3218 3135 3233 3175 :
3269 3135 3336 3174 eo
3366 3119 3516 3190 quod

1952 3219 2059 3257 non
2095 3207 2415 3273 cognoveris
2449 3217 2661 3278 tempus
2686 3209 3018 3264 visitationis
3048 3221 3171 3264 tute.
3200 3211 3517 3284 [ccxxxvnt.

1958 3298 2037 3368 1.]
2085 3299 2148 3354 Et
2185 3301 2462 3371 ingressus
2521 3306 2573 3357 iu
2621 3307 2904 3375 templum,
2951 3310 3117 3375 C(Bpil.
3151 3310 3348 3378 ejicere
3385 3327 3521 3365 ven-

1953 3389 2146 3442 dentes
2181 3392 2234 3443 in
2270 3393 2383 3452 illo.
2422 3404 2475 3446 et
2504 3405 2772 3458 ementes.
2829 3396 3019 3452 dicens
3054 3399 3160 3451 illis
3199 3416 3213 3452 :
3248 3398 3520 3470 Scriptum

1952 3493 2034 3532 eat
2073 3495 2088 3534 :
2131 3481 2271 3542 Ouia
2329 3483 2522 3539 domus
2571 3502 2689 3540 mea
2725 3489 2922 3542 domus
2957 3490 3222 3544 orationis
3268 3501 3378 3546 est.
3417 3493 3522 3547 Vos

1953 3583 2132 3624 autem
2179 3571 2383 3628 fecistis
2415 3575 2563 3629 illam
2591 3579 2908 3645 speluncam
2935 3581 3224 3635 latronum.
3248 3581 3518 3654 [ccxxxtx,

1952 3661 2032 3734 1.]
2101 3665 2164 3715 Et
2195 3677 2312 3717 erat
2350 3665 2552 3719 docens
2585 3669 2829 3735 quotidie
2873 3669 2926 3722 in
2966 3671 3187 3739 templo.
3238 3674 3520 3744 Principes

1951 3761 2133 3805 autem
2162 3756 2529 3820 sacerdotum,
2563 3766 2617 3809 et
2658 3757 2885 3825 Scriba),
2921 3768 2976 3813 et
3026 3761 3299 3829 principes
3345 3765 3517 3832 plebis

1949 3844 2265 3911 quaerebant
2308 3846 2457 3899 illum
2483 3847 2715 3915 perdere
2745 3865 2760 3903 :
2793 3857 2843 3903 et
2870 3866 2976 3903 non
3010 3852 3364 3907 inveniebant
3389 3856 3514 3918 quid

1954 3938 2196 3993 facerent
2229 3941 2329 3994 illi.
2368 3941 2558 3996 Omnis
2591 3943 2736 3998 enim
2771 3946 3006 4014 pepulus
3039 3961 3340 4016 suspensus
3375 3960 3514 4016 erat,

1950 4034 2179 4085 audiens
2211 4033 2382 4089 illum.

2021 4125 2176 4196 [ϐαρ.
2211 4125 2323 4179 XX.
2350 4142 2503 4194 cch,
2526 4127 2607 4200 2.]
2645 4129 2713 4182 Et
2745 4131 2946 4184 factum
2970 4131 3122 4187 estin
3152 4148 3256 4186 una
3279 4132 3516 4198 dierum,

1950 4217 2186 4271 docente
2221 4220 2314 4273 illo
2342 4221 2604 4289 pepulutn
2643 4222 2695 4274 in
2742 4225 2966 4291 templo,
3002 4235 3059 4278 et
3085 4227 3514 4295 evangelizante,

1948 4319 2324 4366 convenerunt
2366 4314 2640 4382 principes
2704 4317 3072 4381 sacerdotum,
3129 4317 3334 4372 Scriba:
3390 4333 3513 4371 cum

1949 4403 2282 4466 senioribus,
2315 4416 2367 4456 et
2395 4405 2550 4457 aiunt
2575 4405 2823 4460 dicentes
2856 4407 2920 4460 ad
2956 4407 3106 4460 illum
3145 4423 3158 4462 :
3211 4409 3304 4462 Dic
3335 4409 3514 4474 nobis,

1880 4529 1923 4584 Β
1953 4495 2008 4549 in
2045 4510 2148 4562 qua
2181 4504 2447 4561 potestate
2480 4498 2594 4551 haec
2619 4497 2797 4551 lacis?
2835 4511 2928 4552 aut
2956 4516 2970 4551 :
3008 4500 3144 4566 Quis
3168 4513 3271 4567 εει,
3309 4504 3398 4570 qui
3427 4503 3520 4556 de-

1953 4586 2029 4639 dit
2061 4586 2156 4638 tibi
2176 4587 2313 4638 hanc
2348 4587 2714 4655 potestatem?
2743 4586 3099 4658 llespondens
3129 4602 3309 4644 autem
3335 4592 3516 4656 .lcsus,

1949 4678 2084 4732 dixit
2113 4677 2178 4730 ad
2218 4678 2383 4732 illos:
2425 4679 2780 4749 lnterrogabo
2827 4697 2922 4734 vos
2953 4693 3006 4735 et
3051 4698 3151 4751 ego
3189 4699 3356 4737 unum
3399 4702 3520 4738 ver-

1949 4772 2099 4826 bum.
2155 4773 2502 4842 Respondele
2568 4774 2753 4827 Inibi:
2809 4773 3120 4842 Baptismus
3167 4775 3393 4830 Joannis
3451 4781 3519 4831 de

1950 4866 2090 4918 caalo
2125 4877 2264 4930 erat,
2323 4881 2390 4918 an
2449 4882 2513 4919 ex
2557 4867 2909 4921 hominilus?
2965 4870 3034 4922 At
3091 4870 3162 4922 illi
3199 4871 3515 4940 Cogitabam

1950 4957 2091 5008 intra
2130 4971 2208 5017 se.
2240 4957 2485 5010 dicentes
2521 4975 2536 5010 :
2598 4958 2734 5021 Quia
2775 4960 2818 5010 si
2856 4960 3173 5022 dixerimus,
3231 4961 3301 5014 De
3354 4963 3517 5025 coelo,

1949 5050 2092 5103 dicet
2124 5066 2138 5105 :
2175 5049 2351 5115 Quare
2383 5065 2514 5119 ergo
2554 5067 2659 5102 non
2685 5050 2999 5104 creditliSIis
3063 5053 3182 5106 illi?
3244 5053 3297 5110 Si
3331 5067 3513 5110 autem

1949 5142 2251 5196 dixerimus
2287 5159 2300 5194 :
2340 5141 2415 5194 Ex
2451 5141 2787 5203 hominibus,
2825 5143 2980 5212 plebs
3020 5147 3276 5199 universa
3304 5147 3515 5214 lapida-

1951 5233 2029 5286 bit
2058 5247 2157 5285 nos
2195 5247 2208 5286 :
2238 5231 2372 5285 certi
2395 5239 2523 5284 sunt
2550 5232 2718 5293 enim,
2743 5231 3007 5287 Joannem
3036 5238 3348 5303 prophetam
3371 5229 3510 5288 esse.

1951 5326 2016 5379 Et
2047 5325 2468 5392 responderunt,
2500 5341 2556 5377 se
2593 5326 2809 5381 nescire
2846 5329 2988 5382 unde
3021 5340 3182 5382 esset.
3251 5329 3316 5380 Et
3351 5328 3512 5383 .Icsus

1951 5419 2023 5468 ait
2049 5419 2156 5470 illis
2193 5434 2203 5470 :
2242 5417 2430 5486 Neque
2489 5435 2590 5489 ego
2638 5421 2760 5475 dico
2819 5424 2970 5475 vobis
3006 5425 3056 5475 in
3091 5439 3194 5489 qua
3240 5431 3510 5488 potestate

2023 5579 2041 5608 ³
2086 5577 2186 5630 Pro
2220 5578 2598 5649 discipulorum
2632 5583 2805 5632 nostri
2835 5596 3023 5632 omnes
3058 5594 3182 5630 mss.
3217 5582 3519 5646 pra‘ft-rttut

1949 5651 2392 5709 descendentium,
2429 5651 2887 5716 quemadmmlum
2925 5663 2980 5701 et
3018 5652 3066 5701 iu
3101 5650 3291 5702 (ἐπειοο
3318 5653 3515 5707 Caula—

1953 5718 2187 5772 brtceusi
2219 5723 2516 5787 ettettiplari
2549 5720 2687 5785 quod
2719 5721 2870 5772 lle-dx
2903 5719 3081 5772 fuerat
3119 5721 3218 5770 ’.εἶεν
3249 5726 3519 5776 καταϐαι-

1951 5790 2151 5840 νόντων
2193 5806 2288 5857 pro
2325 5795 2430 5839 cm
2460 5791 2742 5854 μαῢητῶν.
