3880 6168
244 1702 251 1711 -
339 1686 422 1728 est
456 1674 649 1736 bwres,
680 1674 999 1727 ocridamus
1032 1672 1212 1728 illum.
1244 1682 1302 1724 ιιι
1339 1678 1525 1722 nostra
1562 1668 1653 1719 fiat
1682 1664 1918 1719 haeredi-

332 371 439 434 679
1246 362 1308 423 S.
1348 356 1793 421 HlERONYMI
1839 353 2109 414 DlVlNA
2153 346 2680 413 BIBLIOTHECA.
2776 432 2782 434 Α
3491 338 3607 402 680

334 490 453 544 hzec
492 486 656 541 facio.
700 484 906 557 [αλιι.
933 480 1017 554 2.]
1046 481 1224 552 Cmpit
1254 492 1439 539 autem
1487 479 1671 532 dicere
1703 472 1768 528 ad
1796 473 1912 543 ple-
1942 480 1985 534 Α
2020 470 2317 525 traduntur
2346 468 2411 523 ad
2448 467 2670 536 nuptias
2704 480 2716 516 :
2771 464 2845 518 illi
2898 477 3027 517 vero
3086 465 3178 531 qui
3240 460 3391 529 digni
3430 460 3605 557 hahe-

332 584 457 636 bem
492 551 809 649 parabolam
852 551 1043 631 hauet:
1084 551 1258 631 llotno
1290 572 1553 644 plantavit
1582 570 1818 631 vineam,
1854 576 1910 620 et
2016 564 2220 614 buntur
2256 560 2457 614 saeculo
2492 559 2609 624 illo,
2676 567 2736 610 et
2792 554 3208 611 resurrectione
3239 568 3306 608 ex
3338 551 3612 615 mortuis,

336 646 539 727 locavit
574 685 694 723 eam
743 668 998 724 colonis:
1055 678 1111 721 et
1159 668 1274 737 ipse
1306 678 1533 735 peregre
1565 661 1669 714 fuit
1724 657 1912 710 multis
2013 666 2190 722 neque
2263 651 2494 715 nubent,
2540 664 2719 718 neque
2785 649 2991 703 ducent
3045 661 3246 701 uxores
3277 646 3345 698 ἰ
3418 656 3617 737 neque

333 762 694 833 temporibus.
750 759 819 813 Et
850 757 903 811 in
935 735 1196 828 tempore
1214 756 1363 809 misit
1393 754 1460 809 ad
1520 751 1763 806 cultores
1794 760 1915 800 ser-
2012 747 2157 799 enim
2192 744 2332 796 ultra
2366 743 2504 797 mori
2544 749 2804 811 puterunt
2845 748 2860 794 ξ
2904 740 3140 809 aequales
3192 740 3337 793 enim
3390 735 3620 833 angelis

334 826 482 918 vuni,
535 860 594 904 ut
625 851 692 904 de
740 849 923 904 fructu
963 826 1139 904 vinea:
1175 846 1373 902 darent
1416 844 1514 900 illi.
1580 842 1683 908 Qui
1711 852 1910 894 caesum
2012 847 2161 901 sunt,
2196 846 2253 889 et
2280 835 2375 889 ﬁlii
2415 844 2547 889 sunt
2572 833 2686 899 Dei,
2729 848 2850 888 cum
2881 831 2990 887 sint
3013 830 3108 886 filii
3144 826 3615 918 resurrectionis.

331 916 663 998 dimiserunt
708 958 835 997 eum
878 943 1121 997 inanem.
1170 941 1236 995 Et
1269 938 1480 993 addidit
1532 936 1763 989 alterum
1793 947 1910 985 ser-
2011 926 2151 992 Quia
2191 940 2325 979 vero
2376 934 2673 993 resurgant
2715 922 2939 986 mortui,
2981 932 3036 975 et
3076 920 3288 992 Moyses
3346 916 3621 973 ostendit

332 1054 459 1090 vum
496 1038 737 1090 mittere.
775 1036 857 1089 Illi
898 1042 1082 1089 autem
1111 1034 1259 1086 hunc
1292 1044 1512 1101 quoque
1537 1026 1829 1086 medentes,
1859 1030 1915 1076 et
2014 1030 2172 1074 secus
2206 1020 2427 1081 rubum,
2484 1018 2627 1072 sicut
2664 1016 2802 1070 dicit
2854 1014 3172 1077 Dominum,
3210 1011 3380 1067 Deum
3424 1011 3623 1065 Abra-

332 1128 635 1182 aﬂicientes
661 1126 1021 1191 eoattuuielia,
1055 1125 1395 1179 dimiserunt
1418 1122 1665 1175 inanem.
1714 1116 1783 1170 Et
1814 1112 1912 1168 ad-
2014 1110 2165 1173 ham,
2198 1122 2250 1164 et
2277 1109 2446 1163 Deum
2478 1109 2650 1172 lsaac,
2680 1118 2737 1161 et
2773 1105 2945 1161 Deum
2976 1106 3172 1162 Jacob.
3228 1104 3376 1158 Deus
3411 1113 3619 1157 autem

332 1220 475 1275 didit
508 1220 733 1273 tertium
776 1220 1043 1273 mittere:
1098 1217 1191 1286 qui
1247 1225 1304 1270 et
1353 1215 1505 1267 illum
1556 1210 1915 1263 vulnerantes
2014 1217 2123 1255 non
2160 1212 2247 1256 est
2276 1211 2643 1260 mortuorum,
2697 1198 2791 1252 sed
2864 1197 3161 1252 vivorum:
3217 1208 3413 1249 omnes
3448 1194 3619 1247 enim

332 1314 637 1382 eiecerunt.
674 1312 821 1365 Dixit
853 1320 1035 1364 autem
1066 1285 1320 1362 dominus
1352 1306 1525 1358 vineae
1579 1320 1592 1355 :
1661 1298 1802 1363 Quid
1838 1298 1915 1351 fa-
2016 1295 2208 1348 vivunt
2237 1293 2309 1347 ei.
2352 1291 2773 1362 ltespondeutes
2802 1299 2986 1344 autem
3005 1286 3227 1382 quidam
3253 1285 3620 1382 scribarum:

334 1376 518 1458 ciam?
568 1405 781 1458 mittam
832 1403 1005 1455 lilium
1068 1417 1249 1454 meum
1292 1400 1602 1453 dilectum;
1660 1392 1912 1455 forsitan,
2016 1387 2278 1441 dixerunt
2316 1386 2365 1438 ei
2407 1402 2423 1439 :
2488 1384 2763 1453 Magister,
2799 1382 2939 1437 bene
2990 1380 3197 1436 dixisti.
3252 1376 3657 1451 [ccxuv,2.]'

336 1510 467 1546 cum
513 1496 658 1547 hunc
687 1492 950 1554 viderint,
982 1491 1338 1544 verebuntur.
1373 1487 1544 1552 Quem
1582 1499 1706 1537 cum
1747 1483 1918 1536 vidis—
2016 1478 2084 1532 Et
2112 1477 2350 1547 amplius
2385 1490 2493 1529 u0n
2537 1474 2815 1528 audebant
2846 1489 2973 1527 eum
3008 1471 3313 1541 quidquam
3348 1470 3620 1523 interro-

338 1594 461 1639 sent
495 1584 699 1648 coloni,
732 1585 1117 1651 cogitaverunt
1153 1583 1297 1634 intra
1352 1595 1433 1639 se.
1491 1578 1741 1631 dicentes
1771 1591 1785 1643 [
1819 1573 1916 1627 Hic
2017 1586 2169 1637 gare.
2214 1567 2427 1639 [ccxcv,
2457 1565 2544 1638 2.]
2607 1566 2755 1620 Dixit
2784 1575 2966 1620 autem
2998 1564 3065 1618 ad
3114 1563 3273 1619 illos:
3308 1559 3627 1627 Quomodo

2019 1659 2210 1712 dicunt
2238 1656 2549 1720 Christum,
2585 1656 2753 1709 lilium
2793 1671 2913 1710 esse
2950 1656 3117 1709 David
3157 1665 3215 1709 et
3269 1655 3388 1724 ipse
3424 1652 3623 1706 David

265 1754 272 1761 ’
342 1772 447 1813 tas.
512 1760 579 1813 Et
610 1760 846 1829 ejectum
904 1757 1060 1812 illutn
1096 1766 1249 1811 extra
1304 1758 1541 1820 vineam,
1570 1755 1914 1808 occiderunt.
1952 1822 1985 1829 ἑ
2019 1750 2153 1805 dicit
2180 1751 2232 1802 in
2264 1751 2407 1803 libro
2442 1749 2784 1803 Psalmorum
2823 1763 2839 1801 :
2888 1748 3033 1802 Dixit
3068 1746 3331 1800 Dominus
3363 1744 3625 1798 Domino

341 1849 485 1915 Quid
522 1865 653 1917 ergo
711 1848 877 1903 faciet
908 1846 1019 1903 illis
1052 1848 1310 1902 dominus
1345 1846 1559 1900 vinem?
1622 1845 1829 1905 veniet,
1863 1853 1919 1898 et
1951 1822 1992 1876 Β
2024 1857 2168 1908 meo,
2211 1841 2344 1895 sede
2369 1858 2398 1893 a
2431 1840 2646 1895 dextris
2676 1842 2836 1904 meis,
2902 1840 3081 1895 donec
3112 1852 3311 1911 ponam
3343 1836 3629 1891 inimicos

342 1944 532 2012 perdet
560 1942 786 1996 colonos
821 1945 975 2003 istos,
1027 1952 1084 1994 et
1142 1941 1295 1994 dabit
1328 1939 1544 1993 vineam
1595 1938 1738 1992 aliis.
1801 1937 1919 2004 Quo

342 2035 551 2093 audito.
582 2037 843 2087 dixerunt
877 2034 950 2088 illi
986 2052 1001 2090 :
1037 2034 1216 2088 Absit.
1266 2032 1363 2087 llle
1416 2042 1597 2086 autent
1647 2031 1923 2101 aspiciens

341 2144 460 2191 eos,
492 2129 567 2181 ait
604 2147 617 2182 :
656 2128 798 2194 Quid
835 2138 1081 2196 estergo
1130 2126 1257 2187 hoc,
1289 2124 1436 2195 quod
1481 2127 1744 2193 scriptum
1791 2132 1921 2178 est:

345 2221 605 2291 Lapidem
639 2236 803 2289 quem
836 2220 1280 2290 reprobaverunt
1320 2219 1692 2279 mdificantes,
1727 2216 1817 2271 hic
1846 2216 1922 2271 fa-

344 2327 466 2368 ctus
492 2325 577 2368 est
608 2315 662 2368 in
694 2322 861 2383 caput
890 2308 1117 2382 anguli?
1148 2310 1338 2367 Omnis
1363 2311 1457 2380 qui
1477 2310 1923 2378 cecideritsuper

347 2405 500 2459 illum
534 2404 797 2473 lapidem,
827 2401 1284 2472 conquassabitur
1310 2418 1325 2459 :
1358 2417 1525 2470 super
1550 2416 1710 2470 quem
1740 2410 1921 2453 autem

346 2495 635 2559 ceciderit,
668 2496 1013 2549 comminuet
1050 2494 1228 2548 illum.
1254 2493 1478 2565 lCCXLII,
1518 2490 1596 2563 l.]
1616 2492 1683 2546 Et
1716 2505 1925 2563 qumre-

348 2588 481 2640 haut
512 2586 791 2656 principes
821 2586 1191 2648 sacerdotum,
1247 2596 1304 2640 et
1338 2585 1564 2648 Scribat,
1597 2584 1817 2639 mittere
1867 2582 1920 2637 in

349 2677 501 2731 illum
539 2694 734 2732 manus
763 2678 817 2731 in
855 2679 945 2731 illa
978 2680 1110 2731 hora
1141 2694 1157 2732 ;
1194 2688 1250 2731 et
1273 2678 1581 2732 timuerunt
1610 2676 1877 2747 populum
1907 2691 1923 2730 :

348 2782 728 2841 cognoverunt
763 2774 912 2826 enim
938 2774 1083 2841 quod
1117 2772 1185 2826 ad
1234 2772 1387 2843 ipsos
1417 2771 1621 2826 dixerit
1660 2770 1928 2826 similitu-

349 2864 532 2916 dinem
566 2864 722 2917 hanc.
763 2863 1000 2935 [ccxuu,
1026 2861 1109 2935 2.]
1177 2864 1246 2919 Et
1274 2866 1631 2919 observantes
1660 2864 1930 2918 miserunt

351 2956 726 3020 insidiatores,
761 2960 855 3027 qui
890 2972 949 3012 se
972 2956 1155 3026 justos
1189 2957 1537 3020 simularent,
1568 2967 1627 3011 ut
1667 2965 1929 3026 caperent

350 3065 476 3103 eutn
511 3049 563 3103 in
600 3065 879 3112 sermone,
920 3060 981 3103 ut
1015 3052 1303 3103 traderent
1332 3050 1486 3113 illum
1516 3050 1849 3120 principatui
1874 3060 1929 3104 et

2024 2041 2156 2081 num
2208 2025 2361 2079 illum
2424 2035 2582 2080 vocat

2025 1944 2173 1998 tuos,
2204 1934 2503 1988 scabellum
2528 1933 2725 2003 pedum
2754 1930 3023 1988 tuorum?
3056 1931 3223 1985 David
3255 1945 3388 2001 ergo
3417 1927 3634 1983 Domi-

2635 2041 2649 2079 :
2702 2036 2758 2081 et
2810 2027 3088 2097 quomodo
3120 2028 3262 2080 filius
3300 2026 3426 2096 ejus
3491 2023 3629 2079 est?

2028 2119 2264 2191 locum,
2296 2115 2377 2190 2.]
2415 2118 2685 2173 Audiente
2716 2128 2898 2173 autem
2933 2117 3083 2173 omni
3107 2118 3329 2189 populo,
3361 2116 3519 2170 dixit
3542 2115 3635 2169 di-

2025 2211 2255 2281 scipulis
2284 2211 2399 2265 suis
2435 2227 2449 2264 :
2483 2211 2764 2266 Attendite
2794 2226 2823 2264 a
2859 2209 3090 2276 Scribis,
3142 2211 3234 2281 qui
3266 2209 3466 2264 volunt
3503 2223 3637 2262 am-

2026 2305 2218 2360 bulare
2251 2307 2304 2358 in
2338 2306 2519 2371 stolis,
2545 2313 2601 2359 et
2646 2314 2835 2371 amant
2894 2304 3254 2360 salutationes
3286 2302 3338 2356 in
3366 2302 3528 2363 foro,
3574 2310 3635 2354 et

2025 2397 2235 2468 primas
2299 2397 2595 2452 cathedras
2625 2396 2679 2451 in
2714 2398 3021 2469 synagogis,
3052 2406 3108 2452 et
3160 2397 3368 2467 primos
3417 2394 3635 2448 dism-

2028 2491 2176 2546 bitus
2209 2491 2262 2545 in
2291 2489 2563 2545 conviviis
2593 2506 2606 2544 :
2638 2488 2893 2561 [CCXLVII,
2926 2488 3018 2561 8.]
3069 2490 3163 2559 qui
3196 2489 3469 2544 devorant
3525 2486 3637 2540 do-

2029 2597 2147 2637 mos
2181 2582 2488 2645 viduarum,
2522 2580 2848 2636 simulantes
2881 2581 3100 2650 longam
3138 2577 3486 2634 orationem.
3561 2572 3635 2627 lli

2028 2675 2299 2745 accipient
2329 2673 2741 2729 damnationem
2775 2673 3069 2744 majorem.

2103 2767 2256 2840 (Cap.
2285 2766 2466 2839 XXII]
2492 2767 2810 2838 Respiciens
2831 2778 3034 2830 autem.
3065 2766 3205 2821 vidit
3235 2779 3331 2819 eos
3377 2763 3479 2833 qui
3505 2763 3642 2817 mit-

2032 2866 2219 2921 tebant
2258 2879 2483 2920 munera
2513 2879 2612 2919 sua
2657 2867 2710 2918 in
2736 2862 3213 2934 gazophylacium,
3263 2861 3497 2915 divites.
3536 2860 3644 2913 Vi-

2029 2952 2110 3006 dit
2163 2961 2345 3006 autem
2380 2964 2436 3008 et
2471 2957 2765 3015 quamdam
2810 2952 3025 3007 viduam
3056 2950 3451 3023 pauperculam
3495 2953 3640 3005 mit-

2032 3056 2232 3101 tentem
2253 3062 2359 3101 aera
2385 3049 2596 3101 minuta
2626 3046 2760 3100 duo.
2799 3044 2865 3101 Et
2898 3044 3037 3100 dixit
3063 3060 3080 3101 :
3105 3042 3245 3100 Vere
3268 3046 3393 3099 dico
3428 3046 3640 3105 vobis.

351 3140 611 3209 potestati
651 3140 922 3209 prmsidis.
952 3141 1022 3194 Et
1046 3144 1519 3211 interrogaverunt
1556 3156 1708 3205 eum,
1738 3142 1929 3195 dicen-
1954 3165 1999 3225 ο
2032 3142 2158 3209 quia
2209 3140 2374 3195 vidua
2420 3140 2537 3195 haec
2578 3156 2814 3211 pauper,
2839 3139 2965 3210 plus
2999 3155 3162 3209 quam
3215 3152 3412 3193 omnes
3437 3139 3637 3193 misit.

356 3244 436 3285 tes
464 3247 480 3286 ;
508 3230 783 3298 Magister,
835 3232 1042 3287 scimus
1096 3237 1223 3293 quia
1258 3243 1405 3286 recte
1450 3232 1590 3287 dicis
1633 3242 1690 3287 et
1720 3232 1883 3287 doces
1912 3248 1927 3288 :

350 3334 407 3377 et
436 3337 542 3374 non
575 3322 780 3390 accipis
804 3336 1123 3391 personam,
1154 3322 1251 3377 sed
1294 3323 1437 3376 viam
1481 3322 1574 3377 Dei
1607 3324 1661 3377 in
1696 3322 1930 3377 veritate

352 3414 555 3468 doces:
593 3412 724 3467 licet
754 3413 915 3467 nobis
950 3414 1216 3467 tributum
1245 3413 1377 3468 dare
1410 3414 1639 3480 Caesari,
1675 3431 1744 3469 an
1781 3415 1930 3469 non?

351 3504 727 3560 Considerans
759 3514 945 3559 autem
974 3502 1163 3559 dolum
1231 3505 1475 3567 illorum,
1517 3506 1655 3559 dixit
1691 3505 1757 3560 ad
1784 3520 1881 3559 eos
1912 3521 1926 3556 :

351 3597 495 3664 Quid
529 3612 614 3651 me
639 3597 901 3651 tentatis?
942 3595 1231 3653 Ostendite
1261 3598 1395 3650 mihi
1421 3597 1729 3651 denarium.
1758 3594 1931 3665 Cujus

351 3687 519 3743 habet
546 3687 864 3759 imaginem,
896 3697 950 3742 et
987 3688 1446 3758 inscriptionem?
1514 3684 1932 3756 Rcspondentes

350 3782 611 3835 dixerunt
642 3783 692 3835 ei
733 3791 748 3828 ε
804 3779 1058 3835 Cazsaris.
1106 3780 1174 3833 Et
1210 3780 1289 3833 ait
1328 3779 1435 3833 illis
1471 3795 1485 3832 :
1519 3777 1753 3832 Reddite
1799 3794 1930 3847 ergo

349 3888 472 3938 quae
508 3883 637 3926 sunt
668 3872 922 3937 Ctesaris,
965 3872 1207 3938 Caesari;
1235 3881 1291 3926 et
1320 3886 1441 3942 quae
1478 3880 1607 3925 sunt
1636 3870 1755 3934 Dei,
1792 3871 1927 3923 Deo.

350 3964 418 4018 Et
450 3979 556 4015 non
587 3974 890 4032 potuerunt
914 3965 1141 4018 verbum
1170 3966 1287 4033 ejus
1312 3963 1719 4032 reprehendere
1741 3977 1929 4018 coram

352 4055 514 4123 plebe
552 4070 566 4107 :
611 4065 666 4109 et
699 4054 886 4108 mirati
915 4055 970 4108 in
996 4070 1261 4124 responso
1280 4055 1426 4123 ejus,
1471 4064 1781 4108 tacuerunt.
1834 4055 1934 4107 Ac-

350 4155 642 4200 cesserunt
696 4157 882 4201 autem
922 4145 1146 4216 quidam
1188 4145 1643 4210 Sadducaeorum,
1698 4146 1793 4215 qui
1835 4161 1933 4200 ne-

351 4250 479 4307 gant
510 4254 630 4293 esse
665 4240 1153 4304 resurrectionem,
1179 4249 1233 4293 et
1264 4240 1751 4307 interrogaverunt
1777 4253 1929 4303 eum,

350 4330 642 4384 dicentes:
704 4329 987 4401 Magister,
1050 4329 1266 4401 Moyses
1327 4332 1554 4400 scripsit
1609 4331 1820 4386 nobis:
1871 4329 1929 4385 Si

351 4423 525 4476 frater
562 4422 795 4494 alicujus
827 4436 1079 4479 mortuus
1108 4424 1275 4478 fuerit
1320 4424 1529 4480 habens
1587 4439 1841 4489 uxorem,
1876 4431 1932 4478 et

353 4515 443 4570 hic
472 4516 593 4570 sine
627 4516 821 4571 liberis
854 4518 1042 4580 fuerit,
1090 4530 1149 4573 ut
1172 4518 1407 4587 accipiat
1453 4534 1575 4573 eam
1616 4518 1786 4572 frater
1809 4518 1929 4589 ejus

355 4622 604 4673 uxorem,
635 4617 689 4662 et
726 4613 955 4663 sust-itet
991 4625 1179 4663 semen
1206 4610 1360 4664 fratri
1392 4624 1516 4664 suo.
1554 4611 1774 4678 Septem
1800 4623 1930 4680 ergo

352 4700 552 4753 fratres
575 4710 756 4763 erant,
791 4711 847 4754 et
880 4701 1088 4769 primus
1125 4704 1339 4770 accepit
1395 4717 1647 4765 uxorem,
1682 4711 1736 4756 et
1780 4716 1931 4755 mor-

356 4802 482 4843 tuus
512 4800 598 4845 est
633 4793 750 4845 sine
784 4792 933 4846 filiis.
992 4793 1062 4848 Et
1107 4808 1352 4861 sequens
1389 4792 1603 4862 accepit
1645 4793 1821 4858 illam,
1873 4804 1932 4849 et

354 4880 469 4949 ipse
502 4892 752 4937 mortuus
772 4893 857 4937 est
878 4883 996 4937 sine
1030 4884 1162 4939 (ilio.
1192 4885 1258 4938 Et
1287 4888 1485 4941 tertius
1511 4886 1723 4955 accepit
1757 4886 1928 4940 illatn.

356 4974 622 5029 Similiter
650 4984 706 5028 et
733 4990 925 5031 omnes
950 4987 1187 5046 septem,
1226 4985 1282 5031 et
1320 4993 1429 5032 non
1463 4978 1811 5050 reliquerunt
1837 4997 1931 5036 se-

353 5083 503 5131 men,
533 5077 588 5122 et
615 5069 819 5121 mortui
855 5078 1009 5124 sunt.
1062 5068 1366 5126 Novissime
1386 5074 1573 5125 omnia
1605 5083 1817 5128 mortua
1846 5086 1931 5128 est

353 5171 409 5215 et
441 5161 658 5214 mulier.
698 5160 756 5213 lu
790 5162 1195 5218 resurrectione
1221 5179 1378 5235 ergo,
1411 5166 1574 5235 cujus
1600 5182 1793 5222 eorum
1825 5168 1930 5222 erit

358 5256 534 5309 uxor?
568 5254 852 5326 Siquidem
885 5267 1095 5326 septem
1138 5256 1453 5313 habuerunt
1506 5274 1625 5314 eam
1674 5277 1927 5314 uxorem.

354 5345 419 5401 Et
451 5348 526 5401 ait
556 5349 665 5403 illis
690 5348 853 5403 Jesus
892 5363 909 5403 ς
969 5347 1094 5403 Filii
1127 5349 1295 5421 hujus
1332 5352 1522 5406 saeculi
1576 5354 1817 5419 nubunt,
1875 5363 1932 5407 et

425 5596 439 5625 ¹
470 5595 529 5649 In
556 5595 781 5651 instanti
803 5597 960 5664 juxta
986 5593 1231 5649 Graecum
1257 5603 1467 5648 textum
1496 5594 1617 5649 οὔτε
1652 5598 1927 5667 γαμοῦσιν

352 5663 476 5717 οὒτε
507 5663 901 5738 ἐκγαμίζογται
927 5682 940 5696 ·
975 5667 1147 5719 nostri
1212 5680 1432 5734 quoque
1468 5663 1681 5735 Omnes,
1725 5663 1929 5738 quibus

357 5738 583 5793 utimur.
620 5752 750 5787 mss.
784 5736 989 5802 legunt,
1042 5751 1209 5803 neque
1242 5739 1464 5801 nubtmt,
1498 5754 1663 5807 neque
1725 5736 1928 5793 ducmtt

357 5817 570 5869 uxores,
634 5818 743 5858 uno
793 5821 1020 5875 excepto
1077 5808 1296 5878 liegiuu:
1360 5809 1447 5869 li,
1510 5816 1601 5877 qui
1650 5822 1703 5866 et
1748 5813 1928 5879 priore

2032 3231 2169 3287 Nam
2194 3248 2387 3287 omnes
2420 3231 2475 3286 bi
2510 3248 2578 3287 ex
2620 3232 2923 3287 abundanti
2962 3234 3067 3289 sibi
3107 3233 3380 3287 miserunt
3405 3231 3467 3286 in
3500 3247 3644 3286 mu-

2032 3340 2169 3378 nera
2207 3324 2337 3379 Dei:
2382 3322 2500 3379 haec
2532 3335 2715 3380 autem
2742 3340 2831 3383 .ex
2861 3339 2928 3379 eo
2973 3326 3121 3395 quod
3152 3325 3306 3379 deest
3349 3324 3458 3387 illi,
3500 3339 3645 3379 om-

2034 3432 2156 3471 nem
2186 3417 2387 3471 victum
2406 3432 2568 3471 suum
2600 3433 2764 3487 quem
2790 3418 3005 3484 habuit,
3024 3419 3192 3473 misit.
3224 3416 3524 3490 Icarum,
3549 3416 3645 3490 2.]

2032 3511 2099 3564 Et
2130 3509 2456 3579 quibusdam
2478 3510 2795 3566 dicentibus
2823 3510 2890 3565 de
2918 3510 3145 3580 templo,
3164 3509 3310 3581 quod
3348 3510 3531 3565 bonis
3558 3515 3643 3565 la-

2034 3602 2251 3671 pidibus
2299 3611 2354 3656 et
2384 3601 2549 3656 donis
2590 3614 2847 3657 ornatum
2891 3612 3058 3669 esset,
3101 3602 3280 3658 dixit:
3335 3601 3470 3657 llaec
3503 3618 3645 3673 qua:

2036 3692 2252 3760 videtis,
2285 3696 2507 3746 venient
2535 3692 2675 3758 dies,
2700 3693 2756 3747 in
2797 3693 3000 3763 quibus
3025 3709 3135 3749 non
3160 3694 3520 3763 relinquetur
3548 3694 3643 3748 la-

2035 3782 2119 3850 pis
2148 3798 2315 3851 super
2343 3782 2606 3851 lapidem,
2636 3783 2732 3853 qui
2762 3798 2869 3837 non
2893 3784 3228 3838 destruatur.
3262 3781 3513 3855 [ccxux,
3548 3782 3644 3858 2.]

2032 3872 2515 3943 interrogaverunt
2546 3885 2728 3929 autem
2756 3876 2934 3940 illum,
2967 3876 3245 3931 dicentes:
3272 3877 3641 3947 Praeceptor.

2033 3967 2255 4033 quando
2288 3966 2402 4020 hac
2451 3976 2640 4030 erunt,
2676 3979 2733 4021 et
2762 3968 2909 4035 quod
2951 3969 3169 4037 signum
3209 3984 3335 4025 cum
3379 3970 3515 4025 ﬁeri
3550 3970 3647 4026 in-

2034 4056 2282 4126 cipient?
2319 4057 2422 4123 Qui
2466 4058 2604 4113 dixit
2637 4077 2650 4112 :
2696 4058 2889 4115 Videte
2921 4074 2990 4114 ne
3024 4060 3363 4115 seducamini
3395 4077 3412 4119 :
3461 4065 3645 4118 multi

2034 4146 2179 4199 enim
2226 4147 2444 4201 venient
2500 4148 2554 4201 in
2608 4149 2833 4203 nomine
2882 4164 3007 4204 meo
3037 4150 3306 4215 dicentes,
3349 4152 3491 4223 quia
3528 4170 3647 4226 ego

2034 4251 2151 4291 sum
2182 4254 2194 4289 :
2222 4248 2277 4290 et
2324 4248 2543 4307 tempus
2590 4239 3103 4310 appropinquavit:
3158 4243 3330 4298 nolite
3368 4260 3520 4314 ergo
3556 4248 3650 4301 ire

2033 4338 2157 4398 post
2193 4344 2311 4384 eos.
2336 4328 2474 4384 Cum
2504 4340 2690 4385 autem
2725 4333 3015 4387 audieritis
3066 4334 3352 4403 praelia,et
3390 4336 3652 4391 seditio-

2036 4436 2154 4483 nes,
2190 4422 2362 4478 nolite
2415 4425 2642 4478 terrcri:
2681 4436 2899 4494 Oportet
2930 4428 3167 4495 primum
3199 4427 3313 4480 hac
3341 4426 3496 4494 fieri,
3533 4431 3647 4485 sed

1957 4500 2010 4563 Ι)
2037 4516 2283 4569 nondum
2321 4518 2340 4546 '
2377 4516 2565 4571 statim
2604 4516 2752 4571 finis.
2802 4517 2957 4572 Tunc
2988 4517 3201 4573 dicebat
3235 4517 3345 4573 illis
3374 4536 3389 4575 :
3415 4518 3651 4591 Surget

2033 4623 2169 4677 gens
2203 4617 2393 4663 contra
2423 4622 2666 4679 gentem,
2707 4622 2764 4665 et
2794 4627 3026 4682 regnum
3058 4614 3324 4668 adversus
3356 4628 3645 4684 regnum.

2034 4699 2101 4753 Et
2127 4709 2282 4754 terrae
2320 4711 2502 4755 motus
2523 4702 2700 4772 magni
2730 4712 2893 4758 erunt
2919 4719 3015 4773 per
3037 4703 3236 4769 loca,et
3260 4706 3648 4774 pestilentiae,

2036 4803 2092 4848 et
2156 4794 2349 4859 fames,
2401 4805 2753 4864 terroresque
2796 4796 2866 4851 de
2918 4799 3080 4862 coelo,
3117 4809 3176 4853 et
3199 4799 3356 4869 signa
3418 4814 3649 4871 magna

2035 4896 2217 4941 erunt.
2269 4885 2410 4959 [θείη
2448 4886 2529 4959 1.]
2577 4887 2684 4943 Sed
2725 4901 2856 4944 ante
2885 4890 2999 4945 haec
3022 4890 3209 4944 omnia
3238 4890 3503 4961 injicient
3537 4909 3653 4948 vo-

2038 4979 2121 5032 bis
2150 4994 2345 5033 manus
2376 4996 2528 5045 suas,
2562 4989 2619 5035 et
2643 4991 3072 5051 persequentur,
3116 4982 3395 5036 tradentes
3438 4982 3509 5037 in
3546 5000 3653 5056 sy-

2039 5086 2274 5141 nagogas
2322 5082 2381 5125 et
2410 5072 2712 5137 custodias,
2772 5076 3052 5128 trahentes
3083 5073 3153 5127 ad
3203 5086 3361 5144 reges
3395 5082 3452 5128 et
3476 5090 3651 5144 prae-

2036 5163 2207 5227 sides,
2241 5174 2467 5234 propter
2497 5180 2698 5220 nomen
2729 5180 2910 5221 meum
2940 5182 2954 5218 :
2992 5168 3276 5235 continget
3299 5176 3497 5221 autem
3538 5186 3651 5224 vo-

2037 5254 2122 5309 bis
2158 5256 2212 5308 in
2249 5258 2646 5313 testimonium.
2699 5257 2866 5330 locu,
2896 5256 2979 5330 2.]
3022 5258 3218 5315 Punite
3237 5275 3373 5331 ergo
3401 5260 3456 5314 in
3498 5277 3651 5315 cor-

2041 5348 2143 5402 bus
2178 5347 2400 5413 vestris,
2429 5365 2536 5403 non
2585 5350 2956 5419 praemeditari
2999 5351 3465 5422 quemadmodum
3550 5371 3657 5410 re-

2038 5599 2303 5673 duntaxat
2358 5598 2480 5654 loco
2507 5604 2727 5669 praefert
2772 5602 2828 5655 in
2858 5601 3041 5656 futuro
3062 5618 3228 5673 neque
3255 5602 3471 5673 nubent.

2112 5672 2130 5698 ‘
2167 5671 2367 5723 lterum
2398 5676 2644 5738 pressius
2668 5673 2763 5726 Gr.
2787 5674 2888 5726 οὐκ
2910 5674 3115 5736 εὐθέως
3143 5671 3292 5727 unus
3324 5672 3655 5731 Vaticanus

2040 5754 2203 5805 atque
2257 5742 2396 5793 alter
2430 5744 2695 5796 vetustior
2738 5744 2958 5812 Regina:
2997 5762 3098 5799 ius.
3152 5762 3254 5798 non
3283 5746 3463 5797 statim
3504 5756 3656 5801 tau-

2043 5823 2155 5865 tuut
2196 5819 2419 5875 habent,
2450 5826 2548 5881 pro
2580 5820 2834 5884 nondum,
2868 5826 2976 5869 etc.
