3880 6168
200 274 282 338 :ISI

1291 271 1798 333 EVANGELIUM
1840 274 1994 335 SEC.
2040 274 2317 335 LUCAM.

3318 272 3427 336 (Ἐξ

207 392 540 461 Spoudeatis.
581 392 689 460 ligo
723 390 868 443 enim
902 390 1043 443 dabo
1072 392 1221 442 vobis
1245 406 1303 442 os
1331 403 1384 444 et
1422 392 1763 459 sapientiam.
1795 415 1839 453 ιι
1884 403 1969 444 ius
2001 402 2081 446 est
2114 410 2233 445 (ιιιιι
2269 390 2604 460 principibus
2660 388 2999 443 sacerdutnm
3048 397 3101 440 ct
3150 393 3431 453 tttag‘tstta-

197 482 273 534 eui
317 496 426 535 non
478 488 741 550 poterunt
774 480 1035 533 resistere
1073 479 1548 543 CLfLUDII'IldlCt'I‘C
1574 496 1763 534 omnes

197 573 483 629 adversarii
528 571 717 625 vestri.
774 569 1085 623 Tradetnini
1128 578 1308 622 autem
1354 585 1382 621 a
1415 568 1757 638 parentibus,

197 677 243 719 et
281 664 567 726 fratribus,
605 672 661 717 et
688 661 958 730 cognatis,
994 669 1049 715 et
1098 661 1313 724 amicis,
1342 670 1397 715 et
1438 672 1614 715 morte
1646 660 1763 714 alli-

198 757 331 811 cient
381 769 450 809 ex
504 753 661 808 vobis
697 768 713 807 :
746 762 802 808 et
869 752 1028 806 eritis
1068 751 1195 805 odio
1241 753 1496 805 omnibus
1540 761 1763 822 propter

201 865 385 903 nomen
433 862 612 903 meum
640 863 656 904 :
685 855 740 901 et
764 842 992 916 capillus
1027 848 1093 899 de
1121 846 1298 915 capite
1329 854 1513 901 vestro
1540 860 1645 899 non
1675 860 1766 914 pe-

202 942 337 994 ribit.
390 939 450 993 In
486 939 745 1009 patientia
779 946 957 994 vestra
1022 938 1373 1007 possidebitis
1410 938 1622 993 animas
1668 951 1763 992 ve-

201 1050 350 1087 s:r.-ts.
391 1031 585 1103 lacn",
623 1031 740 1101 10.]
772 1032 909 1087 Cum
930 1041 1114 1085 autem
1140 1030 1390 1085 videritis
1428 1028 1762 1085 circumdari

200 1121 257 1174 ab
282 1123 533 1174 exercitu
578 1119 902 1181 Jerusalem,
937 1128 1069 1173 tunc
1093 1119 1287 1174 scitote
1316 1119 1444 1189 quia
1469 1118 1763 1188 appropin-

200 1214 373 1280 quavit
401 1210 675 1265 desolatio
701 1204 819 1277 ejus
852 1225 867 1266 ς
899 1208 1100 1281 [ccum
1127 1209 1206 1282 2].
1237 1221 1362 1265 tunc
1385 1214 1473 1281 qui
1504 1212 1555 1265 in
1578 1208 1764 1265 Iudaea

198 1314 329 1367 ειιιιι,
372 1305 591 1374 fugiant
621 1302 687 1357 ad
721 1312 961 1367 montes,
989 1312 1049 1357 et
1076 1303 1169 1372 qtti
1195 1302 1248 1355 itt
1272 1304 1453 1358 medio
1481 1303 1620 1373 ejus,
1659 1302 1769 1358 dis-

201 1397 421 1449 crdant:
464 1405 519 1449 et
557 1394 649 1465 qui
684 1395 738 1448 in
770 1393 1111 1462 regionibus,
1144 1410 1252 1447 non
1303 1394 1505 1449 intrent
1539 1395 1593 1448 in
1619 1407 1764 1448 eam.

199 1488 318 1553 Quia
347 1488 478 1541 dies
498 1484 721 1541 ultionis
738 1484 792 1539 hi
812 1493 962 1548 sunt,
994 1494 1053 1539 ut
1080 1485 1411 1554 impleantur
1435 1484 1617 1539 omnia
1642 1500 1764 1553 qua:

200 1583 389 1650 scripta
445 1589 597 1635 sunt.
648 1577 963 1651 [ccuv,2].
994 1577 1083 1633 Va:
1124 1586 1308 1633 autem
1359 1576 1769 1648 praegnantibus

199 1683 245 1729 et
274 1670 653 1726 nutrientibus
694 1672 747 1725 in
793 1671 903 1726 illis
932 1670 1152 1725 diebus.
1190 1670 1337 1742 μοι,
1366 1666 1448 1741 2.]
1479 1668 1597 1723 Erit
1621 1668 1765 1723 enim

1872 484 2040 547 tibus,
2072 482 2530 552 quemadmodum
2566 482 2715 536 illuni
2752 481 2994 534 traderet
3023 483 3123 534 eis.
3165 480 3229 534 Et
3256 481 3425 548 gavisi

1865 584 2013 633 sunt,
2043 585 2099 627 et
2129 575 2267 642 pacti
2300 584 2428 627 sunt
2462 574 2750 642 pecuniam
2789 572 2866 625 illi
2906 572 3057 626 dare.
3091 572 3154 625 Et
3189 585 3430 641 spepon-

1861 664 1966 719 dit.
2007 665 2070 718 Et
2098 666 2375 733 quaerebat
2401 665 2890 733 opportunitatem.
2927 674 2983 717 ut
3014 662 3251 718 traderet
3277 665 3427 718 illum

1862 754 1983 807 sine
2014 754 2209 807 turbis.
2248 752 2409 808 Venit
2456 766 2635 807 autent
2670 753 2789 808 dies
2838 755 3166 823 Azymorum
3192 791 3207 815 ,
3242 752 3297 806 in
3324 766 3431 822 qua

1864 861 2090 902 necesse
2137 857 2257 902 erat
2307 848 2485 902 occidi
2534 848 2753 916 pascha.
2806 845 2873 901 Et
2917 846 3068 900 misit
3107 847 3328 901 Petrum
3377 855 3433 899 et

1861 941 2125 997 Joannem
2161 980 2175 1007 ,
2211 940 2457 1003 :dicena:
2513 940 2719 994 Euntes
2767 948 2951 1009 parate
2998 938 3155 993 nobis
3204 939 3429 1008 pascha,

1867 1040 1925 1086 ιιι
1958 1034 2373 1088 manducemus.
2429 1033 2496 1087 At
2548 1033 2626 1087 illi
2677 1033 2973 1087 dixerunt:
3009 1032 3108 1089 Ubi
3157 1034 3239 1087 vis
3272 1046 3429 1100 parc-

1864 1124 2028 1179 mus?
2060 1125 2127 1178 Et
2168 1124 2306 1178 dixit
2351 1124 2417 1179 ad
2450 1140 2545 1180 eos
2589 1141 2603 1179 :
2661 1122 2801 1178 Ecce
2834 1123 3241 1178 introeuntibus
3272 1124 3431 1178 vobis

1866 1213 1923 1269 in
1960 1213 2259 1282 civitatem,
2288 1225 2541 1271 occurret
2574 1216 2725 1271 vobis
2755 1216 2914 1270 homo
2951 1217 3169 1283 quidam
3200 1217 3430 1287 amplio-

1864 1322 1979 1361 ram
2007 1323 2159 1376 aquae
2193 1321 2458 1378 portans:
2491 1308 2786 1378 sequimini
2832 1323 2957 1361 cum
2994 1309 3046 1361 in
3079 1309 3299 1361 dotttum
3325 1350 3339 1371 ,
3374 1309 3427 1361 in

1864 1412 2027 1467 quam
2058 1399 2245 1463 intrat,
2276 1408 2331 1452 et
2360 1398 2561 1452 dicetis
2586 1398 2966 1467 patrifamilias
3000 1397 3197 1452 domus
3224 1438 3239 1458 ,
3289 1398 3432 1451 Dicit

1868 1484 1965 1539 tibi
2017 1484 2323 1556 Magister:
2369 1486 2468 1543 Ubi
2508 1496 2591 1543 est
2643 1490 3005 1544 diversorium
3034 1529 3049 1553 ,
3090 1488 3180 1543 ubi
3228 1488 3431 1557 pascha

1864 1591 1988 1631 cum
2020 1577 2306 1647 discipulis
2340 1578 2472 1634 meis
2504 1578 2870 1633 manducem?
2920 1579 2987 1633 Et
3034 1580 3149 1648 ipse
3177 1582 3432 1633 ostendet

1869 1668 2026 1722 vobis
2056 1669 2401 1724 ctenaculum
2433 1684 2688 1740 magnum
2722 1678 2985 1733 stratum,
3017 1679 3074 1725 et
3109 1669 3183 1724 ibi
3221 1678 3428 1739 parate.

202 1780 452 1833 pressura
490 1778 684 1833 magna
713 1778 879 1833 super
910 1771 1137 1825 terram,
1177 1772 1231 1817 ct
1263 1762 1342 1816 ira
1381 1762 1583 1831 populo
1610 1761 1756 1821 huic.
1795 1753 1835 1810 Β
1864 1757 2074 1814 Euntes
2096 1768 2303 1824 autem,
2334 1759 2664 1815 invenerunt
2687 1761 2830 1816 sicut
2856 1762 2995 1816 dixit
3024 1762 3159 1827 illis,
3190 1770 3247 1816 et
3276 1777 3433 1830 para-

203 1856 363 1927 [εεινι
387 1894 405 1921 ,
445 1853 563 1924 10.]
602 1854 669 1907 Et
696 1854 891 1907 cadent
925 1854 976 1907 in
1006 1869 1103 1908 ore
1131 1853 1293 1923 gladii
1320 1872 1333 1908 :
1362 1863 1418 1906 et
1442 1853 1639 1920 captivi
1667 1854 1769 1906 du-

201 1959 381 2002 centur
414 1948 475 2000 in
509 1960 700 1999 ontnes
738 1953 951 2012 gentes,
986 1954 1043 1998 et
1070 1942 1370 1999 Jerusalem
1404 1942 1706 1999 calcabitur
1733 1958 1765 1995 a

201 2043 451 2108 gentibus
493 2040 718 2097 :donec
764 2039 1097 2108 impleantur
1148 2048 1395 2107 tempora
1451 2037 1761 2091 nationum.

202 2134 408 2204 [natm
483 2129 567 2204 2.]
619 2131 687 2186 Et
741 2141 903 2185 erunt
985 2130 1139 2195 signa
1187 2130 1242 2183 in
1297 2129 1432 2194 sole,
1506 2138 1560 2183 et
1615 2130 1763 2192 luna,

197 2236 249 2279 et
298 2225 519 2289 stellis,
596 2233 652 2279 et
707 2223 762 2277 in
820 2222 981 2277 terris
1049 2236 1299 2291 pressura
1358 2221 1601 2291 gentium
1657 2235 1766 2289 pra:

211 2319 542 2372 confusione
623 2316 838 2370 sonitus
925 2315 1092 2368 maris
1155 2322 1210 2369 et
1267 2312 1529 2367 fluctuum
1582 2331 1595 2366 :
1645 2328 1768 2367 are-

200 2412 489 2465 scentibus
584 2408 895 2462 hominibus
937 2421 1046 2475 prae
1090 2406 1283 2459 timore
1354 2412 1411 2459 et
1489 2412 1770 2471 exspecta-

193 2506 360 2566 tione,
416 2517 549 2569 quae
580 2498 970 2568 supervenient
1002 2497 1260 2551 universo
1310 2497 1451 2551 orbi.
1485 2497 1620 2551 Nam
1652 2498 1764 2550 vir-

196 2604 336 2648 tutes
379 2592 657 2648 carlontnt
704 2588 1069 2642 movebuntur
1098 2605 1111 2641 :
1154 2585 1408 2657 [ccr.v1u,
1439 2586 1522 2657 2.]
1553 2595 1608 2641 et
1640 2597 1778 2665 tunc.

196 2688 465 2742 videbunt
501 2683 696 2737 Filium
733 2682 973 2735 hominis
1018 2678 1327 2733 venientem
1370 2679 1424 2732 in
1469 2678 1613 2732 nube
1641 2692 1763 2731 cuttt

194 2788 474 2849 potestate
503 2789 695 2843 magna
727 2782 782 2826 et
838 2772 1142 2841 majestate.
1194 2769 1289 2825 llis
1316 2778 1496 2825 autem
1528 2768 1645 2823 fieri
1677 2769 1758 2821 in-

192 2869 560 2939 cipientibus,
585 2865 863 2933 respicite,
892 2872 945 2917 et
970 2862 1145 2916 levate
1176 2862 1353 2929 capita
1382 2868 1557 2915 vestra
1582 2875 1596 2914 :
1629 2874 1765 2929 quo-

192 2964 337 3018 niam
372 2960 789 3031 appropinquat
823 2954 1127 3024 redemptio
1156 2962 1358 3009 vestra.
1393 2951 1461 3008 Et
1491 2952 1628 3005 dixit
1657 2951 1766 3005 illis

190 3054 622 3111 similitudinem
652 3069 666 3104 :
702 3050 888 3103 Videte
916 3049 1210 3102 Iieulneam
1278 3056 1334 3099 et
1389 3058 1580 3100 omnes
1608 3044 1769 3097 arbo-

193 3164 276 3203 res
299 3166 313 3201 :
334 3163 473 3202 cum
499 3142 809 3214 producunt
841 3141 952 3210 jam
973 3155 1037 3194 ex
1067 3154 1124 3193 se
1161 3138 1423 3200 fructum,
1444 3138 1594 3192 scitis
1626 3152 1764 3205 quo-

189 3244 333 3295 uiam
374 3251 556 3308 prope
586 3245 670 3289 est
699 3242 876 3286 restas.
906 3230 984 3284 Ita
1011 3240 1067 3284 et
1100 3244 1194 3283 vos
1219 3243 1344 3283 cum
1376 3227 1622 3282 videritis
1650 3228 1767 3282 nam

190 3332 350 3393 fieri,
404 3330 617 3382 scitote
678 3323 934 3392 quoniam
986 3333 1157 3389 prope
1216 3327 1301 3372 est
1357 3333 1587 3389 regnum
1645 3317 1763 3372 Dei.

186 3421 356 3471 Amen
389 3416 527 3469 dico
570 3411 764 3475 vobis,
792 3409 919 3479 quia
972 3423 1080 3462 non
1130 3406 1434 3476 pmteribit
1485 3406 1768 3476 generatio

191 3512 301 3563 bace
329 3549 344 3571 ,
402 3509 589 3561 donec
622 3502 805 3557 omnia
856 3501 1009 3554 fiant.
1052 3499 1265 3554 Cretum
1293 3508 1349 3552 et
1382 3508 1524 3552 terra
1564 3500 1769 3553 transi-

187 3604 321 3656 bunt
385 3616 406 3657 ς
448 3599 617 3651 verba
674 3604 856 3648 autent
886 3606 1004 3645 mea
1061 3606 1169 3644 non
1222 3590 1537 3644 transibunt
1571 3593 1768 3661 (ccux,

187 3694 296 3759 10.)
367 3686 664 3745 Attendite
739 3695 923 3738 autem
997 3681 1170 3747 vobis,
1230 3698 1299 3736 ne
1352 3681 1490 3735 forte
1541 3697 1771 3751 graven-

187 3797 271 3838 tur
336 3782 522 3836 corda
583 3787 758 3833 vestra
819 3776 876 3831 in
941 3774 1219 3844 crapula“
1246 3786 1301 3828 et
1361 3774 1654 3839 ebrietate,
1713 3783 1772 3828 et

181 3878 334 3930 curis
368 3874 547 3943 hujus
577 3870 697 3925 vitta
737 3885 752 3923 :
781 3876 836 3923 et
864 3866 1219 3935 superveniat
1257 3866 1311 3919 in
1348 3880 1447 3919 vos
1478 3865 1770 3934 repentina

178 3972 297 4023 dies
329 3968 477 4021 illa:
524 3973 781 4030 tanquam
836 3960 1063 4028 laqueus
1108 3958 1255 4011 cnim
1306 3957 1663 4025 superveniet
1716 3956 1769 4009 in

180 4074 378 4114 omnes
398 4099 417 4122 ,
458 4055 558 4125 qui
586 4053 782 4108 sedent
813 4066 978 4119 super
1010 4048 1203 4103 facient
1235 4048 1416 4102 outnis
1461 4056 1641 4103 terrae.
1679 4048 1770 4102 Vi-

178 4153 353 4220 gilate
415 4149 654 4212 itaque,
690 4141 839 4195 omni
884 4150 1131 4208 tempore
1187 4147 1453 4202 orantes,
1509 4147 1569 4191 ut
1623 4139 1772 4208 digni

184 4239 527 4298 babeatnini
556 4238 746 4306 fugere
781 4233 881 4288 ista
914 4232 1098 4286 omnia
1123 4271 1138 4297 ,
1169 4246 1287 4293 qua'
1315 4230 1494 4284 futura
1523 4240 1686 4293 sunt,
1719 4242 1776 4286 et

182 4353 335 4391 stare
370 4340 520 4387 ante
552 4327 752 4381 Filium
784 4324 1044 4378 hominis.
1080 4323 1207 4377 litat
1239 4330 1419 4377 autem
1450 4322 1647 4377 diebus
1674 4322 1773 4376 do-

177 4445 311 4483 cens
370 4428 430 4480 in
479 4420 688 4489 templo
737 4434 752 4470 :

178 4525 347 4576 batur
408 4520 473 4572 in
541 4521 765 4575 monte,
803 4508 894 4577 qui
950 4517 1178 4561 vocatur
1207 4504 1424 4559 Oliveti.
1476 4504 1542 4558 Et
1594 4503 1774 4558 omnis

177 4619 434 4689 populus
510 4604 823 4661 ntanicabat
886 4602 955 4656 ad
1009 4617 1136 4655 eum
1200 4600 1256 4653 in
1327 4599 1529 4668 templo
1579 4598 1775 4651 audire

182 4727 338 4763 ευιιι.

248 4802 432 4873 [ϐαρ.
488 4794 674 4858 XXII,
726 4805 895 4855 ceu,
930 4787 1008 4855 1.]
1054 4784 1540 4855 Appropinquabat
1591 4792 1773 4838 autem

178 4894 309 4947 dies
370 4890 577 4944 festus
653 4886 1023 4955 Azytnorum,
1084 4878 1175 4947 qui
1251 4877 1453 4930 dicitur
1514 4874 1775 4928 Pascha:

180 4986 454 5055 (causa,
501 4976 557 5048 ι]
608 4986 664 5032 et
706 4974 1020 5044 quaerebant
1068 4970 1345 5039 principes
1405 4968 1774 5032 sacerdotum,

174 5088 231 5129 et
299 5072 533 5129 scribae
575 5064 850 5135 quomodo
898 5061 1085 5117 Jesum
1114 5062 1130 5090 ¹
1161 5060 1584 5127 interficerent:
1617 5059 1781 5111 time-

170 5170 312 5222 bant
367 5175 525 5217 vero
552 5158 783 5227 plebem.
821 5153 1017 5225 [ccam
1044 5193 1059 5215 ,
1090 5151 1173 5223 9.]
1212 5152 1442 5206 Intravit
1469 5160 1645 5203 autem
1682 5148 1782 5202 Sa-

172 5271 340 5312 tanas
393 5261 461 5308 in
516 5248 757 5311 ludam,
801 5246 895 5315 qui
950 5242 1441 5314 cognominabatur
1474 5240 1777 5303 Iscariotes,

165 5368 351 5405 unum
381 5346 464 5399 de
496 5339 818 5395 duodecim.
839 5335 1057 5406 Icuxtt;
1080 5376 1095 5403 ,
1126 5332 1210 5405 2.]
1240 5334 1309 5388 Et
1340 5333 1469 5388 abiit
1496 5373 1510 5395 ,
1549 5342 1604 5385 et
1634 5333 1785 5385 locu-

245 5576 261 5604 ’
299 5572 388 5624 Ad
412 5569 684 5622 Granum
707 5562 983 5628 exemplar
1007 5561 1189 5619 αὐτον.
1211 5568 1379 5613 nostrt
1408 5574 1627 5628 quoque
1653 5577 1782 5616 mss.

169 5660 318 5707 eum.
361 5654 480 5708 μευ
516 5634 697 5688 Iesum
754 5632 1067 5708 praeferunt,
1104 5632 1249 5698 quod
1287 5645 1583 5708 pronuntiet]
1617 5631 1668 5683 itt
1712 5634 1785 5686 al-

172 5699 593 5777 ιειυῖἱλεείιιςιτ
621 5699 856 5754 secunda
888 5703 1181 5770 repositum
1207 5711 1289 5757 est
1313 5715 1496 5754 manu.
1536 5699 1656 5753 Mox
1689 5720 1786 5772 pro

522 5802 800 5860 PnaoL.
846 5800 1052 5859 XXIX.

807 4415 1063 4470 noctibus
1091 4466 1097 4477 ὁ
1129 4429 1257 4468 vero
1304 4414 1537 4479 exiens,
1592 4427 1775 4468 mora-
1807 4429 1853 4485 υ
1881 4426 2064 4465 nonne
2119 4413 2211 4480 qui
2280 4413 2548 4467 recumbit
2592 4414 2616 4467 2
2671 4416 2779 4486 ligo

1870 1859 2065 1905 verunt
2098 1851 2320 1920 pascha.
2353 1852 2419 1906 Et
2452 1867 2577 1907 cum
2607 1852 2746 1908 facta
2773 1864 2917 1908 esset
2947 1854 3101 1916 hora,
3127 1852 3430 1911 discubuit.

1867 1950 1923 1995 et
1948 1941 2236 1997 duodecim
2266 1943 2498 2013 apostoli
2540 1959 2663 1999 cum
2713 1959 2802 2001 eo.
2854 1941 3089 2015 [ccum
3120 1942 3234 2015 10.]
3262 1943 3328 1997 Et
3356 1944 3433 1996 ait

1868 2033 1973 2087 illis
2004 2051 2019 2090 :
2054 2034 2332 2090 Desiderio
2362 2035 2667 2091 desideravi
2701 2036 2803 2091 hoc
2849 2036 3051 2106 pascha
3098 2034 3433 2089 manducare

1868 2126 2171 2191 vobiscum,
2207 2137 2496 2197 antequam
2544 2129 2742 2199 patiar.
2772 2128 2979 2201 [ccum
3006 2126 3087 2200 2.]
3121 2129 3253 2183 Dico
3283 2128 3430 2182 enim

1870 2218 2021 2273 vobis
2043 2255 2058 2282 ,
2107 2219 2234 2289 quia
2262 2234 2330 2273 ex
2359 2219 2464 2274 hoc
2514 2236 2621 2275 non
2657 2222 2996 2275 manducabo
3028 2220 3160 2275 illud
3189 2260 3202 2283 ,
3249 2220 3428 2273 donec

1879 2309 2169 2378 impleatur
2215 2310 2269 2363 itt
2324 2325 2494 2381 regno
2522 2310 2637 2367 Dei.
2670 2313 2738 2367 Et
2770 2321 2997 2381 accepto
3027 2312 3196 2367 calice
3229 2311 3433 2381 gratias

1866 2399 2000 2468 egit,
2031 2409 2086 2454 et
2114 2399 2253 2455 dixit
2284 2418 2296 2454 :
2326 2400 2593 2470 Accipite,
2630 2410 2686 2456 et
2714 2402 2947 2457 dividite
2982 2404 3125 2457 inter
3156 2418 3271 2457 vos.
3299 2403 3432 2456 Dico

1866 2491 2015 2545 enim
2054 2491 2231 2555 vobis,
2264 2492 2409 2561 quod
2444 2508 2553 2548 non
2589 2493 2769 2548 bibam
2798 2494 2868 2549 de
2902 2494 3251 2563 generatione
3282 2494 3431 2556 vitis,

1868 2586 2044 2640 donec
2075 2599 2302 2654 regnum
2336 2584 2428 2640 Dei
2463 2586 2664 2639 veniat.
2714 2582 2927 2657 [cccxvr
2948 2627 2961 2649 ,
3001 2584 3077 2657 1.]
3111 2583 3174 2638 Et
3206 2594 3433 2653 accepto

1870 2691 2010 2744 pane
2045 2674 2249 2745 gratias
2282 2675 2428 2745 egit,
2474 2687 2532 2730 ct
2562 2677 2747 2746 fregit,
2796 2687 2853 2731 et
2886 2679 3037 2732 dedit
3066 2679 3169 2741 eis,
3198 2678 3389 2732 dicens
3415 2696 3431 2732 :
3455 2697 3470 2711 ο

1870 2767 1983 2821 lloc
2013 2775 2098 2820 est
2128 2780 2326 2834 corpus
2361 2781 2567 2831 meum,
2598 2767 2742 2836 quod
2775 2782 2875 2835 pro
2901 2767 3058 2823 vobis
3084 2768 3247 2821 datur
3279 2789 3292 2823 :
3328 2771 3436 2823 hoc

1870 2857 2031 2911 facite
2066 2858 2117 2910 in
2158 2873 2333 2912 meam
2384 2859 2989 2913 commemorationem.
3042 2858 3312 2931 [ccuvtt,
3350 2859 3434 2933 2.]

1871 2946 2133 3001 Similiter
2177 2957 2232 3001 et
2265 2947 2490 3002 calicem
2520 2987 2534 3012 ,
2568 2960 2860 3018 p08lquattt
2893 2952 3167 3013 comavit,
3198 2953 3391 3006 dicens
3420 2967 3434 3007 :

1873 3034 1973 3092 llic
2021 3047 2105 3093 est
2154 3040 2293 3094 calix
2352 3054 2552 3094 novum
2613 3051 3003 3097 testamentum
3056 3051 3110 3098 tn
3167 3046 3436 3115 sanguine

1875 3144 2029 3195 meo,
2068 3131 2161 3200 qui
2211 3145 2310 3200 pro
2344 3131 2501 3187 vobis
2551 3132 2831 3188 fundetur.
2882 3133 3172 3206 [ccuvnt,
3206 3137 3290 3210 2.]
3329 3135 3437 3192 Ve-

1872 3231 2181 3276 rumtamen
2212 3239 2343 3280 ecce
2392 3240 2588 3280 manus
2635 3227 2900 3282 tradentis
2933 3245 3017 3283 me
3073 3243 3285 3284 meeum
3349 3239 3437 3285 est

1868 3312 1923 3366 in
1960 3328 2169 3368 mensa.
2205 3314 2272 3369 Et
2312 3316 2532 3385 quidem
2584 3317 2759 3372 Fiiius
2804 3317 3085 3385 hominis,
3127 3321 3435 3377 secundum

1870 3410 2014 3477 quod
2047 3410 2333 3465 definitum
2364 3410 2673 3475 est,vadit:
2704 3423 3082 3468 verumtamen
3104 3429 3184 3468 va:
3220 3415 3429 3468 homini

1874 3500 1985 3565 illi,
2019 3517 2118 3570 per
2145 3516 2304 3571 quem
2346 3501 2611 3557 tradetur.
2664 3501 2875 3575 [ccum
2899 3544 2913 3566 ,
2951 3503 3031 3575 1.]
3081 3505 3145 3558 Et
3194 3506 3294 3573 ipsi
3323 3521 3433 3561 cce-

1871 3601 2069 3657 perunt
2101 3607 2347 3659 quaerere
2393 3593 2538 3648 inter
2563 3605 2623 3647 se
2646 3632 2662 3657 ,
2708 3594 2834 3662 quis
2882 3604 3029 3649 esset
3072 3610 3139 3650 ex
3174 3598 3257 3650 eis
3283 3636 3297 3658 ,
3336 3600 3432 3667 qui

1873 3684 1977 3739 hoc
2002 3683 2247 3737 facturus
2283 3695 2429 3737 esset
2458 3682 2652 3756 [ccux
2677 3726 2691 3750 ,
2724 3684 2808 3757 2.]
2845 3685 3003 3741 Facta
3043 3697 3132 3740 est
3168 3699 3349 3743 autem
3380 3701 3435 3743 ct

1873 3776 2151 3829 contentio
2188 3774 2329 3828 inter
2372 3789 2507 3841 eos,
2557 3777 2683 3845 quis
2733 3792 2925 3833 eorum
2982 3779 3262 3835 videretur
3310 3798 3434 3836 esse

1875 3865 2067 3935 major.
2096 3866 2242 3919 Dixit
2272 3874 2458 3921 autem
2487 3867 2569 3921 eis
2595 3885 2607 3921 :
2651 3868 2827 3937 Reges
2862 3870 3106 3938 gentium
3140 3872 3429 3927 dominan-

1875 3967 1965 4012 tur
1991 3972 2183 4012 corum
2227 3975 2240 4012 :
2275 3970 2330 4013 et
2359 3959 2453 4028 qui
2485 3967 2809 4027 potestatem
2860 3961 3065 4017 habent
3100 3979 3266 4033 super
3312 3981 3433 4029 eos,

1875 4049 2105 4103 bettciici
2161 4061 2446 4104 vocantur.
2504 4050 2610 4105 Vos
2657 4062 2839 4108 autem
2877 4070 2985 4108 non
3035 4058 3114 4110 sic
3147 4070 3161 4109 :
3198 4058 3292 4112 sed
3340 4061 3437 4127 qui

1879 4141 2050 4211 major
2086 4152 2165 4195 est
2198 4141 2251 4194 in
2284 4142 2466 4207 vobis,
2500 4145 2590 4197 fiat
2636 4145 2779 4200 sicut
2831 4146 3007 4201 minor
3037 4167 3050 4203 :
3080 4157 3135 4203 et
3168 4151 3260 4217 qui
3298 4166 3438 4219 pra:-

1875 4243 2063 4283 eessor
2091 4240 2174 4283 est
2198 4271 2212 4297 ,
2244 4231 2382 4285 sicut
2443 4233 2803 4287 ministrator.
2869 4233 3119 4307 locum,
3157 4237 3268 4307 10.]
3300 4236 3433 4291 Nam

1879 4320 2008 4388 quis
2032 4321 2205 4386 major
2228 4329 2313 4374 est
2336 4360 2352 4385 ,
2382 4321 2476 4391 qui
2515 4324 2782 4377 recumbit
2812 4365 2825 4388 ,
2878 4341 2946 4377 an
2994 4326 3086 4393 qui
3125 4327 3439 4379 ministrat?

2876 4425 3057 4471 autem
3142 4416 3193 4470 itt
3263 4417 3443 4471 medio

1878 4514 2115 4558 vestrum
2181 4520 2323 4569 sum,
2378 4505 2520 4562 sicut
2573 4509 2667 4578 qui
2736 4509 3028 4563 ministrat.
3104 4509 3208 4564 Vos
3260 4520 3443 4564 autem

1872 4597 2032 4660 estis,
2085 4598 2178 4667 qui
2238 4601 2618 4669 permansistis
2667 4616 2879 4655 mecum
2938 4602 2990 4655 in
3051 4603 3448 4657 tentationibus

1878 4689 2036 4744 meis.
2084 4690 2153 4745 Et
2202 4706 2302 4758 ego
2331 4693 2562 4762 dispono
2616 4694 2771 4747 vobis
2826 4693 2970 4748 sit-ut
3012 4694 3281 4763 disposuit
3315 4695 3447 4748 tnilti

1878 4782 2038 4837 Pater
2086 4796 2240 4838 meus
2288 4799 2515 4855 regnum
2545 4823 2560 4847 ,
2613 4796 2671 4838 ut
2719 4783 2893 4838 edatis
2979 4793 3034 4838 ct
3088 4784 3287 4840 bibatis
3361 4802 3452 4839 au-

1880 4890 1979 4944 per
2012 4864 2252 4929 mensam
2308 4891 2482 4929 meam
2520 4879 2573 4929 in
2623 4890 2789 4944 regno
2837 4877 3001 4928 meo'
3054 4874 3330 4947 [CCLXXII,
3392 4876 3450 4948 5]

1881 4974 1937 5019 et
2010 4965 2243 5020 sedeatis
2318 4980 2484 5034 super
2559 4966 2786 5020 thronos
2858 4966 3168 5035 judicantcs
3244 4968 3451 5021 duode-

1883 5058 1988 5112 cim
2060 5057 2232 5111 tribus
2282 5056 2460 5111 Israel.
2547 5056 2798 5128 [eccuni
2839 5096 2855 5123 ,
2938 5058 3053 5131 10.]
3120 5061 3209 5115 Ait
3266 5070 3446 5115 autem

1884 5149 2144 5204 Dominus
2185 5148 2457 5213 :Sitnon,
2516 5150 2745 5210 Simon,
2808 5163 2935 5207 ecce
2998 5151 3226 5206 Satanas
3286 5165 3450 5218 expe-

1887 5242 2009 5295 tivit
2060 5257 2195 5304 vos,
2253 5251 2310 5293 ut
2365 5242 2621 5297 cribraret
2668 5243 2807 5298 sicut
2872 5245 3135 5299 triticum.
3192 5241 3303 5309 Ego
3347 5255 3449 5294 au-

1887 5345 1995 5389 tem
2050 5336 2232 5405 rogavi
2288 5351 2386 5401 pro
2424 5347 2509 5396 te,
2549 5346 2631 5388 ·ιιῑ
2692 5353 2798 5389 non
2857 5338 3073 5389 deficiat
3132 5333 3259 5387 IiJcs
3298 5342 3435 5385 tua:

1890 5563 2165 5617 Iscnriotes
2230 5558 2477 5613 Scarioth
2503 5564 2567 5615 tle
2598 5577 2747 5614 more
2777 5575 2964 5615 omnes
2996 5559 3200 5627 legunt.

1961 5638 1981 5665 ⁸
2015 5634 2167 5687 Unus
2203 5631 2495 5683 Vaticanus
2554 5646 2850 5699 pronomen
2895 5646 3028 5693 meo,
3054 5626 3196 5695 quod
3236 5626 3288 5679 in
3326 5627 3462 5691 reli-

1892 5705 2015 5774 quis
2050 5713 2228 5757 tattten
2266 5711 2346 5755 est
2383 5702 2550 5766 libris,
2585 5702 2759 5755 altero
2800 5703 2897 5753 hoc
2921 5701 3043 5756 loco
3077 5700 3294 5754 reticet.

3059 5798 3131 5861 22
