3880 6168
474 340 591 399 <ἰῖλῖ3
1412 344 1467 404 S.
1515 344 1950 406 ΠΙἙΗΟΝΥΜΙ
1999 350 2068 406 Di

2189 350 2261 406 (Α
2308 345 2832 405 ἶῖιιῖῐλΟΤΗῙίαλ.
3564 345 3651 405 δελ

503 455 772 524 [ritum
825 454 879 525 9]
945 466 997 509 et
1032 463 1085 509 tu
1128 457 1419 525 aliquando
1449 474 1745 513 conversus
1791 464 2051 515 confirma
2084 477 2123 526 Α
2165 473 2285 527 post
2356 461 2609 529 pusillum
2664 460 2800 511 alius
2827 456 3013 509 videns
3060 470 3181 507 eum
3212 494 3224 515 ,
3257 452 3417 506 dixit:
3449 455 3501 506 Et
3530 465 3575 510 tu
3601 458 3654 509 de

500 552 693 601 t'ratrcs
730 558 871 601 lnos.
926 547 1171 617 [cccxxv,
1208 546 1281 617 1.]
1333 548 1434 613 Qui
1470 550 1607 603 dixit
1638 553 1684 606 ei
1740 570 1753 607 :
1808 553 2051 616 Domine,
2162 552 2269 605 illis
2301 568 2386 605 es.
2432 550 2627 604 Petrus
2677 564 2806 602 vero
2860 550 2926 600 ai:
2960 560 2973 600 :
3004 546 3047 601 Ο
3078 547 3273 608 homo,
3326 561 3423 598 non
3454 561 3573 601 sum.
3604 548 3657 600 Et

491 651 669 692 tecum
717 649 938 706 paratus
970 654 1087 692 sum
1121 651 1176 693 et
1212 642 1264 692 in
1314 656 1593 696 carcerem
1642 653 1696 697 et
1732 645 1786 697 in
1822 656 2050 699 mortem
2182 642 2469 695 intervallo
2504 642 2647 694 factu
2695 639 2846 707 quasi
2897 639 3043 691 hora:
3079 626 3240 689 unius
3266 677 3279 699 ,
3325 636 3449 688 alius
3473 638 3657 705 quidam

498 740 606 785 ire.
638 733 705 784 At
739 733 827 786 ille
860 733 1036 785 dixit:
1070 732 1199 785 Dico
1229 735 1323 786 tibi
1353 775 1365 796 ,
1417 736 1572 790 Petre
1600 777 1614 798 ,
1660 753 1767 797 non
1807 739 2048 793 cantabit
2166 732 2467 783 allirmabat
2493 772 2507 792 ,
2538 730 2725 782 ditens
2776 744 2789 781 :
2848 726 2983 779 Vere
3034 735 3084 777 rt
3134 726 3224 778 hic
3259 741 3373 776 cum
3409 726 3489 778 illo
3529 737 3659 778 erat:

492 822 649 873 hodie
682 822 874 888 gallus,
904 820 1077 875 donec
1105 832 1183 875 ter
1207 822 1444 892 abneges
1474 841 1633 879 nosse
1659 843 1745 881 me
1778 826 2051 899 [cccxxvl,
2165 839 2289 875 nam
2324 833 2379 875 et
2417 821 2670 875 Galilxus
2698 829 2801 873 est.
2834 819 2897 871 Et
2930 820 3001 871 ait
3042 819 3272 870 Petrus:
3314 817 3487 881 110mm
3512 820 3662 869 ηυδείο

491 909 600 979 10.]
662 912 723 963 l'lt
757 911 889 963 dixit
922 912 1001 965 eis
1031 926 1046 965 :
1080 910 1306 976 Quando
1351 915 1471 968 misi
1506 930 1603 970 vos
1648 918 1766 970 sine
1816 920 2056 976 saeculo,
2162 913 2291 980 quid
2328 912 2490 965 dicis.
2548 913 2609 963 Et
2655 912 2917 963 continuo
2954 908 3133 960 adhuc
3179 904 3271 959 illo
3299 907 3531 973 loquente
3563 922 3665 959 canl

483 1012 532 1053 et
568 1015 692 1067 pera
722 1042 735 1064 ,
772 1010 826 1053 et
864 1002 1255 1056 calceamentis
1282 1043 1296 1064 ,
1330 1005 1598 1071 numquid
1651 1006 1854 1074 aliquid
1886 1008 2061 1061 defuit
2168 1006 2299 1057 tavit
2340 1005 2529 1073 gallus.
2572 1003 2592 1075 [
2624 1018 2814 1057 ccvcui
2842 1041 2855 1063 ,
2908 1000 2989 1071 2.]
3018 1001 3413 1053 Et-couversus
3452 1000 3666 1051 Dominus

488 1093 681 1147 vobis?
705 1094 772 1146 At
801 1094 874 1148 illi
913 1095 1208 1149 dixerunt:
1243 1097 1410 1151 Nihil.
1449 1098 1591 1152 Dixit
1628 1115 1758 1168 ergo
1787 1100 1867 1153 eis
1898 1118 1911 1150 :
1952 1098 2060 1153 Sed
2170 1097 2411 1164 reSpexit
2445 1097 2683 1150 Petrum.
2726 1096 2787 1147 Et
2840 1094 3161 1147 recordatus
3193 1102 3277 1143 est
3335 1090 3512 1143 Petrus
3544 1090 3666 1142 verbi

485 1199 629 1237 nunc
676 1185 769 1253 qui
837 1185 1001 1239 habet
1062 1187 1336 1240 sacculum
1365 1229 1381 1253 ,
1434 1188 1632 1253 tollat;
1699 1190 1951 1245 similiter
2006 1200 2063 1245 et
2167 1188 2427 1252 Domini,
2475 1188 2616 1241 sicut
2669 1187 2933 1239 dixerat:
2975 1185 3109 1247 Quia
3149 1185 3298 1251 prius
3330 1196 3477 1249 quam
3525 1182 3665 1249 gallus

484 1290 716 1343 peram:
760 1284 814 1331 et
845 1278 935 1344 qui
985 1292 1091 1330 non
1134 1277 1318 1344 habet,
1360 1280 1561 1333 vendat
1609 1281 1845 1334 tunicam
1884 1297 2061 1343 suam,
2165 1289 2365 1341 cantet,
2418 1288 2503 1332 ter
2536 1294 2620 1331 me
2646 1276 2913 1345 negabis:
2959 1274 3023 1326 Et
3051 1290 3303 1343 egressus
3356 1274 3487 1325 foras
3518 1272 3672 1324 Petrus

486 1379 540 1421 et
622 1380 767 1422 emat
845 1368 1081 1437 gladium
1154 1369 1461 1441 laeuam,
1560 1370 1643 1443 8.]
1720 1372 1848 1426 Dico
1917 1374 2063 1427 enim
2166 1371 2315 1424 flevit
2361 1386 2567 1424 amare.
2624 1368 2870 1440 μαίων,
2929 1366 3004 1439 1.]
3058 1366 3123 1419 Ει
3174 1366 3274 1419 viri
3325 1366 3410 1433 qui
3465 1365 3671 1417 tenebant

490 1460 645 1512 vobis
672 1500 685 1523 ,
732 1462 989 1525 quoniam
1044 1460 1225 1513 adhuc
1276 1461 1379 1515 hoc
1415 1461 1559 1530 quod
1625 1464 1889 1531 scriptum
1957 1472 2063 1527 est,
2170 1460 2343 1523 illum,
2377 1460 2679 1513 illudebaut
2711 1460 2782 1522 ei,
2810 1458 3102 1511 caedentes.
3142 1455 3208 1509 Et
3244 1454 3671 1515 velaveruntenni,

504 1554 721 1610 oportet
797 1546 1009 1613 impleri
1074 1547 1126 1599 in
1201 1548 1427 1602 me:Et
1503 1564 1623 1602 cum
1706 1550 1908 1619 iniquis
1967 1551 2065 1605 de-
2170 1559 2223 1603 et
2271 1550 2649 1619 percutiebant
2708 1549 2899 1601 faciem
2961 1548 3083 1614 ejus
3134 1561 3148 1602 :
3213 1554 3270 1598 et
3326 1542 3675 1611 interregabaut

494 1645 717 1703 putatus
799 1646 901 1689 est.
964 1638 1175 1691 Etenim
1239 1655 1302 1692 ea
1346 1680 1359 1703 ,
1427 1657 1547 1708 quzc
1613 1651 1740 1695 sunt
1806 1644 1873 1697 de
1958 1661 2063 1710 me,
2168 1657 2316 1703 eum.
2366 1634 2651 1695 dicerites:
2688 1638 3210 1709 Prophetiza,quis
3274 1644 3357 1689 est
3400 1634 3484 1703 qui
3513 1645 3556 1686 te
3583 1648 3676 1701 per-

496 1732 655 1781 linem
691 1728 913 1782 habent.
970 1728 1251 1799 [ccxxv-ut.
1283 1730 1399 1803 10.]
1429 1732 1495 1786 At
1524 1734 1599 1786 illi
1626 1734 1917 1789 dixerunt:
1959 1737 2067 1790 Do-
2171 1735 2387 1789 cnssit?
2440 1734 2505 1787 Et
2536 1734 2637 1786 alia
2672 1732 2842 1785 multa
2898 1730 3345 1798 blasphemantes
3376 1726 3605 1780 dicebant
3634 1724 3674 1775 in

514 1822 657 1873 mine
684 1861 699 1880 ,
725 1836 853 1873 ecce
880 1820 989 1873 duo
1026 1821 1191 1890 gladii
1224 1822 1332 1876 hic.
1366 1823 1435 1875 At
1471 1823 1559 1877 ille
1600 1825 1738 1878 dixit
1765 1827 1889 1883 eis:
1924 1826 2070 1883 Satis
2102 1816 2141 1867 Β
2171 1841 2317 1880 eum.
2353 1824 2564 1897 [ccxcv,
2599 1822 2684 1894 2.]
2740 1823 2805 1876 Et
2836 1833 2895 1877 ut
2940 1823 3116 1875 factus
3155 1829 3241 1875 est
3283 1820 3395 1873 dies
3417 1859 3429 1880 ,
3459 1831 3679 1872 convene-

496 1922 599 1966 est.
640 1911 899 1983 [ccuxrx
923 1953 937 1975 ,
974 1911 1053 1983 1.]
1086 1911 1152 1966 Et
1185 1928 1437 1982 egressus
1465 1914 1578 1969 ibat
1605 1918 1906 1970 secundum
1939 1933 2072 1972 eon-

505 2005 854 2057 suetudinem
902 2004 956 2057 in
993 2014 1230 2058 montem
1266 2002 1569 2059 Olivarum.
1598 2006 1781 2059 Secuti
1820 2019 1943 2061 sunt
1973 2024 2070 2062 au-

503 2107 610 2148 tem
653 2096 801 2148 illiilli
852 2106 906 2150 et
935 2096 1213 2165 discipuli.
1271 2095 1545 2168 [ccuxx,
1578 2096 1663 2169 2.]
1698 2098 1761 2152 Et
1790 2114 1911 2152 cum
1946 2116 2073 2169 per-

508 2190 747 2241 venisset
774 2188 848 2241 ad
886 2188 1062 2241 locum
1088 2226 1103 2250 ,
1134 2188 1273 2240 dixit
1299 2188 1451 2241 illis:
1492 2188 1655 2242 Orate
1682 2231 1696 2253 ,
1728 2206 1796 2243 ne
1849 2192 2073 2247 intretis

502 2284 555 2333 in
614 2283 966 2333 tentationem
1014 2278 1268 2351 [εοιιιιι
1295 2319 1309 2345 ,
1344 2280 1419 2351 1.]
1478 2282 1540 2334 Et
1573 2282 1687 2349 ipse
1730 2285 1949 2337 avulsus
1990 2295 2075 2339 est

519 2373 587 2425 ab
616 2373 695 2424 cis
728 2382 993 2440 quantum
1040 2373 1218 2442 jactus
1247 2382 1329 2426 est
1377 2373 1573 2441 lapidis
1614 2391 1627 2426 :
1666 2384 1721 2426 et
1768 2375 1958 2442 positis
1986 2392 2076 2446 ge-

502 2464 669 2517 nibus
702 2464 914 2527 orabat,
952 2465 1131 2525 Pater.
1164 2464 1208 2517 si
1239 2465 1343 2529 vis,
1381 2466 1615 2518 transfer
1646 2465 1872 2518 calicem
1910 2466 2074 2521 istum

504 2570 534 2607 a
568 2570 652 2608 me
686 2571 698 2604 :
741 2552 1030 2629 [cccxxxtn
1070 2553 1149 2625 1.]
1188 2555 1583 2609 't'erumtamen
1612 2571 1716 2608 non
1747 2572 1862 2609 mea
1891 2558 2081 2610 volun—

506 2657 621 2708 tas,
652 2646 745 2699 sed
810 2656 899 2699 tua
938 2644 1048 2699 fiat.
1095 2644 1563 2717 [ccuxxm,10.]
1595 2648 1857 2715 Apparuit
1898 2657 2076 2701 autem

449 2778 463 2790 .
506 2737 582 2790 illi
615 2736 840 2804 angelus
870 2735 938 2789 de
968 2736 1132 2801 caelo,
1164 2736 1485 2789 confortans
1532 2751 1678 2789 eum.
1712 2736 1780 2790 Et
1812 2737 1987 2793 factus
2022 2740 2075 2791 in

510 2829 702 2895 agonia
740 2864 757 2892 ,
818 2828 1086 2897 prolixius
1135 2828 1349 2883 orabat.
1412 2826 1476 2879 Et
1527 2827 1703 2883 factus
1759 2839 1843 2883 est
1910 2830 2079 2883 sudor

514 2920 635 2987 ejus
704 2919 845 2973 sicut
876 2926 1040 2988 gutta:
1069 2919 1351 2987 sanguinis
1398 2919 1756 2972 decurrentes
1788 2921 1840 2972 in
1875 2931 2076 2973 terram

507 3008 816 3076 [cccxxxtv,
842 3008 925 3080 2.]
961 3008 1028 3063 Et
1056 3011 1537 3089 curn'surrexisset
1582 3009 1650 3063 ab
1715 3010 1957 3064 oratione
1982 3049 1995 3075 ,
2026 3019 2083 3065 et

509 3100 748 3155 venisset
776 3103 842 3154 ad
863 3101 1164 3169 discipulos
1199 3116 1350 3163 suos.
1385 3101 1590 3154 invenit
1616 3116 1713 3154 eos
1738 3102 2075 3155 dormientes
2100 3139 2148 3201 Ο

510 3207 623 3258 prie
655 3190 897 3246 tristitia.
935 3191 1004 3245 Et
1031 3192 1105 3245 ait
1155 3192 1306 3248 illis:
1361 3191 1503 3257 Quid
1536 3192 1821 3246 dormitis?
1848 3193 2074 3259 surgite,

508 3290 702 3344 orate,
752 3297 820 3335 ne
874 3282 1171 3335 iutretlsin
1227 3284 1609 3338 tentationem.
1669 3281 2075 3354 [cccxxxv,1.]

508 3372 703 3425 Adhuc
726 3387 800 3426 eo
832 3371 1091 3440 loquente
1117 3410 1133 3435 ,
1180 3385 1309 3426 ecce
1338 3371 1496 3426 turba
1527 3388 1541 3422 :
1574 3381 1627 3426 et
1657 3373 1749 3441 qui
1782 3373 2075 3427 vocabatur
2108 3444 2111 3447 _

506 3463 703 3529 Judas,
742 3478 885 3517 unus
911 3462 978 3517 de
1007 3462 1320 3528 duodecim,
1343 3463 1703 3518 antecedebat
1730 3479 1825 3519 eos
1849 3482 1864 3520 :
1897 3475 1952 3518 et
1981 3480 2079 3533 ap-

512 3555 1079 3627 pr0pinquavit-Jesu,
1107 3564 1166 3610 ut
1196 3556 1541 3611 oscularetur
1570 3572 1719 3611 eum.
1752 3554 2031 3629 [cccxxxvt
2062 3597 2078 3621 ,

509 3649 598 3722 2.]
631 3651 790 3704 .Icsus
821 3660 1001 3703 autem
1030 3651 1169 3704 dixit
1198 3651 1272 3705 illi
1303 3662 1318 3704 :
1344 3648 1481 3704 Juda
1507 3690 1522 3715 ,
1552 3653 1735 3705 osculo
1756 3650 1951 3704 Filium
1984 3650 2082 3703 ho-

512 3742 675 3796 minis
708 3743 877 3795 tradis
902 3739 1244 3814 ljcccxxxvtt
1273 3779 1288 3804 ,
1321 3739 1403 3812 1.]
1427 3740 1869 3795 Videntesautem
1898 3742 1969 3801 hi.
1990 3743 2081 3811 qui

512 3836 655 3887 circa
689 3834 864 3902 ipsum
898 3843 1053 3886 erant
1081 3870 1096 3896 ,
1146 3833 1293 3902 quod
1326 3833 1573 3886 futurum
1606 3844 1726 3887 erat
1758 3874 1771 3897 ,
1824 3834 2083 3887 dixerunt

511 3929 559 3980 ei
586 3941 602 3981 :
633 3925 878 3991 Domine,
910 3926 952 3978 si
988 3927 1327 3993 percutimus
1363 3926 1415 3979 in
1441 3926 1664 3996 gladio?
1700 3928 1766 3981 Et
1813 3930 2084 3997 percussit

518 4032 662 4070 unus
689 4032 753 4069 ex
782 4016 889 4069 illis
921 4030 1140 4068 servum
1177 4015 1438 4084 principis
1464 4016 1846 4080 sacerdotum,
1880 4026 1934 4070 et
1969 4032 2083 4070 am-

513 4110 729 4178 putavit
759 4108 1061 4161 auriculam
1088 4107 1212 4175 ejus
1257 4107 1562 4160 dexteram.
1599 4107 1954 4173 Itespondens
1982 4123 2083 4159 au-

513 4211 621 4253 tem
646 4198 803 4255 Jesus
831 4240 845 4264 ,
882 4200 995 4253 ait:
1032 4198 1205 4253 Sinite
1231 4202 1549 4266 nsquehuc.
1588 4196 1935 4269 [ccuxxvnn
1968 4197 2080 4270 10.]

514 4293 737 4345 Etcum
796 4292 1067 4360 tetigisset
1123 4291 1429 4345 auriculam
1480 4295 1641 4360 ejus,
1693 4298 1902 4343 sanavit
1934 4306 2081 4344 eum.

515 4381 831 4455 [CCLXXXIX,
871 4381 950 4452 1.]
987 4381 1131 4434 Dixit
1161 4391 1342 4434 autem
1374 4378 1533 4434 Jesus
1595 4380 1662 4434 ad
1711 4395 1806 4434 eos
1866 4382 1959 4449 qui
1998 4396 2086 4433 ve.

2174 1926 2302 1969 runt
2349 1919 2596 1969 seniores
2628 1913 2824 1983 plebis,
2857 1921 2912 1967 et
2968 1912 3244 1981 principes
3286 1908 3616 1968 sacerdotum,
3640 1918 3681 1957 et

2174 2007 2407 2071 scribae,
2450 2016 2506 2061 et
2559 2006 2836 2060 duxerunt
2890 2005 3042 2057 illum
3100 2004 3153 2056 in
3211 2002 3488 2056 concilium
3535 2012 3679 2061 suum,

2175 2098 2421 2153 dicentes
2448 2116 2461 2153 :
2494 2098 2548 2153 Si
2589 2108 2642 2151 tu
2673 2114 2733 2151 es
2755 2096 3135 2160 (iltristus,dic
3167 2094 3342 2148 nobis.
3372 2088 3681 2166 [ccxcvi,10.]

2177 2192 2242 2245 Et
2269 2191 2344 2244 ait
2388 2192 2497 2245 illis
2524 2206 2537 2239 :
2570 2190 2623 2243 Si
2675 2190 2830 2241 vobis
2861 2189 3051 2242 dixero
3080 2227 3093 2250 ,
3148 2202 3260 2240 non
3292 2186 3515 2240 credetis
3538 2183 3644 2235 mihi
3671 2199 3682 2232 :

2177 2287 2219 2339 si
2256 2296 2437 2338 autem
2471 2294 2525 2337 et
2566 2285 2997 2351 interrogavere,
3030 2296 3139 2334 non
3175 2277 3559 2348 respondebitis
3584 2275 3684 2328 mihi

2176 2392 2355 2445 neque
2396 2377 2704 2429 dimittetis.
2751 2372 2982 2445 [ccxcvn
3009 2411 3025 2436 ,
3072 2371 3147 2440 1.]
3187 2372 3263 2424 Ex
3294 2371 3393 2423 hoc
3424 2377 3583 2421 autem
3609 2367 3688 2418 erit

2181 2465 2351 2518 Filius
2421 2465 2658 2519 hominis
2720 2464 2915 2516 sedens
2980 2478 3007 2515 a
3072 2462 3284 2515 dextris
3347 2458 3549 2511 virtutis
3599 2454 3688 2508 Dei.

2181 2556 2466 2629 [ccxcviu,
2507 2553 2622 2625 10.]
2683 2555 2948 2606 Dixerunt
2994 2561 3177 2606 autem
3232 2566 3449 2604 omnes:
3481 2548 3550 2601 Tu
3590 2562 3691 2612 ergo

2182 2664 2243 2703 es
2281 2648 2451 2701 Filius
2484 2647 2627 2699 Dei?
2658 2647 2757 2711 Qui
2790 2646 2906 2698 ait:
2943 2644 3046 2698 Vos
3076 2643 3285 2705 dicitis,
3316 2642 3437 2710 quia
3465 2655 3555 2709 ego
3578 2653 3691 2692 sum.

2184 2737 2423 2810 μεθίεις,
2454 2736 2535 2808 2.]
2573 2736 2640 2789 At
2692 2736 2765 2789 illi
2799 2737 3057 2790 dixerunt
3085 2749 3101 2789 :
3132 2735 3275 2799 Quid
3324 2735 3491 2786 adhuc
3518 2730 3695 2785 deside-

2183 2844 2369 2883 ramus
2425 2827 2849 2881 testimonium?
2884 2825 2986 2895 ipsi
3022 2825 3169 2878 enim
3198 2824 3498 2879 audivimus
3535 2824 3592 2876 de
3619 2834 3693 2874 ore

2182 2923 2323 2992 ejus.

2256 3012 2411 3084 [ϐαρ.
2466 3012 2656 3068 XXIII.
2691 3027 2805 3077 ccc,
2846 3010 2925 3086 1.]
2968 3013 3033 3067 Et
3064 3029 3296 3083 surgens
3346 3009 3512 3064 omnis
3548 3004 3699 3060 multi-

2182 3106 2317 3158 tudo
2367 3121 2596 3170 eorum,
2648 3106 2918 3159 duxerunt
2971 3107 3119 3158 illum
3176 3108 3241 3157 a:l
3293 3104 3528 3159 Pilaiilm.
3573 3098 3698 3168 [αα.

2182 3196 2296 3267 10.]
2333 3198 2633 3265 Calperunt
2686 3208 2867 3250 autem
2916 3198 3069 3250 illum
3112 3212 3411 3257 accusare,
3462 3193 3699 3247 dicentes:

2182 3287 2338 3341 lluuc
2393 3288 2708 3341 invenimus
2762 3288 3171 3341 subvertentem
3226 3276 3435 3356 gentem
3484 3291 3700 3339 nostram,

2179 3390 2236 3434 et
2266 3380 2648 3450 prohibentem
2705 3381 2907 3434 tributa
2961 3380 3089 3433 dare
3124 3378 3356 3441 Caesari,
3391 3387 3443 3432 et
3477 3376 3700 3428 dicentem

2180 3487 2239 3527 se
2289 3471 2571 3525 Christum
2608 3486 2788 3540 regem
2810 3486 2949 3524 esse.
2993 3470 3176 3541 [CCCI],
3218 3468 3292 3542 1.]
3330 3469 3521 3522 Pilatus
3561 3471 3702 3518 autem

2185 3563 2539 3630 Interrogavit
2588 3576 2734 3624 eum,
2789 3559 2976 3611 dicens
3011 3577 3022 3611 :
3055 3560 3134 3611 'I‘u
3173 3576 3234 3612 es
3267 3573 3356 3611 rex
3399 3549 3702 3610 Ittdrcorullt?

2182 3654 2252 3708 At
2306 3653 2396 3706 ille
2444 3650 2783 3720 respondens
2816 3651 2933 3703 ait:
2969 3650 3047 3703 Tu
3096 3650 3259 3705 dicis.
3314 3649 3508 3707 Icccut,
3538 3642 3603 3713 9.]
3640 3643 3706 3691 Ait

2184 3752 2366 3795 autem
2400 3740 2605 3794 Pilatus
2637 3740 2701 3793 ad
2738 3740 3015 3809 principes
3060 3741 3411 3793 sacerdotum
3439 3748 3487 3789 et
3518 3734 3703 3787 turbas:

2183 3831 2328 3885 Nihil
2359 3830 2574 3884 invenio
2606 3845 2783 3883 causae
2819 3833 2871 3882 in
2910 3831 3011 3884 hoc
3037 3831 3287 3883 homine.
3324 3829 3505 3899 [eccm
3542 3820 3631 3891 10.]
3660 3824 3709 3871 At

2184 3923 2263 3976 illi
2305 3915 2733 3983 invalescebant,
2785 3922 3036 3976 dicentes
3062 3939 3081 3977 :
3109 3920 3433 3976 Commmet
3471 3916 3705 3987 populum.

2184 4014 2388 4068 docens
2434 4029 2533 4082 per
2562 4015 2875 4067 universam
2926 4013 3193 4078 Judaeum,
3253 4011 3512 4079 incipiens
3542 4022 3566 4057 a
3593 4002 3708 4057 Gali-

2186 4104 2282 4158 Izea
2330 4120 2500 4173 usque
2545 4105 2669 4159 huc.
2705 4104 2911 4159 Pilatus
2951 4112 3132 4159 autem
3186 4104 3419 4157 audiens
3461 4097 3708 4152 Galila‘am.

2187 4196 2543 4266 interrogavit
2577 4198 2618 4249 si
2656 4199 2818 4250 homo
2855 4196 3111 4250 Galilaeus
3159 4204 3333 4250 esset.
3386 4193 3447 4245 Et
3479 4200 3717 4255 utcogue-

2189 4289 2264 4341 νίι
2308 4290 2453 4356 Quod
2488 4289 2556 4342 de
2595 4287 2825 4343 Herodis
2873 4298 3143 4357 potestate
3183 4295 3354 4349 esset,
3391 4282 3581 4337 remisit
3615 4288 3714 4329 euut

2188 4383 2254 4433 ad
2316 4378 2608 4445 Herodem,
2663 4382 2757 4450 qui
2810 4390 2865 4433 et
2909 4381 3025 4449 ipse
3079 4377 3440 4448 Jerosolymis
3495 4381 3595 4427 erat
3636 4368 3718 4419 ills

515 4483 711 4528 nerant
738 4474 802 4528 ad
833 4473 1212 4543 se,principes
1244 4472 1614 4537 sacerdotum,
1648 4483 1704 4525 et
1733 4474 2088 4541 magistratus
2122 4500 2162 4553 η
2192 4472 2404 4526 diebus.
2466 4471 2708 4526 Herodes
2760 4482 2967 4537 autem,
3001 4473 3116 4526 viso
3170 4472 3303 4526 Jesu
3340 4510 3353 4534 ,
3420 4467 3613 4539 gavisus
3658 4468 3719 4511 (λὲὶ

524 4568 737 4638 templi,
766 4576 821 4621 et
847 4568 1094 4620 seniores
1118 4581 1133 4619 :
1161 4564 1324 4630 Quasi
1358 4565 1423 4619 ad
1452 4565 1717 4620 latronem
1747 4566 1941 4619 existis
1963 4580 2086 4619 cum

516 4660 710 4727 gladiis
740 4669 795 4712 et
827 4656 1103 4711 fustibus?
1130 4656 1266 4711 Cum
1297 4657 1540 4726 quotidie
1576 4655 1855 4710 vobiscum
1887 4656 2085 4709 fuerim

2199 4564 2377 4618 valde.
2412 4564 2540 4617 Erat
2569 4565 2711 4617 enim
2746 4565 2975 4633 cupiens
3003 4579 3069 4617 ex
3096 4564 3272 4617 multo
3316 4571 3548 4630 tempore
3575 4552 3719 4605 videte

2199 4668 2322 4708 eum
2350 4670 2451 4721 ;eo
2472 4654 2613 4723 quod
2635 4658 2883 4709 audierat
2908 4658 3073 4709 multa
3105 4655 3173 4708 de
3200 4670 3294 4718 eo,
3324 4663 3380 4708 et
3417 4647 3641 4720 sperabat
3662 4642 3717 4693 si-

517 4753 573 4803 in
603 4750 827 4817 templo,
860 4763 968 4801 non
1000 4749 1325 4802 extendistis
1377 4764 1571 4802 manus
1606 4750 1658 4801 in
1693 4763 1777 4801 me
1805 4762 1821 4802 :
1853 4747 1945 4801 sed
1982 4747 2096 4800 hzec

516 4850 601 4894 est
632 4840 764 4892 hora
799 4849 997 4904 vestra,
1028 4849 1084 4893 ct
1114 4851 1356 4909 potestas
1402 4843 1753 4893 tenebrarum
1787 4838 1942 4909 [ρολο
1970 4879 1984 4901 ,
2016 4837 2097 4904 1.]

518 4931 1063 5000 (Ioniprelieudentes
1088 4942 1268 4985 autem
1295 4948 1441 4996 eum,
1466 4932 1743 4985 duxerunt
1768 4932 1834 4985 ad
1871 4931 2093 4985 domum

518 5025 778 5092 principis
828 5024 1215 5077 sacerdotum:
1248 5021 1440 5093 [ccxcr,
1494 5021 1573 5094 1.]
1620 5023 1813 5077 Petrus
1843 5038 1973 5076 vero
2022 5038 2109 5075 se-

516 5114 786 5181 quebatur
896 5128 925 5165 a
1022 5113 1202 5181 longe.
1302 5117 1547 5166 Accenso
1627 5123 1808 5167 autem
1872 5115 1993 5179 igne
2050 5114 2105 5166 in

518 5204 700 5258 medio
733 5203 889 5265 atrii,
942 5213 996 5256 et
1040 5202 1569 5257 circmusedeutibus
1623 5204 1772 5269 illis,
1831 5218 1950 5259 erat
2006 5205 2109 5259 Pe-

519 5306 639 5350 trus
672 5296 727 5349 in
765 5294 943 5348 medio
990 5308 1205 5347 eorum.
1227 5293 1398 5359 Quem
1449 5311 1572 5348 (um
1639 5296 2094 5351 vidissetancilla

518 5391 763 5457 quaedam
798 5391 1077 5441 sedentem
1108 5386 1175 5438 ad
1223 5388 1407 5440 lumen
1437 5428 1450 5449 ,
1510 5402 1561 5440 ei
1615 5402 1739 5440 eum
1776 5388 1971 5441 fuisset
2015 5389 2096 5441 iu-

517 5484 653 5536 tuita
683 5524 695 5543 ,
750 5484 923 5534 dixit:
962 5481 1025 5533 Et
1058 5481 1142 5531 llic
1171 5496 1292 5533 cum
1324 5481 1418 5533 illo
1450 5490 1591 5533 erat.
1650 5484 1719 5533 At
1759 5482 1847 5533 illc
1888 5483 2101 5550 negavit

514 5588 661 5636 cum,
690 5574 877 5627 dicens
909 5572 1147 5636 :.\lulier,
1180 5588 1285 5624 nou
1319 5575 1441 5625 novi
1477 5572 1651 5624 illum.
1685 5571 1899 5641 jrcxcu,
1930 5573 2005 5643 1.]
2039 5574 2101 5627 Et

2209 4758 2375 4811 gnum
2415 4744 2631 4813 aliquod
2670 4746 2857 4799 videre
2886 4747 2953 4799 ab
2993 4764 3058 4798 eo
3091 4747 3233 4799 ﬁeri.
3279 4739 3723 4808 lntcrrogabatac-

2213 4842 2320 4887 teni
2351 4850 2475 4887 eum
2515 4838 2699 4889 multis
2723 4838 3087 4891 sermonibus.
3120 4837 3194 4889 At
3228 4838 3345 4905 ipse
3376 4832 3507 4887 nihil
3537 4828 3602 4882 illi
3649 4838 3721 4875 re-

2206 4929 2527 4995 spondebat.
2565 4932 2739 5001 ]cwv,
2798 4932 2880 5002 2.]
2934 4932 3161 4986 Stabant
3226 4927 3457 4985 autem‘
3505 4920 3725 4994 principes

2208 5021 2560 5073 sacerdotum
2604 5033 2659 5076 et
2695 5024 2885 5077 scriba:
2925 5031 3248 5076 constanter
3278 5028 3583 5075 accusantes
3609 5022 3724 5062 eum.

2209 5109 2411 5181 [cccvt,
2472 5112 2586 5183 10.]
2641 5114 2853 5181 Sprevit
2905 5123 3084 5167 autem
3140 5114 3299 5167 illum
3361 5108 3585 5166 Herodes
3631 5113 3726 5155 CUI"

2207 5204 2455 5256 exercitu
2490 5220 2591 5257 suo
2631 5217 2646 5255 :
2683 5216 2736 5258 et
2765 5205 2935 5259 illusit
2964 5205 3220 5258 indutum
3260 5216 3410 5258 veste
3440 5200 3570 5255 alba.
3600 5204 3643 5246 ct
3666 5207 3729 5240 rc-

2208 5295 2355 5347 misit
2381 5294 2447 5347 ad
2483 5295 2739 5350 Pilatum.
2778 5296 2843 5349 Et
2871 5296 2997 5350 facti
3044 5306 3173 5350 sunt
3224 5296 3387 5349 amici
3438 5286 3655 5345 Ilerodes
3690 5287 3733 5331 cl

2202 5389 2411 5441 Pilatus
2459 5388 2511 5441 in
2555 5389 2673 5457 ipsa
2722 5391 2809 5445 die
2840 5406 2853 5445 :
2889 5406 3010 5444 nam
3059 5401 3223 5444 antea
3275 5387 3477 5443 inimici
3516 5374 3728 5436 erantad

2210 5481 2462 5533 invicem.
2533 5481 2763 5551 locavit,
2825 5482 2904 5553 9.]
2962 5484 3163 5537 Pilatus
3231 5492 3410 5536 autem
3474 5468 3734 5531 εουνυωῑὶς

2214 5575 2556 5644 principibus
2587 5578 2951 5643 sacerdotum,
2982 5590 3031 5630 et
3065 5579 3492 5646 magistratibus,
3520 5581 3566 5621 ci
3588 5568 3731 5633 idem

590 5756 645 5806 lu
682 5757 734 5810 Υ.
761 5758 937 5808 licattu
976 5773 1098 5819 ius,
1134 5755 1355 5809 Stultum
1389 5754 1567 5805 cllum.
