3880 6168
117 381 232 433 dixit
282 377 344 430 ad
405 375 526 429 illos
566 391 576 426 :

114 470 246 540 quasi
279 476 612 522 avertentem
646 467 929 536 populum,
963 474 1018 519 et
1055 480 1184 520 ecce
1213 479 1316 535 ego
1340 480 1524 519 coram
1567 481 1659 515 vo-

116 565 183 616 bis
212 563 571 628 interrogans,
613 560 816 612 nullam
855 573 1072 612 causam
1123 556 1306 610 inveni
1345 556 1398 609 in
1437 555 1659 608 homine

117 657 202 707 isto
248 669 310 705 ex
364 651 473 713 his,
516 653 568 703 in
617 650 819 720 quibus
874 665 999 703 eum
1062 648 1355 702 accusatis.
1417 646 1660 718 [cccvnt,

120 744 209 814 10.]
262 742 362 797 Sed
425 757 602 811 neque
659 739 903 794 Herodes
955 758 970 795 :
1023 756 1147 794 nam
1210 740 1390 793 remisi
1449 755 1543 793 vos
1595 738 1662 792 ad

119 840 267 894 illum,
323 845 376 888 et
429 849 556 887 ecce
621 833 755 886 nihil
815 833 1036 902 dignum
1101 842 1274 886 morte
1335 842 1514 887 actum
1575 841 1658 886 est

119 931 172 982 ei.
222 927 572 980 Emendatum
626 941 756 993 ergo
813 925 966 978 illum
1008 924 1296 976 dimittam.
1351 923 1546 996 [eccm
1581 924 1666 994 2.]

122 1025 325 1076 Necesse
381 1029 565 1073 autem
618 1018 855 1070 habebat
917 1017 1193 1072 tlimitteie
1252 1019 1331 1072 eis
1382 1036 1480 1088 per
1524 1022 1667 1074 diem

126 1115 291 1166 lesiutn
344 1125 534 1163 unum.
567 1105 747 1180 [cccx,
784 1106 860 1177 1.]
903 1109 1238 1160 Ethlatnztvit
1283 1119 1462 1162 autem
1507 1109 1668 1162 simul

129 1209 344 1256 lllllVCFS‘l
395 1202 577 1266 turba,
629 1201 819 1254 dicens
871 1218 882 1252 :
936 1201 1087 1253 Tolle
1141 1201 1327 1262 hunc,
1366 1209 1421 1253 et
1455 1200 1671 1253 dimitte

128 1296 261 1349 nobis
299 1293 620 1346 Barabbam.
698 1292 798 1358 Qui
873 1303 990 1346 erat
1044 1303 1271 1362 propter
1345 1293 1668 1348 seditionem

130 1386 386 1455 quamdam
437 1386 634 1437 factam
667 1385 720 1438 in
757 1385 986 1437 civitate
1035 1395 1087 1438 et
1121 1384 1476 1437 homicidium
1545 1386 1674 1438 mis-

130 1492 202 1528 sus
232 1477 279 1529 in
315 1489 612 1528 carcerem.
660 1473 856 1545 lucem,
892 1470 967 1545 1.]
1001 1473 1198 1529 lterum
1244 1489 1425 1530 autem
1470 1477 1675 1530 Pilatus

131 1569 320 1620 locutus
363 1576 445 1620 est
503 1567 569 1619 ad
620 1583 738 1631 eos,
779 1567 968 1620 volens
1019 1568 1297 1622 dimittere
1358 1567 1568 1624 Iesum.
1604 1571 1674 1625 At

131 1658 190 1712 illi
251 1657 654 1712 succlamabant
700 1657 954 1711 dicentes
1005 1675 1020 1711 :
1070 1657 1358 1726 Crucilige,
1413 1661 1672 1728 cruciﬁge

1202 250 1700 316 EVANGEHUM
1743 251 1903 311 SEC.
1951 248 2227 311 LUCAM.

630 374 920 437 “minimis
985 373 1111 427 mihi
1178 375 1324 430 hunc
1381 374 1660 428 hominem
1693 380 1732 432 Α
1764 386 1845 424 es.
1883 371 1944 424 Et
1976 385 2074 422 nos
2106 369 2322 437 quidem
2376 367 2543 435 juste,
2577 380 2700 419 nam
2734 349 2894 436 digna
2944 363 3100 419 factis
3143 368 3336 432 recipi-

3228 248 3336 312 (τεεί

1767 479 1888 519 mus
1913 478 1926 513 :
1955 463 2044 516 hic
2077 477 2204 514 vero
2238 461 2370 513 nihil
2416 458 2537 512 mali
2590 459 2778 528 gessit.
2815 460 2877 513 lit
2902 457 3116 513 dicebat
3143 458 3210 512 ad
3240 456 3336 512 Je—

1767 570 1888 608 snm
1919 566 1936 606 :
1969 551 2214 615 Domine,
2268 562 2542 606 memento
2597 552 2723 614 mei,
2754 567 2878 604 cum
2925 550 3147 604 veneris
3174 550 3224 603 in
3254 565 3340 603 re-

1767 662 1929 714 gnum
1969 655 2141 697 tuum.
2178 643 2243 696 Et
2273 642 2406 696 dixit
2456 643 2530 695 illi
2575 640 2734 696 Iesus
2769 659 2783 696 ;
2813 646 2983 696 Amen
3023 642 3147 696 dico
3196 643 3293 696 tibi
3325 657 3340 696 :

1769 734 1941 788 ilodie
1989 748 2200 786 mecum
2233 735 2341 784 eris
2375 733 2428 784 in
2461 733 2730 799 paradiso.
2781 731 3067 800 [cccxxvm
3101 729 3185 801 2.]
3214 731 3344 783 Erat

1769 836 1946 879 autem
1983 827 2094 878 fere
2149 826 2277 876 hora
2323 835 2494 886 sexta,
2530 834 2583 876 et
2635 826 2872 878 tenebra:
2920 827 3073 877 factae
3123 832 3252 876 sunt
3289 823 3339 874 in

1771 919 2079 971 universam
2121 929 2318 971 terram
2375 933 2546 984 usque
2579 917 2631 970 in
2671 917 2858 969 horam
2886 932 3106 970 nonam.
3147 916 3213 969 Et
3241 916 3338 968 ob-

1773 1018 2022 1062 scuratus
2070 1017 2154 1062 est
2203 1010 2282 1061 sol
2317 1025 2329 1061 :
2369 1007 2677 1079 [cccxxvitn
2705 1007 2785 1078 2.]
2836 1019 2891 1062 et
2923 1009 3098 1061 velum
3158 1009 3340 1075 templi

1774 1100 2005 1153 sciSsum
2033 1111 2110 1154 est
2143 1100 2401 1152 medium.
2442 1097 2708 1170 μαριυς,
2744 1098 2818 1170 1.]
2854 1101 2913 1151 Et
2938 1100 3178 1154 clamans
3212 1115 3344 1153 voce

1778 1209 1966 1262 magna
2025 1193 2184 1247 Je~us
2238 1194 2310 1246 ait
2362 1207 2374 1245 :
2434 1195 2616 1253 Pater,
2673 1196 2722 1244 iit
2779 1209 2970 1246 manus
3027 1203 3149 1248 tuas
3195 1207 3391 1253 com-,

1776 1284 1974 1335 mendo
2011 1285 2262 1352 spiritum
2304 1299 2506 1337 meum.
2545 1283 2610 1336 Et
2640 1284 2751 1336 hac
2787 1285 2995 1344 dicens.
3027 1283 3344 1351 exspiravit.

1776 1374 2029 1447 [cccxxx,
2065 1375 2146 1448 2.]
2181 1376 2380 1430 Videris
2428 1387 2609 1431 autem
2659 1377 2918 1431 Centurio
2965 1378 3105 1446 quod
3143 1377 3343 1430 factum

1778 1466 1973 1529 fuerat,
2022 1470 2342 1538 gloriﬁcavit
2394 1469 2586 1534 Deum,
2625 1470 2856 1525 dicens:
2890 1470 3024 1524 Vere
3059 1471 3146 1524 hic
3186 1469 3350 1523 homo

1775 1560 1957 1630 justus
1989 1573 2125 1613 erat.
2163 1559 2429 1632 [aecus],
2467 1560 2578 1632 10.]
2612 1560 2674 1613 Et
2706 1563 2886 1614 onmis
2923 1562 3082 1614 turha
3137 1577 3349 1624 eorum,

1779 1652 1874 1720 qui
1930 1652 2089 1704 simul
2139 1652 2369 1704 aderant
2394 1652 2458 1704 ad
2489 1653 2862 1720 spectaculum
2919 1653 3086 1715 istud,
3117 1661 3174 1706 et
3202 1651 3356 1705 vide-

133 1767 256 1804 eum.
308 1751 520 1822 [eccm],
553 1747 631 1821 9.]
667 1751 760 1804 Ille
790 1758 971 1803 autem
1029 1751 1191 1805 tertio
1248 1721 1381 1805 dixit
1413 1753 1476 1805 ad
1506 1721 1670 1819 illos;
1708 1721 1748 1774 Β
1781 1742 1908 1794 bant
1957 1759 2076 1811 quze
2111 1744 2331 1805 ﬁebant,
2368 1744 2737 1811 percutientcs
2784 1753 3003 1811 pectora
3034 1760 3129 1798 sua
3163 1759 3355 1798 rever-

135 1843 249 1906 Quid
290 1843 436 1897 enim
471 1841 600 1895 mali
638 1840 763 1896 iecit
794 1838 933 1895 iste?
971 1843 1173 1896 nullam
1223 1859 1442 1897 causam
1483 1847 1677 1900 mortis

138 1934 328 1987 invenio
360 1933 410 1987 in
445 1949 510 1987 eo
547 1952 558 1987 :
603 1933 892 2002 corripiam
933 1949 1063 2004 ergo
1094 1935 1265 1998 illum,
1296 1946 1351 1990 et
1381 1937 1676 1992 dimittam.

139 2024 350 2092 [cccxiu,
388 2021 463 2095 1.]
495 2027 565 2077 At
602 2024 677 2077 illi
727 2023 1007 2078 instabant
1064 2027 1286 2079 vocibus
1333 2028 1540 2096 tnagnis
1586 2042 1678 2096 po-

139 2117 392 2179 stulantes,
423 2128 480 2168 ut
511 2116 926 2184 cruciﬁgeretur
957 2132 972 2172 :
1006 2125 1060 2170 et
1089 2117 1495 2172 invalescebant
1519 2133 1679 2173 voces

136 2223 319 2260 eorum.
353 2209 585 2278 locum,
618 2207 695 2279 1.]
728 2209 794 2262 Et
831 2207 1035 2263 Pilatus
1079 2209 1409 2276 adiudicavit
1443 2211 1556 2264 fieri
1585 2225 1682 2279 pe-

139 2300 358 2352 titionem
383 2315 596 2354 eorum.
634 2300 852 2354 Dimisit
881 2312 1064 2355 autem
1098 2301 1204 2356 illis
1238 2316 1387 2366 eum,
1423 2305 1516 2371 qui
1552 2317 1683 2372 pro-

136 2399 241 2461 pter
292 2392 646 2447 homicidium
697 2403 753 2447 et
801 2394 1126 2448 seditionem
1169 2391 1368 2449 missus
1420 2395 1590 2449 fuerat
1627 2395 1681 2448 in

137 2496 426 2548 carcerem,
480 2499 642 2553 quem
708 2484 964 2554 petebant
999 2497 1014 2537 :
1046 2485 1228 2540 Jesum
1283 2501 1410 2540 vero
1462 2487 1686 2541 tradidit

136 2576 378 2630 voluntati
414 2591 605 2630 eorum
643 2575 856 2648 [θεων.
891 2576 968 2646 1.]
1004 2577 1067 2632 Et
1097 2594 1219 2631 cum
1253 2579 1512 2632 ducerent
1537 2595 1684 2644 eum,

136 2668 604 2737 apprehenderunt
650 2669 928 2722 Simonem
981 2671 1270 2741 quemdam
1299 2671 1686 2742 Cyrenensem,

137 2763 424 2817 venientem
468 2761 535 2817 de
585 2762 708 2816 villa
751 2781 765 2817 :
821 2773 878 2817 et
917 2765 1300 2833 imposuerunt
1348 2765 1419 2818 illi
1471 2782 1687 2821 crucem

137 2862 338 2919 portare
381 2859 503 2920 post
540 2850 750 2905 Jesum.
795 2849 1030 2922 (eccm,
1067 2850 1180 2924 10.]
1223 2852 1565 2920 Sequebatur
1595 2869 1694 2905 au-

138 2954 232 2996 tem
277 2944 428 2996 illum
464 2942 634 2996 multa
681 2943 836 2996 turba
883 2944 1064 3012 populi
1127 2953 1180 2997 et
1212 2944 1500 2998 mulierum
1533 2955 1691 3012 :qme

1776 1835 2057 1888 tebautur.
2093 1835 2322 1888 Stabant
2356 1844 2536 1889 autem
2576 1851 2766 1888 omnes
2815 1837 2928 1888 noti
2964 1836 3079 1904 ejus
3111 1851 3140 1888 a
3170 1837 3347 1906 longe,

1778 1937 1834 1981 et
1874 1927 2135 1980 mulieres
2169 1941 2288 1995 quae
2324 1937 2525 1980 secuta:
2558 1943 2684 1979 eum
2716 1936 2876 1980 erant
2907 1943 2933 1978 a
2963 1927 3204 1988 Galilra,
3235 1927 3352 1980 haec

1782 2020 2053 2072 videntes.
2116 2016 2402 2088 [cccxxxu,
2460 2015 2542 2090 1.]
2593 2019 2658 2072 Et
2711 2033 2840 2073 ecce
2879 2019 2973 2073 .vir
3007 2021 3225 2074 nomine
3257 2019 3352 2076 Jo—

1782 2111 1938 2178 seph,
1973 2109 2063 2178 qui
2122 2119 2239 2162 erat
2293 2110 2539 2170 decurio,
2590 2110 2673 2163 vir
2717 2110 2892 2164 bonus
2919 2122 2968 2164 et
3001 2111 3180 2180 justus
3213 2126 3229 2167 :
3266 2111 3356 2165 hic

1789 2218 1891 2254 non
1943 2210 2298 2255 consenserat
2353 2203 2585 2256 consilio
2641 2215 2695 2256 et
2751 2204 2964 2257 actibus
3022 2219 3240 2269 eorum,
3286 2205 3355 2257 ab

1784 2291 2109 2345 Arimathwa
2147 2291 2366 2345 civitate
2399 2291 2618 2355 Iudaeae,
2655 2293 2746 2360 qui
2779 2294 3131 2362 exspectabat
3159 2304 3214 2350 et
3242 2295 3358 2364 ipse

1789 2398 2012 2452 regnum
2050 2383 2142 2436 Dei
2204 2383 2302 2436 llic
2333 2384 2566 2438 accessit
2586 2385 2651 2437 ad
2685 2386 2936 2450 Pilatum,
2965 2398 3018 2440 et
3047 2389 3205 2456 petiit
3231 2404 3354 2442 eor-

1789 2488 1891 2542 pus
1945 2473 2122 2528 Jesu:
2187 2472 2500 2544 [cccxxxnt,
2558 2473 2612 2546 1]
2669 2486 2724 2531 et
2772 2477 3076 2546 depositum
3134 2479 3362 2532 involvit

1789 2565 2043 2630 sindone,
2081 2575 2137 2620 et
2170 2568 2353 2636 posuit
2403 2583 2528 2620 eum
2563 2569 2616 2621 in
2651 2580 3006 2624 monumento
3061 2571 3273 2634 exciso,
3303 2573 3358 2625 iu

1761 2658 1902 2726 'quo
1938 2658 2180 2711 nondum
2219 2659 2510 2728 quisquam
2548 2659 2758 2728 positus
2788 2661 2984 2714 fuerat.
3043 2662 3358 2734 [cccxxnv,

1795 2747 1910 2820 10.]
1946 2749 2013 2804 Et
2045 2749 2161 2804 dies
2205 2761 2324 2804 erat
2351 2749 2701 2816 Parasceves,
2727 2761 2782 2804 et
2809 2752 3107 2808 Sabbatum
3169 2756 3361 2810 illuce—

1794 2844 2002 2898 Strebat.
2039 2841 2357 2897 Subsecuta:
2398 2852 2579 2897 autem
2637 2845 2912 2908 mulieres,
2963 2861 3084 2915 qua:
3133 2863 3257 2901 cum
3297 2863 3366 2902 eo

1793 2943 2058 2989 venerant
2104 2936 2171 2988 de
2221 2934 2463 2998 Galilzea,
2517 2935 2774 2991 viderunt
2824 2949 3256 3004 monumentum,
3308 2952 3366 2996 et

137 3029 448 3100 plangebant
505 3041 561 3086 et
585 3033 1027 3086 lamentabamur
1055 3049 1202 3087 eum,
1260 3034 1567 3088 Conversus
1594 3050 1693 3088 au-
1723 3049 1767 3108 C
1799 3028 2255 3095 quemadmodum
2288 3028 2522 3095 positum
2547 3038 2665 3081 erat
2691 3045 2890 3097 corpus
2914 3032 3052 3097 ejus.
3080 3031 3366 3102 lceaxxxv,

140 3135 232 3176 tem
264 3126 330 3178 ad
365 3127 486 3179 illas
529 3125 711 3190 Jcsus,
767 3125 905 3179 dixit
938 3142 951 3178 :
989 3125 1138 3179 Filia:
1170 3125 1492 3189 Jerusalem,
1528 3127 1698 3180 nolite

138 3216 255 3270 ﬂere
288 3233 455 3287 super
487 3232 597 3279 me,
629 3217 722 3271 sed
749 3232 914 3284 super
954 3232 1050 3272 vos
1080 3221 1222 3287 ipsas
1275 3218 1419 3281 ﬂete,
1446 3229 1499 3270 et
1531 3233 1699 3288 super

142 3309 268 3361 lilios
312 3321 544 3363 vestros.
593 3308 860 3374 Quoniam
891 3325 1020 3364 ecce
1051 3311 1270 3365 venient
1307 3310 1446 3374 dies,
1485 3311 1538 3364 in
1575 3311 1700 3380 qui~
1739 3365 1768 3374 ,

138 3401 229 3453 bus
281 3404 521 3456 dicent:
564 3401 740 3456 Beata:
796 3403 1048 3466 steriles,
1099 3412 1156 3457 et
1189 3414 1410 3458 ventres
1447 3404 1542 3472 qui
1593 3421 1698 3458 non

139 3507 462 3558 genuerunt,
499 3503 555 3548 et
592 3495 755 3548 ubera
810 3509 932 3563 qum
967 3510 1076 3548 non
1131 3495 1492 3550 lactaverunt.
1546 3494 1703 3550 Tunc

141 3582 396 3652 incipient
445 3586 628 3640 dicere
675 3587 952 3640 montibus
987 3601 1004 3640 :
1035 3587 1225 3641 Cadite
1272 3603 1436 3656 super
1474 3603 1572 3641 nos
1604 3604 1619 3642 :
1650 3598 1704 3643 et

112 3678 361 3731 'cullibus
397 3697 410 3732 ε
447 3676 662 3746 Ορυτῑιε
703 3693 823 3731 ηος.
859 3677 996 3743 Quia
1028 3679 1071 3732 si
1107 3677 1160 3731 in
1198 3679 1356 3732 viridi
1403 3679 1551 3746 ligno
1588 3679 1703 3734 haec

136 3764 356 3830 faciunt,
380 3773 432 3822 in
465 3770 618 3823 arido
657 3770 785 3838 quid
814 3769 938 3822 lict?
969 3769 1317 3842 [cccxvtt,1.]
1355 3770 1704 3825 Ducebantur

143 3870 318 3913 autem
349 3861 516 3914 etalii
552 3862 661 3914 duo
694 3877 926 3930 nequam
957 3878 1080 3915 cum
1112 3877 1200 3925 eo,
1234 3875 1292 3915 ut
1322 3863 1706 3917 interficeren-

131 3951 229 3999 tur.
273 3951 561 4021 [cccvviin
601 3949 676 4021 1.]
708 3951 771 4004 Et
805 3961 1091 4020 postquam
1117 3962 1386 4008 venerunt
1440 3955 1493 4006 in
1525 3953 1704 4008 locum

135 4043 222 4106 qui
286 4052 519 4095 vocatur
582 4043 868 4107 Calvariae,
937 4045 1008 4097 ibi
1071 4044 1462 4098 crucilixerunt
1537 4060 1702 4111 cum;

135 4132 376 4203 [σενι.
414 4133 470 4204 1]
523 4142 577 4187 et
606 4134 845 4187 latrones
870 4171 885 4195 ,
935 4150 1101 4186 unum
1135 4150 1163 4187 a
1199 4135 1426 4198 dextris,
1475 4145 1528 4190 et
1568 4137 1706 4192 alte-

125 4240 238 4273 rum
283 4240 313 4275 a
348 4223 616 4277 sinistris.
651 4220 862 4292 [cccxx,
900 4222 1010 4294 10.]
1046 4222 1204 4277 Jesus
1227 4233 1408 4277 autem
1439 4224 1654 4279 dicebat
1688 4241 1704 4280 :

124 4313 300 4378 Pater,
338 4317 563 4370 dimitte
596 4315 702 4368 illis
735 4331 749 4367 :
787 4332 892 4368 non
928 4317 1073 4368 enim
1106 4316 1285 4369 sciunt
1308 4317 1438 4386 quid
1468 4317 1700 4372 faciunt.

123 4406 359 4476 Inani,
410 4407 490 4480 1.]
543 4409 856 4462 Dividentes
903 4424 1034 4461 vero
1074 4411 1398 4465 vestimenta
1438 4413 1574 4480 ejus,
1610 4413 1710 4465 nii—
1744 4385 1782 4432 υ

123 4510 310 4553 serunt
341 4510 552 4553 sortes.
586 4501 648 4552 Et
672 4500 850 4553 stabat
875 4500 1108 4568 populus
1137 4512 1413 4569 spectans,
1446 4502 1707 4575 [eccum

121 4592 172 4660 '25
213 4602 268 4646 et
295 4592 637 4645 deridebaut
673 4605 798 4644 eum
834 4591 1111 4660 principes
1137 4609 1260 4647 cum
1295 4599 1396 4657 eis,
1428 4595 1708 4648 dicentes:

121 4685 266 4736 Alios
321 4686 519 4737 salvos
570 4683 738 4749 fecit;
783 4699 843 4737 se
889 4685 1099 4737 salvum
1159 4684 1340 4749 faciat,
1393 4687 1436 4739 si
1495 4687 1584 4740 hic
1628 4696 1714 4740 est

119 4775 381 4829 Christus
442 4775 537 4829 Dei
567 4773 794 4828 electus.
853 4770 1126 4845 [cccxxun
1154 4775 1238 4848 2.]
1281 4778 1580 4834 llludebant
1616 4794 1714 4834 au-

122 4877 226 4919 tem
261 4870 316 4921 ei
357 4878 422 4921 et
463 4869 666 4922 milites
715 4869 1056 4931 accedentes,
1089 4881 1144 4924 et
1175 4882 1387 4925 acetum
1422 4871 1714 4928 oilerentes

118 4960 187 5020 ei,
213 4970 269 5013 et
305 4961 578 5012 ιιίερηινδ
605 4967 626 5016 ,⁸
661 4957 714 5010 Si
751 4968 805 5011 tu
837 4975 897 5012 es
931 4976 1023 5013 rex
1053 4959 1389 5024 Judteorum,
1423 4962 1634 5016 salvum
1664 4975 1714 5018 te

119 5048 218 5100 iac.
285 5049 598 5118 [cccxxnu
661 5044 738 5118 1.]
795 5047 922 5100 Erat
979 5062 1161 5102 autem
1219 5058 1271 5103 et
1324 5054 1719 5122 superscriptio

117 5132 322 5209 scripta
387 5154 569 5207 super
620 5154 745 5193 eum
801 5141 997 5194 litteris
1044 5141 1265 5205 Graecis,
1303 5153 1358 5196 et
1406 5143 1639 5210 Latinis,
1667 5156 1720 5200 et

121 5233 422 5286 Hebraicis
457 5247 476 5282 :
524 5231 626 5285 llic
679 5241 761 5284 est
810 5247 904 5286 rex
949 5231 1287 5288 .ludteurum.
1340 5235 1588 5306 [δίκην.
1639 5238 1719 5310 2.]

117 5323 270 5378 linus
328 5334 537 5377 autem
597 5321 803 5385 dehis,
855 5323 945 5390 qui
1007 5325 1340 5391 pendebant,
1391 5329 1719 5389 latronibus,

117 5413 571 5484 blasphemahat
613 5428 737 5465 eum
788 5412 975 5466 dicens
1006 5430 1019 5466 :
1065 5412 1119 5466 Si
1153 5426 1205 5465 In
1239 5431 1296 5466 es
1320 5414 1591 5477 Christus,
1619 5418 1724 5470 sal-

117 5525 240 5560 vum
282 5510 382 5562 {ac
427 5505 790 5572 temetipsum
837 5517 893 5558 et
943 5521 1058 5560 nos.
1113 5505 1378 5578 [cccxxvn
1440 5507 1553 5579 10]
1622 5509 1723 5563 lte-

114 5603 412 5667 spmnlens
452 5609 644 5652 autem
675 5599 813 5652 alter
841 5600 1155 5670 increpabat
1185 5618 1333 5669 eum,
1358 5603 1580 5657 dicens:
1615 5603 1721 5659 Ne-

112 5711 216 5761 que
265 5703 324 5746 tu
364 5693 553 5746 times
611 5692 801 5756 Deum,
852 5693 994 5761 quod
1032 5694 1082 5746 in
1129 5695 1315 5747 eadem
1375 5694 1721 5748 damnatione

1800 3119 1882 3190 8.]
1915 3120 1980 3173 Et
2009 3127 2348 3173 revertentes
2379 3131 2714 3188 paraverunt
2744 3133 2987 3176 aromata
3033 3134 3088 3178 et
3122 3140 3369 3192 unguen—

1804 3226 1856 3265 ta
1887 3228 1902 3268 ;
1934 3218 1988 3263 et
2024 3209 2262 3264 Sabbato
2290 3212 2510 3278 quidem
2556 3212 2828 3268 siluerunt
2872 3216 3176 3270 secundum
3211 3235 3368 3272 mau-

1801 3305 2007 3357 datum.

1874 3392 2035 3465 [ϐαρ.
2090 3392 2278 3448 XXIV.
2321 3409 2605 3461 cccxxxvt,
2660 3394 2735 3468 1.]
2769 3397 2883 3453 Una
2921 3411 3101 3455 autem
3153 3401 3373 3458 Sabbati

1802 3488 1959 3542 valde
1992 3489 2234 3542 diluculo
2285 3499 2550 3542 venerunt
2580 3499 2646 3542 ad
2682 3503 3116 3557 monumentum,
3150 3504 3376 3563 portan-

1807 3592 1906 3645 tes,
1939 3597 2059 3650 qute
2091 3590 2436 3649 paraverant,
2474 3592 2713 3635 aremata
2741 3598 2756 3641 ;
2788 3594 2843 3636 et
2878 3584 3202 3638 invenerunt
3229 3587 3372 3656 lapi-

1805 3674 1925 3727 dcm
1983 3672 2287 3726 revolutum
2343 3688 2372 3723 a
2425 3681 2802 3727 monumento.
2847 3674 2912 3728 Et
2957 3675 3212 3744 ingressae
3261 3696 3370 3736 non

1807 3765 2136 3818 invenerunt
2191 3777 2390 3831 corpus
2444 3760 2656 3816 Domini
2706 3763 2858 3819 Jesu.
2907 3766 2970 3819 Et
3008 3767 3208 3824 factum
3263 3783 3371 3836 est,

1808 3857 1937 3910 dum
1978 3864 2156 3909 mente
2192 3864 2555 3909 consternata:
2607 3865 2789 3908 essent
2823 3857 2890 3912 de
2922 3859 3049 3924 isto,
3102 3876 3230 3916 ecce
3259 3863 3372 3918 duo

1810 3949 1911 4002 viri
2005 3958 2276 4002 steterunt
2362 3963 2521 4002 secus
2589 3948 2708 4000 illas
2777 3950 2828 4003 in
2889 3962 3038 4006 veste
3124 3955 3370 4025 fulgenti.

1811 4040 2132 4114 lcecxxrvu,
2177 4039 2428 4111 2.]-Cum
2478 4040 2734 4094 timerent
2779 4053 2982 4104 autem.
3024 4055 3078 4098 et
3128 4048 3372 4104 declina-

1813 4145 1934 4190 rent
1987 4135 2196 4187 vultum
2238 4133 2291 4186 iu
2331 4140 2534 4187 terram
2565 4174 2580 4192 ,
2635 4133 2887 4189 dixerunt
2925 4137 2990 4190 ad
3041 4139 3156 4192 illas.
3188 4159 3201 4194 :
3233 4145 3375 4206 Quid

1811 4227 2055 4296 qiuet'itis
2099 4227 2376 4279 viventem
2427 4242 2552 4279 cum
2597 4228 2861 4281 tuortuis?
2894 4243 3108 4285 nonest
3141 4233 3247 4294 hic,
3281 4236 3375 4287 sed

1814 4318 2052 4372 surrexit
2089 4333 2102 4372 :
2138 4317 2503 4371 recordamini
2540 4321 2776 4386 qualiter
2828 4321 3039 4377 locutus
3089 4338 3172 4379 est
3203 4330 3382 4389 vobis,

1817 4426 1940 4463 cum
1979 4410 2159 4463 adhuc
2194 4410 2247 4462 in
2275 4409 2492 4464 Galilaaa
2528 4421 2694 4475 esset,
2736 4412 2924 4467 dicens
2955 4432 2969 4467 :
3001 4415 3135 4484 Quia
3167 4429 3374 4487 Oportet

1816 4499 2012 4554 Filium
2048 4501 2286 4555 hominis
2318 4501 2456 4555 tradi
2490 4501 2543 4554 in
2577 4518 2770 4557 tnanus
2817 4507 3094 4560 hominum
3131 4519 3388 4576 peccato--

1817 4608 1960 4658 rum,
1991 4601 2044 4646 et
2091 4593 2356 4662 cruciﬁgi,
2398 4602 2453 4648 et
2501 4592 2590 4647 die
2639 4596 2793 4648 tertia
2843 4612 3147 4666 resurgere.
3190 4599 3260 4654 Et
3297 4619 3399 4657 re-.

1817 4685 2050 4739 cordata:
2095 4694 2222 4738 sunt
2267 4685 2560 4739 verborum
2609 4687 2746 4752 eius.
2796 4685 3144 4758 [cccxxxvun
3189 4691 3270 4764 2.]
3321 4694 3391 4749 Et

1818 4793 2080 4846 regressae
2113 4793 2141 4830 a
2182 4786 2540 4832 monumento
2591 4779 2986 4834 nuntiaverunt
3038 4781 3152 4838 Inec
3203 4787 3386 4839 omnia

1821 4869 1928 4922 illis
1965 4870 2241 4930 undecim,
2273 4876 2329 4923 et
2363 4871 2578 4924 caeteris
2609 4872 2889 4925 omnibus.
2927 4872 3230 4942 [cccvxxm
3270 4877 3390 4949 10.]

1823 4961 1950 5014 Erat
1983 4970 2165 5013 autem
2214 4959 2379 5014 Maria
2416 4961 2756 5031 Magdaleue.
2800 4974 2854 5015 et
2883 4963 3154 5031 Johauna,
3189 4977 3246 5022 et
3275 4967 3390 5022 Ma-

1824 5053 1904 5104 ria
1953 5049 2164 5117 Jacobi,
2213 5061 2270 5104 et
2303 5061 2513 5105 αιτιοι-ω
2566 5069 2686 5121 qua:
2735 5068 2858 5106 cum
2908 5055 2989 5109 eis
3037 5068 3228 5124 erant,
3271 5076 3394 5128 qua.-

1824 5144 2077 5198 dicebant
2106 5145 2172 5196 ad
2211 5147 2492 5212 apostolos
2525 5145 2659 5199 lucc.
2695 5145 2762 5198 Et
2793 5147 2905 5200 visa
2939 5160 3067 5204 sunt
3091 5162 3217 5205 ante
3246 5154 3391 5219 illos,

1825 5237 1968 5291 sicut
2013 5236 2431 5289 th-liramcntum
2459 5276 2473 5301 ,
2526 5238 2689 5291 verba
2727 5241 2827 5292 ista
2857 5257 2870 5293 :
2903 5251 2958 5294 et
2990 5257 3096 5295 non
3143 5241 3393 5296 credide-

1826 5337 1955 5382 runt
2001 5329 2125 5382 illis.
2165 5328 2361 5383 Petrus
2383 5340 2565 5384 autem
2618 5348 2852 5404 surgens
2902 5336 3146 5389 cucurrit
3177 5335 3242 5388 ad
3275 5351 3391 5388 "lt-

1829 5433 2151 5475 numentum
2190 5439 2203 5474 :
2244 5432 2295 5476 et
2337 5424 2705 5492 procumbens
2754 5428 2885 5479 vidit
2923 5426 3235 5482 linteamina
3275 5443 3390 5485 Sma

1829 5514 2026 5580 posita,
2058 5514 2275 5570 ctv.abiit
2303 5531 2486 5569 secum
2536 5519 2740 5570 mirans
2773 5517 2913 5584 quod
2945 5517 3142 5569 factum
3191 5518 3395 5575 fuerat,

1829 5603 2037 5674 [cccvt.,
2073 5603 2156 5676 8.]
2188 5607 2256 5659 Et
2284 5621 2412 5660 ecce
2465 5609 2572 5659 duo
2605 5623 2667 5658 ex
2703 5609 2810 5660 illis
2860 5606 3011 5661 ibant
3062 5613 3174 5678 ipsa
3225 5613 3313 5666 die
3347 5595 3402 5673 tu

1829 5698 2154 5763 castellum»,
2183 5700 2323 5768 quod
2351 5707 2459 5751 crat
2504 5699 2555 5750 in
2589 5699 2762 5766 spatio
2793 5699 3090 5756 stadiorum
3122 5706 3409 5776 Sexaginta
