3880 6168
537 330 638 394 €81

1462 331 1530 389 S.
1568 325 2004 388 IllEllONYMI
2052 323 2312 385 DlVINA
2352 316 2878 381 BIBHOTHECA.
3597 316 3674 377 683

536 449 603 500 ab
637 443 1212 508 Jerttsaiemntomine
1249 442 1539 498 'Emmans.
1572 442 1638 497 Et
1667 442 1767 511 ipsi
1803 440 2096 511 loqueban-
2126 440 2172 501 Δ
2198 446 2460 509 queretur
2500 438 2552 491 in
2585 435 2691 500 via,
2728 443 2784 489 et
2813 429 3055 502 aperiret
3106 427 3260 484 nobis
3311 428 3677 501 Scripturaslllt

541 549 631 593 tur
666 538 733 593 ad
767 538 996 591 invicem
1025 535 1089 590 de
1121 535 1205 588 his
1236 534 1493 590 omnibus
1524 548 1645 604 qua:
1674 531 2007 587 acciderant.
2036 529 2103 584 Et

538 629 740 683 factum
756 638 872 686 est,
896 628 1023 679 dum
1062 626 1439 680 fabularentnr
1485 634 1741 679 etsecum
1771 630 2100 692 qua-rerent,

536 732 590 775 et
620 722 731 789 ipse
760 720 918 774 Jesus
952 720 1398 787 approp’nquans
1447 719 1557 770 ibat
1614 731 1736 768 cum
1781 716 1925 769 illis:
1959 714 2100 768 oculi

537 822 718 865 autem
749 810 963 863 illorum
1004 808 1327 861 tenebantur
1360 822 1423 861 ne
1452 822 1574 860 eum
1616 816 1997 876 agnoscerent.
2034 804 2102 859 Et

537 905 611 961 ait
647 906 712 959 ad
748 904 869 959 illos
906 920 920 958 :
954 904 1306 971 QuisnntJri
1336 918 1635 965 sermones,
1667 917 1805 972 quos
1837 900 2100 955 confertis

537 997 602 1051 ad
634 996 1263 1059 invicematnbnlantes,
1293 1005 1346 1049 et
1371 996 1505 1049 estis
1535 995 1757 1048 tristes?
1789 992 1855 1046 Et
1879 1007 2105 1058 respon-

536 1096 672 1143 «Ιιοηε
703 1104 867 1149 unus,
903 1089 987 1142 cui
1031 1102 1229 1141 nomen
1274 1085 1562 1153 CleOpltas,
1597 1085 1735 1140 dixit
1768 1084 1817 1138 ei
1857 1101 1869 1136 :
1905 1082 1984 1136 Tu
2014 1098 2101 1136 so-

540 1184 623 1234 lus
666 1180 980 1249 peregrinus
1018 1194 1079 1232 es
1116 1178 1168 1231 in
1198 1176 1523 1240 Jerusalem,
1565 1186 1619 1228 et
1654 1189 1759 1229 non
1800 1172 2101 1242 cognoviSti

540 1290 659 1343 qttzc
711 1273 850 1326 facta
900 1281 1038 1325 sunt
1088 1271 1141 1324 in
1196 1270 1283 1323 illa
1324 1269 1406 1321 his
1458 1266 1689 1321 diebus?
1742 1265 1952 1331 Quibus
2014 1264 2102 1317 ille

540 1368 675 1419 dixit
711 1382 725 1420 :
758 1364 923 1431 Quae?
954 1364 1016 1418 Et
1046 1363 1305 1417 dixerunt
1334 1377 1348 1417 :
1378 1360 1449 1415 De
1477 1360 1603 1415 Jesu
1635 1359 1929 1413 Nazarteno
1959 1373 1973 1412 :
2006 1356 2103 1426 qui

540 1459 645 1512 fuit
676 1459 759 1510 vir
792 1455 1085 1525 propheta,
1122 1463 1313 1523 potens
1354 1453 1404 1507 itt
1434 1465 1601 1521 opere
1628 1458 1683 1505 et
1709 1466 1982 1515 sermone,
2010 1466 2104 1505 co-

541 1563 653 1601 ram
697 1546 885 1601 Deo'et
917 1546 1065 1598 omni
1098 1546 1298 1614 pupulo
1331 1561 1345 1598 :
1383 1552 1437 1597 et
1471 1543 1746 1613 quomodo
1783 1558 1907 1598 eum
1936 1542 2104 1597 tradi-

542 1638 743 1691 derunt
790 1637 993 1690 summi
1043 1636 1353 1690 Sacerdotes
1391 1642 1446 1689 et
1494 1634 1768 1705 principes
1820 1633 1993 1688 nostri
2049 1634 2101 1687 in

543 1727 947 1781 damnationem
986 1726 1198 1791 mortis,
1248 1736 1302 1779 ct
1354 1724 1746 1780 cruciﬁxerunt
1795 1739 1942 1779 eum.
1997 1724 2105 1778 Nos

2203 539 2493 600 surgentes
2530 529 2721 585 eadem
2755 526 2888 581 hora
2921 522 3159 592 regressi
3184 531 3301 575 sunt
3325 522 3373 575 in
3404 520 3676 578 Jerusalem:

2192 633 2257 689 et
2293 623 2619 677 invenerunt
2643 626 2998 686 congregatos
3034 612 3300 675 undecim.
3320 623 3371 667 et
3388 628 3471 668 eos
3495 616 3569 684 qui
3588 630 3680 671 cum

2203 713 2310 767 illis
2332 720 2511 775 erant,
2544 711 2786 764 dicentes
2814 722 2828 761 :
2858 705 3012 771 Quod
3042 702 3275 758 surrexit
3314 703 3541 757 Dominus
3572 722 3684 768 rere,

2204 813 2258 857 et
2287 799 2791 873 apparoitSimoni.
2834 798 2898 850 Et
2955 795 3056 865 ipsi
3108 792 3388 849 narrabant
3426 808 3530 864 qua:
3570 808 3684 864 gesta

2205 902 2362 950 erant
2391 893 2442 946 in
2473 892 2557 946 via
2588 909 2601 945 :
2636 900 2691 944 et
2717 887 2989 959 quomodo
3009 893 3372 954 cognoverunt
3401 899 3509 939 eunt
3542 888 3585 939 in
3609 888 3689 939 ira-

2204 988 2385 1041 ctione
2414 985 2566 1054 panis
2596 983 2833 1055 μορίω,
2859 978 2938 1051 9.]
2969 980 3105 1033 Dum
3136 986 3313 1032 autem
3368 978 3468 1033 lucc
3503 978 3687 1046 loquun-

2204 1087 2315 1145 tur,
2353 1079 2506 1134 stetit
2548 1077 2706 1132 Jesus
2744 1077 2797 1129 in
2857 1072 3037 1129 medio
3082 1086 3293 1132 eorum,
3350 1079 3399 1123 ct
3453 1070 3563 1123 dicit
3604 1072 3690 1123 eis:

2205 1170 2316 1228 Pax
2348 1170 2543 1224 vobis:
2604 1184 2704 1238 ego
2757 1182 2900 1229 sum,
2956 1165 3124 1219 nolite
3175 1163 3374 1217 timere.
3434 1163 3688 1217 Conturltati

2206 1279 2340 1317 vero
2400 1272 2455 1316 et
2523 1260 2851 1323 conterriti,
2939 1256 3318 1312 existimabant
3377 1270 3430 1308 se
3489 1255 3691 1322 spiritum

2204 1353 2413 1409 ridere.
2475 1353 2538 1406 Et
2594 1349 2730 1404 dixit
2791 1350 2875 1404 eis
2949 1364 2967 1403 :
3044 1345 3185 1412 Quid
3242 1345 3428 1399 turbati
3471 1349 3596 1407 estis,
3650 1352 3693 1397 et

2207 1448 2570 1517 cngitationes
2631 1445 2932 1499 ascendunt
2983 1444 3035 1497 in
3106 1443 3267 1496 corda
3312 1440 3509 1495 vestra?
3550 1442 3694 1494 \‘idcte

2208 1552 2403 1591 manus
2445 1553 2590 1593 meas
2646 1546 2702 1591 et
2736 1537 2920 1607 pedes,
2951 1536 3078 1605 quia
3102 1549 3203 1603 ego
3242 1535 3352 1602 ipse
3401 1548 3507 1585 sum
3554 1548 3566 1586 :
3613 1532 3694 1601 pal-

2209 1642 2333 1702 pate
2393 1640 2451 1685 et
2478 1630 2674 1696 ridete,
2716 1630 2840 1699 quia
2880 1629 3104 1696 spiritus
3161 1642 3374 1680 carnem
3407 1635 3458 1679 et
3490 1639 3591 1678 ossa
3615 1639 3697 1677 non

2210 1722 2396 1784 habet,
2427 1722 2567 1777 sicut
2599 1736 2684 1775 me
2727 1719 2924 1775 videtis
2962 1719 3185 1773 habere.
3213 1717 3410 1773 Etcum
3444 1716 3532 1770 hoc
3572 1715 3697 1769 dixis-

542 1824 726 1869 antem
787 1816 1142 1885 Sperabamus
1191 1815 1316 1885 quia
1361 1814 1476 1884 ipse
1523 1822 1668 1870 esset
1719 1818 2103 1885 redempturus
2141 1793 2181 1847 Β
2211 1820 2313 1875 set,
2350 1811 2590 1866 ostendit
2638 1812 2720 1867 eis
2780 1825 2976 1865 manus
3022 1818 3078 1864 et
3135 1807 3324 1879 pedes.
3380 1805 3597 1879 [CCCXLll,
3637 1802 3699 1875 9.}

546 1909 750 1964 Ismel"
785 1918 841 1962 et
872 1921 1017 1961 nunc
1059 1920 1223 1975 super
1251 1906 1367 1961 hare
1400 1906 1603 1971 omnia,
1656 1907 1808 1960 tertia
1838 1905 1955 1961 dies
1978 1915 2063 1959 est
2090 1905 2106 1936 ⁸

546 1999 709 2056 hodie
740 2014 846 2069 quo
906 2000 1018 2053 haec
1060 1999 1198 2052 facta
1249 2009 1399 2053 sunt.
1439 1996 1543 2053 Sed
1571 2006 1627 2053 et
1655 1997 1913 2053 mulieres
1958 2014 2106 2069 qua:-

545 2092 669 2148 dam
706 2110 770 2149 ex
821 2091 1023 2147 nostris
1071 2100 1383 2146 terruerunt
1430 2105 1553 2157 nos,
1594 2107 1713 2161 quae
1749 2102 1873 2146 ante
1929 2091 2104 2145 lucem

546 2187 765 2238 fuerunt
798 2183 868 2237 ad
902 2191 1336 2246 monumentum,
1365 2191 1418 2236 et
1449 2197 1556 2235 non
1608 2183 1828 2236 invento
1874 2195 2106 2251 corpore

545 2278 683 2344 ejus,
722 2284 1014 2337 venerunt,
1053 2272 1301 2327 dicentes
1334 2286 1393 2326 se
1426 2273 1587 2326 etiam
1636 2273 1900 2327 visionem
1943 2287 2107 2341 ange-

546 2369 722 2421 lorum
756 2365 975 2429 vidisse,
1013 2365 1103 2434 qui
1140 2363 1327 2418 dicunt
1355 2376 1480 2418 eum
1524 2363 1727 2418 vivere.
1762 2362 1827 2416 Et
1852 2364 2104 2417 abierunt

544 2458 763 2527 quidam
802 2471 866 2511 ex
898 2456 1100 2510 nostris
1146 2456 1213 2509 ad
1267 2464 1677 2510 monumentum
1711 2472 1724 2512 :
1758 2463 1813 2509 et
1845 2455 1915 2509 ita
1951 2454 2104 2507 inve-

544 2555 745 2603 nerunt
786 2547 928 2602 sicut
982 2546 1237 2601 mulieres
1281 2545 1555 2611 dixerunt,
1600 2546 1775 2615 ipsum
1815 2560 1944 2599 vero
1995 2554 2101 2598 non

543 2643 936 2697 invenerunt'.
969 2640 1032 2694 Et
1086 2640 1201 2710 ipse
1246 2638 1381 2693 dixit
1423 2634 1491 2692 ad
1542 2655 1636 2693 eos
1685 2654 1703 2694 :
1749 2637 1792 2693 0
1840 2638 1990 2692 stulti
2051 2646 2105 2692 et

542 2733 677 2787 tardi
712 2733 875 2787 corde
916 2730 981 2786 ad
1014 2729 1366 2795 credendum,
1388 2728 1455 2784 in
1479 2729 1733 2784 omnibus
1766 2745 1888 2799 quae
1937 2728 2103 2783 locuti

540 2834 670 2880 sunt
705 2822 1016 2894 prephettel
1084 2822 1277 2877 Nonne
1325 2822 1437 2875 hazc
1489 2824 1732 2892 oportuit
1784 2822 1892 2890 pati
1938 2820 2105 2874 Chri-

551 2922 718 2978 stum,
750 2924 807 2968 et
839 2914 911 2968 ita
956 2916 1163 2968 intrare
1183 2912 1247 2966 in
1280 2911 1505 2982 gloriam
1524 2914 1711 2966 suam?
1745 2911 1807 2964 Et
1832 2911 2104 2981 incipiens

540 3024 571 3059 a
636 3005 815 3076 Moyse
867 3014 924 3060 ct
965 3004 1220 3059 omnibus
1275 3004 1578 3073 prophetis,
1635 3004 2100 3074 interpretabatur

2208 1901 2404 1956 Adhuc
2435 1911 2618 1955 autem
2653 1900 2762 1955 illis
2786 1915 2899 1955 non
2931 1898 3303 1963 credentibus,
3334 1907 3386 1951 ct
3441 1896 3700 1949 mirantibus

2209 2008 2317 2065 ιιι-ω
2352 1993 2571 2065 gaudio,
2611 1992 2746 2048 dixit
2780 2007 2795 2047 :
2832 1992 3052 2047 Habetis
3078 1992 3168 2047 hic
3191 1988 3412 2060 aliquid,
3440 1988 3563 2058 quod
3586 2002 3701 2039 tuan-

2207 2085 2487 2149 ducetur?
2542 2091 2611 2143 At
2640 2088 2715 2144 illi
2755 2088 3076 2143 obtulerunt
3099 2087 3148 2140 ci
3209 2096 3408 2154 partem
3439 2082 3579 2152 piscis
3622 2076 3701 2132 assl

2209 2198 2262 2241 et
2293 2187 2471 2241 favum
2506 2184 2704 2238 mellis.
2740 2181 2955 2235 Etcum
2986 2177 3368 2232 manducasset
3417 2186 3575 2227 coram
3622 2171 3698 2229 eis,

2208 2294 2433 2335 sumens
2462 2277 2723 2345 reliquias
2757 2272 2907 2328 dedit
2954 2271 3054 2325 eis.
3092 2270 3368 2339 [εεειωιι.
3396 2267 3468 2337 5.]
3500 2266 3553 2319 Et
3598 2264 3701 2317 dixit

2206 2371 2272 2426 ad
2305 2382 2400 2430 eos
2432 2385 2447 2425 :
2488 2369 2611 2422 llaec
2626 2366 2756 2423 sunt
2791 2366 2955 2421 verba
3016 2379 3139 2434 qua:
3172 2365 3382 2418 locutus
3403 2376 3508 2415 sum
3539 2357 3595 2411 ad
3614 2369 3701 2417 vos,

2208 2480 2331 2519 cum
2365 2462 2544 2517 adhuc
2610 2475 2785 2515 essem
2862 2458 3173 2521 vobiscum,
3237 2456 3481 2526 quoniam
3532 2458 3707 2505 necesse

2206 2565 2288 2609 est
2317 2552 2529 2623 impleri
2562 2552 2768 2614 omnia,
2794 2564 2915 2618 qua:
2942 2548 3147 2616 scripta
3183 2556 3312 2600 sunt
3342 2545 3393 2598 in
3422 2545 3525 2610 lege
3558 2539 3705 2609 Moysi,

2207 2652 2257 2700 et
2293 2644 2595 2714 prophetis,
2634 2649 2687 2697 et
2720 2640 2947 2697 Psalmis
2980 2640 3046 2693 de
3076 2654 3189 2693 me.
3221 2638 3372 2692 Tunc
3422 2634 3604 2703 aperuit
3628 2632 3710 2684 illis

2206 2752 2450 2799 Sensum,
2495 2746 2552 2789 ut
2586 2735 2951 2800 intelligerent
2980 2728 3319 2799 Scripturas.
3374 2726 3437 2781 Et
3466 2726 3583 2777 dixit
3608 2721 3707 2773 eis:

2205 2829 2470 2894 Quoniam
2501 2828 2579 2882 sic
2596 2827 2855 2893 scriptum
2879 2833 3051 2888 e51,et
3075 2824 3157 2876 sic
3189 2822 3463 2889 oportebat
3488 2814 3711 2869 thristtnn

2208 2923 2343 2989 pati,
2380 2928 2433 2972 et
2460 2930 2743 2986 resurgere
2778 2931 2805 2969 a
2844 2914 3075 2967 mortuis
3117 2912 3282 2967 tertia
3310 2911 3395 2965 die
3434 2926 3447 2963 :
3478 2920 3527 2961 et
3561 2904 3712 2971 pradi-

2205 3027 2331 3067 care
2366 3012 2419 3064 iit
2462 3008 2681 3063 nomine
2716 3008 2836 3075 ejus
2881 3006 3267 3075 pmnilentiam
3299 3015 3351 3058 et
3403 2999 3714 3055 remissionem

546 3097 653 3151 illis
681 3098 736 3152 in
766 3097 1020 3150 omnibus
1062 3094 1379 3165 Scripturis,
1422 3110 1543 3163 quae
1568 3097 1631 3149 de
1675 3098 1792 3163 ipso
1825 3106 2005 3150 erant.
2036 3096 2097 3149 Et
2131 3116 2169 3169 ο
2204 3111 2548 3173 peccator“...
2589 3102 2641 3153 ίη
2669 3114 2859 3153 omnes
2892 3107 3098 3166 gentes,
3134 3094 3513 3165 incipientibus
3541 3083 3715 3142 anum.

537 3190 1113 3257 appropinquaverunt
1173 3187 1397 3241 castello
1435 3202 1543 3254 quo
1587 3186 1778 3239 ibant:
1811 3194 1865 3240 et
1891 3188 2006 3255 ipse
2038 3203 2095 3241 se

542 3282 699 3335 tinxit
731 3280 947 3347 longius
980 3279 1078 3333 ire.
1120 3278 1184 3331 Et
1234 3292 1533 3345 coegerunt
1571 3278 1746 3343 illum,
1801 3278 2047 3333 dicentes
2083 3298 2096 3333 :

540 3370 695 3424 Mane
725 3369 1035 3427 nobiscum.
1071 3368 1330 3437 quoniam
1385 3368 1812 3436 advesperascit.
1854 3374 1909 3421 et
1945 3367 2101 3421 incli-

540 3470 667 3515 nata
704 3468 789 3515 est
815 3460 924 3529 jam
949 3458 1084 3513 dies.
1124 3459 1189 3513 Et
1216 3458 1440 3512 intravit
1477 3473 1600 3511 cun:
1645 3459 1769 3513 illis.
1799 3460 1864 3513 Et
1890 3459 2096 3513 lactant

539 3564 644 3616 est,
672 3552 802 3605 dum
831 3551 1174 3605 recumberet
1218 3566 1339 3605 cum
1399 3551 1501 3613 eis,
1556 3551 1769 3618 accepit
1793 3566 2009 3619 panem,
2045 3561 2100 3604 et

539 3643 839 3705 benedixit,
876 3657 939 3697 ac
969 3642 1154 3711 l'regit,
1209 3651 1263 3695 ct
1292 3642 1602 3711 porrigebat
1635 3641 1764 3697 illis.
1825 3642 1887 3696 Et
1925 3646 2097 3711 aperti

538 3746 667 3789 sunt
727 3736 870 3790 oculi
922 3749 1136 3797 eorum,
1196 3745 1253 3788 ct
1300 3742 1671 3803 cognoverunt
1700 3750 1825 3788 cum
1855 3750 1869 3786 :
1904 3748 1954 3787 ct
1986 3736 2101 3802 ipse

536 3826 915 3881 evananuitex
934 3826 1107 3879 oculis
1131 3840 1342 3880 eorum.
1376 3828 1438 3879 lit
1464 3826 1717 3880 dixerunt
1748 3826 1813 3878 ad
1840 3826 2097 3879 invict-tn:

536 3916 728 3972 Nonae
766 3933 861 3973 cur
891 3928 1133 3971 nostrum
1159 3918 1357 3971 ardens
1396 3927 1514 3972 erat
1551 3919 1603 3972 in
1637 3920 1814 3983 nobis,
1844 3919 1971 3971 dum
2010 3918 2092 3970 ιο.

2212 3194 2500 3263 rosolyma.
2529 3191 2636 3245 Vos
2664 3199 2843 3245 autem
2870 3198 3035 3243 testes
3058 3189 3193 3243 estis
3212 3189 3424 3241 horum.
3444 3185 3503 3238 Et
3523 3179 3715 3251 egotnit-

2215 3296 2268 3338 to
2300 3284 2625 3353 promissum
2660 3281 2837 3336 Patris
2864 3281 2967 3335 mei
3004 3281 3055 3334 in
3084 3296 3185 3333 vos
3216 3296 3231 3333 :
3264 3294 3355 3332 vos
3382 3287 3544 3331 autem
3573 3273 3714 3326 sedete

2213 3375 2264 3427 in
2300 3373 2537 3435 civitate,
2562 3374 2923 3443 quoadusque
2950 3372 3263 3425 induamini
3309 3370 3502 3424 virtute
3538 3380 3594 3419 et
3617 3362 3713 3414 alto.

2211 3466 2406 3520 Eduxit
2458 3476 2638 3518 autem
2699 3480 2793 3517 eos
2827 3462 2971 3517 foras
3024 3464 3076 3515 in
3104 3462 3428 3516 Bethaniam
3479 3468 3527 3512 ct
3576 3454 3715 3506 clera-

2205 3558 2275 3607 tls
2326 3554 2575 3608 manibus
2612 3569 2722 3607 su:s
2788 3555 2921 3607 bene
2972 3553 3110 3606 dixit
3161 3554 3268 3608 eis.
3317 3552 3381 3607 Et
3414 3551 3591 3604 iactum
3635 3552 3713 3603 cst,

2200 3649 2326 3699 tium
2365 3647 2715 3701 benediceret
2741 3646 2867 3708 illis,
2906 3644 3141 3699 reecssit
3169 3646 3238 3698 ab
3274 3644 3372 3708 cis,
3421 3653 3472 3695 ct
3500 3639 3718 3693 ferebatur

2203 3734 2254 3785 in
2315 3735 2532 3787 cozlum.
2602 3733 2669 3788 Et
2711 3733 2815 3803 ipsi
2847 3734 3161 3799 adorantes,
3232 3730 3459 3802 regreSsi
3520 3736 3629 3781 sunt
3674 3722 3716 3775 in

2199 3822 2500 3879 Jerusalem
2541 3838 2665 3878 cum
2698 3826 2893 3894 gaudio
2929 3840 3125 3892 magno
3171 3841 3185 3877 :
3217 3836 3272 3876 et
3297 3830 3446 3876 erant
3480 3832 3659 3884 semper
3680 3814 3718 3864 in

2217 3916 2440 3986 lcmplo,
2491 3916 2775 3972 laudantes
2830 3926 2883 3972 ct
2944 3917 3340 3972 bcnediccntes
3371 3912 3719 3968 Dcum.Atucn-

1578 4034 1810 4103 Explicit
1834 4035 2181 4105 Evangelium
2200 4033 2481 4088 secttndum
2512 4032 2729 4088 Lucam.

612 4158 627 4187 ²
671 4158 900 4215 Verbum
935 4166 1010 4211 est
1040 4159 1094 4214 in
1132 4175 1240 4213 uno
1266 4157 1524 4212 Vaticano
1574 4171 1677 4211 ms.
1717 4157 2084 4210 desideratur.

607 4228 825 4283 'Nostti
851 4246 981 4283 mss.
1017 4233 1218 4283 rectius
1236 4230 1300 4283 ad
1331 4227 1575 4282 Grtecum
1621 4228 1971 4294 archetypum
1997 4229 2096 4277 οὐκ

567 4370 918 4385 W

2199 4151 2340 4208 εἶδον
2376 4156 2458 4209 rel
2482 4155 2698 4224 εἴδομεν
2740 4153 2946 4209 habent.
2984 4171 3087 4210 non
3116 4155 3392 4218 viderunt,
3424 4165 3517 4222 pro
3550 4159 3637 4199 non
3659 4141 3723 4193 itt-

2203 4236 2476 4281 venerunt.

3668 4349 3719 4363 ό

2000 4527 2303 4605 ‘lNClPlT

857 4715 1797 4839 EVANGELIUM
1886 4714 2658 4836 SECUNDUM
2719 4636 3456 4839 JOANNEM.

609 5139 766 5213 [ϐαρ.
792 5134 1058 5208 l.t,'5.]ln
1075 5136 1341 5208 principio
1356 5149 1473 5193 crat
1500 5136 1759 5206 Verbum,
1791 5146 1844 5193 et
1866 5137 2105 5193 Verbum
2139 5140 2183 5192 υ
2213 5148 2473 5195 tacuerat
2494 5138 2751 5195 Joannes.
2777 5136 2878 5195 llic
2914 5138 3141 5194 venitin
3170 5139 3563 5199 testimonium,
3584 5142 3633 5185 ut
3678 5138 3737 5181 tc-

538 5242 656 5289 crat
700 5233 840 5300 apud
870 5228 1056 5292 Deum,
1081 5240 1135 5283 et
1165 5226 1310 5284 Deus
1331 5244 1446 5283 erat
1468 5226 1730 5285 Verbum.
1755 5230 1866 5284 lloc
1900 5241 2023 5284 erat
2051 5229 2106 5283 in

539 5325 804 5394 priuetpio
834 5322 972 5390 apud
994 5322 1180 5374 Deum.
1200 5320 1393 5375 Omnia
1425 5337 1522 5390 per
1544 5322 1719 5391 ipsum
1743 5321 1886 5376 facta
1917 5331 2045 5375 sunt
2087 5336 2101 5373 :

536 5428 590 5472 et
622 5417 739 5469 sine
772 5416 887 5484 ipso
910 5414 1110 5467 factum
1139 5423 1220 5466 est
1247 5413 1555 5481 nihil,quod
1588 5415 1797 5467 factum
1846 5421 1931 5467 est
1964 5430 1982 5480 ;
2050 5412 2105 5465 in

534 5506 655 5576 ipso
710 5508 816 5561 vita
852 5516 989 5570 crat,
1030 5516 1082 5560 et
1129 5508 1237 5559 vita
1263 5516 1377 5559 erat
1417 5506 1505 5558 lux
1536 5504 1818 5559 hominum
1864 5517 1960 5559 :ct
2010 5506 2104 5559 lux

538 5600 592 5652 'tn
628 5601 866 5653 tenebris
898 5601 1060 5662 lucet,
1096 5610 1146 5651 et
1177 5597 1413 5651 tenebrat
1446 5612 1565 5650 eam
1607 5613 1712 5650 non
1741 5602 2104 5667 comprehen-

535 5687 753 5741 derunt.
784 5689 866 5759 lu,
897 5688 977 5760 5.]
1008 5688 1126 5742 Fuit
1161 5689 1321 5743 homo
1371 5690 1567 5744 missus
1600 5706 1629 5743 a
1684 5684 1817 5756 Deo,
1875 5690 1959 5744 cui
1996 5707 2093 5744 ιιι)-

2219 5233 2541 5286 Stitnonium
2570 5232 2882 5302 perhiberet
2904 5231 2971 5286 de
3002 5232 3238 5299 lumine,
3270 5242 3331 5285 ut
3385 5242 3562 5286 attines
3586 5226 3734 5276 creue-

2206 5334 2325 5379 rent
2345 5324 2631 5393 perjllum.
2654 5325 2773 5380 Non
2791 5334 2911 5379 erat
2934 5324 3020 5378 ille
3053 5324 3179 5391 lux,
3206 5326 3305 5379 sed
3331 5335 3388 5378 ut
3419 5317 3734 5377 testimonium

2206 5418 2520 5486 pet-luberet
2549 5419 2615 5471 de
2639 5418 2864 5471 lumine.
2898 5416 3005 5487 [ll],
3027 5415 3111 5488 3.]
3143 5416 3283 5473 Erat
3332 5416 3423 5470 lux
3459 5428 3595 5476 vera,
3641 5414 3734 5475 ψη

2208 5509 2481 5563 illuminat
2536 5524 2751 5563 onmem
2814 5510 3090 5563 hominem
3148 5511 3470 5564 venientem
3518 5508 3567 5557 in
3613 5502 3731 5554 hunc

2206 5602 2493 5655 mundum.
2527 5600 2585 5653 In
2633 5601 2833 5653 mundo
2882 5609 3022 5661 erat.
3075 5610 3138 5654 et
3176 5601 3419 5655 mundus
3452 5611 3541 5666 per
3588 5593 3733 5660 ipsum

2208 5692 2392 5747 factus
2423 5704 2528 5758 cst,
2560 5708 2613 5747 et
2642 5700 2872 5747 mundus
2902 5708 3025 5747 eum
3058 5708 3178 5745 non
3208 5694 3483 5763 cognorit.
3519 5690 3603 5759 ίεν,
3636 5670 3727 5744 lG-i
