3880 6168
137 334 227 397 G83

1192 333 1686 396 EVANGELIUM
1732 335 1885 395 ΒΕΘ.
1924 335 2309 396 ΙΟΛΝΧΕΜ.

3255 333 3364 401 προ

130 451 176 505 in
227 452 441 519 propria
495 447 663 514 venit,
722 456 778 502 et
833 446 918 502 sui
967 461 1092 501 cum
1155 462 1263 500 non
1335 457 1680 515 receperunt.
1716 458 1759 513 Α
1788 452 1945 515 stcr),
1980 447 2071 502 ubi
2100 447 2311 501 habitas
2342 444 2631 498 ?Dicit”cis
2664 460 2677 499 :
2716 422 2925 507 Venite.
2954 452 3008 499 et
3034 443 3233 498 videte.
3255 446 3360 501 Ve-

126 542 381 608 Quotquot
454 550 635 593 autem
699 547 1026 607 receperunt
1066 551 1217 602 eum,
1279 537 1430 592 dedit
1484 540 1565 591 eis
1589 554 1682 605 po-

132 639 360 685 teSIatem
420 630 561 685 (ilius
614 629 709 682 Dei
760 628 899 692 ﬁeri,
977 628 1084 692 bis,
1146 627 1239 695 qui
1323 628 1558 683 credunt
1627 629 1678 681 in

127 725 325 779 nomine
384 723 506 790 ejus
567 737 581 773 :
652 721 749 791 qui
794 737 900 775 non
957 736 1022 775 ex
1058 720 1437 789 sanguinibus,
1500 737 1681 789 neque

127 826 169 872 et
227 816 503 869 voluntate
562 813 764 877 carnis,
847 828 1027 881 neque
1076 828 1143 867 ex
1207 812 1482 865 voluntate
1554 812 1676 876 viri,

126 908 202 962 sed
243 923 305 961 ex
344 906 457 958 Dro
482 904 594 961 nati
624 914 770 957 sunt.
811 902 888 974 [v.
923 902 1004 975 3.]
1040 902 1104 956 Et
1140 901 1378 958 Verbum
1411 918 1537 957 caro
1570 903 1682 956 iac-

130 1008 219 1048 tum
250 1005 351 1058 est,
389 1007 443 1047 et
477 992 744 1046 habitavit
777 993 830 1045 in
868 993 1025 1046 nobis
1055 1009 1070 1047 :
1100 1001 1151 1046 et
1172 992 1406 1046 vidimus
1452 992 1675 1059 gloriam

129 1088 255 1156 ejus,
322 1084 553 1153 gloriam
597 1082 754 1153 quasi
821 1082 1157 1153 Unigenitia
1205 1083 1387 1145 Patre,
1453 1081 1675 1150 plenum

132 1177 295 1245 gratiae
332 1185 387 1227 et
422 1178 689 1228 veritatis.
722 1172 740 1245 [
781 1190 857 1237 Vl,
896 1173 940 1228 l.
984 1172 1000 1244 ]
1034 1173 1274 1229 Joannes
1298 1172 1673 1228 testimonium

132 1267 354 1335 perbibet
382 1266 610 1334 deipso,
647 1279 703 1322 et
728 1266 926 1320 clamat
959 1266 1149 1321 dicens
1175 1282 1190 1321 :
1213 1267 1312 1321 Hic
1341 1274 1479 1330 erat,
1512 1282 1673 1335 quem

134 1358 215 1413 dixi
255 1358 400 1422 :Qui
435 1366 554 1425 post
592 1374 677 1411 mc
710 1367 977 1412 venturus
1004 1367 1108 1421 est,
1176 1368 1303 1413 ante
1362 1372 1447 1412 me
1498 1358 1678 1411 factus

134 1458 195 1504 est
225 1490 241 1515 ,
270 1449 395 1518 quia
422 1448 577 1517 prior
618 1465 703 1502 me
732 1460 867 1503 erat.
901 1449 921 1521 [
957 1466 1047 1512 νιι,
1090 1449 1199 1521 10.|
1231 1451 1297 1504 Et
1332 1449 1401 1505 de
1431 1449 1674 1519 plenitu-

137 1541 238 1595 dine
268 1541 383 1611 ejus
414 1556 522 1596 nos
566 1556 756 1596 omnes
817 1542 1151 1612 accepimus,
1196 1552 1251 1597 et
1287 1542 1517 1613 gratiam
1575 1559 1677 1613 pro

137 1630 299 1700 gratia.
328 1631 466 1697 Quia
497 1631 583 1684 lex
614 1646 712 1699 per
734 1631 950 1701 Moysen
990 1631 1114 1685 data
1148 1639 1253 1695 est,
1289 1632 1462 1701 gratia
1496 1643 1551 1689 et
1578 1648 1672 1687 ve-

137 1723 244 1776 ritas
270 1737 365 1791 per
387 1720 872 1776 Jesumeristum
904 1722 1050 1776 facta
1076 1732 1181 1776 cst.
1217 1720 1360 1793 [vm,
1389 1722 1471 1795 5.]
1499 1723 1669 1777 Deum

136 1826 263 1870 nemo
291 1812 694 1882 viditgtnquaut
730 1828 747 1878 ;
784 1812 1099 1882 unigenitus
1134 1812 1325 1873 Filius,
1354 1812 1448 1881 qui
1479 1824 1564 1869 est
1616 1814 1668 1867 in
1705 1801 1748 1861 Β

136 1905 231 1960 sinu
269 1904 467 1964 Patris.
495 1906 613 1977 ipse
662 1910 962 1961 enarravit.
1001 1906 1013 1977 Ι
1051 1906 1286 1980 Ix,10.]
1324 1907 1391 1962 Et
1423 1908 1529 1963 hoc
1585 1921 1668 1965 est

139 1998 479 2057 testimonium
504 1996 751 2067 Joannis,
790 1998 1013 2067 quando
1066 1998 1337 2053 miserunt
1368 1997 1543 2054 Judaei
1604 2001 1673 2056 ab

137 2086 493 2159 Hierosolymis
522 2089 839 2145 sacerdotes
873 2103 929 2144 et
947 2090 1143 2145 levitas
1172 2090 1239 2143 ad
1266 2106 1417 2153 eum.
1473 2102 1532 2146 ut
1590 2092 1675 2146 in-

139 2188 438 2250 terrogarent
470 2196 598 2236 cum
631 2195 648 2234 :
694 2182 772 2237 Tu
807 2182 930 2250 quis
958 2197 1018 2237 es
1046 2182 1069 2234 ?
1103 2182 1165 2235 Et
1205 2183 1494 2239 confessus
1540 2197 1625 2240 est
1655 2224 1670 2248 .

133 2281 287 2327 etnon
307 2274 523 2343 negavit
551 2288 565 2327 :
597 2283 653 2328 et
680 2274 960 2336 confessus
989 2284 1072 2329 est
1104 2291 1121 2331 ;
1177 2275 1314 2341 Quia
1380 2290 1489 2329 non
1549 2292 1672 2329 sum

134 2378 214 2431 ego
238 2361 505 2419 Christus.
539 2362 602 2417 Et
624 2364 1242 2433 interrogaverunteum
1279 2380 1295 2418 :
1330 2362 1471 2430 Qttid
1503 2380 1631 2434 ergo
1653 2365 1678 2417 ’ἔ

134 2454 251 2511 Elius
282 2471 340 2511 es
370 2465 425 2510 tu
454 2457 478 2509 ἲ
515 2456 579 2509 Et
616 2456 756 2513 dixit
791 2455 945 2515 :Non
980 2474 1123 2511 sum.
1157 2457 1432 2526 Propheta
1483 2472 1544 2513 es
1574 2455 1677 2509 tu?

136 2545 183 2599 Et
205 2547 475 2618 respondit
504 2563 520 2601 :
550 2547 690 2605 Non.
720 2549 985 2606 Dixerunt
1015 2565 1147 2620 ergo
1169 2550 1218 2604 ei
1268 2564 1285 2608 :
1313 2550 1446 2616 Quis
1471 2564 1553 2613 es,
1612 2559 1674 2604 ut

133 2653 422 2707 responsum
462 2641 658 2697 demus
686 2642 792 2707 his,
831 2642 923 2714 qui
957 2643 1223 2701 miserunt
1258 2641 1555 2712 nos?quid
1592 2642 1675 2695 di-

132 2725 196 2779 cis
224 2731 285 2782 de
313 2740 364 2784 ω
394 2729 564 2797 ipso?
611 2729 691 2803 [x.
727 2730 804 2803 1.]
826 2733 914 2787 Ait
943 2749 956 2786 :
988 2733 1098 2803 Ego
1126 2749 1227 2787 vox
1272 2733 1562 2789 clamantis
1605 2735 1661 2788 iu

132 2818 320 2875 deserto
350 2838 367 2876 :
404 2821 634 2897 Dirigite
660 2825 802 2880 viam
845 2826 1085 2888 Domini,
1118 2828 1263 2883 sicut
1316 2828 1455 2882 dixit
1506 2828 1675 2886 Isaias

130 2912 432 2985 propheta.[
460 2931 536 2981 ιι,
573 2914 683 2988 10.]
716 2916 781 2971 Ει
808 2917 901 2988 qui
934 2919 1086 2973 miSsi
1120 2920 1361 2983 fuerant,
1390 2930 1553 2973 erant
1583 2937 1652 2974 ex

132 3001 408 3061 l’ltarismis.
450 3008 519 3065 Et
576 3008 1055 3079 interrogaverunt
1104 3025 1251 3073 eum,
1307 3017 1363 3065 et
1409 3010 1671 3065 dixerunt

128 3098 203 3149 ei:
233 3098 364 3163 Quid
378 3114 511 3174 ergo
537 3100 801 3171 haptizas,
848 3101 896 3156 si
959 3111 1015 3157 tu
1045 3119 1231 3158 nones
1268 3103 1542 3169 Christus,
1572 3118 1670 3157 nc-
1697 3132 1745 3197 ο

129 3203 215 3255 que
261 3192 428 3252 Eiias.
493 3208 669 3263 neque
724 3196 1039 3264 propheta?
1086 3195 1206 3270 [x:t.
1271 3195 1350 3268 1.]
1415 3199 1673 3267 Respon-

125 3280 190 3332 dit
212 3282 286 3339 eis
331 3283 598 3349 Joannes,
643 3286 879 3343 dicens:
925 3287 1038 3354 Ego
1093 3289 1309 3359 haptizo
1367 3291 1423 3344 in
1477 3307 1618 3360 aqua
1657 3309 1671 3348 :

126 3373 312 3429 medius
357 3386 541 3429 autem
595 3388 833 3433 vestrum
876 3381 1045 3444 stetit,
1106 3397 1267 3453 quem
1334 3398 1431 3437 vos
1500 3384 1517 3414 ⁸
1578 3400 1671 3440 ne-

124 3466 271 3520 scitis.
326 3468 455 3537 Ipse
532 3480 635 3539 est,
698 3471 792 3539 qui
855 3483 975 3539 post
1027 3488 1115 3527 me
1182 3484 1446 3530 venturus
1500 3485 1586 3532 est
1653 3520 1669 3544 ,

123 3555 342 3621 quiante
394 3573 481 3612 me
543 3558 718 3614 factus
774 3567 878 3624 est,
906 3560 1063 3630 cujus
1119 3576 1223 3631 ego
1262 3578 1368 3617 non
1416 3578 1537 3618 sum
1593 3566 1676 3620 di-

125 3662 255 3712 gnus,
298 3658 360 3719 ut
396 3650 601 3705 solvam
630 3652 748 3721 ejus
764 3653 1051 3720 corrigiam
1088 3654 1467 3709 calceamenti.
1504 3653 1624 3729 [ιιιιι
1656 3698 1672 3724 ,

126 3737 219 3809 10.]
248 3739 371 3797 llam
400 3744 455 3796 in
492 3743 756 3799 Bethania
784 3744 923 3799 facta
952 3756 1078 3799 sunt
1112 3755 1264 3801 trans
1323 3746 1618 3804 Iordanem
1653 3790 1672 3818 ,

119 3833 195 3886 ubi
218 3843 332 3888 erat
357 3836 600 3891 Joannes
622 3836 925 3907 baptizans.
950 3837 1131 3892 Altera
1161 3838 1252 3893 die
1304 3839 1442 3893 vidit
1503 3839 1671 3895 Joan-

119 3921 394 3979 nchesum
414 3927 723 3981 venientem
761 3928 829 3980 ad
873 3942 956 3992 se,
992 3938 1047 3983 et
1078 3929 1157 3982 ait
1198 3945 1213 3983 :
1292 3928 1433 3985 Ecce
1489 3947 1671 4000 agnus

119 4016 219 4078 Dei.
250 4036 377 4076 ecce
408 4024 505 4091 qui
548 4023 689 4079 tollit
716 4033 999 4093 peccatum
1036 4025 1248 4080 mundi.
1275 4024 1413 4099 μιν,
1453 4024 1540 4102 1.]
1574 4025 1673 4083 ilic

115 4110 272 4166 estde
305 4129 415 4182 quo
442 4114 553 4168 dixi
590 4114 868 4181 :I’Ostme
909 4115 1059 4171 venit
1102 4116 1205 4184 vir,
1264 4133 1356 4187 qut
1413 4128 1540 4172 ante
1586 4134 1673 4173 nte

114 4199 413 4271 metusest;
454 4206 582 4274 quia
621 4206 773 4273 prior
790 4222 876 4261 me
906 4216 1043 4264 erat.
1073 4207 1140 4263 Et
1203 4222 1305 4279 ego
1348 4208 1669 4263 nesciebam

111 4307 218 4345 eum
250 4335 267 4360 ,
297 4296 396 4349 sed
418 4305 479 4348 ut
502 4297 953 4353 manilesteturin
990 4299 1180 4365 israel,
1210 4309 1497 4369 propterea
1542 4304 1669 4355 veni

108 4400 196 4452 ego
221 4387 270 4441 in
294 4404 443 4458 aqua
477 4390 777 4459 baptizatus.
810 4391 919 4463 [xv,
943 4392 1022 4465 1.]
1046 4393 1115 4448 Et
1145 4392 1518 4448 testimonium
1541 4408 1672 4464 per-

1791 549 2013 604 nerunt,
2066 550 2123 595 et
2163 540 2413 593 viderunt
2454 538 2542 592 ubi
2608 547 2874 599 maneret.
2919 548 2974 592 et
3028 536 3171 607 apud
3231 552 3359 595 cum

1788 638 2107 685 manserunt
2138 631 2224 685 die
2251 631 2344 685 illo
2372 650 2385 684 :
2416 630 2548 683 hora
2573 638 2757 683 autem
2790 640 2908 684 erat
2936 627 3093 698 quasi
3122 629 3356 689 decima.

1785 720 1916 777 Erat
1939 732 2119 776 autem
2150 722 2395 777 Andreas
2419 722 2586 776 frater
2620 720 2864 776 Simonis
2920 719 3067 775 Petri
3117 738 3258 777 unus
3288 737 3359 777 ex

1783 815 2018 875 duobus.
2046 816 2137 883 qui
2171 815 2462 869 audierant
2489 831 2518 869 a
2550 815 2780 877 Ibannc.
2811 823 2864 870 ct
2904 814 3078 869 secuti
3138 815 3360 870 fuerant

1780 923 1933 962 eum.
1958 909 2119 980 [xvn,
2152 907 2231 979 1.]
2261 908 2475 962 invenit
2515 908 2603 962 hic
2655 909 2889 977 primunt
2922 907 3145 971 fratrem
3192 894 3367 963 suum'

1784 997 2085 1063 Simonem,
2113 1007 2168 1053 et
2205 998 2341 1052 dicit
2365 999 2416 1051 ei
2454 1016 2467 1052 :
2501 999 2819 1053 invenimus
2877 997 3127 1052 Messium
3178 997 3353 1068 (quod

1780 1095 1865 1141 est
1896 1089 2339 1157 interpretatum,
2375 1089 2672 1157 Christus.)
2736 1088 2795 1142 Et
2823 1088 3051 1144 adduxit
3105 1104 3230 1142 eum
3282 1089 3351 1142 ad

1778 1179 1989 1234 Jesum.
2026 1180 2262 1235 intuitus
2296 1191 2477 1236 autem
2508 1197 2634 1236 eum
2660 1179 2838 1244 Iesus,
2864 1180 3001 1234 dixit
3029 1197 3044 1236 :
3076 1180 3156 1234 Tu
3185 1195 3245 1235 es
3271 1180 3356 1235 Si-

1779 1289 1905 1328 mon
1938 1274 2082 1329 i‘tiins
2112 1273 2247 1329 Jona
2284 1293 2296 1329 :
2328 1283 2384 1329 tu
2417 1276 2701 1330 vocaberis
2730 1275 2944 1343 Cephas
2976 1272 3141 1343 (quod
3170 1273 3337 1328 inter-

1779 1376 2021 1436 pretator
2045 1366 2287 1437 Petrus.)
2319 1366 2495 1439 [xvnt,
2535 1363 2649 1437 10.]
2700 1365 2757 1421 In
2789 1364 3088 1421 crastinum
3122 1368 3141 1396 '
3179 1364 3353 1420 voluit.

1779 1460 1929 1514 exire
1961 1459 2013 1514 in
2046 1459 2347 1525 Galilaeam,
2378 1469 2431 1515 et
2459 1459 2671 1513 invenit
2696 1457 3033 1527 Philippum.
3092 1457 3160 1513 Et
3214 1456 3354 1512 dicit

1777 1549 1827 1603 ci
1856 1548 2067 1604 Jesus:
2120 1549 2361 1618 Sequere
2393 1565 2500 1604 me.
2562 1549 2689 1604 Erat
2722 1558 2906 1602 autem
2960 1547 3247 1616 Philippus
3311 1563 3342 1601 a

1779 1642 2094 1705 Bethsaida,
2119 1644 2341 1697 civitate
2389 1642 2627 1697 Androm
2655 1651 2709 1695 et
2739 1640 2906 1696 Petri.
2937 1639 3157 1695 invenit
3218 1639 3354 1693 Phi-

1779 1733 1963 1803 lippus
1987 1732 2309 1797 Nathanaei,
2351 1741 2406 1788 et
2436 1733 2572 1787 dicit
2604 1733 2655 1786 ei
2699 1749 2715 1789 :
2742 1732 2915 1798 Quem
2951 1730 3177 1800 scripsit
3204 1730 3350 1802 8on-

1776 1841 1862 1879 ses
1890 1826 1942 1878 in
1978 1824 2142 1891 Lege.
2175 1835 2232 1879 et
2258 1826 2559 1893 prophetae,
2588 1825 2899 1879 invenimus
2932 1823 3125 1879 Iesum
3160 1823 3347 1877 “lilium

1774 1913 1972 1982 Joscph
1998 1930 2026 1968 a
2055 1915 2351 1969 Nazarcth.
2389 1915 2449 1966 Et
2479 1915 2617 1968 dixit
2645 1916 2693 1968 ei
2716 1914 3017 1969 Nathanaol
3047 1932 3061 1968 :
3104 1915 3145 1967 A
3174 1914 3354 1969 Naza-

1776 2006 1894 2058 reth
1938 2014 2116 2073 potest
2149 2005 2351 2071 aliquid
2385 2005 2509 2060 boni
2550 2005 2715 2060 esse?
2750 2005 2963 2059 Di'citei
3004 2004 3290 2074 Philippus
3333 2020 3349 2056 :

1775 2094 1932 2158 Veni,
1967 2104 2023 2150 et
2047 2094 2191 2148 vide.
2220 2094 2364 2149 Vidit
2396 2092 2556 2149 Jesus
2612 2094 2916 2149 Nathanael
2943 2095 3254 2150 venientem
3283 2094 3351 2149 ad

1775 2201 1858 2251 se,
1889 2197 1944 2241 et
1964 2185 2100 2241 dicit
2131 2185 2199 2239 de
2213 2202 2279 2257 eo
2308 2202 2323 2243 :
2352 2186 2490 2240 Ecce
2516 2202 2643 2241 vere
2661 2185 2930 2252 Israelita,
2956 2186 3011 2241 in
3071 2201 3178 2253 quo
3195 2186 3357 2253 dolus

1778 2286 2012 2332 nonest.
2054 2278 2195 2332 Dicit
2219 2279 2267 2332 ei
2310 2277 2609 2333 Nathanael
2640 2296 2654 2332 :
2696 2275 2853 2333 Unde
2883 2292 2966 2331 me
3002 2277 3143 2333 nosti
3175 2278 3198 2331 ἲ
3250 2277 3356 2333 Ite—

1776 2371 1997 2440 spondit
2024 2370 2265 2435 Jesus,et
2295 2371 2522 2428 dixitei
2558 2385 2575 2428 :
2615 2370 2943 2440 Priusquam
2984 2380 3046 2427 te,
3074 2371 3357 2441 Philippus

1777 2472 2027 2528 vocaret,
2061 2465 2185 2518 eut’n
2214 2479 2367 2520 esses
2392 2465 2498 2519 sub
2521 2463 2646 2529 lico,
2694 2463 2803 2520 vidi
2840 2473 2913 2518 te.
2964 2463 3273 2535 Respondit
3303 2463 3357 2518 ei

1776 2556 2098 2621 Nathanael,
2128 2566 2184 2612 et
2214 2557 2333 2613 ait:
2375 2559 2572 2622 Rabbi,
2601 2566 2657 2611 tu
2681 2572 2744 2612 es
2793 2554 2966 2612 Filius
3007 2556 3125 2619 Dei,
3182 2566 3238 2611 tu
3295 2571 3357 2625 es

1780 2664 1869 2702 rex
1896 2646 2082 2702 Israel.
2117 2646 2616 2719 RcsponditJesus,
2648 2655 2704 2702 et
2733 2645 2885 2700 dixit
2917 2645 2969 2701 ei
3004 2662 3019 2700 :
3054 2644 3190 2710 Quia
3239 2645 3358 2703 dixi

1764 2726 1875 2793 tibi
1905 2755 1921 2794 :
1960 2738 2078 2794 Vidi
2103 2748 2155 2793 te
2183 2738 2287 2793 sub
2312 2737 2436 2804 licu,
2472 2738 2656 2793 credis
2692 2753 2709 2794 :
2749 2736 2941 2806 majus-
2973 2735 3059 2790 his
3114 2734 3351 2792 videbis.

1778 2831 1842 2886 Et
1865 2832 1999 2886 dicit
2022 2830 2072 2885 ei
2101 2846 2116 2887 :
2147 2832 2343 2895 Amen,
2390 2845 2551 2885 amen
2587 2829 2714 2884 dico
2740 2828 2917 2892 vobis,
2954 2827 3346 2883 videbitis-coe-

1776 2923 1888 2977 lum
1917 2932 2192 2991 apertum,
2220 2932 2274 2977 et
2298 2920 2531 2991 angelos
2559 2919 2650 2973 Dei
2716 2916 3078 2975 ascendentes
3133 2927 3189 2970 et
3245 2915 3346 2970 de-

1776 3015 2105 3070 scendentes
2143 3030 2308 3083 supra
2337 3013 2537 3069 Filium
2575 3011 2838 3066 hominis.

1849 3104 2027 3178 [ϐαρ.
2065 3106 2130 3160 11.
2165 3103 2184 3177 ]
2220 3105 2288 3160 Et
2320 3105 2410 3160 die
2443 3103 2608 3159 tertia
2656 3100 2865 3171 nuptiu:
2919 3099 3073 3154 facta!
3135 3106 3265 3152 sunt
3300 3097 3355 3165 in

1775 3198 1922 3254 Cana
1958 3198 2191 3253 Galliaeve
2222 3215 2236 3252 :
2270 3206 2328 3253 et
2358 3210 2478 3251 erat
2504 3195 2679 3251 Mater
2700 3195 2831 3251 Jesu
2863 3192 2962 3247 ibi.
3009 3190 3244 3246 Vocatus
3271 3200 3358 3244 cst

1777 3298 1958 3343 autem
1984 3300 2041 3343 ct
2068 3286 2249 3355 Jesus,
2275 3296 2331 3343 ct
2363 3285 2624 3357 discipuli
2670 3286 2813 3356 ejus,
2873 3282 2941 3339 ad
2981 3282 3229 3353 nuptias.
3290 3279 3359 3351 Et

1778 3380 2068 3436 deﬁciente
2108 3380 2255 3443 vino,
2287 3380 2423 3434 dicit
2449 3386 2624 3433 mater
2645 3377 2778 3433 Jesu
2819 3376 2888 3431 ad
2933 3389 3107 3431 eum:
3159 3372 3357 3428 Vinum

1776 3489 1885 3529 non
1908 3473 2132 3528 habent.
2175 3473 2242 3526 Et
2265 3472 2399 3526 dicit
2424 3471 2476 3525 ei
2523 3469 2685 3525 Jesus
2714 3485 2729 3526 :
2763 3468 2905 3536 Quid
2960 3467 3092 3522 mihi
3135 3476 3192 3521 et
3250 3466 3351 3521 tibi

1775 3574 1881 3630 est,
1920 3566 2118 3620 mulier
2150 3564 2173 3618 ?
2200 3565 2442 3618 nondum
2471 3564 2619 3617 venit
2646 3562 2780 3615 hora
2811 3574 2951 3614 mea.
2983 3558 3125 3613 Dicit
3167 3567 3344 3611 mater

1775 3657 1896 3727 ejus
1924 3656 2190 3711 ministris
2234 3672 2247 3708 :
2278 3654 2655 3725 Quodcunque
2686 3650 2887 3705 dixerit
2920 3649 3098 3715 vobis,
3164 3648 3356 3702 facite.

1776 3749 1945 3803 Erant
1967 3756 2146 3801 autem
2177 3746 2249 3800 ibi
2265 3745 2491 3815 lapidea:
2517 3744 2722 3814 hydria:
2734 3758 2825 3795 sex
2849 3742 3035 3811 positae
3056 3743 3357 3794 secundum

1776 3838 2575 3912 puriﬁcationemJudmorum,
2606 3834 2888 3904 capientes
2940 3833 3172 3903 singulae
3240 3847 3357 3886 me-

1778 3943 1947 3988 tretas
1979 3932 2136 3986 binas
2164 3930 2249 3985 vel
2304 3940 2509 3984 ternas.
2559 3926 2805 3983 Diciteis
2859 3925 3059 3981 Jesus:
3122 3924 3350 3994 implete

1776 4024 1998 4096 bydrias
2013 4037 2173 4092 aqua.
2196 4021 2265 4078 Et
2283 4022 2649 4092 impleverunt
2668 4036 2761 4075 eas
2777 4033 2947 4089 usque
2963 4017 3030 4071 ad
3052 4032 3355 4073 summum.

1774 4117 1846 4171 Et
1874 4117 2009 4171 dicit
2030 4116 2113 4170 eis
2145 4113 2343 4184 Jesust
2408 4115 2636 4171 Ilaurite
2684 4128 2853 4176 nunc,
2898 4122 2953 4168 et
2999 4110 3138 4166 ferte
3173 4110 3359 4165 archi-

1778 4209 2017 4264 triclino.
2056 4207 2415 4263 Ettulerunt.
2456 4207 2741 4263 Utautem
2797 4204 3042 4275 gustavit
3106 4200 3361 4256 architri-

1776 4302 1954 4358 ciinus
2016 4315 2215 4371 aquam
2281 4300 2467 4355 vinum
2542 4298 2779 4361 factum,
2852 4306 2909 4351 ct
2974 4311 3083 4349 non
3147 4293 3360 4349 sciebat

1780 4393 1928 4449 unde
1959 4403 2106 4448 esset
2134 4409 2150 4459 ;
2181 4391 2423 4447 ministri
2450 4401 2630 4445 autem
2686 4388 2955 4451 sciebant,
3014 4386 3106 4456 qui
3159 4385 3358 4439 hause-

111 4477 272 4534 hibuit
323 4481 591 4545 Joannes,
616 4484 840 4537 dicens:
900 4483 1035 4549 Quia
1088 4482 1201 4537 vidi
1251 4482 1517 4552 Spiritum
1567 4484 1667 4538 de-
1703 4470 1748 4526 Ι)
1776 4494 1901 4541 rant
1929 4499 2126 4555 aquam
2156 4498 2172 4538 :
2204 4492 2364 4538 vocat
2388 4497 2649 4552 sponsum
2682 4479 3107 4543 architriclinus,
3139 4486 3194 4532 et
3222 4477 3357 4531 dicit

110 4571 452 4627 uendentem
480 4574 636 4642 quasi
661 4573 966 4627 columbam
991 4572 1058 4628 de
1070 4573 1235 4641 caelo,
1257 4583 1317 4627 et
1347 4575 1550 4629 mansit
1577 4589 1671 4629 su-

111 4672 194 4725 per
226 4677 383 4717 eum.
410 4663 477 4718 Et
511 4678 615 4733 ego
651 4664 963 4719 nesciebam
1010 4678 1137 4719 eum
1166 4680 1183 4730 ;
1225 4663 1321 4718 sed
1375 4664 1467 4735 qui
1525 4664 1676 4719 misit

108 4766 186 4805 tne
218 4753 510 4825 baptizare
542 4759 595 4810 in
626 4771 791 4826 aqua,
816 4756 906 4810 ille
933 4756 1066 4811 mihi
1097 4757 1231 4811 dixit
1266 4755 1488 4826 :Super
1513 4773 1676 4827 quem

109 4844 293 4901 videris
334 4847 609 4917 Spiritum
637 4846 1088 4909 descendentem,
1121 4858 1178 4902 et
1212 4858 1525 4903 manentem
1559 4864 1667 4902 su-

107 4948 193 5002 per
216 4954 373 5004 eum,
412 4939 502 4994 hic
535 4949 641 5004 est,
694 4940 788 5009 qui
829 4939 1072 5008 baptizat
1115 4940 1170 4993 in
1203 4940 1410 5007 Spiritu
1461 4952 1676 5000 saneto.

104 5029 282 5100 Etego
324 5033 443 5087 vidi
481 5052 496 5088 :
529 5044 588 5087 et
658 5032 1034 5087 testimonium
1093 5030 1348 5100 perbibui
1396 5029 1529 5100 quia
1580 5030 1671 5085 hic

104 5132 174 5174 est
198 5123 374 5179 Filius
396 5123 515 5179 Dei.
544 5121 681 5195 [ενι.
718 5121 830 5195 10.]
870 5124 1055 5179 Altera
1085 5123 1176 5178 die
1237 5123 1438 5177 iterum
1488 5121 1672 5177 stabat

101 5211 354 5276 Joannes.
389 5224 451 5271 et
490 5232 557 5272 ex
592 5216 879 5286 discipulis
904 5216 1025 5285 ejus
1068 5214 1203 5270 duo.
1238 5214 1307 5269 Et
1361 5214 1669 5284 respiciens

100 5304 273 5363 Iesum
306 5309 711 5373 ambulantem,
740 5311 872 5363 dicit
900 5324 916 5363 :
954 5308 1094 5368 Ecce
1121 5322 1293 5377 agnus
1323 5308 1443 5363 Dei.
1471 5309 1537 5361 Et
1574 5322 1674 5360 au-

99 5398 309 5454 dit’l’lllll
326 5416 465 5454 eum
490 5400 601 5454 duo
628 5400 882 5470 discipuli
900 5403 1237 5470 loquentem,
1261 5408 1317 5453 et
1344 5399 1518 5453 secuti
1543 5410 1674 5454 sunt

97 5486 296 5547 Jesunt.
324 5491 648 5549 Conversus
675 5507 858 5549 autem
889 5491 1069 5557 Jesus,
1095 5501 1152 5548 et
1198 5491 1391 5546 videns
1428 5504 1526 5547 eos
1577 5505 1672 5547 se-

96 5595 319 5650 quentes
344 5598 435 5645 se.
472 5584 600 5638 dicit
660 5584 787 5640 eis:
852 5584 994 5649 Quid
1017 5582 1317 5654 quaeritis?
1361 5581 1467 5648 Qui
1518 5581 1674 5637 dixe-

100 5684 218 5727 runt
246 5676 296 5729 ei
330 5694 344 5728 :
378 5675 562 5731 καὶ)ὺί
590 5677 759 5748 (quod
795 5676 996 5733 dicitur
1058 5677 1481 5751 interpretatum
1505 5675 1670 5750 Magi-

163 5793 183 5823 ί
220 5791 363 5855 'I'res
406 5813 570 5869 mss,
607 5792 769 5863 chm
800 5811 1016 5877 catﬁon
1046 5796 1205 5878 tcitis_

1772 4577 1823 4631 ei
1857 4574 2094 4631 :Otnnis
2119 4573 2283 4629 homo
2310 4572 2548 4641 primum
2573 4568 2987 4624 bonumvinum
3033 4567 3189 4637 ponit
3245 4582 3259 4620 :
3298 4574 3358 4620 et

1776 4681 1900 4723 cum
1927 4664 2180 4722 inebriati
2211 4664 2436 4731 fuerint,
2474 4672 2603 4718 tunc
2630 4662 2706 4729 id,
2745 4660 2892 4732 quod
2920 4660 3163 4715 deterius
3214 4668 3298 4713 est
3332 4674 3350 4714 :

1780 4772 1839 4814 tu
1866 4768 2050 4813 autem
2079 4757 2312 4814 servasti
2347 4755 2552 4810 bonum
2580 4755 2767 4810 vinum
2802 4768 2975 4824 usque
3006 4753 3211 4806 adhuc.
3244 4750 3360 4806 lioc

1774 4847 1911 4903 fecit
1934 4847 2148 4902 initium
2178 4847 2462 4918 signorum
2488 4845 2646 4902 Jesus
2681 4846 2733 4899 in
2765 4844 2915 4900 Cana
2967 4844 3242 4899 Galiiacae:
3303 4850 3359 4897 et

1782 4939 2148 4995 manilestavit
2175 4938 2405 5009 gloriam
2433 4954 2613 5002 suam,
2654 4944 2709 4991 ct
2736 4936 3098 4991 crediderunt
3135 4936 3192 4989 in
3224 4951 3356 4990 cum

1796 5030 2034 5101 liscipuli
2062 5030 2204 5100 ejus.
2238 5029 2377 5102 [xtx,
2412 5029 2626 5103 7.]Post
2650 5031 2751 5083 hoc
2776 5028 3062 5083 descendit
3101 5028 3360 5098 Capitur-

1780 5140 1945 5180 naum
1970 5123 2177 5193 ipse,et
2202 5132 2377 5179 mater
2407 5122 2553 5193 ejus,
2606 5131 2664 5177 et
2694 5121 2894 5176 fratres
2913 5121 3055 5190 ejus,
3106 5127 3162 5175 et
3194 5120 3361 5175 disci-

1780 5217 1894 5287 puli
1925 5216 2045 5287 ejus
2081 5232 2094 5269 :
2125 5224 2179 5270 et
2224 5214 2300 5270 ibi
2356 5225 2680 5269 manserunt
2728 5228 2834 5268 non
2894 5212 3081 5268 multis
3133 5211 3355 5266 diebus.

1774 5310 1888 5382 [ιι.
1908 5308 1986 5382 1.]
2010 5309 2081 5364 Ει
2108 5323 2275 5378 prope
2304 5307 2647 5363 eratPascha
2679 5305 3017 5370 Judaeorum,
3045 5314 3099 5359 et
3156 5318 3356 5377 ascen-

1772 5400 1857 5455 dit
1916 5396 2072 5454 Jesus
2112 5398 2570 5461 Hierosolymam,
2625 5394 2885 5467 Exsul]
2941 5406 2997 5451 et
3041 5394 3251 5448 invenit
3299 5392 3356 5449 in

1771 5490 1975 5561 templo
1992 5489 2294 5545 vendentes
2344 5489 2537 5551 boves,
2572 5497 2628 5542 et
2653 5504 2807 5550 oves.
2846 5496 2904 5541 et
2939 5483 3261 5549 columbas,
3295 5492 3356 5540 et

1773 5582 2170 5651 nummularius
2186 5581 2462 5637 sedentes.
2490 5580 2705 5637 Etcum
2736 5578 2955 5634 fecisset
2986 5576 3139 5646 quasi
3169 5573 3359 5645 ﬂagel-

1770 5672 1884 5728 lum
1909 5671 1974 5725 de
2001 5669 2488 5733 funiculis,omncs
2511 5669 2759 5738 cjccitde
2792 5667 3015 5737 templo,
3047 5679 3180 5719 oves
3210 5681 3359 5733 quo-

1857 5791 1878 5821 '
1910 5789 2061 5848 Unus
2084 5788 2401 5854 Vaticanus,
2430 5786 2492 5843 In
2510 5790 2805 5844 crastinum
2830 5797 3005 5843 autem
3034 5782 3217 5855 voluit,
3240 5799 3363 5865 εις,
