3880 6168
548 316 648 377 691

1461 317 1522 374 S.
1564 312 2002 374 HIEBONYMI
2047 311 2312 372 DlVlNA
2355 307 2891 369 BlBLIOTI—IECA.
3613 316 3690 378 δη

546 447 654 501 que
711 441 766 486 et
796 431 986 494 boves,
1043 440 1098 486 et
1136 431 1628 485 nummulariorum
1659 431 1855 486 ell‘udit
1910 447 2004 492 tes.
2051 439 2106 484 ct
2140 437 2181 491 Α
2213 445 2360 483 nam.
2389 428 2509 483 Non
2553 428 2698 483 enim
2736 427 2884 480 misit
2919 425 3062 479 Deus
3097 425 3286 478 Filium
3327 441 3466 482 suum
3487 428 3535 483 in
3564 448 3692 488 imm.

547 539 766 577 mensas
793 524 1081 577 subvertit.
1117 524 1183 577 Et
1214 523 1317 584 his,
1351 523 1439 590 qui
1476 525 1756 577 columbas
1785 522 2108 587 vendebant,

545 611 722 664 dixit:
752 613 974 665 Auferte
1022 613 1121 667 ista
1173 613 1322 676 hinc,
1358 622 1412 666 et
1445 615 1612 668 nolite
1649 615 1827 667 facere
1891 613 2112 665 domum

547 702 721 756 Patris
753 703 857 756 mei
915 704 1135 756 domum
1178 706 1584 774 negotiationis.
1614 705 1632 776 [
1669 722 1796 763 xxtt.
1837 705 1918 758 l0.
1953 703 1974 772 ]
2009 702 2116 756 Re—

545 794 750 846 eordati
779 803 906 848 sunt
934 809 1062 848 vero
1097 795 1352 865 discipuli
1377 798 1493 866 ejus
1523 798 1649 865 quia
1683 796 1948 864 scriptum
1976 803 2061 848 est
2094 810 2109 847 :

545 885 708 938 Zelus
741 885 938 940 domus
979 897 1082 939 tute
1114 889 1348 942 comedit
1383 906 1490 942 me.
1559 887 1740 960 [xxnt,
1771 886 1852 958 4.]
1873 888 2116 951 Respon-

543 979 744 1030 derunt
773 994 904 1046 οι·εο
942 979 1136 1043 Juda-i,
1178 990 1232 1034 et
1272 980 1528 1036 dixerunt
1556 983 1605 1035 ei
1641 999 1654 1034 :
1704 981 1859 1044 Quod
1895 979 2114 1047 signum

542 1067 788 1121 ostendis
809 1067 968 1122 nobis
993 1070 1119 1138 quia
1143 1070 1260 1124 hzec
1294 1069 1427 1124 fatus
1457 1069 1678 1141 ?[xxrv,
1708 1068 1822 1140 l0]
1867 1069 2112 1135 Respon-

543 1157 621 1210 dit
655 1157 828 1222 Jcstts,
854 1168 910 1212 et
941 1159 1079 1212 dixit
1102 1163 1180 1214 eis
1209 1178 1226 1214 :
1265 1160 1474 1216 Solvite
1509 1161 1769 1229 templum
1823 1161 1946 1224 hoc,
1972 1170 2028 1212 et
2058 1159 2111 1210 in

545 1251 717 1304 tribus
745 1250 939 1305 diebus
974 1252 1224 1306 excitabo
1254 1253 1408 1306 illud.
1447 1253 1711 1306 Dixerunt
1742 1251 2062 1319 ergoJudaai
2098 1265 2113 1302 :

543 1341 909 1408 Quadraginta
942 1351 996 1396 et
1032 1357 1124 1397 sex
1155 1345 1313 1397 annis
1343 1343 1670 1397 adiﬁcatum
1706 1352 1794 1396 est
1851 1345 2115 1410 templum

545 1436 667 1496 hoc,
699 1443 752 1486 et
781 1444 833 1486 ιιι
869 1435 920 1487 in
951 1435 1125 1489 tribus
1158 1435 1351 1490 diebus
1378 1435 1650 1490 excitabis
1681 1434 1812 1488 illud
1845 1433 1867 1486 ?
1900 1434 1991 1488 Ille
2023 1450 2117 1487 au-

546 1537 653 1579 tem
709 1526 926 1579 dicebat
976 1527 1042 1581 de
1085 1529 1290 1596 templo
1345 1529 1592 1596 corporis
1625 1529 1737 1582 sui.
1801 1527 1935 1581 Cum
1987 1541 2117 1593 ergo

554 1620 1280 1684 rosuri-exissetamortuis,
1339 1621 1613 1675 recordati
1680 1627 1808 1673 sunt
1861 1617 2113 1686 discipuli

545 1712 687 1781 ejus,
726 1713 852 1780 quia
888 1712 989 1765 hoc
1015 1711 1254 1777 diccbat,
1296 1724 1344 1766 et
1396 1712 1748 1767 crediderunt
1816 1710 2114 1777 Scripturae

545 1813 605 1857 et
635 1805 871 1856 sermoni
905 1819 1066 1873 quem
1086 1804 1217 1857 dixit
1238 1805 1416 1858 Jesus.
1445 1803 1578 1858 Cum
1613 1813 1794 1856 autem
1822 1812 1966 1856 esset
1994 1802 2116 1856 ilie-
2151 1783 2194 1837 Β

545 1895 838 1965 rosolytnis
865 1896 917 1948 in
956 1895 1154 1964 pascha
1191 1896 1243 1948 in
1274 1895 1363 1949 die
1390 1895 1554 1954 festo,
1583 1893 1738 1947 multi
1766 1893 2118 1949 crediderunt

547 1989 603 2042 in
652 1989 871 2043 noinine
902 1989 1046 2057 ejus,
1086 1988 1338 2042 videntes
1365 1988 1517 2058 signa
1559 1987 1678 2058 ejus
1707 2003 1826 2056 (ιιιει-
1858 1986 1924 2038 Ιέιι
1949 1986 2113 2039 iebat.

545 2078 666 2147 Ipse
695 2089 875 2133 autem
914 2079 1072 2134 Jesns
1105 2093 1212 2130 non
1242 2076 1502 2131 credebat
1525 2074 1883 2144 semetipsum
1917 2074 2016 2137 eis,
2051 2089 2117 2124 eo

549 2170 694 2240 quod
732 2172 850 2241 ipse
880 2180 1067 2225 nosset
1097 2185 1307 2231 omnes,
1338 2178 1392 2222 et
1422 2169 1545 2237 quia
1571 2182 1707 2236 Opus
1741 2167 1791 2219 ei
1827 2181 1933 2219 non
1968 2173 2114 2225 erat,

555 2274 612 2318 ut
643 2263 767 2333 quis
797 2263 1173 2318 tesdmoniuin
1208 2261 1521 2331 perhiberet
1550 2261 1616 2315 de
1676 2259 1896 2312 homine
1936 2275 1950 2309 :
2002 2258 2118 2326 ipse

547 2356 693 2410 enim
731 2356 938 2416 sciebat
965 2353 1094 2423 quid
1123 2364 1268 2408 esset
1296 2355 1349 2406 in
1377 2353 1618 2405 homine.

623 2447 776 2519 [ϐαρ.
815 2447 902 2502 Ill.
936 2446 956 2520 ]
994 2447 1118 2500 Erat
1149 2456 1328 2499 autem
1364 2442 1525 2498 homo
1555 2459 1621 2497 ex
1653 2441 1966 2500 Pharisaeis,
2021 2439 2117 2492 Ni-

547 2543 808 2595 codetnns
834 2540 1078 2602 nomine,
1122 2540 1376 2608 princeps
1411 2535 1750 2590 Jndarorum.
1813 2533 1909 2586 llic
1967 2531 2120 2586 venit

548 2633 614 2687 ad
648 2632 831 2687 Jesuin
866 2639 1044 2694 nocte,
1075 2640 1129 2684 et
1163 2631 1302 2682 dixit
1339 2629 1386 2682 ei
1425 2646 1440 2680 :
1479 2627 1671 2689 ilabbi,
1709 2626 1914 2679 scimus
1935 2629 2058 2692 qua
2088 2641 2114 2674 τι

548 2727 663 2782 Deo
690 2727 887 2780 venisti
937 2726 1233 2794 magister:
1273 2738 1434 2778 nemo
1474 2725 1618 2775 enim
1661 2727 1839 2788 potest
1889 2719 2002 2770 Ιιςιεε
2042 2718 2115 2769 si-

549 2833 653 2888 gna
695 2817 896 2880 facere,
937 2831 1058 2886 quin
1088 2824 1142 2869 tu
1170 2814 1322 2876 facis,
1359 2812 1466 2866 nisi
1506 2811 1670 2864 fuerit
1708 2809 1846 2861 Deus
1874 2821 1995 2860 cum
2027 2819 2115 2857 eo.

548 2910 851 2981 Respondit
905 2909 1084 2974 Jesus,
1121 2917 1174 2962 et
1217 2907 1354 2960 dixit
1409 2905 1506 2959 ei:
1551 2907 1746 2966 Anien,
1793 2915 1948 2951 amen
1994 2898 2119 2950 dico

549 3004 670 3066 tibi,
719 3001 826 3056 nisi
874 3001 998 3070 quis
1049 3000 1312 3052 renatus‘
1357 2995 1522 3049 fuerit
1552 2995 1753 3056 denuo,
1788 3007 1893 3044 non
1941 2997 2119 3058 potest

546 3097 739 3150 videre.
778 3108 1005 3162 regnum
1037 3091 1152 3144 Dei.
1188 3090 1322 3142 Dicit
1344 3089 1408 3141 ad
1435 3103 1558 3142 eum
1587 3084 1948 3140 Nicodemtts:
1975 3081 2119 3146 Quo-

2221 522 2371 582 dum,
2410 531 2468 574 ut
2491 521 2700 589 iudicet
2731 519 3017 582 mundum,
3064 518 3158 571 sed
3194 527 3246 570 ιιι
3278 519 3489 574 salvetur
3516 527 3699 580 mundus

2219 628 2317 680 per
2348 615 2548 682 ipsum.
2579 612 2679 678 Qui
2711 611 2883 663 credit
2927 611 2980 662 in
3015 626 3164 672 eum,
3216 626 3314 662 non
3340 612 3605 679 jndieatur:
3631 618 3699 682 qui

2220 715 2403 758 autem
2444 722 2552 757 non
2581 705 2777 766 credit,
2800 701 3201 772 jamjudieatus
3233 712 3346 755 est:
3374 705 3590 771 quianon
3616 722 3702 759 ere-

2219 797 2300 850 dit
2331 798 2383 850 in
2431 797 2651 849 nomine
2685 797 2945 864 unigeniti
2997 794 3118 847 Filii
3164 794 3276 847 Dei.
3320 793 3420 848 Hoc
3449 806 3520 850 est
3560 806 3699 852 autem

2211 890 2517 956 judicium:
2545 889 2671 956 quia
2702 890 2790 941 lux
2818 890 2966 941 venit
2995 887 3048 940 in
3078 887 3354 949 mundum,
3383 899 3431 941 et
3459 890 3706 944 dilexerunt

2223 983 2472 1039 homines
2524 982 2694 1048 magis
2727 981 2999 1044 tenebras,
3034 996 3192 1048 quam
3219 981 3418 1034 lucem:
3449 985 3703 1036 eranlenim

2217 1092 2408 1132 eorum
2464 1075 2602 1128 mala
2651 1089 2837 1143 opera.
2887 1073 3075 1126 Omnis
3123 1072 3268 1124 enim
3294 1072 3381 1137 qui
3419 1073 3540 1126 male
3564 1075 3648 1141 agit
3679 1076 3705 1132 ³,

2219 1171 2337 1224 odit
2370 1169 2550 1223 lucem
2582 1178 2635 1220 et
2659 1183 2768 1219 non
2803 1164 2948 1218 venit
2987 1164 3052 1214 ad
3086 1163 3280 1225 lucem,
3309 1173 3362 1215 ut
3399 1179 3494 1216 non
3521 1179 3707 1229 arguan.

2220 1271 2310 1315 tur
2362 1276 2531 1332 opera
2585 1261 2747 1328 ejus:
2802 1259 2892 1328 qui
2935 1268 3112 1310 autem
3168 1256 3295 1308 facit
3348 1259 3614 1323 veritatem,
3645 1275 3712 1311 vc-

2220 1355 2299 1407 nit
2341 1353 2406 1404 ad
2461 1353 2662 1416 lucem,
2714 1361 2769 1404 ιιι
2813 1337 3232 1402 manifestentur
3277 1362 3430 1416 opera
3475 1348 3591 1417 ejus,
3616 1351 3708 1416 quia

2221 1445 2272 1498 in
2325 1443 2435 1497 Deo
2495 1453 2624 1496 sunt
2671 1442 2832 1495 facta.
2870 1441 2998 1494 Post
3043 1440 3156 1492 haec
3194 1441 3337 1492 venit
3383 1439 3524 1491 Jesus
3563 1453 3605 1491 et
3654 1439 3714 1491 ili-

2220 1534 2414 1601 ειιίιιιιιὶ
2456 1535 2573 1603 ejus
2631 1535 2680 1584 in
2728 1543 2922 1584 terram
2969 1530 3251 1584 Judmam:
3301 1537 3353 1581 et
3388 1529 3483 1581 illic
3521 1528 3713 1581 demora-

2220 1623 2384 1677 batur
2415 1640 2537 1677 cum
2569 1622 2668 1685 eis,
2699 1633 2754 1675 et
2783 1620 3112 1689 baptizabat.
3153 1618 3306 1689 μμ,
3333 1615 3410 1686 5.]
3439 1617 3552 1669 Erat
3575 1628 3715 1668 autem

2219 1725 2275 1769 et
2313 1717 2548 1770 Joannes
2578 1715 2930 1784 baptizansin
2962 1715 3214 1773 Aennon,
3242 1711 3386 1779 juxta
3413 1709 3558 1763 Salitn
3583 1725 3594 1760 :
3619 1711 3715 1774 quia

2224 1825 2378 1878 aqua:
2405 1808 2589 1861 multa:
2613 1816 2770 1860 erant
2797 1806 2927 1869 illic,
2957 1815 3012 1859 et
3068 1803 3359 1857 veniebant
3381 1801 3422 1866 ’⁵,
3462 1810 3512 1854 et
3530 1801 3720 1869 baptiza-

2225 1905 2445 1960 bantur.
2507 1900 2678 1972 [xxvr,
2719 1898 2800 1969 4.]
2851 1896 3116 1970 Nondum
3173 1898 3318 1948 enim
3365 1894 3546 1948 missns
3589 1893 3720 1944 fuerat

2223 1995 2464 2050 Joannes
2504 1992 2556 2045 in
2590 2005 2886 2044 carcerem.
2929 1987 3119 2061 [xxvtt,
3162 1985 3277 2058 10.]
3314 1986 3464 2039 Facta
3490 1994 3561 2039 est
3583 1995 3720 2036 autem

2225 2086 2458 2158 quaestio
2492 2101 2556 2139 ex
2584 2083 2864 2152 discipulis
2900 2080 3123 2135 Joannis
3151 2095 3276 2132 cum
3302 2078 3491 2133 Juilteis
3507 2075 3722 2144 deparili-

2227 2181 2463 2234 catione.
2497 2179 2562 2230 Et
2596 2183 2864 2229 venerunt
2901 2173 2967 2227 ad
2998 2173 3293 2237 Joannem,
3320 2179 3372 2225 et
3404 2170 3631 2224 dixerunt
3653 2166 3724 2219 ei:

2227 2269 2424 2334 Rabbi,
2447 2269 2538 2337 qui
2568 2277 2684 2322 erat
2740 2276 2910 2319 tecum
2943 2275 3092 2318 trans
3117 2264 3436 2323 Jordanem,
3466 2263 3543 2314 cui
3571 2269 3615 2312 tu
3664 2267 3722 2308 te-

2225 2362 2542 2417 stimonium
2585 2359 2932 2431 perhibuisti,
2960 2371 3087 2411 ecce
3113 2357 3206 2410 hic
3241 2355 3490 2424 baptizat,
3509 2361 3557 2406 et
3582 2361 3728 2402 omnes

2227 2451 2699 2508 veniuntadeum.
2741 2448 3040 2520 Respondit
3093 2448 3352 2508 Joannes.
3391 2455 3443 2500 et
3469 2438 3733 2497 dixit:Non

2228 2554 2405 2614 potest
2431 2545 2592 2598 homo
2610 2543 2856 2612 accipere.
2878 2542 3203 2610 quidquam,
3227 2540 3330 2592 nisi
3354 2537 3511 2591 fuerit
3529 2535 3569 2587 ei
3587 2532 3731 2584 datum

2225 2639 2290 2692 de
2311 2637 2471 2693 caelo.
2491 2635 2704 2706 [xxvnt,
2733 2634 2807 2707 1.]
2831 2633 2936 2703 ipsi
2959 2649 3049 2687 vos
3067 2632 3207 2687 mihi
3231 2628 3580 2685 testimonium
3601 2621 3742 2692 perhi-

2226 2731 2385 2792 betis,
2412 2728 2558 2798 quod
2582 2728 2810 2782 dixerim
2841 2746 2852 2779 :
2878 2725 2996 2779 Non
3015 2740 3133 2777 sum
3155 2739 3258 2792 ego
3274 2716 3629 2776 Christuszsed
3643 2713 3738 2780 quia

2227 2824 2424 2876 missus
2450 2835 2567 2874 sum
2601 2830 2728 2872 ante
2748 2819 2916 2873 illum.
2941 2815 3111 2889 [xxix,
3140 2813 3260 2886 10.]
3289 2811 3392 2878 Qui
3423 2811 3570 2864 habet
3618 2819 3745 2874 Spon-

2225 2929 2368 2976 sam,
2398 2927 2632 2980 sponsus
2656 2918 2740 2964 est
2769 2928 2782 2964 :
2808 2910 3012 2962 amicus
3059 2918 3248 2961 autem
3295 2903 3498 2972 sponsi,
3539 2897 3618 2967 qui
3642 2905 3741 2959 stat,

2225 3012 2281 3057 et
2309 3002 2464 3054 audit
2493 3016 2638 3064 cum,
2665 3000 2862 3070 gaudio
2881 2999 3076 3068 gaudet
3113 3007 3344 3065 propter
3377 3006 3552 3046 vocem
3576 2985 3744 3057 sponsi.

2228 3095 2342 3149 Hoc
2375 3109 2506 3165 ergo
2529 3093 2785 3164 gaudium
2815 3107 2990 3145 meum
3027 3091 3316 3158 impletum
3347 3084 3744 3146 est.lliun10por-

549 3187 716 3244 modo
759 3195 935 3257 potest
967 3186 1126 3238 homo
1167 3181 1339 3244 nasci,
1372 3196 1495 3235 cum
1538 3180 1609 3234 sit
1639 3176 1846 3232 senex?
1871 3172 2115 3240 nunquid
2149 3155 2192 3217 (ἶ
2227 3197 2308 3241 ιρι
2337 3155 2606 3250 “egoeg,
2635 3201 2721 3238 me
2748 3193 2927 3237 autem
2951 3155 3146 3235 ηιίηυῇ,
3191 3179 3296 3246 Qui
3317 3181 3588 3233 desursum
3610 3170 3744 3229 venit,

550 3287 732 3348 potest
777 3277 830 3328 in
867 3285 1114 3328 ventrem
1165 3273 1354 3326 matris
1381 3287 1493 3324 sum
1527 3270 1724 3322 iterato
1772 3265 2024 3325 introire,
2065 3260 2120 3316 et

549 3366 816 3422 renasri?
862 3363 1158 3432 [lispondit
1197 3362 1355 3416 Jcsus
1382 3375 1398 3413 :
1424 3363 1616 3422 Amen,
1640 3371 1822 3421 amen,
1855 3353 1978 3406 dico
2002 3351 2120 3417 tibi,

553 3459 659 3513 nisi
703 3459 826 3526 quis
859 3467 1083 3510 renatus
1115 3454 1281 3508 fuerit
1307 3469 1372 3506 ex
1398 3466 1534 3519 aqua
1573 3459 1629 3503 et
1672 3448 1875 3517 Spiritu
1909 3454 2120 3504 sancto,

553 3568 663 3606 non
691 3560 863 3618 potest
903 3549 1128 3602 introire
1157 3548 1210 3600 in
1240 3559 1464 3614 regnum
1499 3543 1614 3596 Dei.
1641 3540 1792 3606 Quod
1830 3548 2016 3592 natum
2045 3543 2126 3588 est

553 3661 619 3699 ex
649 3659 836 3706 carne,
887 3656 1014 3695 caro
1041 3651 1123 3694 est
1151 3658 1161 3692 :
1195 3649 1250 3693 et
1280 3637 1426 3707 quod
1468 3645 1653 3690 natum
1684 3642 1769 3687 est
1803 3648 1868 3685 ex
1903 3630 2123 3698 Spiritu,

554 3737 781 3805 spiritus
823 3745 927 3788 est.
984 3732 1101 3786 Non
1145 3730 1361 3784 mireris
1401 3729 1527 3798 quia
1564 3727 1675 3779 dixi
1711 3725 1849 3780 tibi:
1895 3720 2124 3789 Oportet

553 3843 653 3882 vos
685 3828 832 3882 nasci
859 3826 1061 3878 denuo.
1099 3823 1337 3894 Spiritus
1361 3821 1451 3874 tibi
1485 3819 1596 3874 vult
1621 3819 1814 3886 spirat,
1847 3825 1905 3870 et
1938 3827 2123 3866 vocem

554 3923 674 3990 ejus
707 3921 886 3984 audis,
913 3917 1009 3972 sed
1030 3917 1206 3970 nescis
1228 3915 1373 3968 unde
1406 3912 1609 3974 veniat,
1635 3920 1730 3964 aut
1757 3924 1866 3978 quo
1889 3905 2123 3960 vadat’:

558 4018 640 4067 sic
681 4024 765 4066 est
794 4013 998 4074 omnis,
1027 4011 1118 4078 qui
1167 4018 1328 4062 natus
1357 4015 1442 4060 est
1479 4021 1544 4060 ex
1577 4004 1793 4073 spiritu.
1827 3999 2128 4068 Respondit

555 4106 910 4168 Nicodemus,
935 4111 988 4155 et
1011 4103 1148 4156 dixit
1168 4102 1216 4155 ei
1243 4119 1255 4152 :
1281 4098 1564 4166 Quomodo
1588 4105 1816 4166 possunt
1835 4095 1946 4147 haec
1975 4092 2128 4146 fieri?

555 4197 862 4264 Respondit
912 4193 1090 4256 Jesns,
1133 4203 1184 4246 et
1236 4193 1373 4244 dixit
1408 4191 1505 4244 ei:
1550 4189 1628 4242 Tu
1673 4202 1732 4241 es
1784 4188 2036 4254 magister
2073 4184 2123 4235 in

556 4287 744 4348 Israel,
782 4287 967 4340 ethice
992 4284 1244 4354 ignoras?
1275 4284 1469 4346 Amen,
1493 4294 1672 4344 amen,
1701 4277 1823 4330 dico
1853 4276 1968 4339 tibi,
2002 4273 2126 4342 quia

558 4382 704 4451 quod
762 4381 966 4434 scimus
1001 4377 1294 4445 loquimur,
1327 4382 1382 4428 ct
1404 4371 1547 4441 quod
1574 4371 1813 4424 vidimus
1841 4376 2126 4428 testamur,

2224 3298 2388 3351 super
2417 3295 2606 3335 omnes
2638 3289 2742 3333 est.
2773 3276 2874 3342 Qui
2908 3285 2987 3329 est
3020 3275 3088 3328 de
3126 3286 3303 3338 terra,
3335 3273 3401 3326 de
3423 3281 3556 3323 terra
3579 3275 3662 3326 est,
3704 3270 3744 3312 et

2225 3371 2292 3426 de
2330 3383 2470 3426 terra
2502 3368 2773 3436 loquitur.
2811 3368 2910 3434 Qui
2938 3369 3003 3420 de
3037 3367 3182 3420 cmlo
3249 3363 3426 3423 venit,
3467 3372 3616 3427 super
3657 3367 3746 3405 ont-

2227 3477 2324 3516 nes
2357 3470 2459 3516 est.
2496 3459 2558 3514 Et
2596 3459 2740 3528 quod
2770 3458 2924 3523 vidit,
2955 3465 3011 3510 et
3043 3455 3262 3508 audivit
3299 3494 3314 3517 ,
3349 3453 3684 3505 hoctestatur.
3707 3448 3746 3492 et

2230 3554 2601 3608 testiinonium
2634 3551 2750 3619 ejus
2785 3564 2946 3603 nemo
2999 3534 3232 3616 accipit,
3291 3543 3396 3610 Qui
3427 3539 3620 3608 accepit
3659 3533 3748 3601 ειυς

2231 3647 2623 3706 testimonium,
2653 3642 2893 3712 signavit
2924 3642 3056 3708 quia
3093 3638 3250 3692 Deus
3293 3650 3458 3690 verax
3495 3642 3588 3684 est.
3613 3628 3748 3690 Quel

2227 3742 2373 3795 enim
2408 3739 2553 3792 misit
2584 3737 2747 3800 Deus,
2778 3739 2940 3790 verba
2969 3735 3059 3787 Dei
3088 3732 3387 3805 loquitur:
3418 3742 3521 3781 non
3552 3722 3676 3776 enim
3701 3714 3750 3767 ιιι

2229 3847 2541 3887 mensuram
2571 3829 2665 3883 dat
2698 3829 2835 3881 Deus
2853 3827 3132 3895 Spiritum.
3167 3825 3330 3896 lxxx,
3362 3820 3597 3894 3.]Pater
3618 3811 3755 3879 dilig't

2229 3925 2423 3980 Filium
2453 3966 2469 3990 ,
2504 3931 2560 3976 et
2595 3921 2774 3974 omnia
2805 3921 2950 3974 dedit
2985 3920 3035 3971 in
3076 3933 3251 3971 manu
3281 3917 3427 3986 ejus.
3480 3913 3635 3983 lxxxi,
3666 3900 3754 3972 l0]

2229 4015 2330 4080 Qui
2363 4014 2537 4068 credit
2565 4013 2618 4065 in
2647 4011 2864 4075 Filium,
2897 4011 3062 4062 habet
3105 4011 3285 4060 vitam
3344 4014 3592 4058 sternam
3627 4012 3641 4048 :
3689 3993 3758 4060 qui

2231 4116 2411 4159 autem
2451 4103 2768 4157 incredulus
2799 4111 2882 4156 est
2913 4100 3070 4165 Filio,
3099 4113 3217 4152 non
3257 4096 3469 4154 videbit
3497 4095 3664 4151 vitam,
3687 4082 3760 4138 sed

2233 4195 2312 4247 ira
2347 4195 2436 4247 Dei
2465 4202 2648 4245 manet
2675 4205 2842 4260 super
2876 4205 3026 4244 eum.

2304 4281 2460 4356 [Cap.
2504 4280 2616 4352 lV.]
2652 4282 2722 4336 Ut
2773 4296 2904 4348 ergo
2954 4280 3220 4349 cognovit
3251 4281 3439 4342 Jesus,
3463 4274 3579 4344 quia
3610 4267 3763 4324 audie-

2235 4386 2361 4430 runt
2390 4375 2645 4428 Pharisaei
2670 4377 2814 4443 quod
2837 4375 2997 4428 Jesus
3027 4374 3220 4441 plures
3251 4373 3552 4440 discipulos
3582 4366 3705 4423 facit,
3729 4369 3767 4410 cl

562 4480 619 4523 et
657 4467 1032 4522 testiinonium
1077 4471 1325 4516 nostrum
1373 4477 1478 4513 non
1522 4455 1791 4524 accipitis.
1821 4453 1877 4506 Si
1917 4461 2125 4502 terrena
2161 4489 2210 4548 Ι)
2240 4468 2498 4535 baptizal'
2531 4463 3316 4533 qumujoanncs(quanquam
3340 4449 3766 4519 Jcsusnonbapﬁ.

563 4561 676 4614 dixi
709 4559 885 4624 vobis,
914 4565 970 4610 et
1003 4570 1111 4607 non
1130 4552 1354 4607 creditis
1382 4567 1395 4604 :
1419 4547 1713 4618 quomodo.
1740 4545 1783 4598 si
1820 4544 2008 4596 dixero
2037 4553 2134 4592 vo-

563 4653 652 4708 bis
678 4651 943 4710 coelestia,
973 4645 1251 4700 credetis?
1282 4645 1346 4696 Et
1372 4657 1533 4696 nemo
1556 4637 1797 4693 ascendit
1828 4637 1880 4688 in
1905 4634 2130 4695 cmlum,

565 4745 671 4800 nisi
701 4746 793 4812 qui
821 4737 1110 4794 descendit
1139 4735 1207 4790 de
1238 4737 1397 4793 cwlo,
1432 4733 1598 4786 Filius
1639 4729 1894 4789 hominis,
1926 4726 2018 4795 qui
2051 4732 2134 4778 est

564 4840 621 4894 in
669 4836 831 4890 coelo.
897 4834 962 4888 Et
1005 4832 1148 4886 sicut
1192 4831 1406 4899 Moyses
1433 4824 1691 4880 exaltavit
1733 4830 2042 4890 serpentem
2078 4819 2133 4870 in

563 4935 780 4984 deserto
807 4965 824 4992 ,
866 4928 936 4979 ita
974 4923 1200 4980 exaltari
1232 4928 1474 4990 oportet,
1510 4917 1706 4972 Filium
1759 4913 2001 4968 hominis
2024 4951 2037 4973 ,
2074 4918 2135 4962 ut

569 5020 749 5075 omnis
783 5019 872 5088 qui
927 5016 1097 5071 credit
1126 5017 1177 5068 in
1205 5015 1409 5082 ipsum,
1433 5027 1536 5062 non
1573 5018 1779 5078 pereat,
1815 5006 1907 5058 sed
1939 5003 2138 5056 habeat

573 5115 746 5167 vitam
783 5121 1062 5164 aeternam.
1097 5107 1190 5160 Sic
1235 5108 1381 5160 enim
1432 5103 1574 5158 Deus
1614 5102 1804 5156 dilexit
1848 5097 2134 5158 mundum,

548 5213 640 5259 ἰιι
695 5204 889 5258 Filium
928 5215 1085 5253 suum
1120 5201 1457 5268 unigenitum
1493 5196 1690 5248 daret:
1719 5202 1777 5244 ut
1815 5190 2017 5246 omnis.
2045 5186 2136 5255 qui

583 5295 760 5350 credit
801 5295 855 5346 in
887 5306 1032 5356 eum,
1061 5303 1166 5342 non
1196 5297 1406 5358 pereat,
1439 5285 1532 5340 sed
1565 5285 1763 5338 habeat
1796 5282 1957 5334 vitam
1983 5288 2138 5332 aeter-

647 5501 660 5529 ¹
699 5496 877 5550 Nostri
921 5509 1049 5545 mss.
1087 5501 1242 5546 nutus
1272 5504 1370 5558 pro
1405 5496 1643 5547 renatus,
1673 5485 1915 5555 pressius
1953 5481 2140 5558 (Ξῖ-δτι)

572 5569 742 5620 ti-xtui
771 5564 1027 5633 γεννηθῇ.
1053 5563 1142 5616 Sic
1167 5554 1288 5614 mox
1310 5561 1470 5612 iidem
1497 5559 1616 5610 libri
1651 5554 1868 5609 introire
1899 5561 1946 5604 et
1973 5554 2137 5613 nasci,

570 5655 668 5706 pro
697 5637 916 5687 renasci.

576 5696 608 5824 ξι
646 5708 664 5735 ί
701 5707 865 5757 iidem
902 5719 1056 5770 mss.,
1088 5713 1135 5756 et
1169 5716 1269 5754 non
1299 5700 1394 5753 scis
1423 5697 1559 5752 unde
1612 5696 1809 5764 veniat,
1841 5703 1888 5746 et
1919 5709 2020 5763 quo
2057 5708 2142 5746 va-

615 5783 691 5824 at.
1483 5784 1485 5786 ·

615 5791 642 5824 i‘:
651 5783 665 5822 ι
675 5810 691 5826 .
1483 5784 1485 5786 ’

2237 4567 2405 4624 zaret,
2426 4557 2519 4611 sed
2540 4556 2790 4624 discipuli
2810 4555 2971 4624 ejus),
2995 4555 3197 4624 [xxxtn
3224 4555 3284 4627 ἠ
3327 4551 3767 4623 reliquilludaeam.

2236 4660 2289 4704 et
2319 4649 2455 4702 abiit
2481 4651 2681 4702 iterum
2721 4647 2770 4700 in
2805 4645 3100 4700 Galilaeam.
3125 4646 3371 4718 .[xxxtm
3402 4641 3512 4714 10.]
3529 4634 3768 4708 Oporwbal

2237 4750 2416 4794 autem
2468 4756 2593 4794 eum
2631 4740 2865 4794 transire
2901 4755 2997 4807 per
3027 4741 3374 4794 Samariam.
3419 4737 3568 4792 Venit
3598 4743 3704 4797 ergo
3732 4726 3769 4777 in

2239 4833 2510 4886 civitatem
2564 4831 3209 4900 Samariamquaedicitur
3261 4829 3483 4891 Sicltar,
3515 4826 3649 4895 juxta
3672 4830 3771 4886 pm“

2239 4924 2388 4978 dium
2423 4925 2566 4994 quod
2603 4925 2934 4978 deditJacob
2965 4923 3174 4991 Josepli
3204 4924 3326 4976 lilio
3349 4937 3471 4975 suo.
3494 4919 3612 4972 Erat
3634 4919 3773 4965 θυιεηι

2241 5017 2316 5071 ibi
2343 5017 2459 5070 fons
2481 5017 2669 5071 Jacob.
2691 5017 2849 5069 Jl'SllS
2867 5032 2996 5083 ergo
3011 5015 3284 5082 fatigatus
3310 5031 3377 5068 ex
3417 5013 3623 5070 itinere,
3660 5002 3779 5055 sicile-

2241 5112 2336 5165 bat
2367 5111 2447 5165 sic
2471 5125 2635 5178 supra
2668 5109 2891 5162 loutem.
2937 5109 3076 5161 Hora
3112 5119 3244 5160 erat
3277 5108 3436 5176 quasi
3470 5112 3632 5159 sexta.
3655 5091 3782 5148 Ven“

2247 5203 2440 5255 mulier
2467 5202 2534 5256 de
2569 5202 2812 5253 Samaria
2844 5200 3065 5252 ltanrire
3101 5215 3346 5265 aquam.
3378 5197 3580 5251 Dicitei
3611 5191 3743 5244 Jesus
3765 5197 3779 5233 ἰ

2242 5297 2316 5350 Da
2351 5294 2483 5348 mihi
2542 5293 2746 5348 bibere.
2781 5291 3061 5363 (Discipuli
3105 5292 3268 5344 cnim
3301 5294 3428 5360 ejus
3470 5289 3697 5343 abierant
3743 5278 3782 5330 in

2315 5479 2335 5509 ³
2361 5478 2437 5532 Ad
2478 5476 2722 5528 Graacum
2773 5471 3048 5538 exemplar
3078 5470 3110 5522 ὁ
3159 5471 3356 5539 φαῦλα.
3388 5469 3658 5540 πράσσων,
3711 5472 3786 5512 na-

2242 5549 2340 5602 stri
2369 5549 2532 5600 etiam
2562 5559 2720 5605 ntss.,
2759 5544 2846 5611 qui
2885 5541 3026 5611 male
3063 5545 3214 5607 agit,
3243 5558 3347 5609 pro
3384 5542 3538 5600 male,
3563 5545 3663 5611 etc.
3745 5593 3751 5598 ,

2315 5618 2336 5647 ⁸
2363 5619 2476 5669 Duo
2507 5631 2660 5677 mss.,
2692 5601 2739 5664 et
2771 5601 3166 5674 'udneuicbau'l,
3237 5601 3367 5680 quae
3409 5601 3698 5678 praepositio
3743 5604 3787 5644 ω

2244 5703 2356 5742 uno
2383 5685 2602 5754 Regina:
2641 5684 2899 5737 secundis
2949 5680 3102 5734 curis
3163 5684 3534 5751 expungitur.
