3880 6168
240 284 340 345 093

1302 276 1678 336 EYAXGEH
1696 276 1800 333 ΒΜ
1844 276 2001 337 SEC.
2044 275 2431 336 J'OA‘NNEM.

3403 274 3509 341 (ῦς

236 402 280 451 ci
322 398 535 455 itatem,
592 404 647 447 ut
671 393 824 447 cibos
867 392 1161 461 emerent.)
1207 394 1344 447 Dicit
1368 410 1495 461 ergo
1531 394 1576 445 ei
1610 390 1804 443 mulier
1839 395 1881 449 Α
1917 394 2017 445 hoc
2034 392 2179 445 enim
2196 393 2528 446 estvcrhum
2555 404 2783 446 verum:
2820 391 2947 460 quia
2973 390 3503 459 aliusestquisemi-

239 489 318 538 illa
377 485 724 537 Samaritana
774 501 787 536 :
824 483 1111 548 Quomodo
1149 496 1230 549 tu,
1266 483 1490 539 Judaaus
1543 496 1664 533 cum
1708 481 1806 542 sis,

238 579 422 631 bibere
460 594 491 630 a
544 592 626 629 me
660 579 861 645 poscis,
899 592 1021 644 qua:
1045 592 1163 629 sum
1201 575 1399 627 mulier
1426 572 1810 629 Samaritana?

236 689 332 723 non
362 672 519 723 enim
555 679 853 723 coutuntur
884 669 1055 723 Judzei
1081 668 1462 723 Samaritanis.
1500 664 1814 735 Respondit

234 765 404 827 Jesus,
428 744 487 815 et
523 762 656 815 dixit
686 763 733 814 ei
768 779 779 813 :
814 760 867 814 Si
903 762 1075 814 scires
1108 761 1309 813 donum
1338 758 1527 819 Dei,et
1554 758 1676 826 quis
1710 768 1809 818 est,

235 855 317 923 qui
345 854 493 907 dicit
522 854 619 905 tibi
655 869 668 907 ι
707 852 777 905 Da
807 852 937 904 mihi
965 852 1192 905 bibere:
1229 862 1282 903 tu
1320 851 1547 902 forsitan
1576 849 1813 917 petisses

234 949 400 1008 abeo,
421 956 479 1000 et
498 946 738 999 dedisset
771 946 868 998 tibi
892 960 1087 1012 aquam
1117 945 1317 997 vivam.
1345 943 1483 996 Dicit
1503 943 1547 993 ei
1580 942 1812 994 mulier:

236 1037 491 1101 Domine,
535 1052 715 1104 neque
747 1038 799 1088 in
833 1053 942 1105 quo
1001 1036 1223 1089 haurias
1265 1036 1454 1096 habes,
1505 1043 1559 1086 et
1619 1042 1815 1100 puteus

233 1128 365 1178 altus
400 1136 533 1178 est:
598 1126 738 1177 unde
769 1140 902 1193 ergo
954 1124 1121 1177 habes
1160 1139 1355 1191 aquam
1394 1120 1623 1175 vivom?
1668 1119 1817 1173 Nun-

232 1216 350 1285 quid
378 1227 435 1268 tu
463 1216 640 1284 major
664 1231 721 1269 es
741 1227 892 1284 patre
922 1225 1109 1269 nostro
1138 1215 1327 1277 Jacoh,
1352 1214 1445 1280 qui
1475 1212 1625 1265 dedit
1655 1210 1814 1264 nobis

232 1317 483 1375 puteum,
505 1306 689 1375 etipse
709 1323 774 1360 ex
791 1323 854 1359 eo
874 1308 1030 1369 bibit,
1056 1316 1109 1359 et
1132 1306 1223 1359 lilii
1244 1307 1360 1373 ejus
1373 1316 1424 1358 et
1444 1317 1640 1372 pecora
1660 1301 1812 1366 eius?

234 1396 547 1466 Respondit
572 1398 751 1463 Jesus,
796 1410 851 1453 et
890 1399 1025 1453 dixit
1057 1400 1111 1452 ei
1151 1416 1163 1451 :
1198 1398 1391 1451 Omnis
1421 1398 1515 1465 qui
1574 1395 1714 1448 bibit
1747 1410 1811 1446 ex

233 1506 360 1558 aqua
396 1491 521 1554 hac,
546 1490 697 1544 sitiet
727 1493 922 1543 iterum
951 1507 965 1545 :
996 1491 1088 1559 qui
1112 1474 1303 1543 autem
1340 1489 1624 1542 biberitex
1644 1502 1808 1556 aqua,

230 1596 393 1649 quam
429 1598 535 1650 ego
573 1582 719 1636 dabo
753 1582 829 1647 ei,
881 1598 989 1636 non
1048 1583 1197 1636 sitiet
1233 1584 1283 1635 in
1333 1594 1601 1635 internum
1637 1599 1651 1637 :
1714 1582 1807 1635 sed

231 1689 390 1742 aqua,
415 1691 585 1741 quam
618 1691 718 1744 ego
771 1675 914 1729 dabo
947 1676 1019 1739 ei,
1076 1676 1167 1728 liet
1195 1677 1249 1729 in
1274 1691 1339 1727 eo
1390 1675 1510 1728 fons
1539 1690 1693 1743 aqua:
1722 1691 1808 1729 sa-

231 1764 418 1817 lientis
478 1764 533 1817 in
570 1765 733 1818 vitam
774 1775 1057 1819 aeternam.
1103 1767 1243 1819 Dicit
1267 1767 1333 1819 ad
1383 1782 1509 1819 eum
1564 1766 1808 1820 mulier:

229 1855 488 1919 Domine,
521 1856 585 1908 da
622 1857 755 1909 mihi
783 1857 921 1910 hanc
948 1873 1166 1924 aquam,
1194 1866 1252 1909 ut
1277 1872 1382 1909 non
1403 1857 1605 1920 sitiam,
1630 1872 1810 1925 neque

231 1945 444 1997 veniam
467 1946 575 1997 huc
609 1946 847 1998 haurire.
866 1946 1063 1999 Dicitei
1081 1946 1277 2001 Jesus:
1305 1945 1466 2008 Vade,
1485 1961 1615 1999 voca
1637 1948 1811 2000 virum

230 2046 407 2098 tuum,
432 2045 503 2088 et
530 2037 651 2089 veni
682 2036 806 2090 huc.
834 2037 1135 2105 Respondit
1166 2037 1362 2090 mulier
1412 2046 1468 2090 et
1502 2036 1637 2090 dixit
1659 2053 1673 2090 :
1694 2035 1811 2089 Non

230 2128 407 2180 habeo
428 2128 632 2182 virum.
658 2128 794 2183 Dicit
819 2129 868 2181 ei
898 2129 1057 2182 Jesus
1077 2143 1091 2182 :
1113 2127 1257 2182 Bene
1275 2128 1459 2181 dixisti
1491 2144 1503 2180 ;
1529 2126 1667 2191 Quia
1699 2143 1807 2180 nou

229 2216 407 2270 lrabeo
440 2218 619 2271 virum
643 2220 683 2288 [ς
721 2220 965 2289 quinque
998 2222 1147 2273 enim
1204 2220 1353 2272 viros
1420 2217 1660 2272 habuisti
1698 2234 1713 2283 ;
1755 2227 1810 2269 et

228 2325 379 2363 nunc
418 2326 587 2379 quem
632 2312 821 2377 habes,
874 2327 980 2364 non
1012 2320 1095 2364 est
1161 2318 1289 2364 tuus
1355 2310 1486 2365 vir:
1542 2311 1645 2363 hoc
1685 2324 1812 2361 vere

226 2403 441 2456 dixisti.
468 2402 607 2456 Dicit
624 2405 673 2457 ei
695 2405 891 2456 mulier
917 2420 931 2458 :
956 2402 1207 2467 Domine,
1227 2403 1384 2457 video
1403 2403 1529 2471 quia
1550 2401 1811 2471 propheta

224 2504 281 2543 es
309 2506 399 2546 tu.
434 2494 623 2549 Patres
664 2496 835 2549 nostri
866 2494 919 2547 in
952 2506 1136 2550 monte
1199 2496 1301 2548 hoc
1333 2495 1723 2559 adoraverunt,
1757 2502 1813 2545 et

226 2600 319 2639 vos
346 2585 563 2652 dicitis,
595 2588 723 2656 quia
756 2587 1153 2657 Hierosolymis
1184 2597 1270 2641 est
1326 2588 1505 2651 locus,
1544 2586 1637 2639 ubi
1682 2587 1813 2637 aiio-

225 2694 343 2733 rare
402 2690 647 2748 oportet.
697 2681 838 2735 Dicit
869 2682 919 2734 ei
951 2679 1109 2735 Jesus
1140 2696 1154 2733 :
1190 2681 1403 2743 Mulier,
1458 2680 1622 2733 crede
1655 2679 1808 2743 iuilii,

220 2769 352 2836 quia
414 2771 567 2822 venit
598 2771 803 2835 hora,“
856 2772 1075 2840 quando
1116 2788 1292 2840 neque
1348 2772 1404 2825 in
1455 2780 1642 2826 monte
1680 2772 1811 2835 hoc,

222 2876 409 2930 neque
438 2861 865 2933 inJerosolymis
903 2864 1198 2918 adorabitis
1226 2866 1460 2919 Patrem.
1484 2865 1590 2920 Vos
1615 2865 1813 2918 adora-

219 2954 286 3005 tis
312 2955 476 3021 quod
538 2956 763 3009 nescitis
812 2972 826 3008 :
871 2972 967 3010 nos
1026 2957 1325 3011 adoramus
1364 2958 1509 3027 quod
1576 2958 1802 3024 scimus,

218 3048 348 3114 quia
396 3048 549 3102 salus
577 3063 640 3100 ex
672 3048 874 3102 Judaeis
904 3057 1005 3103 est.
1047 3048 1154 3102 Sed
1190 3049 1337 3103 venit
1374 3049 1527 3114 hora,
1568 3060 1623 3104 et
1662 3064 1807 3103 nunc
1834 3070 1877 3129 α

216 3149 340 3205 est,
412 3140 636 3208 quando
690 3141 803 3194 veri
856 3141 1173 3194 adoratores
1220 3141 1525 3195 adorabunt
1589 3141 1803 3195 Patrem

218 3232 270 3283 in
323 3232 534 3301 spiritu
592 3241 646 3285 et
682 3233 931 3288 veritate.
968 3232 1096 3286 Nam
1124 3240 1177 3287 et
1225 3232 1381 3286 Pater
1433 3235 1566 3285 tales
1589 3233 1806 3300 quaerit,

217 3325 309 3391 qui
367 3324 609 3377 adorent
664 3338 809 3377 eum.
870 3324 1109 3393 Spiritus
1160 3334 1245 3379 est
1290 3326 1476 3378 Deus:
1565 3337 1621 3380 et
1673 3340 1802 3390 eos,

217 3420 310 3487 qui
361 3420 605 3473 adorant
651 3435 797 3481 eum,
861 3420 915 3472 in
969 3420 1163 3485 spiritu
1204 3426 1258 3470 et
1310 3418 1534 3473 veritate
1590 3429 1806 3487 oportet

217 3514 479 3565 adorare.
524 3512 663 3566 Dicit
691 3515 741 3566 ei
777 3513 973 3565 mulier
1007 3530 1020 3565 :
1062 3512 1188 3565 Scio
1222 3511 1347 3579 quia
1388 3510 1611 3565 Messias
1657 3515 1806 3567 venit

216 3607 336 3675 (qui
370 3608 584 3659 dicitur
605 3605 1048 3674 Christus).Cuin
1081 3620 1211 3673 ergo
1240 3606 1451 3660 venerit
1479 3607 1593 3671 ille,
1634 3607 1797 3660 nobis

215 3701 584 3753 annuutiabit
636 3700 841 3753 omnia.
899 3698 1037 3752 Dicit
1086 3700 1134 3751 ei
1189 3698 1349 3752 Jesus
1409 3718 1422 3751 :
1476 3700 1588 3769 Ego
1644 3716 1802 3764 sum,

214 3796 309 3860 qui
352 3794 559 3859 loquor
593 3801 794 3845 tecum.
822 3791 885 3843 Et
926 3794 1187 3844 continuo
1221 3801 1491 3845 venerunt
1540 3793 1798 3862 discipuli

214 3885 337 3952 ejus
366 3903 378 3936 :
420 3894 477 3937 et
504 3883 847 3935 mirabantur
877 3884 1005 3949 quia
1033 3898 1155 3934 cum
1187 3882 1414 3935 muliere
1456 3884 1801 3951 loquebatur.

214 3977 397 4031 Nemo
429 3989 611 4029 tamen
654 3974 832 4029 dixit:
872 3974 1011 4040 Quid
1043 3975 1376 4042 quaeris,ant
1404 3976 1533 4044 quid
1558 3976 1804 4045 loqueris

212 4086 347 4124 cum
400 4085 467 4124 ea
506 4070 529 4120 ‘.’
566 4068 803 4136 Reliquit
830 4082 959 4135 ergo
1002 4066 1244 4136 hydriam
1296 4083 1449 4120 suam
1503 4068 1722 4134 mulier,
1749 4077 1805 4121 et

212 4166 356 4217 abiit
388 4163 444 4215 in
484 4160 784 4224 civitatem,
824 4170 877 4213 et
906 4158 1041 4213 dicit
1075 4159 1181 4212 illis
1209 4160 1555 4215 hominibus:
1590 4160 1800 4228 Venite,

213 4269 270 4309 et
310 4258 500 4307 videte
534 4253 837 4316 hominem,
868 4253 958 4320 qui
997 4252 1131 4304 dixit
1156 4253 1288 4305 mibi
1321 4254 1502 4306 omnia
1542 4269 1806 4322 quacun-

210 4362 325 4415 que
361 4344 467 4398 feci
501 4357 515 4394 :
546 4340 793 4409 nunquid
820 4342 934 4409 ipse
966 4340 1362 4395 estChristus?
1388 4342 1801 4414 Exieruntergo

209 4442 281 4494 de
317 4439 572 4499 civitate,
599 4442 652 4487 et
685 4433 1059 4486 veniebautad
1092 4448 1238 4485 eum.
1290 4434 1501 4489 Interea
1537 4437 1800 4507 rogabant

206 4547 353 4586 enin
405 4526 681 4593 discipuli,
736 4524 981 4578 dicvntes
1023 4542 1037 4579 :
1104 4524 1299 4589 Rabbi,
1368 4528 1658 4582 manduca.
1704 4530 1800 4585 Ille

208 4632 411 4675 autem
464 4620 599 4672 dicit
638 4619 765 4671 eis:
826 4617 939 4683 Ego
986 4617 1169 4669 cibum
1222 4618 1396 4672 habeo
1446 4620 1802 4685 manducare,

208 4732 388 4784 quem
420 4727 519 4765 vos
544 4709 786 4764 nescitis.
828 4710 1090 4763 Dicebant
1140 4727 1273 4780 ergo
1301 4712 1555 4781 discipuli
1612 4716 1676 4768 ad
1725 4716 1807 4769 in-

214 4812 406 4861 \iceni
468 4821 481 4857 :
533 4802 790 4871 Nunquid
856 4803 1053 4870 aliquis
1094 4804 1277 4857 attulit
1332 4806 1381 4858 ei
1425 4810 1806 4861 manducare?

213 4902 370 4954 Dicit
405 4900 487 4952 eis
512 4898 671 4952 Jesus
702 4910 717 4948 :
748 4896 902 4949 Meus
942 4896 1099 4949 cibus
1127 4910 1230 4960 ρει,
1259 4906 1317 4948 ut
1343 4896 1534 4950 faciam
1554 4899 1807 4952 volunta-

206 4994 483 5062 tt-incjus
539 4990 633 5059 qui
704 4987 854 5040 misit
902 5001 1009 5048 me,
1047 4995 1105 5037 ut
1159 4987 1437 5053 perficiam
1463 5002 1600 5055 opus
1660 4987 1803 5055 ejus.

202 5089 418 5142 Nonne
470 5098 567 5136 vos
608 5080 789 5134 dicitis
846 5078 987 5146 quod
1050 5078 1228 5129 adhuc
1289 5086 1525 5145 quatuor
1583 5093 1802 5132 menses

203 5188 351 5231 sunt
394 5173 503 5245 [AL
540 5170 697 5241 sint],
727 5178 783 5224 et
815 5170 1007 5223 messis
1043 5167 1228 5221 venit?
1254 5168 1388 5221 Ecce
1421 5168 1544 5222 dico
1607 5171 1756 5222 vobis
1785 5185 1798 5220 :

203 5268 424 5320 va-ate
473 5264 667 5317 oculos
722 5271 955 5323 vestros,
1012 5271 1067 5314 et
1121 5260 1298 5314 videte
1357 5262 1633 5329 regiones,
1671 5262 1799 5330 quia

199 5358 362 5408 allia:
387 5354 642 5420 suntjam
670 5352 737 5405 ad
759 5366 1016 5404 messem.
1055 5349 1123 5403 Et
1168 5349 1259 5417 qui
1288 5350 1465 5414 metit,
1492 5352 1797 5403 mercedem

201 5445 448 5513 accipit,
480 5455 537 5497 et
569 5451 861 5511 congregat
898 5441 1130 5494 fructum
1163 5440 1216 5491 in
1264 5442 1429 5494 vitam
1481 5454 1739 5495 aeternam
1778 5459 1793 5496 :

202 5547 271 5589 ut
358 5542 412 5587 et
449 5536 541 5603 qui
572 5537 823 5598 seminat,
850 5535 1009 5589 simul
1036 5536 1287 5604 gaudeat,
1320 5543 1372 5587 et
1403 5530 1495 5602 qui
1522 5533 1695 5587 metit.
1741 5534 1796 5587 lu

1920 491 2104 547 nat,et
2128 485 2268 537 alius
2289 494 2372 537 est
2403 485 2493 553 qui
2519 484 2696 537 metit.
2731 482 2841 552 Ego
2870 484 2987 536 misi
3015 498 3112 536 vos
3135 492 3339 535 metere
3360 484 3517 550 quod.

1918 590 2016 628 vos
2050 590 2156 629 non
2190 575 2523 629 laborastis:
2563 575 2653 628 alii
2690 575 3093 636 laboraverunt.
3130 584 3184 627 et
3210 589 3304 627 vos
3342 575 3395 627 in
3435 576 3512 624 la-

1918 667 2082 720 bores
2114 682 2304 719 eorum
2342 666 2633 720 introistis.
2671 666 2743 719 Ex
2770 666 2989 719 civitate
3024 675 3204 718 autem
3236 666 3325 719 illa
3349 666 3509 717 mulli

1918 756 2280 810 crediderunt
2330 757 2381 809 in
2414 773 2538 810 eum
2577 757 3068 821 Samaritanorum,
3115 768 3335 828 propter
3384 775 3508 809 vcr—

1919 852 2045 902 hum
2108 850 2356 903 mulieris
2432 852 2804 905 testimonium
2866 852 3208 921 perhibentis
3278 868 3293 906 :
3354 852 3501 916 Quia

1917 940 2053 994 dixit
2095 942 2230 994 mihi
2264 944 2449 996 omnia
2490 958 2830 1013 quaecunque
2863 944 2994 998 feci.
3027 944 3165 998 Cum
3214 945 3502 998 venissent

1919 1046 2051 1099 ergo
2078 1034 2144 1085 ad
2174 1034 2326 1086 illum
2359 1036 2708 1097 Samaritani,
2746 1048 3080 1106 rogaverunt
3134 1054 3281 1102 eum,
3326 1047 3381 1091 ut
3426 1037 3499 1091 ibi

1921 1134 2187 1181 maneret.
2230 1125 2295 1179 Et
2334 1127 2534 1179 mansit
2567 1127 2643 1180 ibi
2675 1128 2807 1181 duos
2831 1129 2969 1182 dies.
3002 1129 3066 1181 Et
3104 1130 3277 1182 multo
3312 1130 3499 1199 plures

1916 1215 2271 1269 crediderunt
2329 1218 2383 1269 in
2417 1232 2543 1271 eum
2603 1228 2826 1288 propter
2866 1234 3176 1273 sermonem
3234 1221 3372 1290 ejus.
3435 1222 3499 1274 Et

1917 1308 2135 1360 mulieri
2160 1307 2412 1361 dicebant
2452 1309 2623 1374 :Quia
2654 1310 2766 1379 jam
2831 1327 2937 1365 non
2967 1322 3188 1382 propter
3248 1322 3390 1366 tuam
3422 1314 3501 1366 lo-

1916 1399 2128 1465 quelam
2164 1401 2440 1454 credimus
2484 1418 2498 1454 :
2544 1402 2650 1471 ipsi
2720 1402 2866 1456 enim
2907 1404 3240 1469 audivimus,
3301 1416 3356 1459 et
3388 1408 3497 1457 54-i-

1917 1505 2058 1554 nius,
2093 1489 2218 1559 quia
2248 1492 2337 1544 hic
2360 1503 2445 1546 est
2498 1508 2629 1547 vere
2655 1493 2907 1549 Salvator
2950 1496 3139 1549 mundi
3173 1493 3381 1565 [sum
3418 1495 3501 1565 7.}

1915 1576 2043 1631 Post
2082 1580 2223 1636 duos
2257 1590 2439 1634 autem
2471 1580 2590 1636 dies
2608 1582 2740 1636 exiit
2766 1583 2891 1636 inde
2923 1599 2937 1637 :
2992 1591 3046 1637 et
3110 1583 3246 1636 abiit
3276 1582 3329 1635 in
3352 1582 3505 1634 Gali-

1914 1668 2089 1722 beam.
2134 1670 2322 1741 iuvit,
2386 1670 2464 1741 1.]
2526 1671 2646 1740 ipse
2679 1672 2825 1726 enim
2889 1672 3050 1726 Jesus
3122 1673 3494 1726 teatimonium

1920 1762 2227 1830 perhibuit,
2259 1763 2388 1831 quia
2444 1765 2711 1832 propheta
2749 1766 2803 1819 in
2858 1781 2956 1820 sua
3019 1767 3194 1834 patria
3229 1766 3493 1820 honorem

1918 1868 2023 1904 non
2060 1852 2246 1907 habet.
2274 1852 2486 1923 [xxxvr,
2517 1852 2633 1925 10.]
2660 1856 2797 1909 Cum
2832 1870 2965 1923 ergo
2994 1856 3277 1909 venissent
3311 1854 3363 1907 in
3389 1855 3496 1909 (1.1--

1917 1940 2134 2005 lilzeam,
2165 1953 2505 2012 exceperunt
2529 1960 2651 1998 eum
2687 1943 2914 2008 Galilaei,
2955 1961 3079 1998 cum
3114 1946 3298 2000 omnia
3330 1946 3495 1999 vidis-

1917 2042 2042 2087 sent
2065 2050 2188 2103 quae
2211 2034 2794 2107 feceratJerosolymis
2834 2037 2888 2090 in
2925 2035 3013 2091 die
3052 2038 3194 2092 festo
3228 2052 3243 2093 :
3305 2045 3360 2091 et
3390 2037 3491 2103 ipsi

1914 2124 2060 2177 enim
2090 2125 2437 2179 venerantad
2468 2126 2610 2181 diem
2640 2126 3028 2182 festum.Venit
3050 2143 3179 2198 ergo
3206 2129 3405 2182 iterum
3433 2128 3489 2180 in

1913 2216 2059 2271 Cana
2089 2218 2343 2283 Galilzeaa,
2370 2218 2461 2272 ubi
2496 2219 2625 2274 fecit
2651 2235 2847 2290 aquam
2886 2221 3097 2275 vinum.
3139 2220 3372 2292 ἷιχινη,
3405 2219 3492 2291 4.]

1916 2308 1980 2361 Et
2011 2320 2129 2363 erat
2178 2310 2400 2379 quidam
2436 2312 2675 2381 regulus,
2720 2314 2877 2384 cujus
2908 2312 3053 2367 ﬁlius
3098 2314 3493 2368 infirmabatur

1912 2401 2321 2469 Capharnaum.
2350 2403 2450 2457 Hic
2481 2419 2606 2457 cum
2626 2404 2873 2459 audisset
2905 2406 3034 2474 quia
3064 2405 3227 2460 Jesus
3260 2406 3491 2460 adveni-

1916 2502 1996 2546 ret
2048 2508 2077 2546 a
2107 2492 2295 2548 Judaaa
2339 2496 2393 2548 in
2429 2494 2734 2559 Galilazam,
2768 2496 2907 2550 abiit
2959 2496 3025 2550 ad
3062 2512 3212 2560 eum,
3247 2505 3303 2551 et
3330 2512 3491 2566 roga.

1914 2585 2004 2637 bat
2032 2599 2158 2637 eum
2193 2584 2629 2638 utdescenderet
2673 2594 2729 2639 et
2756 2597 2976 2639 sanaret
3008 2585 3177 2639 filium
3209 2588 3330 2657 ejus
3361 2603 3376 2639 :
3406 2588 3492 2639 in-

1912 2676 2147 2744 cipiebat
2176 2678 2323 2729 enim
2364 2681 2525 2729 mori.
2560 2676 2707 2730 Dixit
2734 2692 2864 2747 ergo
2884 2676 3043 2731 Jesus
3068 2677 3133 2729 ad
3166 2693 3290 2729 eum
3329 2694 3342 2727 :
3372 2675 3490 2732 Nisi

1912 2768 2067 2837 signa
2125 2778 2181 2821 et
2210 2768 2455 2837 prodigia
2484 2768 2753 2835 videritis,
2782 2784 2892 2823 non
2948 2768 3197 2823 creditis.
3245 2768 3387 2823 Dicit
3416 2769 3493 2823 ad

1910 2874 2036 2913 eum
2063 2862 2283 2929 regulus
2330 2875 2346 2913 :
2388 2861 2636 2927 Domine,
2672 2862 2941 2917 descende
3001 2862 3152 2929 prius
3176 2876 3338 2930 quam
3369 2878 3488 2915 ιιιοη

1914 2953 2088 3006 riatur
2112 2954 2255 3006 illius
2280 2969 2453 3007 meus.
2507 2954 2646 3008 Dicit
2666 2956 2716 3009 ei
2744 2952 2902 3009 .lesus
2932 2971 2945 3005 :
2982 2953 3153 3017 Vade,
3185 2954 3332 3007 filius
3360 2964 3488 3009 tuus

1912 3045 2066 3099 vivit.
2086 3046 2329 3100 Credidit
2349 3047 2510 3101 homo
2530 3047 2794 3113 sermoni,
2813 3062 2975 3118 quem
2996 3047 3137 3101 dixit
3154 3048 3203 3101 ei
3221 3048 3401 3112 Jcsus,
3426 3059 3482 3103 et

1910 3137 2042 3189 ibat.
2069 3136 2184 3190 Jam
2210 3146 2391 3191 autem
2415 3152 2481 3191 eo
2506 3139 2902 3203 descendente,
2933 3140 3074 3193 servi
3118 3150 3484 3193 occurrerunt

1907 3226 1958 3281 ei
1996 3234 2052 3281 et
2075 3228 2755 3293 nuntiaveruntdicentes,
2788 3230 2915 3300 quia
2949 3230 3473 3299 filiuSejusviveret.

1907 3320 2290 3393 [interrogabat
2341 3338 2471 3392 ergo
2517 3323 2713 3377 horam
2771 3325 2839 3378 ab
2897 3325 3002 3387 eis,
3038 3323 3091 3376 in
3124 3338 3229 3391 qua
3283 3323 3483 3376 melius

1907 3412 2182 3468 habuerit.
2207 3414 2268 3466 Et
2306 3414 2561 3468 dixerunt
2595 3416 2644 3468 ei
2683 3431 2698 3468 :
2737 3415 2874 3479 Quia
2926 3415 3047 3467 heri
3079 3414 3211 3467 hora
3247 3415 3481 3482 septima

1908 3502 2136 3572 reliquit
2166 3519 2289 3557 eum
2332 3504 2518 3559 febris.
2562 3504 2829 3573 Cognovit
2856 3520 2985 3572 ergo
3018 3513 3192 3571 pater,
3222 3505 3348 3573 quia
3388 3503 3480 3556 illa

1905 3595 2039 3649 liora
2058 3607 2200 3661 erat,
2235 3599 2286 3649 in
2314 3612 2419 3665 qua
2452 3598 2586 3649 dixit
2615 3598 2665 3650 ei
2702 3596 2898 3650 Jesus:
2936 3596 3107 3649 Filius
3140 3605 3265 3649 tuus
3298 3594 3476 3648 vivit:

1905 3698 1959 3741 et
1985 3687 2384 3755 crcdiditipse,
2418 3698 2474 3741 et
2521 3687 2719 3741 domus
2745 3688 2864 3756 ejus
2919 3696 3049 3739 tota.
3106 3684 3217 3738 lloc
3279 3688 3478 3741 iterum

1905 3778 2209 3831 secundum
2250 3777 2467 3845 signum
2508 3775 2638 3831 fecit
2664 3774 2846 3841 Jesus,
2881 3790 3006 3829 cum
3042 3774 3283 3829 venisset
3322 3790 3351 3828 a
3381 3774 3479 3829 Ju-

1904 3870 2015 3923 diea
2068 3870 2121 3923 in
2169 3869 2467 3924 Galilzeam.

1978 3956 2133 4027 [Cap.
2169 3958 2230 4013 V.
2269 3974 2494 4022 xxxvut,
2553 3958 2634 4031 1.]
2668 3958 2793 4014 Post
2830 3960 2945 4014 haec
2994 3970 3115 4014 erat
3138 3961 3256 4013 dies
3306 3960 3481 4015 festus

1901 4048 2244 4114 Judmorum,
2291 4061 2346 4103 et
2377 4052 2623 4105 ascendit
2650 4052 2812 4107 .Iesus
2868 4052 3323 4123 Hierosolymam.
3381 4052 3479 4106 Est

1903 4150 2086 4193 autem
2116 4142 2478 4214 Jerosolymis
2512 4144 2799 4199 Probatica
2840 4146 3070 4215 piscina,
3102 4161 3223 4214 quae
3274 4160 3477 4214 cogno-

1904 4231 2141 4285 minatur
2177 4232 2446 4289 Hebraiee
2488 4234 2802 4299 Bethsaida,
2830 4238 3072 4305 quinque
3103 4237 3350 4305 porticus
3378 4238 3475 4290 ha-

1905 4322 2063 4376 bens.
2095 4324 2149 4377 In
2181 4324 2267 4379 his
2290 4326 2511 4394 jacebat
2538 4327 2829 4381 multitudo
2857 4342 3048 4393 magna
3071 4330 3470 4397 languentium,

1907 4423 2202 4483 caecorum,
2265 4419 2606 4483 claudorum,
2673 4419 2972 4479 aridorum,
3040 4420 3475 4487 exspectantium

1906 4527 2063 4581 aqua:
2093 4522 2324 4567 motuin.
2362 4514 2602 4583 Angelus
2634 4525 2816 4567 autem
2851 4513 3066 4567 Domini
3099 4514 3479 4570 descendebat

1910 4609 2213 4666 secundum
2278 4616 2495 4675 tempus
2546 4608 2597 4660 in
2660 4606 2923 4675 piscinam
2985 4618 3089 4663 :et
3155 4608 3481 4663 movebatur

1904 4719 2068 4773 aqua.
2104 4704 2169 4756 Et
2192 4702 2284 4770 qui
2319 4700 2470 4770 prior
2522 4698 2900 4754 descendisset
2938 4700 2992 4753 in
3026 4700 3293 4769 piscinam
3357 4712 3481 4771 post

1904 4798 2204 4850 motionem
2231 4810 2404 4863 aquae,
2430 4808 2597 4847 sanus
2641 4792 2807 4847 fiebat
2848 4807 2876 4845 a
2899 4808 3227 4863 quacunque
3259 4794 3480 4848 detine-

1900 4889 2064 4941 batur
2095 4885 2433 4940 infirmitate.
2508 4883 2638 4937 Erat
2666 4897 2849 4939 autem
2884 4885 3105 4952 quidam
3168 4886 3333 4939 homo
3378 4886 3480 4948 ibi,

1903 4982 2126 5050 triginta
2155 4991 2211 5033 et
2264 4987 2391 5033 octo
2427 4994 2605 5033 annos
2662 4979 2872 5033 habens
2901 4979 2954 5033 in
3006 4978 3327 5031 infirmitate
3355 4994 3476 5033 sua.

1903 5072 2059 5126 llunc
2122 5087 2248 5125 eum
2306 5071 2537 5124 vidisset
2566 5070 2726 5124 Jesus
2753 5071 3056 5139 jacentem,
3091 5080 3146 5125 et
3185 5072 3475 5139 cognoris,

1903 5176 1986 5219 set
2034 5165 2161 5233 quia
2212 5166 2323 5234 jam
2380 5163 2607 5215 multum
2645 5174 2858 5232 tempus
2907 5164 3155 5226 haberet,
3203 5165 3335 5217 dicit
3364 5162 3412 5216 ei
3455 5178 3470 5218 :

1908 5256 1999 5311 Vis
2026 5273 2194 5310 sanus
2224 5256 2341 5309 fieri
2368 5256 2390 5308 ?
2424 5256 2731 5324 Respondit
2763 5257 2813 5309 ei
2846 5257 3137 5327 languidus
3168 5273 3182 5310 :
3216 5256 3468 5321 Domine,

1906 5350 2182 5404 hominem
2208 5365 2316 5403 non
2346 5348 2542 5413 habeo,
2581 5357 2639 5403 ut
2705 5364 2828 5403 cum
2864 5353 3079 5404 turbata
3120 5348 3287 5401 fuerit
3307 5363 3469 5414 aqua,

1908 5445 2086 5496 mittat
2112 5456 2198 5495 me
2229 5442 2283 5495 in
2316 5442 2580 5510 piscinam
2616 5458 2633 5498 :
2661 5442 2789 5496 dum
2815 5442 2978 5495 venio
3007 5441 3152 5493 enim
3176 5452 3301 5508 ego,
3328 5438 3472 5493 alius

1906 5546 2033 5589 ante
2084 5551 2167 5587 me
2196 5533 2500 5588 descendit.
2547 5533 2694 5589 Dicit
2741 5535 2787 5588 ei
2820 5532 3029 5588 Jesus.:
3086 5531 3285 5599 Surge,
3343 5532 3471 5587 tollo

287 5720 305 5749 '
347 5715 407 5770 In
458 5719 661 5770 nostris
718 5730 872 5785 mss.,
903 5718 1023 5784 quia
1108 5717 1300 5771 veniat.
1361 5716 1581 5773 Greca-5
1607 5723 1787 5772 autem
1830 5720 1942 5791 ipse
1980 5724 2338 5783 tcxiushibct
2368 5722 2420 5774 in
2466 5714 2687 5772 insumi
2718 5711 2956 5785 ἔρχεται.
