3880 6168
348 320 458 382 ῦ⁰5

1253 320 1317 379 S.
1353 316 1786 378 lllERONYMl
1832 316 2092 378 DIVINA
2138 316 2667 375 BlBl.lOTllECA.

3462 308 3579 372 691';

331 433 613 498 grabatum
651 440 825 494 tuum,
860 442 915 487 et
942 432 1183 485 ambula.
1226 431 1288 483 Et
1332 430 1513 485 statim
1555 446 1722 484 sanus
1786 427 1895 482 fac-
1930 438 1973 489 Α
2006 430 2060 483 in
2099 432 2215 483 luce
2257 434 2395 501 ejus.
2432 432 2540 499 Ego
2574 440 2753 483 autem
2816 428 2989 481 habeo
3036 425 3406 481 testimonium
3454 440 3587 478 ma-

332 532 420 579 tus
452 535 539 578 est
567 524 732 578 homo
780 525 873 579 ille
906 543 919 578 :
950 534 1003 578 et
1048 522 1271 578 sustulit
1307 525 1591 592 grabatum
1615 536 1796 586 suum,
1847 531 1903 574 et

333 617 667 672 ambulabat.
716 616 842 668 Erat
867 626 1050 669 autem
1107 615 1402 671 Sahhatum
1438 617 1491 669 in
1523 615 1612 669 die
1643 616 1755 669 illo.
1808 614 1901 668 Di-

333 710 533 762 cebant
556 722 684 776 ergo
712 707 883 761 Judmi
911 707 986 760 illi
1026 708 1120 776 qui
1155 715 1383 761 sanatus
1436 707 1613 760 fuerat
1647 724 1659 759 :
1690 705 1901 761 Subba-

337 807 450 848 tum
519 806 622 859 est,
661 811 768 849 nou
828 796 956 849 licet
1011 794 1107 849 tibi
1135 795 1327 849 tollere
1367 796 1654 864 grabatum
1723 806 1895 848 tuum.

333 886 539 955 lxxxiii,
574 881 684 952 10.]
720 881 1013 950 Respondit
1068 884 1150 940 eis
1193 900 1207 938 :
1238 883 1340 950 Qui
1380 901 1465 939 me
1520 900 1716 939 sanum
1754 883 1900 947 fecit,

345 978 439 1028 ille
475 976 604 1028 mihi
635 975 766 1029 dixit
807 994 820 1030 :
854 975 1006 1031 Tolle
1036 977 1317 1044 grabatum
1352 988 1529 1039 tuum,
1558 985 1613 1031 et
1664 975 1902 1029 ambula.

337 1066 822 1131 Interrogaverunt
868 1080 1001 1133 ergo
1049 1080 1173 1118 eum
1209 1084 1220 1117 :
1259 1064 1391 1128 Quis
1451 1073 1532 1116 est
1592 1062 1682 1116 ille
1714 1061 1901 1122 homo,

262 1188 265 1193 ι
336 1158 429 1225 qni
468 1157 599 1212 dixit
633 1156 728 1211 tibi
762 1173 774 1207 :
805 1155 956 1211 Tolle
989 1157 1294 1227 grabatum,
1335 1166 1390 1210 et
1421 1154 1637 1208 ambula
1677 1153 1699 1205 ἲ
1730 1153 1777 1206 Is
1804 1167 1904 1207 au-

337 1262 467 1313 tem,
492 1246 586 1316 qui
609 1261 777 1299 sanus
799 1245 979 1299 fuerat
1010 1246 1262 1309 eli'ectus,
1296 1243 1715 1312 nesciebatqnis
1737 1251 1900 1295 esset.

330 1336 496 1391 Jesus
533 1337 679 1390 cnim
722 1336 1024 1392 declinavit
1055 1350 1085 1389 a
1124 1338 1286 1390 turba
1341 1337 1640 1390 Constitnta
1665 1333 1720 1386 in
1756 1332 1895 1387 loco.

333 1428 533 1481 Postea
558 1428 771 1481 invenit
812 1441 935 1480 cum
966 1426 1125 1481 Jews
1166 1427 1219 1480 iu
1260 1426 1482 1495 templo,
1524 1434 1577 1479 et
1606 1423 1745 1477 dixit
1776 1422 1849 1475 illi
1889 1437 1904 1477 :

335 1519 481 1573 Ecce
506 1534 675 1573 sanus
711 1518 889 1573 factus
917 1534 979 1573 es
1018 1534 1034 1575 :
1062 1519 1173 1587 jam
1205 1518 1317 1572 noli
1354 1532 1603 1587 peccare,
1636 1530 1706 1569 ne
1757 1514 1909 1567 dete-

333 1610 450 1664 rius
508 1610 607 1663 tibi
665 1610 866 1679 aliquid
911 1612 1214 1679 contingat.
1252 1610 1405 1663 Abiit
1484 1610 1572 1662 ille
1611 1608 1795 1667 homo,
1851 1615 1906 1658 et

342 1703 616 1756 nuntiavit
655 1700 855 1757 Ιηάίρὶε
890 1703 1057 1770 ,quia
1095 1702 1256 1757 Jesus
1292 1711 1462 1761 esset,
1500 1699 1593 1767 qui
1624 1698 1751 1752 fecit
1776 1711 1905 1751 eum

2004 522 2095 591 jus
2134 521 2365 577 Joanne.
2427 523 2604 591 Opera
2657 521 2976 588 enim,qute
3025 519 3177 573 dedit
3238 518 3372 571 mihi
3416 518 3591 572 Pater

2010 620 2070 663 ut
2121 612 2398 680 perficiam
2435 627 2519 673 ea,
2575 612 2690 679 ipsa
2717 625 2882 678 opera
2934 623 3054 677 quae
3080 623 3178 676 ego
3221 607 3382 667 facio.
3420 607 3594 660 testi-

1974 702 2251 756 'monium
2304 704 2589 772 perhibent
2612 702 2678 755 de
2708 717 2811 764 me,
2869 700 2997 769 quia
3049 699 3207 752 Pater
3244 699 3395 751 misit
3448 712 3543 752 me
3571 714 3594 751 .-

2008 803 2064 849 ct
2104 795 2197 862 qui
2238 795 2382 848 misit
2415 810 2500 847 me
2531 795 2708 856 Pater,
2736 794 2850 861 ipse
2887 791 3260 844 testimonium
3296 789 3599 859 perhibuit

2007 890 2075 943 de
2106 904 2215 942 me:
2238 886 2481 959 [sumi]
2523 902 2697 956 neque
2717 902 2898 939 vocem
2921 886 3039 955 ejus
3062 899 3297 951 unquam
3321 883 3593 945 audistis,

2008 992 2186 1046 neque
2221 978 2456 1045 speciem
2486 977 2605 1046 ejus
2634 975 2864 1028 vidist's.
2894 972 3041 1047 Iuv,
3082 968 3196 1044 10.]
3239 971 3303 1025 Et
3344 974 3594 1026 verbum

2008 1069 2127 1137 ejus
2150 1084 2257 1121 non
2284 1068 2497 1122 habetis
2522 1068 2575 1121 in
2604 1066 2760 1119 vobis
2800 1080 3025 1119 manens
3046 1081 3060 1118 :
3084 1066 3211 1134 quia
3237 1080 3401 1131 quem
3434 1064 3603 1116 misit

2010 1158 2120 1220 ille,
2148 1158 2276 1212 huic
2304 1175 2401 1212 vos
2445 1174 2550 1211 non
2587 1156 2832 1211 creditis.
2872 1155 3197 1210 Scrutamini
3242 1153 3599 1222 Scripturas,

2011 1247 2139 1314 quia
2177 1261 2272 1300 vos
2329 1247 2531 1314 putatis
2569 1246 2622 1298 in
2664 1244 2797 1313 ipsis
2830 1242 2997 1297 vitam
3027 1252 3286 1296 aeternam
3327 1241 3547 1295 habere
3583 1257 3599 1293 :

2012 1350 2067 1393 et
2087 1338 2192 1391 illa:
2224 1347 2373 1399 sunt,
2434 1352 2555 1405 qua:
2611 1335 2981 1390 testimonium
3039 1332 3325 1401 perhibent
3361 1332 3600 1385 deme:

2010 1443 2065 1486 et
2087 1446 2193 1482 non
2228 1428 2392 1481 vultis
2425 1428 2611 1483 venire
2642 1427 2707 1480 ad
2732 1442 2841 1492 me,
2871 1438 2930 1480 ut
2955 1427 3117 1480 vitam
3155 1424 3428 1478 habeatis.
3457 1423 3602 1478 Cla-

2014 1524 2230 1575 ritatem
2279 1523 2348 1573 ab
2376 1519 2690 1574 hominibus
2752 1534 2856 1572 non
2889 1518 3115 1585 accipio.
3176 1515 3283 1571 Sed
3341 1516 3602 1582 cognovi

2011 1625 2135 1673 vos,
2189 1609 2316 1678 quia
2363 1609 2710 1663 dilectionem
2746 1606 2835 1660 Dei
2878 1621 2987 1659 non
3042 1605 3256 1659 habetis
3285 1604 3338 1656 in
3401 1604 3604 1657 vobis.

2017 1715 2127 1779 Ego
2152 1709 2279 1764 veni
2318 1710 2373 1762 in
2432 1707 2653 1761 nomine
2698 1704 2877 1758 Patris
2931 1703 3058 1770 mei,
3089 1710 3145 1755 et
3173 1717 3281 1755 non
3327 1699 3608 1769 accipitis

340 1809 561 1846 sanum.
621 1792 914 1863 Propterea
968 1794 1439 1862 persequebantur
1496 1788 1902 1852 JudaaiJesum,

2016 1822 2097 1859 me
2129 1822 2144 1858 :
2169 1804 2213 1857 si
2236 1802 2377 1855 alius
2402 1800 2611 1854 venerit
2641 1799 2693 1851 in
2715 1798 2933 1855 nomine
2959 1812 3080 1862 suo,
3109 1796 3322 1850 illuma:
3342 1791 3607 1860 cipieziz.

334 1885 459 1952 quia
490 1884 603 1938 haec
624 1884 927 1939 faciebatin
952 1885 1213 1939 Sabbato.
1235 1882 1396 1939 Jesus
1419 1893 1601 1937 autem
1631 1880 1914 1950 respondit
2010 1894 2294 1961 Quomodo
2333 1907 2429 1947 νοε
2443 1888 2669 1958 potestis
2698 1889 2941 1950 credere,
2963 1887 3055 1956 qui
3086 1884 3310 1955 gloriam
3345 1884 3419 1937 ab
3455 1883 3610 1936 invi.

338 1980 421 2033 eis
454 1994 468 2033 :
502 1978 663 2032 Pater
695 1993 851 2033 meus
875 1993 1048 2047 usque
1077 1978 1239 2031 modo
1267 1986 1549 2046 operatur,
1580 1984 1633 2028 et
1663 1990 1762 2042 ego
1783 1989 1909 2040 0pc-

339 2084 455 2121 ror.
490 2070 787 2138 Propterea
822 2083 955 2139 ergo
994 2069 1165 2138 magis
1208 2067 1530 2138 qumrebant
1555 2081 1679 2118 eum
1731 2064 1906 2119 Judaei

338 2163 651 2218 interficere
688 2180 705 2217 :
738 2164 864 2233 quia
901 2179 1008 2218 non
1065 2163 1243 2217 solum
1287 2159 1535 2215 solwbat
1586 2157 1906 2221 Sabbatum,

338 2253 434 2307 sed
468 2266 523 2308 et
571 2254 784 2308 Patrem
809 2253 1239 2308 suum‘dicebat
1293 2253 1488 2315 Deum,
1540 2248 1803 2319 aequalem
1849 2261 1908 2300 se

340 2346 550 2399 faciens
578 2345 716 2398 Deo.
778 2345 1086 2414 Respondit
1120 2345 1305 2414 itaque
1333 2343 1513 2405 Jesus,
1542 2353 1596 2394 et
1626 2341 1762 2395 dixit
1784 2341 1864 2393 eis
1890 2355 1905 2394 :

338 2440 533 2497 Amen,
570 2451 753 2501 amen,
788 2436 910 2488 dico
939 2435 1134 2489 vobis:
1179 2449 1288 2487 non
1341 2442 1522 2502 potest
1580 2429 1750 2485 Filius
1780 2446 1810 2483 a
1848 2443 1906 2484 se

338 2529 524 2582 facere
545 2527 868 2597 quidquam,
899 2527 1005 2581 nisi
1054 2526 1199 2595 quod
1226 2525 1426 2579 viderit
1455 2524 1670 2578 Patrem
1701 2523 1907 2577 facien-

340 2630 451 2674 tem
485 2636 500 2673 :
535 2633 878 2688 qumcuuque
928 2618 1075 2672 enim
1109 2617 1199 2672 ille
1226 2616 1442 2678 iecerit,
1486 2618 1599 2670 hac
1634 2626 1690 2670 ct
1738 2614 1908 2669 Filius

340 2712 596 2767 similiter
623 2711 772 2765 facit.
801 2711 959 2765 Pater
990 2710 1138 2765 enim
1163 2709 1340 2779 diligit
1372 2708 1597 2773 Filium,
1641 2716 1697 2763 et
1724 2708 1909 2762 omnia

338 2805 685 2859 demonstrat
724 2801 803 2866 ei,
842 2817 964 2872 quas
994 2803 1106 2871 ipse
1136 2800 1267 2857 facit
1296 2818 1311 2855 :
1346 2811 1401 2855 et
1439 2802 1645 2872 majora
1697 2800 1783 2854 his
1810 2799 1909 2854 de-

341 2896 683 2951 monstrabit
712 2895 765 2950 ci
802 2910 991 2964 Opera,
1028 2902 1087 2948 ut
1121 2908 1219 2949 vos
1243 2891 1539 2947 miremini.
1574 2890 1730 2945 Sicut
1765 2890 1911 2944 enim

342 2986 504 3043 Pater
576 2988 805 3043 suscitat
893 2994 1144 3041 mortuos
1223 2996 1281 3040 et
1339 2983 1641 3039 viviﬁcat:
1703 2983 1787 3037 sic
1850 2990 1907 3035 et

340 3077 533 3143 Filius,
609 3092 749 3146 quos
822 3078 936 3130 vult
1010 3076 1285 3130 vivilicat.
1354 3073 1545 3141 Neque
1610 3073 1758 3127 enim
1811 3070 1914 3126 Pa-

340 3180 426 3228 ter
490 3169 704 3240 judicat
766 3181 1094 3237 quemquam
1142 3208 1157 3231 ,
1219 3165 1321 3219 sed
1381 3178 1545 3218 omne
1642 3162 1915 3232 judicium

341 3262 495 3318 dedit
510 3261 673 3325 Filio,
689 3270 745 3314 ut
767 3273 960 3312 omnes
974 3257 1341 3313 houoriiiccnt
1358 3256 1553 3310 Filium
1566 3254 1723 3317 ,sicut
1742 3254 1916 3307 bono-

342 3354 562 3408 riﬂcant
589 3351 829 3405 Patrem:
853 3348 1047 3421 [xs,1]
1094 3346 1663 3418 quinonhonoriﬁcat
1699 3344 1916 3407 Filium,

344 3456 455 3496 non
480 3439 807 3495 honorillcat
858 3438 1095 3501 Patrem,
1129 3438 1220 3508 qui
1253 3435 1402 3491 misit
1432 3436 1604 3490 illum.
1649 3433 1915 3506 [xu,10.]

344 3539 540 3600 Amen,
565 3546 747 3599 amen,
786 3532 910 3588 dico
933 3529 1109 3596 vobis,
1168 3530 1293 3599 quia
1318 3529 1412 3599 qui
1448 3529 1669 3584 verbum
1735 3541 1917 3582 meum

344 3621 517 3687 audit,
550 3631 604 3676 et
635 3619 811 3675 credit
835 3621 886 3673 ei
914 3620 1005 3690 qui
1038 3619 1186 3673 misit
1214 3633 1325 3683 me,
1366 3618 1535 3673 habet
1567 3619 1733 3673 vitam
1756 3625 1917 3671 :eter-

344 3728 495 3778 nam,
524 3722 581 3768 ct
608 3712 662 3765 in
688 3712 958 3783 judicium
986 3726 1096 3765 non
1128 3711 1298 3777 venit,
1329 3710 1423 3765 sed
1446 3709 1663 3765 transiit
1685 3724 1716 3763 a
1743 3718 1917 3762 morte

346 3810 399 3862 in
427 3806 826 3871 vitam.Ainen,
853 3818 1034 3868 amen,
1066 3803 1189 3858 dico
1224 3803 1398 3865 vobis,
1431 3803 1560 3872 quia
1589 3801 1738 3857 venit
1761 3800 1913 3865 hora,

345 3909 401 3952 et
443 3912 588 3953 nunc
627 3908 731 3963 est,
796 3895 1019 3965 quando
1056 3895 1259 3950 mortui
1286 3894 1510 3949 audient
1541 3909 1728 3949 vocem
1790 3892 1915 3947 Filii

343 3989 439 4046 Dei
480 4006 494 4047 :
562 3999 619 4044 et
657 3989 750 4058 qui
792 3988 1092 4053 audierint,
1129 3989 1336 4042 vivent.
1375 3984 1530 4041 Sicut
1575 3988 1722 4040 enim
1760 3984 1917 4040 Pater

346 4082 505 4138 habet
542 4082 709 4134 vitam
746 4079 799 4133 in
828 4079 1123 4148 semetipso
1145 4116 1161 4143 ,
1195 4078 1274 4132 sic
1339 4076 1492 4131 dedit
1526 4085 1584 4132 et
1616 4076 1753 4131 Filio
1818 4075 1917 4129 ha-

344 4174 476 4227 bere
509 4173 676 4225 vitam
740 4173 793 4223 in
847 4170 1167 4238 semetipso,
1214 4176 1269 4222 et
1300 4176 1623 4237 potestatem
1683 4165 1833 4222 dedit
1863 4166 1915 4221 ei

340 4265 609 4336 judicium
681 4263 881 4325 facere,
919 4264 1045 4332 quia
1082 4260 1254 4316 Filius
1323 4260 1558 4314 hominis
1584 4269 1690 4313 est.
1740 4257 1919 4312 Nolite

346 4355 536 4412 mirari
570 4356 694 4421 hoc,
737 4354 864 4424 quia
894 4354 1043 4408 venit
1077 4353 1229 4415 hora,
1282 4350 1339 4404 in
1361 4365 1469 4419 qua
1515 4362 1706 4403 omnes
1734 4348 1824 4416 qui
1862 4347 1915 4401 in

2009 1999 2126 2040 cem
2159 1982 2407 2049 accipitis
2432 2023 2446 2045 ,
2473 1990 2529 2034 et
2552 1979 2801 2049 gloriam,
2837 1993 2957 2044 quae
2985 1993 3012 2029 a
3046 1975 3165 2030 solo
3196 1974 3302 2027 Deo
3330 1986 3447 2037 εει,
3484 1989 3605 2025 non

2007 2075 2263 2149 qumritis
2299 2072 2531 2127 iNolite
2562 2080 2754 2139 putare
2777 2070 2906 2139 quia
2942 2082 3043 2137 ego
3083 2073 3454 2125 accusaturus
3489 2065 3605 2117 sint

2009 2182 2107 2221 vos
2133 2165 2274 2236 apud
2302 2163 2521 2218 Patrem
2545 2177 2560 2218 :
2586 2170 2669 2217 est
2692 2160 2786 2230 qui
2818 2168 3036 2214 accusat
3064 2156 3174 2227 [AL
3199 2153 3465 2224 accuset}
3508 2170 3614 2207 vos

2010 2260 2245 2328 Moyses,
2283 2255 2336 2309 in
2391 2270 2499 2323 quo
2556 2266 2654 2306 vos
2691 2250 2944 2320 speratis.
2976 2247 3033 2303 Si
3078 2247 3221 2303 enim
3269 2246 3609 2300 crederetis

2009 2351 2203 2421 Moysi,
2223 2347 2524 2403 crederetis
2553 2345 2783 2399 forsitan
2814 2354 2870 2400 et
2897 2341 3029 2395 mibi
3063 2339 3169 2396 :de
3199 2352 3283 2393 me
3306 2338 3473 2392 enim
3508 2338 3612 2391 ille

2008 2443 2246 2512 scripsit.
2287 2440 2344 2495 Si
2376 2450 2560 2493 autem
2602 2437 2749 2493 illius
2776 2434 2977 2491 litteris
3027 2447 3136 2487 non
3166 2430 3412 2495 creditis,
3455 2446 3615 2500 quo-

2009 2533 2174 2589 modo
2203 2530 2388 2588 verbis
2425 2530 2560 2585 meis
2597 2526 2872 2583 credetis?

2082 2623 2238 2695 [Cap.
2277 2622 2369 2678 Vl.
2404 2636 2548 2686 var,
2594 2617 2674 2690 1.]
2709 2617 2838 2672 Post
2885 2618 3000 2672 hsce
3051 2617 3189 2672 abiit
3232 2615 3397 2671 Jcsus
3438 2624 3619 2668 trans

2012 2732 2161 2771 mare
2187 2714 2447 2779 Galilaeaz,
2474 2715 2620 2782 quod
2654 2720 2739 2765 est
2776 2709 3088 2765 Tiberiadis
3122 2727 3136 2763 :
3167 2719 3223 2764 et
3244 2708 3619 2777 sequebatur

2011 2822 2138 2863 eum
2169 2806 2462 2860 multitudo
2522 2818 2744 2872 magna,
2782 2801 2911 2871 quia
2946 2800 3207 2855 videbant
3242 2802 3421 2868 signa,
3464 2814 3611 2868 qua:

2016 2900 2249 2955 faciebat
2284 2914 2450 2968 super
2501 2897 2588 2951 his
2645 2895 2739 2965 qui
2774 2893 3217 2948 inﬁrmabantur.
3263 2890 3470 2963 [ςινιι.
3520 2890 3615 2961 5.]

2015 2991 2194 3049 Subiit
2228 3006 2359 3060 ergo
2398 2992 2450 3045 in
2483 2998 2718 3043 montem
2748 2988 2909 3043 Jesus
2949 3003 2964 3042 :
2999 2995 3051 3045 et
3087 2986 3163 3040 ibi
3199 2984 3436 3039 sedebat
3469 2999 3617 3040 cum

2017 3083 2296 3152 discipulis
2324 3082 2459 3135 suis.
2492 3079 2701 3152 [XLVll|,
2744 3078 2823 3151 1.]
2886 3080 3014 3134 Erat
3052 3092 3234 3134 autem
3266 3078 3617 3141 proximum

2018 3176 2245 3239 Pascha,
2279 3174 2397 3229 dies
2427 3173 2596 3229 festus
2623 3171 2955 3228 Judaeorum.
2986 3170 3151 3242 [λιιι.
3186 3169 3261 3232 1.]
3286 3171 3429 3224 Cum
3464 3172 3619 3225 sub-

2018 3270 2259 3325 levasset
2288 3283 2416 3337 εει-ιο
2446 3267 2635 3321 oculos
2672 3265 2850 3325 .lesus,
2876 3276 2931 3317 et
2977 3264 3205 3319 vidisset
3236 3264 3365 3331 quia
3397 3264 3621 3318 multi—

2020 3362 2151 3417 tudo
2182 3361 2413 3413 ntaxima
2446 3359 2592 3412 venit
2618 3357 2683 3411 ad
2721 3373 2871 3421 eum,
2946 3355 3083 3408 dixit
3120 3354 3187 3408 ad
3221 3354 3569 3424 Philippum
3598 3374 3615 3410 :

2018 3449 2172 3505 Unde
2202 3463 2450 3503 ememus
2474 3462 2663 3515 panes,
2697 3455 2754 3500 ut
2782 3447 3108 3499 manducent
3139 3445 3191 3497 hi
3213 3444 3236 3497 1
3257 3443 3371 3498 lloc
3398 3455 3617 3500 autem

2017 3541 2237 3597 dicebat
2273 3548 2491 3595 tentaus
2527 3554 2692 3596 eum;
2731 3539 2843 3607 ipse
2877 3538 3023 3591 enim
3046 3537 3255 3591 sciebat
3284 3536 3422 3605 quid
3446 3548 3622 3592 esset

2018 3632 2280 3687 facturus.
2325 3630 2621 3699 Respondit
2645 3630 2697 3685 ei
2729 3628 3016 3697 Philippus
3045 3640 3062 3681 :
3090 3628 3476 3682 Ducentorum
3508 3628 3619 3682 de-

2018 3723 2298 3781 nariorum
2331 3736 2500 3791 panes
2540 3735 2647 3774 non
2681 3719 2958 3774 sulliciunt
3013 3719 3115 3781 eis.
3184 3726 3244 3772 ut
3278 3720 3618 3789 unusquis-

2018 3830 2126 3884 que
2170 3813 2443 3868 modicum
2475 3812 2606 3882 quid
2638 3812 2887 3880 accipiat.
2929 3810 3067 3864 Dicit
3122 3810 3175 3864 ei
3208 3824 3347 3863 unus
3380 3825 3459 3863 ex
3524 3812 3620 3865 di-

2016 3907 2242 3976 scipulis
2270 3906 2409 3976 ejus,
2444 3903 2690 3960 Andreas
2726 3904 2893 3958 frater
2923 3901 3166 3957 Simonis
3219 3900 3368 3955 Petri
3406 3916 3425 3955 :
3507 3904 3620 3957 Est

2017 4014 2150 4070 puer
2179 4013 2320 4053 unus
2347 3997 2437 4051 hic
2472 3997 2564 4066 qui
2617 3995 2781 4050 habet
2840 3996 3086 4065 quinque
3136 4007 3300 4062 panes
3352 3992 3621 4049 hordea-

2018 4102 2144 4144 ceos
2196 4098 2250 4144 et
2283 4086 2420 4142 duos
2444 4087 2619 4156 pisces
2655 4100 2673 4140 :
2706 4086 2801 4141 sed
2837 4084 2949 4138 haec
2983 4082 3112 4153 quid
3139 4091 3266 4137 sunt
3293 4084 3445 4138 inter
3469 4093 3618 4138 tan-

2020 4179 2139 4235 tos?
2168 4179 2313 4235 Dixit
2339 4193 2467 4249 ergo
2492 4176 2651 4233 Jesus
2679 4195 2691 4229 :
2722 4177 2903 4233 Facite
2932 4175 3184 4229 homines
3210 4173 3615 4231 discumbere.

2020 4272 2152 4328 Erat
2179 4282 2362 4326 autem
2399 4270 2582 4325 fenum
2638 4270 2870 4322 multum
2904 4268 2959 4322 in
2998 4268 3139 4321 loco.
3178 4265 3619 4322 Discubuerunt

2019 4375 2152 4429 ergo
2186 4360 2288 4414 viri
2333 4373 2567 4413 numero
2605 4359 2763 4428 quasi
2817 4357 3061 4426 quinque
3120 4354 3310 4410 millia.
3353 4355 3623 4425 Accepit

346 4446 726 4502 monumentis
772 4454 924 4508 sunt,
985 4444 1210 4499 audient
1277 4457 1463 4498 vocem
1524 4441 1652 4497 Filii
1672 4441 1763 4495 Dei
1794 4456 1810 4495 ζ
1861 4449 1915 4495 et
1952 4462 1997 4518 ι)
2026 4465 2157 4521 ergo
2190 4447 2351 4505 Jesus
2391 4464 2559 4519 panes
2593 4463 2612 4503 ς
2644 4457 2700 4502 ει
2730 4462 2856 4501 cum
2892 4446 3091 4518 gratias
3124 4445 3358 4516 egisset,
3391 4446 3623 4502 uisu-ﬁ-

346 4543 649 4608 precedent
709 4538 799 4605 qui
835 4537 976 4591 bona
1040 4536 1312 4599 fecerunt,
1342 4534 1397 4589 in
1461 4535 1916 4591 resurrectionem

346 4636 471 4685 \ita)
498 4670 514 4697 ,
561 4632 654 4699 qui
711 4646 842 4686 vero
888 4630 1028 4683 mala
1066 4638 1317 4697 egerunt,
1368 4627 1423 4681 in
1461 4624 1913 4681 resurrectionem

342 4724 557 4795 judicii.
581 4723 696 4776 Non
725 4737 942 4792 possum
969 4736 1071 4791 ego
1093 4738 1122 4775 a
1141 4737 1227 4777 me
1253 4723 1371 4790 ipso
1394 4722 1571 4776 facere
1595 4720 1914 4789 quidquam.

348 4818 502 4868 Sicut
568 4814 751 4876 audio,
785 4812 1098 4882 judico:et
1145 4812 1414 4884 judicium
1470 4827 1649 4866 meum
1706 4813 1912 4882 justum

350 4917 435 4961 est
467 4924 480 4958 :
517 4904 667 4975 [xut,
720 4905 770 4976 1]
828 4905 953 4976 quia
981 4919 1089 4959 non
1108 4919 1297 4975 quaero
1352 4905 1686 4959 voluntatem
1712 4918 1912 4966 meam,

347 4999 445 5051 sed
470 5002 803 5052 voluntatem
863 4997 1005 5067 ejus,
1053 4999 1147 5066 qui
1186 4996 1334 5051 misit
1391 4993 1684 5066 me.[xun.
1715 4994 1828 5067 10.]
1858 4994 1912 5051 Si

342 5108 449 5160 ego
510 5090 887 5145 testiinonium
955 5089 1218 5159 perbibeo
1249 5090 1316 5144 de
1358 5104 1444 5143 me
1489 5088 1628 5156 ipso,
1665 5088 1912 5143 testimo-

344 5187 497 5240 nium
560 5199 743 5237 meum
791 5192 1010 5238 nonest
1041 5199 1251 5238 verum.
1312 5183 1466 5237 Alius
1502 5192 1585 5236 est
1637 5182 1905 5252 quitesti-

346 5278 593 5334 monium
624 5276 876 5345 perhibet
904 5276 970 5330 de
1002 5291 1089 5330 me
1117 5292 1132 5329 :
1164 5285 1220 5329 et
1247 5276 1361 5329 scio
1419 5277 1545 5343 quia
1596 5290 1782 5328 verum
1828 5283 1913 5327 cst

346 5370 745 5432 testimonium,
781 5366 928 5434 quod
984 5365 1237 5436 perhibet
1284 5364 1351 5421 de
1381 5379 1490 5419 me.
1528 5362 1636 5419 Vos
1684 5364 1913 5419 misistis

343 5464 411 5517 ad
432 5464 697 5518 Joannem
715 5478 729 5518 :
747 5471 804 5516 et
829 5459 1194 5516 testimonium
1220 5458 1495 5527 perhibuit
1519 5457 1754 5512 veritati.
1798 5458 1910 5524 Ego

345 5566 527 5609 autem
556 5554 753 5609 nouab
811 5553 1033 5608 homine
1085 5551 1459 5607 testimonium
1500 5548 1755 5613 accipio:
1814 5550 1907 5604 sed

346 5643 465 5699 haec
491 5643 613 5699 dico
632 5653 689 5699 ut
719 5659 813 5698 vos
841 5644 973 5698 salvi
1006 5643 1143 5697 sitis.
1175 5641 1268 5695 ille
1300 5651 1418 5694 erat
1439 5641 1663 5693 lucerna
1711 5640 1911 5694 ardens

350 5748 405 5791 ct
438 5740 648 5793 lucens.
675 5737 778 5794 \‘os
815 5744 995 5793 autem
1027 5733 1279 5808 voluistis
1321 5734 1387 5789 ad
1421 5735 1611 5789 horam
1637 5733 1908 5790 exsultare

2024 4542 2142 4597 buit
2171 4540 2670 4596 discumbentibus:
2700 4538 2952 4593 similiter
2972 4548 3023 4593 et
3045 4551 3115 4591 ex
3138 4538 3383 4605 piscibus
3405 4553 3618 4607 quan-

2026 4643 2136 4688 tum
2175 4633 2449 4687 volebant.
2480 4631 2549 4687 Ut
2580 4639 2761 4684 autem
2796 4628 3003 4698 impleti
3032 4639 3185 4693 sunt,
3225 4628 3367 4682 dixit
3406 4629 3608 4687 disci-

2023 4724 2169 4794 pulis
2198 4724 2313 4777 suis
2348 4739 2361 4776 :
2392 4721 2643 4791 Colligite
2677 4738 2798 4791 qua:
2822 4732 3224 4791 superaverunt
3253 4720 3617 4791 fragmenta,

2022 4829 2091 4869 no
2133 4822 2375 4881 pereant.
2397 4812 2747 4883 Collegerunt
2785 4828 2933 4884 ergo,
2963 4823 3019 4868 et
3046 4814 3415 4884 impleverunt
3448 4817 3615 4871 duo-

2022 4906 2202 4963 decim
2239 4906 2510 4978 cophinos
2546 4904 2998 4975 fragmentorum,
3059 4922 3125 4963 ex
3158 4907 3405 4976 quinque
3430 4913 3617 4976 panis

2025 4998 2132 5052 bus
2160 4996 2503 5064 hordeaccis,
2527 5011 2648 5064 qua:
2685 4996 3081 5066 superfuerunt
3114 4998 3199 5053 his
3218 4998 3312 5068 qui
3349 5004 3619 5055 mandu-

2019 5100 2302 5145 caverunt.
2338 5088 2416 5160 [L,
2450 5086 2562 5159 10.]
2602 5087 2680 5142 llli
2705 5102 2838 5155 ergo
2879 5088 3128 5142 homines
3161 5103 3283 5143 cum
3314 5090 3616 5149 vidissent

2021 5182 2166 5251 quod
2205 5182 2363 5237 Jesus
2391 5181 2595 5235 fecerat
2619 5180 2860 5250 signum,
2884 5180 3145 5235 dicebant
3177 5197 3189 5233 :
3219 5182 3357 5246 Quia
3390 5183 3493 5239 hic
3518 5196 3619 5240 est

2020 5288 2147 5327 vere
2174 5273 2471 5341 Propheta,
2503 5271 2596 5340 qui
2624 5281 2890 5327 venturus
2923 5283 3004 5326 est
3040 5272 3094 5324 in
3118 5272 3401 5325 mundum.
3426 5274 3618 5333 Jes;is

2018 5379 2150 5433 ergo
2190 5379 2312 5418 cum
2348 5365 2714 5431 cognovisset,
2744 5364 2874 5431 quia
2905 5364 3121 5427 venturi
3152 5374 3358 5425 essent,
3395 5377 3463 5418 ut
3506 5384 3610 5421 ra-

2020 5464 2234 5525 perent,
2266 5463 2322 5509 et
2361 5454 2606 5510 facerent
2656 5470 2783 5508 eum
2827 5468 3032 5523 regem,
3091 5453 3231 5522 fugit
3274 5454 3486 5508 iterum
3546 5458 3613 5513 in

2020 5556 2261 5601 montem
2294 5546 2408 5615 ipse
2447 5546 2617 5601 solus.
2648 5543 2744 5615 [ω⁹
2774 5544 2855 5616 4.]
2918 5546 2988 5601 Ut
3010 5560 3191 5601 autem
3222 5560 3347 5600 sero
3377 5546 3607 5604 factum

2018 5648 2121 5703 est,
2149 5637 2551 5693 descenderunt
2590 5636 2849 5705 discipuli
2875 5637 2996 5706 ejus
3024 5636 3090 5689 ad
3122 5651 3291 5689 mare.
3358 5637 3425 5689 Et
3464 5654 3607 5694 cum

2021 5733 2392 5788 ascendissent
2418 5730 2613 5797 navim,
2656 5740 2922 5786 venerunt
2985 5740 3133 5786 trans
3191 5746 3339 5787 mare
3379 5732 3435 5785 in
3482 5732 3602 5789 Ca-
