3880 6168
240 232 341 293 697

236 349 542 418 pbarnaum
581 371 593 404 :

236 457 465 497 venerat
494 447 559 499 ad
590 463 685 500 eos
716 446 899 503 .iesus.
971 449 1119 504 Mare
1170 462 1378 519 autem,
1417 466 1581 509 vento
1612 470 1806 525 magno

237 536 425 599 ﬂante,
470 538 821 606 exsurgebat.
874 542 1009 595 Cum
1052 543 1414 614 remigassent
1453 561 1583 614 ergo
1648 548 1809 616 quasi

232 628 410 681 stadia
444 629 635 698 viginti
674 632 917 702 quinque
953 642 1047 691 aut
1098 636 1335 707 triginta,
1396 638 1583 691 vident
1620 639 1804 693 Jesum

229 718 609 773 ambulantem
656 736 821 789 supra
854 739 1023 789 mare,
1054 734 1108 779 et
1136 728 1445 793 proximqu
1478 728 1601 781 navi
1662 729 1804 795 ﬁeri,

227 820 277 863 et
309 808 638 865 ιίτηιιρτιιηι.
670 810 761 867 ille
792 826 973 869 autem
1007 818 1236 873 diciteis
1269 834 1284 874 :
1317 818 1426 887 Ego
1466 836 1609 884 sum,
1634 822 1803 876 nolite

229 900 450 954 timere.
486 902 781 961 Voluerunt
818 922 949 976 ergo
972 909 1365 977 acciperet-um
1397 911 1447 963 in
1485 914 1663 966 navim
1703 928 1718 967 :
1752 924 1806 968 et

228 995 411 1044 statim
449 995 602 1053 navis
633 995 737 1049 fuit
762 999 826 1051 ad
862 1008 1083 1061 terram,
1138 1001 1190 1055 in
1223 1017 1385 1067 quam
1452 1004 1619 1057 ibant.
1674 1003 1802 1075 μη,

230 1080 339 1151 10.]
383 1084 573 1137 Altera
609 1085 720 1149 die,
765 1090 920 1141 turba
957 1104 1076 1159 qua:
1107 1091 1287 1143 stabat
1317 1101 1465 1144 traus
1499 1108 1670 1158 mare,
1724 1094 1802 1145 vi-

225 1172 296 1225 dit
327 1176 470 1240 quia
499 1178 753 1231 navicula
785 1179 888 1235 alia
912 1195 1020 1233 non
1046 1191 1164 1233 erat
1190 1181 1261 1233 ibi
1308 1181 1407 1234 nisi
1439 1197 1565 1247 una,
1598 1194 1652 1236 ct
1674 1183 1801 1251 quia

224 1280 322 1316 non
365 1267 651 1321 introisset
682 1283 804 1321 cum
840 1269 1123 1338 discipulis
1163 1274 1277 1326 suis
1308 1272 1335 1323 J
1372 1288 1466 1327 sus
1504 1275 1556 1328 in
1594 1276 1800 1341 navim,

223 1356 309 1409 sed
345 1359 456 1410 ευιί
492 1359 744 1427 discipuli
776 1361 897 1427 ejus
927 1363 1193 1417 abiissent
1238 1384 1250 1419 :
1284 1367 1405 1419 aliae
1445 1383 1573 1421 vero
1606 1383 1801 1437 super-

222 1457 502 1502 venerunt
543 1464 714 1505 naves
744 1466 774 1504 a
800 1451 1109 1519 Tiberiadc,
1140 1455 1295 1527 juxta
1321 1456 1501 1511 locum
1527 1458 1618 1512 ubi
1645 1475 1802 1513 man-

224 1538 574 1595 ducaverunt
614 1557 834 1611 panem,
898 1546 1100 1614 gratias
1130 1557 1326 1616 agente
1362 1549 1613 1604 Domino.
1660 1550 1797 1606 Cum

223 1646 349 1699 ergo
388 1633 628 1690 vidisset
664 1635 822 1691 turba
859 1636 986 1705 quia
1014 1637 1177 1693 Jesus
1237 1655 1348 1693 non
1384 1651 1535 1694 esset
1565 1643 1661 1704 ibi.
1700 1658 1791 1697 ne-

220 1739 319 1793 que
351 1726 618 1794 discipuli
653 1728 791 1798 ejus,
827 1731 1195 1786 ascenderunt
1222 1732 1277 1786 in
1303 1735 1602 1797 naviculas.
1628 1747 1683 1790 et
1705 1751 1793 1790 ve-

218 1828 419 1871 nerunt
456 1818 844 1887 Capharnaum
883 1831 1187 1890 quatrentes
1208 1823 1415 1878 Jesum.
1453 1825 1670 1879 Etcum
1706 1827 1793 1880 in-

216 1910 659 1965 venissenteum
706 1924 855 1967 trans
898 1930 1068 1979 mare,
1126 1917 1384 1973 dixerunt
1432 1919 1482 1973 ei
1520 1937 1533 1973 :
1594 1920 1792 1985 Rabbi,

214 2001 434 2063 quando
471 2001 579 2056 hue
606 2004 839 2057 venisti?
864 2006 1168 2075 ReSpondit
1193 2007 1274 2061 eis
1306 2006 1486 2071 Jesns,
1513 2020 1567 2063 et
1595 2010 1733 2064 dixit
1771 2026 1785 2061 :

212 2095 403 2154 Amen.
450 2110 640 2161 amen,
679 2095 802 2148 dico
837 2099 989 2150 vobis
1023 2114 1037 2150 :
1095 2098 1338 2166 qttteritis
1366 2116 1469 2161 me,
1523 2116 1629 2153 non
1663 2103 1790 2169 quia

212 2187 431 2245 vidistis
466 2188 642 2256 signa.
679 2189 771 2242 sed
827 2190 961 2256 quia
1026 2191 1402 2246 manducastis
1434 2210 1499 2245 ex
1535 2196 1787 2263 panibus,

207 2291 259 2335 et
284 2284 524 2333 saturati
560 2281 712 2335 estis.
744 2279 1058 2349 Operatnini
1097 2298 1204 2336 non
1260 2287 1441 2338 cibum
1490 2286 1581 2353 qui
1618 2288 1786 2354 perit,

207 2374 297 2432 sed
330 2374 433 2442 qui
468 2382 754 2441 permanet
782 2374 832 2425 in
875 2375 1039 2427 vitam
1073 2383 1366 2441 :eteruam,
1417 2394 1579 2446 quem
1617 2379 1787 2433 Filius

207 2464 451 2521 hominis
506 2462 658 2516 dabit
713 2462 888 2517 vobis.
958 2462 1115 2518 llnnc
1154 2465 1302 2518 enim
1336 2465 1502 2521 Pater
1553 2469 1786 2533 signavit

203 2552 361 2605 Deus.
396 2553 667 2605 Dixerunt
699 2566 827 2620 ergo
880 2552 946 2605 ad
1005 2568 1130 2607 eum
1167 2571 1181 2607 :
1221 2554 1364 2620 Quid
1417 2558 1685 2612 faciemus
1723 2570 1783 2614 ut

201 2660 506 2711 operemur
537 2660 702 2712 opera
744 2644 874 2698 Dei?
927 2644 1232 2715 Respondit
1284 2649 1463 2714 .lesus,
1533 2662 1588 2704 et
1644 2653 1783 2706 dixit

198 2736 278 2790 eis
312 2751 328 2792 :
363 2736 485 2789 Iloc
518 2746 599 2789 est
629 2753 765 2805 opus
800 2736 916 2797 Dei.
961 2747 1016 2791 ut
1053 2740 1292 2793 credatis
1344 2741 1397 2794 in
1450 2759 1575 2796 eum
1610 2760 1778 2812 quem

197 2828 347 2880 misit
378 2827 497 2880 ille.
533 2826 678 2898 Iun,
705 2827 787 2899 4.]
825 2827 1092 2882 Dixerunt
1113 2847 1241 2900 ergo
1259 2831 1306 2885 ei
1344 2847 1357 2883 :
1388 2833 1540 2897 Quod
1570 2851 1700 2904 ergo
1723 2845 1777 2888 tu

196 2918 328 2972 iacis
358 2920 611 2989 signum.
643 2928 701 2973 ut
729 2920 1032 2985 videamus,
1064 2931 1117 2976 et
1143 2924 1433 2979 credamus
1461 2925 1600 2980 tibi?
1645 2929 1776 2996 quid

1293 245 1793 306 EVAN’GELIUM
1846 246 2002 309 SEC.
2045 248 2433 308 JOANNEM'.

664 365 717 407 et
750 355 989 408 tenebra:
1038 358 1148 426 jam
1191 357 1347 412 facta:
1403 371 1563 414 erant
1602 371 1657 414 et
1693 377 1800 415 non
1831 366 1876 424 Λ
1907 366 2020 430 (1.x,
2064 364 2176 432 10.)
2212 360 2516 433 ReSpondit
2555 378 2686 431 ergo
2718 363 2899 427 Iesus,
2941 374 2994 421 et
3042 366 3177 422 dixit
3207 366 3291 423 eis
3329 388 3342 423 :
3382 372 3460 425 No

3382 254 3493 319 098

1910 452 2004 511 lite
2032 473 2376 512 murmurare
2432 458 2485 511 in
2521 458 2755 512 invicem
2793 474 2806 515 :
2850 444 3010 513 nemo
3056 470 3237 529 potest
3294 463 3483 516 venire

1911 548 1975 599 ad
2010 562 2117 608 me,
2179 547 2282 600 nisi
2320 548 2498 613 Pater,
2554 547 2647 616 qui
2696 548 2846 601 misit
2887 563 2994 612 me,
3048 550 3274 602 traxerit
3308 566 3432 603 cum
3466 569 3482 603 :

1908 647 1963 689 et
2000 652 2099 705 ego
2138 637 2480 689 resuscitabo
2548 652 2673 690 eum
2743 637 2797 689 in
2859 638 3156 693 novissimo
3205 638 3318 691 die.
3389 639 3486 693 Est

1909 729 2176 795 scriptum
2207 730 2262 781 in
2301 729 2582 797 prophetis
2623 746 2638 783 :
2702 729 2770 783 Et
2800 740 2963 782 erunt
2993 744 3184 783 omnes
3213 729 3484 784 docibiles

1912 819 2027 873 Dei.
2067 819 2279 885 Omnis,
2314 820 2405 889 qui
2440 820 2651 874 audivit
2689 836 2717 874 a
2756 821 2914 874 Patre
2974 830 3029 875 et
3064 821 3279 887 didicit,
3333 823 3482 878 venit

1906 911 1973 965 ad
2010 926 2117 964 me.
2150 908 2287 980 [th,
2325 908 2405 980 5.]
2442 910 2559 963 Non
2594 911 2718 977 quia
2758 910 2971 964 Patrem
3008 911 3139 964 vidit
3165 912 3477 979 quisquam,

1908 1004 2010 1057 nisi
2049 1003 2114 1066 is,
2157 1004 2250 1072 qui
2291 1011 2373 1057 est
2409 1019 2437 1057 a
2462 1004 2594 1066 Deo,
2630 1004 2717 1057 hic
2744 1002 3135 1057 viditPatrem.
3172 1002 3323 1073 μω,
3359 1002 3474 1075 10.]

1907 1096 2105 1156 Amen,
2150 1109 2307 1147 amen
2349 1094 2474 1153 dico
2509 1094 2705 1147 vobis:
2748 1094 2845 1158 Qui
2881 1094 3052 1147 credit
3084 1095 3135 1147 in
3170 1110 3275 1161 me,
3310 1094 3475 1148 habet

1906 1184 2071 1235 vitam
2113 1193 2394 1237 aeternam.
2448 1182 2628 1256 [λειω
2659 1182 2735 1255 1.]
2806 1184 2918 1252 Ego
2969 1199 3089 1238 sum
3143 1184 3299 1254 panis
3328 1186 3471 1242 vitze.

1906 1274 2067 1344 [thv,
2116 1274 2222 1345 I0.]
2267 1276 2453 1328 Patres
2485 1277 2647 1328 vestri
2692 1277 3161 1333 manducaveruut
3196 1293 3391 1331 manna
3417 1278 3473 1332 itt

1908 1370 2146 1429 deserto,
2186 1378 2241 1420 et
2278 1369 2475 1421 mortui
2502 1380 2651 1423 sunt.
2688 1367 2784 1421 Hic
2808 1380 2891 1429 est
2919 1369 3071 1437 panis
3100 1369 3167 1424 de
3202 1370 3340 1424 caelo
3374 1370 3472 1425 de-

1900 1458 2168 1514 scendens
2205 1478 2219 1515 :
2263 1470 2321 1513 ut
2353 1460 2397 1514 si
2432 1463 2555 1527 quis
2584 1476 2650 1514 ex
2692 1460 2807 1530 ipso
2867 1460 3299 1522 manducaverit,
3354 1476 3464 1515 non

1906 1550 2197 1605 moriatur.
2234 1550 2380 1623 [ων.
2418 1552 2494 1623 1.]
2525 1555 2639 1622 Ego
2673 1567 2793 1607 sum
2833 1552 2992 1621 panis
3043 1553 3221 1615 vivus,
3282 1553 3374 1621 qui
3402 1551 3471 1605 de

1899 1642 2039 1696 caelo
2072 1644 2354 1697 descendi.
2384 1643 2439 1697 Si
2469 1644 2592 1713 quis
2625 1644 3036 1698 manducaverit
3065 1659 3130 1698 ex
3167 1644 3271 1697 hoc
3305 1658 3466 1713 pane,

1899 1736 2045 1790 vivet
2076 1736 2131 1790 in
2162 1746 2429 1791 aeternum
2465 1753 2479 1788 :
2514 1749 2569 1791 et
2598 1738 2775 1806 panis,
2817 1752 2978 1806 quem
3012 1752 3108 1807 ego
3136 1736 3295 1798 dabo.
3331 1751 3461 1791 caro

1899 1841 2017 1880 mea
2043 1837 2127 1881 est
2158 1842 2255 1895 pro
2283 1826 2468 1879 mundi
2501 1827 2634 1880 vita.
2662 1824 2828 1897 [vat,
2862 1827 2969 1898 10.]
2998 1825 3307 1895 Litigabant
3328 1840 3460 1894 ergo

1892 1916 2062 1970 Judrei
2100 1918 2165 1970 ad
2198 1917 2450 1980 invicem,
2489 1916 2735 1971 dicentes
2768 1935 2781 1972 :
2815 1918 3101 1984 Quomodo
3144 1927 3321 1987 potest
3356 1918 3446 1971 hic

1895 2008 2055 2062 nobis
2085 2024 2304 2063 carnem
2332 2024 2485 2063 suam
2517 2009 2651 2063 dare
2681 2008 2747 2063 ad
2779 2010 3261 2063 manducandum?
3304 2008 3453 2063 Dixit

1890 2115 2020 2170 ergo
2048 2100 2129 2154 eis
2156 2101 2315 2155 Jesus
2349 2118 2362 2153 :
2404 2101 2598 2165 Amen,
2620 2116 2803 2166 amen,
2824 2102 2951 2156 dico
2973 2100 3149 2155 vobis:
3174 2098 3274 2154 nisi
3300 2115 3456 2153 mau-

1891 2192 2229 2246 ducaveritis
2263 2204 2481 2245 carnem
2520 2191 2641 2246 Filii
2667 2191 2925 2257 hominis,
2964 2201 3022 2245 et
3060 2191 3313 2246 biberitis
3339 2191 3464 2260 ejus

1889 2286 2238 2355 sanguinem,
2270 2298 2377 2337 non
2404 2284 2676 2339 habebitis
2699 2285 2863 2338 vitam
2896 2284 2947 2338 in
2972 2283 3149 2338 vobis.
3179 2281 3281 2349 Qui
3301 2298 3461 2336 man-

1889 2375 2055 2429 ducat
2090 2391 2264 2430 meam
2296 2390 2539 2437 carnem,
2605 2384 2658 2428 et
2715 2375 2849 2428 bibit
2878 2389 3058 2428 meum
3108 2374 3457 2443 sanguinem,

1889 2468 2057 2522 habet
2094 2470 2257 2523 vitam
2289 2479 2569 2532 teteruam,
2606 2480 2782 2535 etego
2822 2466 3171 2522 resuscitabo
3224 2481 3351 2519 eum
3404 2466 3458 2519 in

1886 2560 2184 2614 novissimo
2211 2560 2320 2616 die.
2356 2558 2541 2630 [van,
2588 2558 2665 2631 1.]
2696 2559 2835 2613 Cato
2862 2559 3009 2614 enim
3044 2574 3162 2614 mea
3217 2573 3343 2612 vere
3376 2569 3461 2615 est

1883 2652 2087 2706 cibus:
2128 2662 2183 2705 et
2222 2652 2444 2720 sanguis
2501 2667 2657 2705 mcus
2711 2666 2840 2705 vere
2892 2660 2977 2705 est
3026 2662 3207 2720 potus.
3246 2650 3455 2722 [vam,

1885 2743 2000 2815 10.]
2030 2744 2129 2809 Qui
2170 2744 2464 2798 manducat
2511 2758 2689 2798 meam
2723 2758 2965 2808 carnem,
3012 2752 3068 2796 et
3096 2742 3237 2795 bibit
3268 2756 3449 2796 meum

1882 2836 2223 2903 sanguinem,
2262 2834 2316 2887 in
2354 2849 2443 2889 me
2474 2843 2680 2897 manet,
2718 2841 2773 2887 et
2804 2848 2906 2902 ego
2936 2832 2991 2887 in
3020 2832 3134 2886 illo.
3160 2831 3313 2886 Sicut
3346 2831 3450 2885 mi-

1880 2926 1952 2980 sit
1984 2942 2069 2980 me
2104 2926 2295 2981 vivens
2328 2925 2510 2989 Pater,
2544 2933 2599 2978 et
2629 2939 2733 2991 ego
2762 2924 2888 2977 vivo
2918 2932 3143 2994 prepter
3170 2920 3387 2975 Patrem
3430 2936 3449 2976 :

194 3011 494 3079 operaris?
524 3012 661 3083 μιν,
693 3011 808 3085 10.]
845 3013 1036 3068 Patres
1071 3015 1243 3069 nostri
1302 3018 1778 3073 manducaverunt
1806 3041 1849 3100 ε
1881 3028 1937 3072 et
1974 3019 2064 3087 qui
2102 3018 2399 3081 maudttcat
2434 3032 2540 3081 me,
2602 3027 2657 3071 et
2717 3016 2832 3084 ipse
2869 3015 3017 3070 vivet
3064 3025 3287 3083 propter
3342 3031 3453 3072 me.

195 3122 397 3161 manna
442 3107 499 3159 itt
532 3112 766 3171 deserto,
796 3107 940 3161 sicut
972 3108 1240 3177 scriptum
1274 3119 1355 3164 est
1386 3124 1401 3165 :
1475 3112 1677 3166 Panem
1709 3116 1776 3169 de

191 3199 336 3255 cmlo
368 3199 528 3252 dedit
559 3200 642 3252 eis
676 3201 1033 3254 manducare.
1087 3201 1232 3255 Dixit
1294 3219 1424 3271 ergo
1453 3204 1535 3258 eis
1567 3204 1727 3260 Jesus
1758 3227 1772 3263 :

192 3287 393 3354 Amen,
426 3305 619 3355 amen,
647 3291 771 3344 dico
805 3292 957 3346 vobis
985 3308 1001 3347 :
1057 3292 1175 3347 Non
1199 3293 1409 3365 Moyses
1443 3296 1595 3353 dedit
1625 3299 1777 3353 vobis

191 3395 391 3447 pauent
440 3384 513 3434 de
537 3383 697 3443 vado,
731 3382 826 3435 sed
864 3382 1023 3437 Pater
1081 3400 1236 3439 meus
1266 3386 1361 3439 dat
1394 3387 1549 3441 vobis
1580 3405 1772 3457 panem

188 3473 254 3525 de
284 3481 436 3527 cceto
469 3490 681 3527 verum.
716 3474 877 3528 Panis
905 3480 1051 3529 enim
1096 3476 1190 3532 Dei
1221 3487 1328 3540 est,
1390 3480 1481 3541 qui
1513 3478 1581 3534 de
1632 3485 1774 3536 curio

184 3565 483 3619 descendit
518 3580 533 3619 :
581 3578 634 3620 et
664 3567 759 3620 dat
788 3568 950 3622 vitam
982 3568 1209 3622 mundo.
1260 3568 1524 3624 Dixerunt
1558 3588 1688 3640 ergo
1704 3574 1771 3626 ad

184 3671 310 3708 eum
343 3670 358 3707 :
402 3660 653 3722 Domine,
690 3673 907 3727 semper
937 3659 1006 3713 da
1040 3660 1202 3715 nobis
1233 3676 1427 3730 panem
1458 3663 1624 3717 hunc.
1652 3663 1768 3735 ιω,

182 3746 260 3817 1.]
297 3748 455 3803 Dixit
486 3760 665 3803 autem
706 3750 789 3805 eis
818 3748 1025 3806 Jcsus:
1073 3752 1183 3823 Ego
1243 3768 1363 3808 sum
1411 3756 1564 3823 panis
1591 3758 1712 3812 vita:
1749 3773 1764 3813 :

179 3842 273 3908 qui
305 3847 466 3895 venit
504 3842 572 3896 ad
607 3858 718 3908 me,
754 3859 862 3897 non
885 3845 1093 3901 esuriet
1127 3863 1142 3903 :
1179 3856 1234 3901 et
1264 3848 1356 3916 qui
1382 3849 1555 3903 credit
1582 3853 1632 3903 in
1660 3868 1766 3915 me,

178 3949 288 3986 non
335 3936 496 3988 sitiet
538 3950 805 4004 unquam.
847 3936 955 3991 Sed
984 3936 1095 3991 dixi
1127 3938 1302 4001 vobis,
1324 3940 1452 4009 quia
1479 3952 1534 3995 et
1559 3943 1769 3999 vidistis

178 4043 286 4086 me.
320 4038 383 4079 et
440 4044 549 4081 non
616 4028 863 4083 creditis.
898 4028 1167 4102 [131.10.]
1236 4033 1407 4087 Omne
1464 4035 1609 4102 quod
1675 4037 1767 4089 dat

174 4120 311 4172 mihi
351 4120 541 4183 Pater,
573 4122 637 4173 ad
672 4137 758 4174 me
788 4124 1011 4175 veniet:
1067 4131 1125 4175 et
1167 4138 1294 4177 eum
1355 4124 1449 4193 qui
1514 4129 1665 4181 venit
1696 4128 1761 4180 ad

174 4227 283 4271 me,
330 4228 453 4265 non
509 4212 725 4281 ejiclam
782 4212 978 4268 foras:
1022 4212 1175 4285 μνη,
1212 4212 1269 4285 1]
1339 4217 1469 4284 quia
1500 4217 1763 4273 descendi

169 4301 237 4355 de
273 4303 455 4366 cado,
491 4319 599 4356 non
636 4313 694 4357 ut
717 4302 911 4358 faciam
944 4306 1281 4361 voluntatem
1315 4323 1511 4369 meam,
1545 4309 1638 4362 sed
1667 4324 1763 4363 vo-

1883 3109 1981 3164 Hic
2010 3120 2094 3163 cst
2130 3110 2306 3178 panis,
2379 3108 2474 3178 qui
2529 3111 2596 3162 de
2630 3110 2771 3164 cuzlo
2824 3107 3128 3164 descendit.
3162 3106 3281 3160 Non
3310 3106 3454 3159 sicut

1881 3201 2347 3261 manducaverunt
2404 3212 2587 3269 patres
2648 3201 2813 3255 vestri
2870 3214 3093 3260 manna.
3142 3208 3200 3253 et
3246 3196 3450 3251 mortui

1879 3304 2030 3349 sunt.
2070 3293 2173 3358 Qui
2233 3292 2531 3347 manducat
2568 3293 2713 3351 hunc
2745 3307 2966 3361 panem,
3027 3291 3175 3345 vivet
3209 3290 3261 3343 in
3294 3301 3453 3344 reter-

1877 3398 2027 3435 num.
2063 3382 2186 3436 11ωο
2235 3383 2371 3438 dixit
2416 3383 2469 3436 in
2511 3399 2784 3454 synagoga
2821 3382 3048 3447 docens,
3112 3383 3167 3436 in
3206 3382 3452 3448 Caphar-

1878 3489 2066 3526 nanm.
2129 3474 2280 3528 Multi
2337 3492 2465 3545 ergo
2498 3477 2789 3531 audientes
2848 3492 2913 3529 ex
2950 3475 3240 3545 discipulis
3304 3476 3447 3544 ejus.

1875 3564 2131 3619 dixerunt
2166 3582 2183 3618 :
2231 3566 2408 3621 Durus
2428 3578 2511 3622 est
2533 3568 2621 3621 hic
2652 3582 2859 3631 sermo,
2892 3577 2947 3621 ct
2977 3567 3101 3634 quis
3126 3575 3305 3635 potest
3323 3582 3448 3619 cum

1880 3657 2117 3712 audire?
2169 3658 2361 3712 Sciens
2418 3670 2599 3712 autem
2635 3659 2794 3713 Jesus
2855 3660 2999 3726 apud
3056 3659 3447 3726 semetipsum,

1878 3752 2008 3818 quia
2057 3759 2467 3804 murmurareut
2507 3750 2574 3804 de
2622 3749 2728 3803 hoc
2786 3749 3046 3819 discipuli
3113 3750 3254 3819 ejus,
3305 3750 3447 3804 dixit

1871 3843 1953 3896 eis
1996 3859 2009 3895 :
2050 3844 2162 3898 Hoc
2195 3858 2291 3896 vos
2321 3842 2697 3896 scandalizat?
2733 3841 2906 3914 [ιςιι.
2940 3841 3021 3913 1.]
3056 3843 3112 3897 Si
3136 3857 3269 3912 ergo
3290 3844 3446 3897 vide-

1878 3934 2000 3988 ritis
2035 3933 2231 3988 Filium
2266 3934 2507 3987 hominis
2543 3934 2935 3988 ascendentem
2974 3934 3066 3987 ubi
3100 3945 3219 3989 erat
3250 3936 3443 4003 prius?

1870 4025 2018 4097 [1,“,
2050 4024 2130 4097 1.]
2182 4026 2418 4094 Spiritus
2447 4035 2531 4080 est
2563 4026 2603 4088 ³,
2664 4026 2756 4095 qui
2817 4026 3059 4080 vivitieat
3099 4042 3114 4079 :
3171 4042 3301 4080 caro
3332 4042 3442 4079 non

1867 4118 2090 4187 prodest
2124 4117 2440 4187 quidquam.
2477 4116 2648 4189 [Lxxt,
2693 4114 2814 4188 10.]
2862 4117 3035 4172 Verba
3067 4132 3189 4187 qua:
3220 4133 3320 4187 ego
3362 4117 3443 4169 Iuv

1867 4216 2029 4262 cutus
2055 4223 2176 4261 sum
2218 4208 2389 4267 vobis,
2428 4207 2657 4276 spiritus
2714 4218 2769 4260 et
2802 4208 2909 4262 vita
2954 4217 3102 4261 sunt.
3167 4206 3273 4261 Sed
3311 4215 3442 4259 sunt

1866 4298 2083 4367 quidam
2102 4314 2167 4352 ex
2192 4298 2365 4359 vobis.
2402 4298 2493 4366 qtti
2526 4314 2633 4351 non
2663 4297 2920 4352 credunt.
2950 4296 3143 4368 luxu,
3176 4294 3259 4367 4.]
3285 4296 3440 4349 δείου-

168 4393 454 4447 lmtlalem
489 4398 632 4462 eius,
663 4395 755 4463 qui
800 4396 948 4449 misit
973 4412 1077 4451 me.
1110 4395 1287 4465 1ινιιι,
1326 4397 1438 4469 -ιυ.]
1496 4399 1620 4454 [nec
1679 4411 1763 4455 est
1798 4389 1840 4444 D
1871 4390 1961 4444 bat
1995 4392 2142 4444 enim
2172 4391 2241 4444 ab
2273 4390 2431 4444 initio
2455 4390 2613 4443 Jcsus
2641 4390 2735 4458 qui
2764 4400 2949 4444 essent
2978 4406 3086 4443 non
3122 4390 3433 4444 credentes.

162 4496 355 4539 autem
396 4486 656 4539 voluntas
711 4487 854 4555 ejus,
919 4489 1011 4553 qui
1072 4488 1220 4543 misit
1289 4507 1392 4555 tne,
1432 4492 1661 4546 Patris:
1699 4502 1757 4547 ut

161 4590 356 4639 omne,
397 4576 548 4644 quod
579 4576 731 4630 dedit
762 4576 916 4639 mihi,
979 4594 1087 4632 non
1127 4580 1351 4648 perdam
1402 4596 1469 4634 ex
1525 4596 1613 4645 eo,
1661 4585 1754 4638 sed

162 4669 507 4722 resuscitem
550 4670 699 4722 illum
734 4686 785 4722 tn
821 4671 1120 4725 novissimo
1154 4672 1264 4726 die.
1303 4672 1427 4726 Haec
1453 4683 1537 4726 est
1566 4683 1749 4727 autent

156 4760 435 4813 voluntas
472 4759 648 4815 Patris
681 4764 785 4815 mei
830 4763 925 4830 qui
982 4763 1130 4816 misit
1187 4779 1293 4827 me,
1329 4773 1387 4817 ut
1439 4765 1623 4818 omnis
1658 4766 1752 4832 qui

158 4854 313 4905 videt
348 4851 584 4915 Filium,
614 4863 670 4906 et
704 4856 882 4908 credit
904 4856 956 4907 iit
988 4870 1138 4920 eum,
1174 4854 1373 4910 habeat
1402 4857 1568 4911 vitam
1596 4868 1755 4911 a-ter-

152 4959 314 5007 nsm,
358 4954 427 4997 et
457 4958 558 5013 ego
600 4946 932 4999 resuscitabo
994 4962 1120 4999 eutn
1186 4945 1241 4999 in
1301 4947 1600 5007 novissimo
1641 4951 1748 5001 die.

156 5035 301 5108 {th,
346 5034 440 5106 1.]
511 5036 926 5090 Ilurmurabant
961 5053 1093 5103 ergo
1132 5037 1304 5093 Juda’i
1340 5038 1406 5091 de
1477 5039 1586 5099 illo,
1622 5041 1751 5108 quia

151 5130 409 5181 dixisset
453 5142 468 5177 :
500 5127 608 5193 Ego
634 5141 754 5180 sum
798 5130 954 5196 panis
986 5130 1144 5182 vivus
1182 5130 1221 5193 ',
1255 5130 1347 5198 qui
1380 5131 1445 5183 de
1477 5133 1620 5183 ctelo
1652 5133 1751 5184 de-

150 5221 355 5273 scendi
391 5235 410 5283 ;
452 5228 505 5271 et
541 5220 801 5272 dicebant
832 5236 846 5273 :
915 5217 1108 5274 Nonne
1157 5220 1247 5273 hic
1297 5230 1383 5274 est
1413 5221 1572 5274 Jesus
1609 5223 1752 5277 ﬁlius

148 5310 401 5377 Ioseph,
442 5310 598 5378 cujus
638 5326 738 5362 nos
803 5311 1055 5363 novimus
1104 5322 1310 5378 patrem
1381 5321 1435 5365 et
1478 5313 1750 5366 matrem?

146 5400 470 5466 Quomodo
492 5416 620 5467 ergo
641 5402 778 5455 dicit
804 5402 897 5456 hic
934 5418 945 5453 :
976 5401 1116 5467 Quia
1143 5403 1210 5457 de
1245 5404 1386 5457 cado
1422 5404 1677 5458 descendi
1702 5406 1745 5457 ’3'

223 5540 237 5569 '
277 5537 418 5592 Non
454 5535 661 5605 addunt
701 5535 871 5589 nostri
907 5552 1033 5589 mss.
1062 5536 1226 5597 rivus,
1263 5535 1405 5605 quod
1437 5536 1743 5605 epitltctum

146 5624 346 5673 neque
392 5605 457 5656 in
489 5604 674 5657 Cneco
712 5615 859 5658 textu
900 5607 986 5658 hic
1017 5607 1120 5659 loci
1149 5604 1446 5659 invenitur.

217 5682 239 5709 ³
270 5679 337 5730 1n
398 5690 516 5727 uno
545 5675 797 5730 Vaticano
823 5675 1107 5741 descendit,
1139 5692 1237 5745 pro
1263 5678 1524 5732 descendi.

1861 4492 1916 4535 et
1951 4483 2074 4551 quis
2106 4482 2407 4537 traditurus
2428 4491 2576 4535 esset
2606 4497 2754 4535 eum.
2780 4480 2994 4553 [uxnt,
3025 4478 3146 4552 10.]
3182 4482 3249 4535 Et
3288 4481 3441 4535 dice.

1860 4577 1952 4629 bat
1989 4590 2005 4628 :
2044 4573 2332 4643 Propterea
2358 4575 2462 4627 dixi
2498 4573 2674 4637 vobis,
2746 4574 2875 4641 quia
2914 4589 3074 4626 netno
3106 4581 3286 4641 potest
3346 4588 3439 4624 ve-

1860 4670 1980 4723 nire
2008 4668 2076 4721 ad
2110 4684 2216 4732 me,
2252 4668 2353 4720 nisi
2386 4668 2552 4721 fuerit
2592 4667 2641 4721 ei
2673 4669 2861 4720 datum
2898 4687 2923 4720 ει
2957 4668 3121 4721 Patre
3159 4683 3303 4723 meo.
3356 4668 3430 4721 Ex

1858 4761 1963 4816 hoc
2019 4761 2174 4815 multi
2235 4761 2632 4828 discipulorum
2680 4761 2799 4830 ejus
2834 4760 3088 4814 abit-runt
3116 4770 3263 4815 retro
3305 4780 3318 4815 :
3382 4772 3436 4814 et

1852 4855 1963 4923 jam
2000 4870 2108 4908 non
2143 4870 2265 4908 cum
2300 4854 2391 4907 illo
2426 4854 2806 4907 ambulabant.
2846 4854 2988 4907 Dixit
3016 4869 3147 4923 ergo
3185 4854 3343 4907 Jesus
3365 4855 3430 4906 ad

1855 4946 2142 5000 duodecim
2182 4963 2198 4998 :
2240 4947 2511 5013 Numquid
2564 4956 2619 4999 et
2656 4962 2750 4997 vos
2787 4947 2955 4998 vultis
2988 4945 3189 4999 abire?
3226 4946 3423 5019 [cum

1857 5039 1936 5108 1.]
1967 5036 2266 5104 Respondit
2292 5052 2424 5103 ergo
2455 5036 2503 5091 ei
2548 5036 2735 5090 S‘nton
2786 5036 2977 5090 Petrus
3014 5052 3029 5088 :
3084 5037 3333 5099 Domine,
3364 5038 3433 5086 ait

1854 5145 2015 5198 quem
2055 5130 2298 5182 ibimus?
2348 5131 2511 5181 verba
2545 5128 2666 5181 vita:
2721 5140 2941 5181 aeternae
2985 5128 3173 5181 Itabcs.
3237 5127 3302 5179 Et
3334 5141 3432 5181 19ιό

1854 5222 2215 5282 credidimus,
2257 5232 2311 5273 et
2340 5221 2720 5287 cognovimus,
2788 5220 2916 5287 quia
2976 5230 3031 5273 ιιι
3085 5235 3145 5272 es
3179 5218 3432 5270 Christus

1854 5312 2022 5365 Filius
2045 5312 2160 5364 Dei.
2196 5313 2379 5381 luxv,
2421 5312 2479 5363 10
2511 5308 2526 5381 ]
2567 5311 2862 5379 liespuudit
2901 5312 2980 5363 eis
3001 5311 3203 5363 .Icsus:
3242 5308 3433 5361 Nonne

1849 5420 1949 5473 ego
1985 5420 2078 5457 vos
2116 5404 2402 5457 duodecim
2432 5405 2565 5471 elegi
2626 5419 2639 5457 :
2677 5416 2733 5458 et
2768 5423 2829 5458 ex
2874 5407 3027 5458 Vobis
3058 5418 3197 5453 unus
3235 5402 3431 5453 diabo-

1921 5540 1939 5569 ³
1974 5540 2075 5591 Pro
2116 5551 2189 5591 est
2232 5539 2399 5591 verbo
2451 5542 2559 5593 dun
2587 5557 2615 5594 ο
2661 5540 2861 5593 nostris
2913 5557 3039 5594 mss.
3076 5536 3301 5590 obvium
3334 5555 3423 5605 ἡ»,

1850 5628 2027 5663 IIHHUS
2084 5623 2264 5663 tamen
2304 5623 2471 5673 recte,
2508 5621 2864 5664 ttatet‘a‘et'dat.
