3880 6168
430 303 540 365 (99

1310 306 1370 364 S.
1415 303 1847 364 lllERONYMl
1895 303 2151 363 DlV!N:\
2201 302 2723 362 BIBLlO'l‘llECA.
2817 380 2826 387 _
3515 310 3601 369 700

433 419 520 471 bis
551 423 666 471 est
702 419 924 473 Dicebat
957 429 1137 472 autem
1169 418 1362 473 Judam
1398 419 1638 474 Simonis
1690 420 2003 474 lscariotem
2038 449 2078 502 Α
2110 434 2228 474 stus
2263 429 2444 472 autem
2473 434 2594 471 cum
2627 415 2862 476 venerit.
2892 429 3051 468 nemo
3079 413 3181 468 Scit
3207 415 3332 469 ttuzlc
3348 418 3422 470 sit.
3443 419 3604 490 [ιλιι-ι,

440 508 544 580 μί⁴
585 509 920 563 Scariothent
958 519 1003 562 et
1036 507 1358 579 Srariothis]
1394 525 1409 561 :
1448 511 1535 563 hic
1567 511 1712 562 enini
1751 518 1867 563 erat
1897 521 2004 562 Ira-

437 603 648 656 ititurus
683 617 825 659 cum.
855 616 974 653 cum
1007 609 1152 654 esset
1189 617 1330 654 unus
1365 618 1427 654 cx
1454 602 1767 656 duodecim.

509 691 667 763 jCap.
703 689 840 761 \"ll.]
905 692 1031 744 Post
1074 692 1189 745 haec.
1244 701 1428 745 autem
1475 694 1793 746 ambulabat
1853 694 2009 747 Jesus

440 787 492 840 in
524 784 836 846 Galileam;
877 799 984 835 non
1013 786 1156 836 enim
1195 785 1407 837 volebat
1459 784 1509 836 in
1539 784 1778 838 .ludzeatn
1813 784 2009 837 ambu-

439 878 574 936 lare,
611 875 735 942 quia
771 873 1094 942 qurerebant
1131 889 1254 927 eum
1306 874 1478 927 Judaei
1515 877 1844 927 interficere.
1887 875 2013 925 Erat

440 978 620 1020 autem
674 967 727 1019 in
765 966 1012 1034 proximo
1049 967 1166 1020 dies
1202 966 1373 1020 festus
1425 964 1753 1027 ludteorum,
1800 966 2018 1019 SCt'nO-

445 1061 624 1127 pegia.
689 1057 954 1109 Dixerunt
1015 1067 1196 1110 autem
1261 1058 1325 1109 ad
1399 1073 1524 1111 eum
1585 1057 1786 1110 fratres
1858 1061 2011 1128 ejus:

443 1150 635 1203 Transi
670 1151 818 1215 hinc,
847 1161 902 1204 et
929 1151 1062 1203 vade
1118 1151 1172 1203 in
1202 1150 1464 1215 Iudaeam,
1499 1163 1556 1204 ut
1581 1162 1634 1204 et
1666 1152 1919 1220 discipuli
1941 1155 2015 1206 tui

443 1241 672 1292 videant
711 1256 878 1309 opera
939 1249 1053 1306 tua,
1113 1257 1232 1310 quae
1296 1243 1449 1295 facis.
1484 1241 1654 1294 Nemo
1695 1244 1895 1312 quippe
1963 1245 2018 1296 in

444 1331 663 1384 occulto
692 1331 821 1398 quid
869 1332 1014 1395 facit,
1045 1339 1098 1385 et
1129 1335 1320 1400 quaerit
1347 1334 1459 1401 ipse
1487 1334 1541 1387 in
1576 1333 1748 1402 palam
1781 1349 1937 1388 esse:
1974 1336 2018 1388 si

448 1422 564 1475 haec
589 1420 742 1484 facis,
782 1423 1070 1476 manifesta
1119 1425 1352 1492 teipsum
1385 1423 1611 1478 mundo.
1643 1424 1829 1492 Neque
1873 1426 2019 1478 enim

447 1513 644 1566 fratres
663 1514 782 1584 ejus
810 1516 1106 1568 credebant
1134 1516 1185 1566 in
1217 1530 1365 1570 eum.
1399 1515 1537 1569 Dicit
1556 1531 1683 1584 ergo
1710 1519 1790 1568 eis
1812 1515 1972 1570 .lesus
2006 1534 2020 1568 :

450 1603 692 1671 Tempus
732 1619 913 1656 meum
975 1606 1216 1658 nondum
1253 1605 1516 1659 advenit:
1571 1616 1784 1674 tempus
1843 1619 2022 1660 au‘cm

451 1703 692 1746 vestrum
726 1709 941 1761 semper
976 1705 1060 1748 est
1101 1704 1374 1764 paratum.
1417 1697 1536 1750 Non
1574 1707 1755 1765 potest
1789 1701 2026 1750 mundus

2110 515 2190 584 5.]
2253 517 2531 568 Clamabat
2585 527 2713 581 ergo
2769 512 2925 566 Jesus
2967 510 3020 562 in
3085 508 3280 578 templo
3339 511 3528 578 (lOCt'IIS,
3567 527 3610 569 et

2111 608 2331 660 dict-ns:
2362 607 2426 657 Et
2477 620 2559 657 me
2588 603 2761 666 scitis,
2797 613 2852 656 et
2903 601 3048 654 unde
3073 601 3173 654 sint
3209 600 3347 654 scitis
3371 615 3383 654 :
3407 613 3452 656 et
3487 620 3512 656 a
3541 622 3609 660 nte

2113 700 2232 769 ipso
2267 716 2372 752 non
2407 700 2554 761 veni.
2585 699 2679 754 sed
2717 707 2802 753 est
2833 712 3018 760 verus,
3049 695 3144 766 qui
3169 694 3308 749 misit
3345 711 3437 759 me,
3481 714 3610 766 quem

2113 807 2210 846 vos
2250 792 2493 846 nescitis.
2525 791 2636 858 Ego
2669 791 2783 844 scio
2811 805 2936 842 eum
2967 804 2982 842 :
3014 789 3142 857 quia
3175 787 3240 839 ab
3287 787 3392 855 ipso
3418 805 3534 851 sum,
3573 799 3614 845 et

2116 884 2232 950 ipse
2265 898 2348 934 me
2376 883 2539 935 misit.
2575 881 2804 953 [Lxxvu,
2831 879 2907 951 L]
2938 879 3258 944 Quaerebam
3279 894 3397 946 ergo
3416 895 3520 932 eum
3548 898 3621 950 ap-

2117 974 2495 1043 prehendere:
2526 981 2579 1025 et
2616 987 2777 1026 nemo
2813 971 2958 1024 misit
2991 971 3044 1024 in
3083 970 3234 1023 illum
3293 984 3484 1032 manus,
3520 972 3618 1037 quia

2119 1067 2358 1118 noadum
2391 1073 2615 1118 venerat
2641 1066 2770 1117 hora
2805 1064 2943 1130 ejus.
2976 1062 3220 1134 [Luvun
3262 1060 3369 1131 10.]
3401 1061 3465 1113 De
3495 1064 3622 1114 turba

2121 1166 2300 1209 autem
2355 1156 2508 1209 multi
2548 1156 2899 1209 crediderunt
2955 1155 3010 1208 in
3083 1168 3238 1216 eum,
3280 1163 3331 1206 et
3378 1154 3624 1208 dicebant:

2120 1249 2371 1302 Christus
2407 1265 2529 1301 cum
2563 1249 2797 1311 venerit,
2832 1246 3100 1314 numquid
3142 1244 3290 1314 plura
3321 1245 3457 1313 signa
3501 1245 3631 1298 faciet

2122 1356 2282 1408 quam
2311 1354 2430 1408 quze
2459 1340 2548 1392 hic
2582 1337 2752 1391 facit?
2807 1337 3114 1389 Audierant
3172 1334 3414 1387 Pharisaei
3458 1336 3628 1386 turbam

2126 1443 2552 1484 murmurantem
2583 1431 2648 1482 de
2684 1430 2773 1483 illo
2806 1428 3189 1500 haec;lt.x.vtx,
3225 1426 3275 1497 Η
3329 1434 3379 1478 et
3411 1427 3632 1480 miserunt

2126 1522 2402 1590 print-ipes
2454 1530 2510 1574 et
2543 1518 2802 1574 Pharismi
2861 1519 3169 1580 ministros,
3230 1526 3287 1568 ut
3315 1515 3636 1584 apprehende-

2129 1622 2249 1665 rent
2278 1627 2422 1664 eum.
2461 1610 2647 1682 ῖωιυι,
2685 1608 2799 1680 ΙΟ.]
2835 1609 2978 1660 Dixit
3004 1622 3136 1676 ergo
3170 1604 3457 1659 eis'Jesus:
3485 1605 3637 1656 Adhuc

2131 1705 2403 1758 modicum
2438 1713 2656 1770 tempus
2690 1701 2974 1755 vobiscum
3019 1713 3137 1752 sum
3185 1697 3426 1752 :etvado
3453 1698 3508 1748 ad
3541 1711 3636 1749 casn

453 1785 634 1839 odisse
668 1801 762 1838 vos
794 1801 806 1840 :
831 1801 914 1839 me
941 1795 1121 1839 autem
1145 1787 1260 1839 odit
1288 1786 1474 1857 [Mat-1.
1517 1787 1691 1860 audit]
1723 1804 1738 1844 '.
1767 1789 1895 1856 quia
1919 1802 2020 1852 ego

2139 1797 2214 1865 pii
2250 1811 2333 1848 nte
2363 1796 2529 1848 misit.
2573 1794 2781 1866 juxta,
2845 1792 2959 1863 10.]
2989 1792 3255 1858 Quaeretis
3291 1805 3369 1842 me
3404 1791 3441 1850 ',
3471 1798 3520 1842 et
3555 1803 3638 1840 non

455 1877 827 1930 testimonium
887 1878 1150 1945 perhiheo
1202 1879 1269 1931 de
1321 1879 1438 1940 illo,
1482 1879 1625 1947 quod
1681 1895 1843 1948 opera
1902 1881 2022 1949 ejus

457 1970 594 2023 tuala
654 1978 800 2022 sunt.
843 1970 954 2024 Vos
987 1970 1267 2024 ascendite
1317 1971 1383 2022 ad
1430 1971 1573 2024 diem
1612 1971 1806 2024 festum
1854 1977 2022 2036 hunc,

458 2077 558 2124 ego
614 2068 792 2113 autem
841 2076 948 2114 non
990 2061 1230 2115 ascendo
1287 2062 1352 2114 ad
1403 2063 1548 2116 diem
1598 2062 1841 2119 festum:
1898 2064 2026 2131 quia

461 2168 641 2203 meum
701 2161 916 2222 tempus
951 2153 1192 2207 nondum
1243 2154 1523 2223 impletum
1571 2165 1672 2208 est.
1725 2155 1847 2209 llaec
1901 2171 2024 2210 cum

461 2243 711 2305 dixisset,
752 2244 867 2310 ipse
901 2245 1101 2298 mansit
1147 2245 1201 2297 in
1235 2246 1477 2300 Calibea.
1513 2246 1581 2301 Ut
1622 2255 1802 2298 autem
1839 2261 2028 2298 ascen-

463 2339 666 2390 (lerunt
708 2336 904 2389 fratres
943 2339 1082 2405 ejus,
1109 2347 1237 2390 tunc
1265 2346 1317 2390 ct
1357 2339 1472 2405 ipse
1513 2339 1760 2391 ascendit
1791 2338 1857 2391 ad
1885 2340 2026 2392 diem

465 2431 660 2482 festum
697 2445 800 2480 non
835 2429 1141 2489 manifeste,
1174 2428 1266 2482 sed
1306 2431 1464 2498 quasi
1510 2431 1563 2482 in
1591 2432 1829 2485 occulto.
1858 2432 2039 2486 λυδιξί-

463 2521 944 2589 ergoquzerebant
995 2535 1118 2573 cum
1184 2520 1238 2573 itt
1289 2521 1378 2574 die
1409 2521 1570 2587 festo,
1630 2531 1684 2574 et
1744 2522 2029 2576 licebant:

469 2612 567 2665 Ubi
625 2624 705 2665 est
739 2611 871 2665 ille?
920 2610 985 2663 Et
1040 2626 1285 2664 murmur
1324 2613 1552 2665 multum
1600 2623 1718 2666 erat

466 2704 535 2756 de
567 2717 652 2755 eo.
675 2702 909 2768 Quidam
935 2702 1079 2754 enim
1121 2701 1402 2755 licebant:
1432 2703 1565 2765 Quia
1591 2703 1765 2756 bonus
1791 2717 1893 2758 est.
1931 2704 2033 2756 Alii

467 2781 649 2848 autem
686 2795 983 2848 dicebant:
1027 2793 1165 2856 Non,
1211 2794 1304 2845 sed
1353 2793 1567 2846 seducit
1618 2795 1829 2847 turbas.
1865 2795 2040 2847 Nemo

469 2899 648 2940 tamen
691 2886 867 2950 palam
923 2886 1254 2954 loquebatur
1303 2884 1371 2937 de
1407 2884 1518 2947 illo,
1568 2893 1793 2952 propter
1831 2899 2034 2938 metum

466 2977 800 3030 ludteorum.
836 2975 954 3030 Jam
988 2985 1171 3028 autem
1216 2975 1305 3028 die
1337 2975 1475 3030 festo
1522 2976 1819 3042 mediante,
1849 2993 2038 3030 ascen-

469 3069 551 3123 dit
598 3068 756 3122 .lesus
786 3068 838 3119 in
878 3068 1169 3135 templum,
1203 3075 1258 3120 et
1308 3065 1557 3121 docebat.
1604 3067 1670 3120 Et
1703 3068 2041 3120 mirabantur

1777 2615 1829 2666 in
1877 2617 2043 2667 tutha-

2129 1887 2418 1940 invenietis
2444 1905 2456 1940 :
2491 1897 2543 1938 et
2576 1887 2665 1939 ubi
2698 1901 2796 1955 ego
2825 1901 2968 1948 sum,
2994 1901 3088 1936 vos
3109 1899 3217 1935 non
3243 1881 3454 1950 potestis
3474 1881 3638 1934 venire.

2131 1983 2392 2035 Dixerunt
2421 1995 2551 2046 ergo
2577 1978 2750 2032 .ludzei
2776 1979 2838 2031 ad
2881 1978 3244 2046 semetipsos:
3273 1976 3382 2039 Quo
3405 1974 3482 2026 h'c
3501 1975 3640 2026 iturus

2129 2083 2237 2134 est,
2276 2072 2402 2139 quia
2462 2085 2568 2122 non
2605 2069 2952 2123 inveniemus
2999 2067 3170 2121 eum?
3217 2066 3464 2135 numquid
3499 2065 3543 2116 in
3581 2062 3644 2115 di-

2131 2164 2469 2229 Spcrsionem
2501 2161 2741 2227 gentium
2791 2160 2971 2212 iturus
3030 2169 3134 2220 est,
3191 2168 3246 2211 et
3283 2163 3523 2212 docturus
3544 2168 3645 2223 gem

2134 2251 2250 2305 tes?
2281 2253 2412 2316 Quis
2437 2259 2518 2305 est
2545 2253 2631 2304 hic
2661 2267 2862 2314 sermo,
2901 2267 3060 2318 quem
3083 2250 3256 2303 dixit:
3292 2249 3532 2316 Qurerctis
3560 2259 3642 2309 me,

2132 2352 2188 2396 et
2229 2358 2334 2395 non
2370 2343 2693 2396 invenietis:
2732 2353 2786 2395 et
2815 2342 2904 2395 ubi
2963 2356 3080 2393 sum
3124 2356 3249 2412 ego,
3286 2358 3374 2394 vos
3402 2357 3496 2393 non
3526 2352 3648 2408 pote-

2135 2436 2235 2490 stis
2273 2437 2455 2489 venire
2489 2436 2510 2485 ?
2543 2437 2596 2487 ιιι
2639 2433 2936 2486 novissimo
2967 2443 3151 2486 autem
3190 2434 3276 2486 die
3326 2449 3504 2501 magno
3533 2430 3654 2484 festi-

2134 2528 2339 2585 vitatis.
2379 2528 2556 2579 stabat
2589 2525 2770 2592 .lesus,
2813 2536 2866 2579 et
2899 2526 3193 2589 clamabat,
3225 2525 3406 2578 dicens
3441 2523 3527 2576 :Si
3556 2522 3653 2589 quis

2135 2620 2272 2683 sitit,
2307 2617 2490 2671 veniat
2531 2617 2594 2669 ad
2635 2632 2741 2679 me,
2783 2627 2836 2670 et
2886 2618 3054 2671 bibat.
3126 2618 3232 2682 Qui
3271 2617 3435 2669 credit
3477 2615 3523 2666 in
3568 2628 3658 2680 me,

2138 2711 2280 2763 sicut
2307 2710 2438 2762 dicit
2471 2709 2779 2777 Scriptura,
2820 2710 3041 2763 flumina
3073 2711 3139 2764 de
3174 2720 3357 2764 ventre
3389 2708 3496 2776 ejus
3521 2706 3660 2759 liuent

2139 2819 2292 2871 aqua:
2341 2803 2492 2855 viv.e.
2544 2802 2657 2857 lloc
2710 2816 2891 2855 autem
2953 2803 3090 2856 dixit
3154 2804 3224 2857 de
3274 2802 3489 2871 Spiritu,
3530 2811 3662 2868 quctn

2141 2894 2417 2962 accepturi
2454 2905 2612 2948 erant
2641 2895 2926 2948 credentes
2969 2894 3021 2947 itt
3063 2909 3193 2948 eum
3228 2910 3242 2947 :
3277 2893 3500 2946 nondum
3545 2888 3662 2940 enim

2142 2995 2260 3037 erat
2319 2985 2557 3053 Spiritus
2610 2985 2790 3050 dattts,
2856 2986 2981 3050 quia
3061 2983 3231 3038 Jesus
3306 2982 3528 3036 nondum
3571 2985 3669 3031 erat

2142 3078 2490 3147 glorificatus.
2523 3076 2726 3147 lunt,
2759 3075 2840 3147 7.]
2869 3077 2942 3129 Ex
2973 3076 3060 3130 illa
3090 3092 3226 3144 ergo
3267 3080 3418 3130 turba
3454 3089 3560 3126 cum
3590 3086 3666 3122 au-

468 3159 664 3219 .l‘udzei,
720 3156 1312 3221 dicenteszQuomodo
1375 3157 1463 3210 hic
1511 3158 1721 3210 litteras
1753 3159 1876 3220 scit,
1915 3143 2107 3210 cunt-c
2143 3143 2353 3222 [ιίεςρηι
2416 3143 2839 3222 hos—sermone;
2895 3169 3042 3237 eius,
3107 3143 3367 3221 diﬁcebam
3409 3181 3420 3216 ς
3469 3162 3556 3216 me
3603 3167 3669 3214 εει

471 3267 581 3304 non
617 3249 905 3302 didicerit?
936 3249 1235 3316 Respondit
1278 3249 1358 3301 eis
1405 3249 1585 3310 Jesus,
1619 3258 1672 3302 et
1707 3249 1841 3302 dixit
1873 3264 1889 3301 :
1926 3249 2038 3301 Mea

472 3341 720 3396 doctrina
748 3357 856 3392 non
915 3349 998 3391 est
1033 3355 1174 3399 mea,
1216 3339 1308 3391 sed
1349 3338 1472 3407 ejus
1499 3340 1590 3407 qui
1628 3340 1777 3391 misit
1827 3355 1935 3392 me.
1980 3339 2037 3392 Si

474 3435 597 3502 quis
627 3431 859 3484 voluerit
914 3430 1245 3482 voluntatem
1281 3431 1399 3497 ejus
1445 3430 1626 3482 facere
1668 3471 1682 3494 ,
1749 3439 2042 3496 cognnsi-ci

475 3530 542 3581 de
571 3525 839 3588 doctrina,
874 3536 1053 3576 utr-um
1102 3538 1168 3576 ex
1210 3521 1320 3576 Deo
1364 3521 1457 3585 sit,
1499 3537 1568 3574 an
1605 3536 1704 3591 ego
1758 3537 1785 3572 a
1830 3521 2039 3588 meipso

473 3621 682 3689 loquar.
718 3617 817 3682 Qui
853 3636 880 3668 ιι
905 3615 1476 3683 setnetipsoloquitur,
1505 3615 1732 3682 gloriam
1761 3615 2042 3682 prepriani

476 3714 712 3783 quzerit:
745 3711 836 3778 qui
870 3720 1050 3761 autent
1083 3708 1280 3775 quaerit
1327 3707 1552 3775 gloriam
1583 3708 1722 3774 ejus,
1758 3706 1852 3774 qui
1893 3706 2041 3759 misit

475 3820 624 3868 eum,
663 3804 748 3855 hic
802 3816 961 3854 verax
1007 3807 1113 3862 est,
1155 3807 1208 3850 et
1242 3793 1507 3867 injustitia
1545 3802 1597 3850 in
1639 3797 1733 3850 illo
1775 3813 1884 3849 non
1933 3805 2041 3850 est.

475 3897 666 3951 Nonne
723 3896 931 3964 Moyses
984 3893 1135 3946 dedit
1178 3891 1333 3944 vobis
1387 3892 1608 3961 legem:
1659 3900 1714 3943 et
1775 3907 1936 3943 nemo
1979 3905 2043 3942 ex

478 3992 634 4044 vobis
699 3989 826 4040 facit
858 3985 1068 4055 legem?
1099 3985 1235 4049 Quid
1274 3999 1357 4036 me
1393 3983 1636 4051 qu;eritis
1699 3983 2048 4036 interficere?

479 4081 778 4149 Respondit
812 4078 987 4141 turba,
1025 4086 1075 4127 et
1107 4075 1281 4126 dixit:
1321 4072 1655 4124 UtBlllOlllllm
1699 4073 1887 4136 habes,
1924 4074 2046 4140 quis

481 4189 532 4228 te
579 4173 773 4242 qua'rlt
821 4166 1169 4222 interficere?
1220 4165 1523 4232 Despondit
1579 4163 1759 4226 Jesus,
1805 4174 1860 4217 et
1906 4166 2048 4218 dixit

478 4267 557 4320 eis
589 4281 602 4318 :
640 4264 813 4318 Unum
844 4274 981 4327 opus
1008 4256 1200 4318 feci,et
1222 4270 1412 4308 omnes
1448 4255 1742 4307 miramini.
1780 4255 2045 4322 Propter-

479 4375 542 4413 ea
596 4355 806 4425 Moyses
837 4352 991 4405 dedit
1038 4350 1194 4402 vobis
1229 4348 1704 4401 circumcisionetn
1751 4352 1881 4414 (non
1915 4347 2044 4414 quia

2144 3278 2270 3314 vere
2318 3260 2608 3328 Propheta.
2678 3260 2781 3313 Alii
2859 3259 3112 3312 dicebant
3182 3275 3194 3311 :
3263 3259 3360 3310 Hic
3409 3264 3482 3310 est
3539 3253 3669 3307 Chri-

2143 3364 2280 3405 stus.
2346 3351 2595 3423 [Lxxxun
2627 3351 2705 3420 7.]
2737 3350 2965 3415 Quidam
2997 3359 3183 3404 autem
3219 3350 3506 3403 dicebant:
3545 3343 3669 3398 Nun-

2145 3444 2274 3511 quid
2305 3460 2333 3498 a
2393 3443 2612 3496 Galilaea
2676 3445 2826 3496 venit
2859 3442 3155 3495 Christus?
3204 3439 3393 3493 Nonne
3433 3435 3670 3502 Scriptura

2145 3537 2314 3588 dicit:
2343 3536 2476 3600 Quia
2504 3551 2566 3589 ex
2607 3536 2816 3590 Semina
2883 3533 3072 3597 David,
3109 3543 3168 3587 et
3221 3533 3290 3587 de
3325 3527 3670 3585 Beth-Lehem,

2145 3627 2392 3686 eaStello,
2437 3627 2526 3679 tibi
2573 3637 2689 3681 erat
2724 3627 2912 3688 David,
2939 3627 3087 3680 venit
3115 3624 3410 3678 Christus?
3456 3620 3670 3692 [ιιιιιν.

2149 3718 2261 3788 ιιι]
2312 3719 2586 3772 Dissensio
2641 3719 2826 3786 itaque
2887 3717 3020 3770 facta
3054 3725 3140 3770 est
3193 3718 3247 3771 in
3308 3716 3457 3768 turba
3487 3718 3676 3780 propter

2147 3828 2293 3865 eum.
2329 3811 2550 3884 juxxv,
2585 3810 2662 3881 1.]
2701 3809 2931 3875 Quidam
2963 3820 3150 3862 autem
3184 3825 3250 3862 ex
3305 3807 3434 3877 ipsis
3463 3805 3678 3858 volebant

2149 3903 2559 3971 apprehendere
2597 3917 2746 3966 eum,
2813 3901 2905 3953 sed
2967 3914 3126 3953 nemo
3186 3898 3339 3950 misit
3383 3908 3533 3963 super
3577 3903 3676 3942 eum

2152 4009 2364 4047 manus.
2421 3992 2661 4064 [uttva
2721 3991 2838 4062 ‘10.]
2873 3992 3166 4045 Venerunt
3208 4006 3341 4060 ergo
3380 3984 3590 4041 ministri
3628 3981 3686 4033 ad

2151 4083 2453 4152 pontiﬁces,
2475 4091 2527 4135 et
2559 4080 2877 4134 Pharisaeos.
2910 4080 2973 4130 Et
3004 4079 3261 4130 dixerunt
3283 4091 3362 4129 eis
3389 4074 3460 4128 illi
3488 4087 3500 4123 :
3529 4070 3678 4135 Quare

2150 4193 2256 4229 non
2319 4174 2626 4229 adduxistis
2689 4172 2880 4225 illum?
2947 4169 3373 4238 Responderunt
3426 4159 3677 4218 ministri:

2147 4266 2437 4332 Nunquam
2495 4264 2572 4317 sic
2594 4264 2813 4316 locutus
2836 4268 2917 4313 est
2932 4260 3114 4322 homo,
3137 4261 3287 4312 sicut
3308 4257 3394 4309 hie
3411 4254 3573 4306 homo.
3597 4247 3684 4299 Re-

2149 4360 2489 4428 sponderunt
2526 4368 2657 4419 ergo
2687 4353 2767 4405 eis
2799 4350 3097 4404 Pharisaei:
3137 4346 3399 4416 Nunquid
3442 4353 3493 4398 et
3519 4354 3602 4392 vos
3622 4350 3689 4389 se—

481 4466 548 4504 ex
584 4447 760 4516 Moyse
784 4453 887 4508 est,
921 4442 1013 4496 Sed
1049 4456 1115 4494 ex
1149 4440 1438 4509 patribus),
1483 4446 1537 4491 et
1580 4437 1633 4490 in
1674 4438 1901 4490 sabbato
1941 4437 2035 4490 eir-

2151 4425 2296 4500 d‘ncti
2329 4444 2497 4499 estis?
2555 4441 2812 4509 Nunquid
2841 4455 2906 4493 ex
2933 4438 3285 4507 principibus
3319 4433 3516 4502 aliquis
3538 4425 3688 4482 credi-

483 4540 793 4595 cumciditis
845 4536 1145 4588 hominem.
1211 4531 1266 4585 Si
1334 4529 1805 4584 circumcisionetn
1849 4528 2048 4596 accipit

484 4635 650 4685 homo
687 4631 740 4682 itt
770 4629 1029 4688 Sabhato,
1070 4634 1128 4676 ut
1161 4639 1269 4675 non
1292 4623 1534 4674 solvatur
1575 4621 1659 4672 lex
1687 4620 1878 4689 Moysi,
1915 4619 2048 4672 mihi

483 4721 842 4790 indignamini
913 4717 1038 4784 quia
1074 4726 1245 4768 totum
1289 4714 1563 4766 hominem
1618 4727 1810 4765 sanum
1845 4711 1944 4765 feci
1992 4713 2048 4766 itt

484 4817 752 4873 sabbato?
791 4814 969 4866 Nolite
1027 4810 1270 4878 judicare
1331 4808 1630 4863 secundum
1685 4805 1902 4870 faciem,
1955 4806 2049 4859 sed

480 4912 689 4980 justum
728 4905 996 4977 judicium
1035 4900 1298 4972 judicate.
1364 4897 1627 4950 Dicebant
1656 4912 1787 4966 ergo
1827 4897 2047 4966 quidam

484 5017 550 5055 ex
605 4999 999 5067 Jcrosolymis:
1046 4995 1236 5047 Nonne
1297 4993 1383 5044 hic
1434 5003 1539 5056 est,
1595 5005 1757 5059 quem
1800 5002 2053 5060 quast-unt

486 5091 834 5148 interﬁcere?
867 5090 928 5142 lit
957 5090 973 5120 ¹
1019 5101 1148 5143 ecce
1191 5087 1368 5155 palam
1431 5086 1671 5152 loquitur
1698 5100 1713 5141 :
1740 5095 1794 5138 et
1831 5086 1962 5137 nihil
2000 5085 2051 5137 ei

485 5191 693 5240 dicunt.
730 5179 1006 5250 Numquid
1035 5194 1160 5233 vere
1194 5186 1569 5244 cognoverunt
1603 5178 1885 5244 principes
1924 5178 2052 5243 quia

486 5281 574 5335 hic
595 5289 678 5333 est
709 5273 1004 5330 Christus?
1029 5270 1132 5325 Sed
1165 5269 1313 5322 hunc
1339 5271 1543 5322 scimus
1582 5269 1722 5320 unde
1753 5268 1864 5320 sit:
1892 5266 2052 5320 Chri-

561 5467 577 5496 ί
624 5462 942 5516 Particulatu
981 5456 1067 5521 Et,
1100 5457 1209 5509 duo
1255 5468 1285 5506 e
1345 5449 1546 5504 nostris
1589 5464 1718 5502 mss.
1767 5449 2051 5521 ignorant;

490 5538 684 5589 tertius
715 5533 1009 5584 Vaticanus
1055 5517 1317 5580 secundis
1347 5523 1497 5575 curis
1543 5520 1825 5587 eXpuugit.
1856 5587 1861 5589 Α
1887 5517 2056 5589 Paulo

490 5587 639 5665 alite,
685 5616 780 5667 pro
803 5615 864 5652 ex
905 5597 1331 5667 llierosolyutis,‘
1371 5589 1653 5667 iu_(_}raeco
1700 5599 1808 5653 est,
1850 5587 1912 5638 ἐκ
1947 5587 2055 5638 τῶν

501 5675 564 5723 Ὶε
578 5660 962 5738 ρόςόὶωμιτεῖόν,
992 5683 1055 5719 ea:
1091 5660 1534 5738 "fel'08_0[y’_"i’i’~

560 5726 784 5792 "Minus
807 5726 1025 5792 ιςυιέὶιι
1055 5735 1276 5791 ittstaltti
1311 5726 1510 5785 habent
1540 5726 1762 5798 quidam
1780 5743 1910 5783 mss.
1942 5737 2056 5781 tum

2153 4539 2229 4591 dit
2261 4537 2315 4590 in
2358 4549 2504 4599 eum,
2545 4541 2640 4585 aut
2667 4546 2732 4584 ex
2766 4530 3092 4583 Pharisaeis?
3123 4529 3223 4582 sed
3263 4526 3422 4580 turba
3448 4525 3570 4586 haec,
3595 4532 3691 4586 qua:

2153 4643 2260 4681 non
2298 4627 2449 4680 novit
2480 4626 2678 4694 legem,
2709 4622 2987 4675 maledicti
3020 4629 3172 4674 sunt.
3213 4619 3359 4672 Dixit
3403 4612 3688 4670 Nicodemus

2155 4720 2221 4773 ad
2258 4733 2372 4780 eos,
2407 4718 2496 4771 ille
2525 4716 2617 4785 qui
2650 4716 2798 4769 venit
2833 4713 2898 4766 ad
2931 4728 3053 4766 eum
3089 4721 3279 4772 nocte,
3328 4708 3422 4778 qui
3451 4717 3581 4760 unus
3597 4703 3691 4754 erat

2153 4829 2217 4866 ex
2251 4811 2386 4882 ipsis
2431 4827 2444 4858 :
2502 4808 2754 4876 Nunquid
2811 4806 2894 4858 lex
2935 4814 3121 4858 nostra
3161 4801 3386 4872 judieat
3430 4798 3690 4882 hominem.

2155 4904 2256 4957 nisi
2276 4879 2440 4972 prius
2471 4899 2706 4953 audierit
2736 4897 2805 4950 ab
2839 4898 2980 4966 ipso,
3035 4903 3091 4948 et
3118 4891 3450 4963 cognoverit
3479 4883 3595 4956 quid
3636 4879 3698 4932 la-

2154 4996 2302 5049 ciat?
2336 4994 2775 5061 Responderunt,
2819 4999 2875 5042 et
2913 4987 3176 5040 dixerunt
3216 4984 3268 5038 ei
3301 5000 3317 5036 :
3392 4973 3623 5044 Nunquid
3652 4978 3696 5022 et

2158 5100 2211 5143 tu
2240 5087 2493 5142 Galilaeus
2515 5087 2608 5138 es?
2630 5084 2887 5138 Scrutare
2931 5081 3253 5148 Scripturas
3277 5076 3325 5139 ³,
3361 5084 3417 5128 et
3447 5071 3558 5125 vide
3591 5063 3696 5128 (illia

2157 5197 2185 5233 a
2221 5180 2434 5233 Galilaea
2493 5177 2764 5239 Propheta
2827 5189 2934 5226 non
2973 5171 3170 5240 surgit.
3235 5170 3302 5223 Et
3352 5161 3547 5219 reversi
3592 5162 3700 5210 sunt

2159 5272 2531 5338 unusquisque
2566 5267 2617 5320 ιιι
2645 5267 2863 5318 domum
2888 5279 3066 5317 suam.

2160 5453 2270 5516 hie,
2303 5467 2424 5504 cum
2455 5450 2612 5518 paulo
2637 5457 2778 5514 post,
2807 5446 3060 5517 qttwritis,
3094 5459 3198 5513 pro
3227 5439 3495 5518 quini-etis.

2234 5499 2392 5576 {Non
2419 5499 2966 5582 alltlllltl'St‘rlplut‘as
2993 5499 3126 5568 mss.
3167 5499 3371 5575 nostri,
3395 5518 3559 5572 neque
3579 5499 3706 5582 Crte:

2159 5611 2256 5648 cus
2308 5595 2420 5662 ipse
2463 5571 2643 5646 teitus
2675 5604 2694 5642 ἱ
2753 5571 3069 5658 ἐρεύνησον,
3109 5585 3210 5637 καὶ
3240 5571 3366 5647 ἴδε(
3397 5571 3634 5634 scrutare,
3662 5571 3703 5616 el

2160 5665 2294 5718 ride.
