3880 6168
333 297 432 362 701

1395 299 1644 360 EVANG
1661 301 1778 358 ΕΗ
1797 301 1904 362 UM
1951 303 2106 363 SEC.
2154 304 2520 366 JOANNEM'

3477 315 3586 374 '20.?

411 411 564 482 [ϐαρ.
593 408 761 480 νηι]
825 408 982 465 Iesus
1035 417 1217 461 autem
1285 411 1521 477 perrexit
1578 412 1629 465 in
1684 421 1918 466 montem
1953 420 1996 477 Α
2029 413 2082 466 in
2114 416 2339 468 mundo.
2373 416 2432 469 Et
2475 432 2578 469 non
2609 427 2980 486 cognoverunt
3014 420 3137 488 quia
3194 421 3402 475 Patrem
3466 429 3584 494 «jus

329 500 531 560 Oliveti
570 520 584 557 :
619 512 675 556 et
703 502 948 556 diluculo
977 503 1174 557 iterum
1201 503 1354 556 venit
1401 504 1455 556 in
1514 505 1796 573 templum,
1854 513 1911 559 et

327 596 515 650 omnis
546 594 779 663 populus
804 594 950 660 venit
977 594 1043 647 ad
1064 604 1272 656 eum,et
1297 595 1493 648 sedens
1514 595 1748 650 docebat
1789 612 1905 651 eos.

324 686 630 741 Adducunt
656 694 838 739 autem
870 682 1076 738 Scriba:
1105 694 1160 738 et
1195 685 1460 739 Pharisaei
1497 687 1820 740 muliereum
1852 689 1906 740 in

323 779 602 834 adulterio
632 779 1026 844 deprehensam
1063 819 1077 842 ,
1132 789 1184 831 et
1218 788 1526 832 statuerunt
1555 795 1674 831 eun
1705 781 1756 832 in
1796 796 1908 832 me-

323 871 447 928 dio.
479 879 536 923 et
566 871 892 924 dixeruntei
930 884 946 924 :
1017 871 1289 939 Magister,
1339 873 1453 923 haec
1492 873 1686 922 mulier
1749 871 1908 924 modo

320 962 676 1027 deprehensa
707 963 865 1017 estin
899 963 1192 1014 adulterio.
1232 963 1289 1014 In
1324 964 1438 1026 lege
1469 973 1648 1015 autem
1699 964 1908 1033 Moyses

320 1048 611 1107 mandavit
644 1054 800 1106 nobis
837 1054 1147 1118 huiusmodi
1185 1055 1448 1121 lapidare.
1485 1055 1562 1106 Tu
1607 1071 1738 1123 ergo
1771 1057 1903 1124 quid

316 1145 468 1197 dicis
496 1145 519 1198 τ
554 1146 667 1196 Hoc
693 1155 874 1198 autem
906 1144 1163 1198 dicebant
1193 1155 1465 1198 tentantes
1489 1161 1640 1211 eum,
1696 1157 1752 1198 ut
1779 1162 1906 1215 pos-

315 1246 450 1291 sent
481 1253 745 1291 accusare
775 1252 916 1290 eum.
957 1238 1118 1290 Jesus
1150 1246 1332 1290 autem
1361 1239 1634 1292 inclinans
1668 1255 1725 1291 se
1751 1241 1907 1292 deor-

314 1342 470 1390 som,
505 1329 674 1396 digito
703 1329 978 1380 scribebat
1009 1328 1060 1380 in
1098 1340 1264 1381 terra.
1300 1330 1434 1380 Cum
1470 1343 1600 1395 ergo
1649 1343 1905 1396 perseve-

314 1427 512 1472 rarent
547 1421 945 1487 interrogantes
980 1435 1124 1482 eum,
1153 1420 1330 1472 erexit
1357 1435 1436 1481 se,
1497 1429 1552 1472 et
1604 1419 1740 1473 dixit
1775 1422 1854 1473 eis
1884 1435 1900 1474 :

313 1513 422 1577 Qui
460 1515 580 1566 sine
614 1522 837 1578 peccato
863 1521 946 1564 est
971 1521 1234 1572 vestrum.
1265 1512 1474 1580 primus
1505 1513 1557 1564 in
1593 1512 1738 1564 illam
1767 1513 1902 1580 lapi-

313 1606 446 1659 dein
487 1605 691 1658 mittat.
726 1605 784 1657 Et
823 1606 1016 1656 iterum
1055 1619 1111 1658 se
1163 1604 1454 1666 inclinans,
1510 1604 1791 1657 scribebat
1848 1605 1900 1656 in

315 1705 496 1752 terra.
559 1697 858 1751 Audientes
890 1706 1072 1750 autem
1107 1712 1249 1750 unus
1279 1705 1400 1764 post
1437 1711 1604 1748 unum
1656 1696 1896 1759 exibant,

2018 505 2232 559 diccbat
2265 507 2452 562 Deum.
2492 509 2783 577 Dixitergo
2815 510 2894 564 eis
2915 509 3075 564 Jesus
3110 531 3122 566 :
3151 512 3284 566 Cum
3315 516 3588 569 exultave-

2017 597 2140 651 ritis
2170 597 2366 651 Filium
2394 600 2649 662 hominis.
2716 612 2843 656 tunc
2894 606 3235 672 cognoscetis
3301 607 3426 673 quia
3487 623 3585 676 ego

2016 704 2164 755 sum,
2196 701 2250 744 et
2278 707 2306 744 a
2337 691 2545 761 meipso
2569 695 2708 746 facio
2739 695 2897 760 nihil,
2968 697 3061 749 sed
3095 697 3237 752 sicut
3286 699 3467 751 docuit
3500 716 3586 754 me

2021 777 2199 842 Pater,
2233 779 2346 833 haec
2375 781 2568 849 loquor
2601 795 2616 835 :
2647 791 2702 837 et
2728 786 2816 852 qui
2845 801 2929 838 me
2958 785 3123 846 misit,
3147 802 3357 839 mecum
3391 801 3495 849 est,
3530 799 3584 842 et

2018 884 2122 921 non
2161 869 2378 938 reliquit
2411 887 2494 925 me
2525 873 2701 925 solum
2739 889 2752 926 ε
2787 875 2910 942 quia
2937 891 3054 943 ego,
3081 893 3199 943 quae
3229 878 3424 944 placita
3451 874 3580 930 sunt

1997 959 2084 1022 ‘ei,
2113 959 2252 1014 facio
2281 978 2512 1030 semper.
2546 963 2665 1017 Harc
2701 964 2791 1017 illo
2822 966 3092 1034 loquen'e,
3126 970 3276 1021 multi
3332 970 3581 1024 credide-

2016 1060 2144 1103 runt
2178 1052 2230 1103 iu
2259 1067 2405 1106 etnn.
2442 1051 2664 1105 Dicebat
2694 1068 2824 1118 ergo
2853 1054 3010 1107 Jesus
3037 1057 3100 1107 ad
3129 1072 3244 1120 eos,
3270 1058 3362 1124 qui
3394 1059 3576 1111 credi-

2013 1141 2214 1196 derunt
2244 1145 2291 1197 ei
2326 1142 2584 1199 Judaeos:
2628 1146 2682 1197 Si
2720 1161 2814 1198 vos
2859 1149 3167 1204 manseritis
3221 1151 3272 1201 in
3327 1165 3577 1204 sermone

2016 1252 2158 1302 meo,
2191 1253 2313 1289 vere
2345 1238 2596 1306 discipuli
2626 1239 2726 1292 mei
2766 1239 2918 1292 eritis
2953 1282 2967 1302 ,
3023 1253 3076 1293 et
3106 1243 3447 1308 cognoscetis
3486 1258 3578 1293 ve-

2015 1327 2254 1389 ritatem,
2290 1339 2344 1382 et
2382 1332 2580 1384 veritas
2605 1331 2855 1384 liberabit
2885 1348 2998 1384 vos.
3035 1334 3449 1398 ReSpottderunt
3477 1335 3522 1384 ei
3561 1350 3574 1385 :

2014 1420 2210 1474 Semen
2240 1423 2467 1475 Abrahae
2501 1439 2713 1484 sumus,
2745 1438 2800 1476 et
2826 1423 3027 1476 nemini
3097 1425 3424 1477 Servivitnus
3481 1440 3579 1475 nn-

2011 1527 2171 1580 quam
2202 1528 2216 1564 :
2255 1515 2530 1582 quomodo
2557 1525 2608 1568 tu
2647 1514 2802 1579 dicis,
2840 1517 3021 1568 Liberi
3048 1515 3200 1568 eritis
3229 1515 3250 1568 ?
3281 1516 3580 1583 Respondit

2012 1604 2089 1656 eis
2118 1605 2315 1659 Jesus:
2357 1607 2546 1669 Amen,
2578 1624 2759 1671 amen,
2795 1607 2917 1660 dico
2953 1608 3124 1670 vobis,
3220 1607 3343 1673 quia
3402 1607 3579 1658 omnis

2013 1695 2104 1762 qui
2142 1696 2269 1748 facit
2294 1706 2597 1763 peccatum,
2629 1712 2826 1749 servus
2856 1707 2938 1750 est
2969 1697 3198 1764 peccati.
3231 1696 3432 1750 Servus
3478 1713 3578 1749 au-

312 1789 660 1858 incipientes
686 1807 713 1843 a
736 1790 1048 1844 senioribus
1085 1808 1098 1844 :
1126 1800 1181 1843 et
1210 1791 1475 1844 remansit
1501 1791 1652 1843 solus
1672 1789 1832 1844 Iesus
1859 1790 1900 1853 ¹,
1939 1770 1977 1822 Β
2009 1797 2116 1840 tem
2144 1804 2252 1840 non
2281 1798 2464 1842 manet
2497 1789 2548 1841 in
2583 1791 2744 1841 domo
2774 1788 2826 1841 in
2854 1800 3116 1842 aeternum
3148 1803 3163 1841 :
3220 1788 3362 1842 [ilius
3394 1797 3574 1842 autem

312 1895 368 1936 et
405 1883 617 1936 mulier
642 1884 694 1935 in
727 1884 904 1936 medio
937 1891 1108 1936 stans.
1138 1883 1366 1950 Erigens
1399 1891 1580 1935 autem
1621 1897 1679 1936 se
1715 1883 1900 1947 Iesus,

310 1975 459 2028 dixit
492 1975 544 2028 ei
572 1990 588 2029 :
616 1974 825 2035 Mulier,
856 1974 945 2027 ubi
979 1983 1128 2037 sunt,
1157 1974 1246 2042 qui
1274 1983 1323 2026 te
1350 1976 1676 2027 accusabant
1707 1974 1902 2027 ?nemo

312 2076 365 2122 te
396 2067 796 2122 condemnavit
821 2066 994 2130 ‘3ch
1017 2067 1153 2120 dixit
1187 2084 1200 2118 :
1236 2065 1426 2127 Nemo,
1469 2067 1716 2119 Domine.
1764 2067 1905 2119 Dixit

310 2167 509 2209 alitem
536 2156 695 2210 Jesns
725 2171 740 2208 :
807 2155 917 2209 Nec
953 2170 1054 2223 ego
1087 2166 1139 2210 te
1188 2155 1588 2208 condemnabo.
1655 2157 1816 2216 Vade,
1850 2165 1905 2209 et

305 2248 422 2318 jam
465 2247 705 2315 amplius
741 2246 848 2300 noli
907 2262 1158 2316 peccare.
1218 2247 1420 2300 lterum
1489 2262 1622 2316 ergo
1689 2248 1906 2300 locutus

308 2351 396 2394 est
435 2340 524 2394 eis
565 2340 740 2403 Jesus,
791 2341 1019 2393 dicens:
1058 2338 1168 2409 Ego
1198 2353 1318 2392 sum
1372 2339 1462 2391 lux
1503 2341 1685 2392 mundi
1741 2357 1755 2392 :
1807 2339 1899 2407 qui

309 2433 581 2500 sequitur
633 2446 735 2490 me,
779 2447 886 2484 non
940 2431 1182 2486 ambulat
1227 2434 1280 2485 in
1339 2433 1602 2494 tenebris,
1661 2431 1754 2484 sed
1806 2432 1900 2483 ba-

312 2522 478 2575 bcbit
539 2522 724 2575 lumen
783 2523 926 2576 vilae.
991 2523 1252 2578 Dixerunt
1293 2539 1421 2593 ergo
1461 2525 1511 2576 ei
1567 2524 1822 2577 Pharisaei
1886 2540 1900 2577 :

309 2615 393 2669 Tu
464 2616 532 2669 de
593 2626 643 2668 te
699 2615 814 2685 ipso
851 2615 1225 2669 testimonium
1289 2615 1544 2682 perhibes
1588 2629 1603 2668 :
1659 2617 1904 2690 testimo-

309 2709 481 2760 nium
531 2721 682 2761 tuum
725 2725 832 2762 non
876 2717 958 2762 est
1006 2723 1215 2762 verum.
1282 2707 1586 2777 Respondit
1628 2710 1806 2773 Jesus,
1847 2719 1903 2763 et

307 2799 466 2853 dixit.
521 2801 660 2853 eis:
713 2799 778 2852 Et
835 2801 879 2854 si
915 2816 1014 2869 ego
1072 2801 1450 2854 testimonium
1517 2801 1781 2870 perhibeo
1835 2802 1902 2854 de

308 2892 563 2960 meipso,
598 2906 784 2945 verum
814 2902 899 2944 est
935 2891 1305 2945 testimonium
1334 2905 1513 2944 meum
1550 2929 1564 2954 ,
1628 2890 1754 2959 quia
1787 2892 1901 2944 scio

310 2984 474 3037 unde
509 2985 656 3049 veni,
695 2991 747 3037 et
777 2998 886 3052 quo
944 2983 1083 3037 vado
1113 2999 1127 3045 ;
1161 2998 1256 3037 vos
1286 2993 1468 3036 autem
1495 2983 1718 3036 nescitis
1763 2985 1903 3036 unde

2011 1889 2193 1932 manet
2219 1879 2271 1932 in
2305 1888 2590 1932 aeternum.
2618 1879 2674 1933 Si
2705 1895 2834 1949 ergo
2889 1894 2983 1934 vos
3043 1879 3184 1934 filius
3238 1879 3580 1946 liberaverit,

2005 1986 2134 2024 vere
2165 1970 2332 2023 libere
2354 1971 2528 2024 eritis.
2569 1971 2694 2024 Scio
2725 1971 2848 2039 quia
2882 1971 2973 2024 lilii
3001 1971 3234 2024 Abrahae
3261 1971 3393 2023 estis
3421 1987 3433 2019 :
3475 1970 3568 2022 sed

2006 2063 2252 2132 quaeritis
2296 2078 2380 2116 me
2417 2063 2744 2126 interﬁcere,
2766 2065 2891 2132 quia
2921 2079 3102 2116 sermo
3128 2078 3282 2116 meus
3307 2079 3412 2115 non
3434 2063 3581 2130 capit

2007 2158 2058 2208 in
2091 2156 2262 2210 vobis.
2290 2156 2398 2224 Ego
2422 2157 2564 2224 quod
2588 2156 2696 2209 vidi
2727 2157 2869 2224 apud
2896 2157 3106 2209 Patrem
3135 2171 3341 2218 meum,
3365 2156 3577 2222 loquor:

2006 2257 2058 2300 et
2084 2262 2181 2300 vos
2213 2263 2332 2315 qua?
2366 2248 2578 2301 vidistis
2607 2247 2747 2308 apud
2782 2259 2987 2316 patrem
3046 2258 3310 2311 vestrum,
3374 2246 3576 2299 facitis.

2009 2337 2448 2406 Responderunt,
2475 2352 2523 2393 et
2549 2341 2799 2393 dixerunt
2821 2339 2870 2392 ei
2893 2355 2909 2392 :
2930 2337 3088 2392 Pater
3108 2347 3291 2392 noster
3309 2338 3578 2390 Abraham

2005 2441 2107 2484 est.
2165 2432 2302 2484 Dicit
2353 2433 2434 2485 eis
2469 2433 2673 2486 Jesns:
2713 2433 2765 2487 St
2797 2432 2886 2485 lilii
2921 2433 3149 2485 Abrahae
3204 2432 3358 2492 eStis,
3415 2447 3576 2497 opera

2007 2520 2237 2573 Abrahae
2271 2521 2451 2574 facile.
2479 2522 2631 2575 Nunc
2657 2534 2834 2574 autem
2863 2522 3106 2589 quaeritis
3140 2537 3224 2574 me
3247 2522 3576 2583 interﬁcere,

2006 2613 2282 2666 hominem
2313 2613 2404 2682 qui
2447 2614 2732 2667 veritatem
2767 2614 2920 2668 vobis
2960 2613 3174 2668 locutus
3219 2627 3360 2674 sum,
3414 2627 3576 2679 quam

2005 2704 2187 2756 audivi
2216 2722 2242 2757 a
2278 2706 2388 2757 Deo
2425 2721 2438 2759 :
2477 2706 2578 2758 hoc
2603 2705 2878 2758 Abraham
2907 2721 3014 2758 non
3077 2704 3224 2758 fecit.
3263 2703 3371 2756 Vos
3403 2706 3579 2758 facitis

2006 2811 2169 2864 opera
2204 2797 2372 2864 patris
2420 2797 2606 2850 vestri.
2665 2797 2929 2849 Dixerunt
2978 2797 3160 2864 itaque
3183 2796 3231 2849 ei
3277 2809 3291 2846 :
3347 2795 3455 2848 Nos
3511 2812 3577 2848 cx

2007 2889 2367 2942 fornicatione
2394 2905 2499 2942 non
2528 2904 2716 2942 sumus
2748 2888 2854 2940 nati
2884 2899 2900 2944 :
2961 2903 3127 2940 unum
3165 2897 3368 2955 patrem
3417 2887 3580 2940 habe-

2010 2996 2133 3032 mus
2173 2981 2360 3036 Deum.
2406 2981 2549 3033 Dixit
2600 2995 2729 3048 ergo
2785 2981 2866 3033 eis
2894 2979 3095 3033 Jcsus:
3159 2979 3215 3033 Si
3251 2981 3392 3034 Deus
3426 2993 3580 3047 pater

307 3078 515 3136 venio,
542 3085 638 3128 aut
670 3091 778 3144 quo
813 3073 973 3128 vado.
1015 3074 1119 3128 Vos
1146 3079 1442 3128 secundum
1501 3089 1720 3128 carnem
1753 3073 1902 3143 judi—
1937 3107 1977 3163 Ο
2012 3082 2195 3126 vester
2225 3081 2388 3134 esset,
2429 3071 2730 3140 diligeretis
2784 3072 2972 3139 utique
3007 3087 3111 3125 me.
3177 3071 3284 3140 Ego
3313 3071 3456 3124 enim
3512 3088 3574 3124 ex

306 3170 462 3223 catis
493 3185 508 3234 ;
544 3183 646 3237 ego
669 3184 774 3220 non
805 3167 993 3236 judico
1023 3182 1350 3236 quemquam
1382 3174 1476 3220 :et
1501 3169 1545 3220 si
1572 3166 1755 3234 judico
1782 3181 1903 3233 ego,

303 3261 597 3330 judicium
639 3274 815 3331 meum
858 3274 1048 3313 verum
1086 3269 1192 3319 est.
1243 3259 1370 3327 quia
1405 3259 1556 3313 solus
1593 3273 1700 3312 non
1737 3273 1857 3311 sum
1894 3296 1910 3323 ,

308 3355 414 3408 sed
447 3367 581 3421 ego,
610 3361 664 3406 et
697 3352 791 3421 qui
827 3353 973 3406 misit
1001 3367 1109 3415 me,
1142 3353 1317 3405 Pater.
1351 3351 1416 3406 Et
1448 3351 1501 3405 in
1561 3353 1676 3421 lege
1731 3363 1913 3406 vestra

309 3443 605 3510 scriptum
644 3453 746 3507 est,
777 3445 903 3511 quia
939 3442 1172 3495 duorum
1205 3440 1491 3494 hominum
1535 3443 1912 3496 testimonium

311 3549 524 3589 verum
566 3542 671 3586 est.
699 3533 810 3600 Ego
837 3547 980 3596 sum,
1012 3533 1105 3601 qui
1145 3533 1516 3586 testimonium
1557 3533 1824 3602 perhibeo
1845 3534 1914 3586 de

310 3642 404 3681 tne
441 3627 570 3695 ipso
600 3643 614 3680 :
639 3635 693 3679 et
726 3624 1099 3680 testimonium
1143 3626 1394 3695 perhibet
1419 3625 1486 3680 de
1511 3641 1616 3688 me,
1642 3627 1732 3695 qui
1768 3625 1916 3678 misit

311 3737 405 3774 nte
445 3720 636 3774 Pater.
669 3719 929 3773 Dicebant
957 3735 1088 3789 ergo
1119 3721 1206 3774 ei:
1255 3720 1355 3776 Ubi
1393 3731 1474 3775 est
1526 3721 1684 3774 Pater
1733 3734 1857 3776 tuus
1895 3724 1917 3775 ?

309 3815 644 3883 Rc-spOndit
678 3813 837 3868 Jesus
868 3829 883 3867 :
943 3815 1202 3884 [Lxxxvm
1227 3813 1306 3884 5.]
1367 3814 1553 3884 Neque
1611 3831 1696 3868 me
1729 3816 1915 3869 scitisv

311 3925 514 3978 neque
551 3909 768 3962 Patrem
799 3922 980 3959 meum
1013 3923 1026 3959 :
1089 3907 1132 3961 si
1164 3922 1248 3962 me
1300 3907 1536 3973 sciretis,
1601 3909 1822 3961 forsitan
1864 3917 1917 3960 et

313 4003 552 4056 Patrem
584 4016 757 4052 meu-u
812 4001 1043 4054 sciretis.
1116 3999 1400 4072 [Lxxxvttn
1437 3999 1514 4071 1.]
1567 4000 1690 4055 “ch
1751 4003 1915 4055 verba

311 4094 552 4146 locutus
583 4101 668 4144 est
689 4090 846 4145 Jesus
879 4092 930 4143 in
964 4092 1373 4161 gazophylacio,
1418 4092 1621 4146 docens
1669 4093 1719 4144 in
1781 4101 1917 4145 tea:-

309 4188 413 4254 plo
454 4198 471 4236 :
506 4193 565 4237 et
594 4198 751 4235 nemo
781 4183 1142 4251 apprehendit
1166 4199 1313 4247 eum,
1351 4182 1476 4249 quia
1534 4185 1764 4236 necdum
1819 4197 1918 4234 ve-

319 4287 500 4331 nerat
542 4275 675 4327 hora
704 4275 820 4342 ejus
853 4278 1092 4344 |t.xxxtx,
1131 4273 1242 4346 10.]
1271 4274 1564 4343 Dixitergo
1610 4275 1806 4326 iterum
1834 4273 1916 4326 eis

310 4368 494 4423 Jesus
521 4379 536 4419 :
574 4364 681 4434 Ego
715 4365 854 4419 vado
887 4382 901 4417 :
931 4375 981 4419 et
1009 4367 1263 4434 quaeretis
1289 4368 1307 4397 ¹
1338 4380 1422 4418 me
1449 4402 1464 4428 ,
1497 4375 1551 4418 et
1581 4365 1632 4416 in
1693 4373 1916 4432 peccato

2017 3165 2124 3217 Deo
2161 3163 2421 3232 processi,
2448 3173 2501 3217 et
2526 3164 2646 3216 veni
2682 3180 2696 3218 :
2729 3179 2904 3230 neque
2935 3165 3080 3217 enim
3103 3180 3128 3215 a
3157 3178 3242 3217 me
3271 3162 3391 3232 ipso
3433 3165 3578 3220 veni.

2015 3259 2106 3309 sed
2141 3258 2228 3310 ille
2258 3272 2341 3308 me
2379 3258 2546 3309 misit.
2582 3258 2762 3322 Quare
2801 3257 3068 3325 loquelam
3105 3272 3278 3311 meant
3332 3271 3439 3310 non
3493 3274 3582 3309 co-

2016 3348 2320 3416 gnoscitis?
2384 3349 2509 3415 quia
2567 3364 2674 3400 non
2747 3349 2974 3415 potestis
3029 3349 3218 3401 audire
3272 3363 3580 3401 sermonem

2018 3454 2217 3492 meum.
2259 3439 2363 3492 Vos
2390 3455 2454 3492 ex
2489 3449 2640 3506 patre
2687 3439 2904 3491 diabolo
2960 3438 3091 3492 estis
3124 3479 3139 3502 ,
3203 3447 3258 3492 et
3313 3437 3584 3491 desideria

2018 3531 2189 3598 patris
2225 3530 2388 3582 vestri
2427 3529 2595 3582 vultis
2627 3528 2825 3582 facere.
2886 3529 2979 3583 lllc
3035 3528 3304 3582 homicida
3353 3537 3470 3581 erat
3515 3527 3582 3579 ab

2020 3622 2195 3686 initio,
2221 3633 2274 3674 et
2305 3621 2356 3674 in
2387 3622 2614 3675 veritate
2642 3636 2746 3673 non
2769 3621 2922 3674 stetit
2949 3657 2965 3684 ,
2998 3620 3124 3688 quia
3145 3635 3250 3671 non
3272 3630 3355 3672 est
3380 3619 3582 3671 veritas

2021 3713 2072 3765 in
2100 3727 2184 3766 eo.
2214 3712 2348 3766 Cum
2377 3712 2620 3780 loquitur
2649 3711 3016 3770 mendacium,
3043 3725 3107 3762 ex
3141 3710 3373 3778 propriis
3400 3709 3580 3776 loqui-

2021 3813 2126 3866 tur,
2169 3804 2294 3872 quia
2337 3803 2566 3856 mendax
2595 3811 2676 3856 est
2711 3811 2764 3856 et
2802 3813 2956 3870 pater
2981 3804 3119 3870 ejus.
3186 3801 3292 3870 Ego
3322 3813 3504 3853 autem
3536 3800 3581 3852 si

2020 3896 2302 3947 veritatem
2332 3894 2474 3957 dico,
2511 3911 2613 3946 non
2637 3894 2861 3948 creditis
2923 3893 3076 3946 mihi.
3125 3891 3256 3958 Quis
3306 3906 3370 3944 ex
3435 3891 3584 3942 vobis

2017 3998 2206 4056 arguet
2237 4004 2321 4040 me
2352 3986 2418 4039 de
2450 3985 2715 4056 peccato?
2772 3986 2828 4039 Si
2887 3987 3172 4039 veritatem
3228 3983 3349 4036 dico
3409 3982 3583 4044 vobis,

2018 4096 2190 4148 quare
2217 4095 2324 4132 non
2357 4079 2587 4132 creditis
2614 4079 2744 4130 mihi
2775 4078 2798 4130 ?
2823 4077 2921 4142 Qui
2947 4095 3010 4131 ex
3048 4079 3154 4129 Deo
3178 4083 3281 4138 est,
3307 4074 3467 4124 verba
3493 4074 3582 4124 Dei

2019 4171 2193 4224 audit.
2229 4172 2518 4240 Propterea
2553 4185 2648 4223 vos
2675 4186 2778 4222 non
2810 4169 3029 4230 auditis,
3063 4169 3189 4237 quia
3233 4182 3298 4220 ex
3335 4166 3440 4218 Deo
3473 4180 3580 4216 non

2019 4265 2170 4317 estis.
2201 4261 2623 4331 Responderunt
2662 4277 2791 4331 ergo
2855 4261 3049 4320 Judaei,
3100 4269 3153 4312 et
3202 4260 3458 4313 dixerunt
3491 4257 3582 4310 ei:

2019 4353 2209 4407 Nonne
2241 4353 2378 4406 bene
2408 4353 2639 4406 dicimus
2693 4369 2814 4415 nos,
2846 4353 2970 4421 quia
3012 4351 3384 4405 Samaritanus
3415 4365 3473 4402 es
3507 4359 3584 4411 tu,

316 4470 522 4515 vestio
559 4459 896 4512 moriemini.
928 4457 1043 4524 Quo
1068 4474 1169 4528 ego
1196 4459 1352 4519 vado,
1387 4473 1484 4511 vos
1519 4474 1624 4512 non
1687 4458 1908 4527 potestis

2017 4455 2070 4499 et
2105 4447 2432 4498 daemonium
2472 4446 2688 4500 habes?
2730 4446 3029 4514 Respondit
3075 4447 3232 4499 Jesus
3265 4457 3279 4494 :
3340 4444 3448 4509 Ego
3476 4443 3576 4495 dar-

321 4554 557 4608 venire.
590 4551 849 4604 Dicebant
897 4566 1024 4617 ergo
1055 4549 1227 4603 Juda-i
1268 4565 1283 4602 :
1325 4549 1582 4618 Nunquid
1620 4550 1914 4602 interliciet

322 4645 724 4712 semetipsum,
779 4645 903 4712 quia
932 4642 1116 4700 dixit:
1178 4642 1296 4707 Quo
1334 4659 1435 4711 ego
1471 4643 1629 4707 vado,
1669 4657 1766 4696 Vos
1807 4657 1914 4695 non

315 4739 568 4808 potestis
601 4738 838 4790 venire?
869 4737 934 4790 Et
965 4737 1182 4790 dicebat
1215 4740 1336 4790 eis:
1400 4736 1508 4790 Vos
1540 4735 1606 4789 de
1657 4735 1914 4788 deorsum

314 4832 488 4890 estis,
513 4845 618 4898 ego
641 4829 709 4882 de
731 4829 982 4897 supernis
1012 4844 1154 4882 sum.
1183 4829 1285 4881 Vos
1309 4827 1375 4881 de
1397 4827 1599 4881 mundo
1627 4827 1729 4881 hoc
1759 4827 1913 4890 estis,

317 4937 435 4992 ego
464 4936 574 4972 non
609 4935 728 4972 sum
755 4921 822 4974 de
857 4921 958 4974 hoc
990 4923 1214 4975 mundo.
1245 4921 1365 4974 Dixi
1407 4935 1537 4990 ergo
1573 4920 1749 4983 vobis,
1783 4919 1910 4986 quia

318 5013 656 5067 moriemini
690 5014 741 5065 in
770 5014 1008 5081 peccatis
1033 5015 1231 5067 vestris
1262 5029 1276 5066 :
1315 5013 1359 5067 si
1393 5014 1540 5067 enim
1579 5028 1686 5065 non
1739 5013 1916 5065 credi-

316 5108 535 5161 deritis
565 5107 694 5174 quia
720 5121 818 5171 ego
849 5122 991 5168 sum,
1023 5106 1332 5160 moriemini
1366 5107 1418 5160 in
1456 5115 1679 5175 peccato
1704 5116 1908 5160 vestro.

317 5200 601 5254 Dicebant
629 5212 756 5266 ergo
795 5199 844 5250 ei
880 5217 894 5250 :
929 5199 1005 5251 Tu
1051 5199 1174 5269 quis
1205 5200 1328 5265 es?
1381 5199 1525 5254 Dixit
1576 5199 1656 5253 eis
1707 5199 1866 5252 Jesus
1898 5215 1914 5252 :

319 5294 702 5360 Principium.
738 5294 828 5360 qui
860 5291 980 5363 [ms.
1013 5291 1166 5364 quia]
1191 5305 1246 5347 et
1286 5294 1480 5361 loquor
1513 5293 1690 5348 vobis.
1748 5292 1913 5347 Multa

325 5386 520 5438 habeo
545 5385 615 5438 de
644 5387 799 5439 vobis
828 5387 996 5453 loqui,
1029 5397 1083 5439 et
1112 5387 1361 5455 judicare
1397 5403 1410 5451 ;
1448 5389 1543 5440 sed
1568 5388 1662 5452 qui
1689 5402 1774 5440 me
1805 5387 1907 5438 mi-

315 5478 425 5543 sit,
467 5492 632 5530 verax
663 5487 746 5531 est
786 5491 802 5530 :
834 5486 890 5532 et
918 5492 1018 5546 ego
1041 5478 1132 5546 qui
1166 5477 1349 5531 audivi
1377 5476 1444 5530 ab
1471 5492 1536 5532 eo
1583 5476 1699 5531 haec
1719 5477 1916 5544 loquor

411 5676 427 5705 ¹
454 5675 634 5744 Atque
669 5676 756 5730 hic
793 5693 990 5730 nomen
1044 5677 1198 5732 Iesus
1249 5689 1426 5732 tacent
1461 5697 1589 5735 mss.
1628 5679 1817 5745 nostri,
1860 5691 1914 5736 et

319 5745 528 5801 Graeca
569 5747 815 5815 quwdatn
848 5759 1140 5804 vetustiora
1178 5752 1529 5819 exciitplaria.

2023 4541 2264 4593 monium
2291 4557 2396 4593 non
2424 4540 2597 4592 habeo
2631 4578 2644 4601 ,
2672 4539 2764 4592 sed
2801 4538 3104 4592 honorilico
3151 4539 3360 4590 Patrem
3383 4553 3588 4598 meum,

2020 4641 2077 4686 et
2108 4647 2202 4685 vos
2225 4632 2593 4685 inhonoraslis
2625 4646 2709 4683 me
2739 4648 2754 4687 :
2780 4646 2879 4697 ego
2907 4640 3087 4683 autem
3122 4647 3227 4684 non
3255 4646 3438 4700 quaero
3479 4631 3593 4697 glo-

2024 4731 2156 4779 riam
2195 4740 2417 4781 meam:
2456 4737 2537 4781 est
2593 4727 2679 4795 qui
2733 4737 2958 4794 quaerat,
3029 4737 3081 4779 et
3118 4726 3343 4792 judicet.
3397 4728 3593 4787 Amen,

2023 4834 2202 4884 amen,
2239 4819 2361 4875 dico
2397 4821 2549 4873 vobis
2578 4834 2592 4874 :
2620 4820 2664 4872 si
2695 4820 2816 4888 quis
2849 4834 3155 4872 sermonem
3207 4833 3383 4871 meum
3409 4833 3592 4872 serva-

2023 4913 2185 4977 verit,
2222 4923 2450 4966 mortem
2492 4929 2601 4966 non
2636 4912 2840 4966 videbit
2876 4911 2928 4963 in
2984 4923 3274 4966 aeternum.
3330 4912 3591 4966 Dixerunt

2023 5003 2389 5072 crgoJudani:
2447 5005 2602 5059 Nunc
2660 5006 3012 5073 cognovimus
3071 5008 3199 5074 quia
3257 5003 3584 5057 daemonium

2025 5093 2190 5147 habes
2226 5096 2535 5148 :Abrabam
2575 5108 2824 5150 mortuus
2854 5106 2957 5151 est.
2985 5107 3039 5151 et
3087 5097 3404 5166 prophetae:
3446 5105 3500 5148 et
3530 5103 3584 5146 tu

2025 5185 2164 5238 dicis
2202 5185 2296 5239 :Si
2338 5190 2462 5255 quis
2501 5204 2811 5242 sermonem
2877 5204 3059 5242 meum
3113 5182 3434 5245 servaverit,
3484 5201 3591 5236 non

2025 5281 2264 5349 gustabit
2321 5291 2551 5333 mortem
2589 5281 2641 5333 in
2681 5291 2970 5335 aeternum.
3023 5278 3275 5346 Nunquid
3314 5287 3367 5328 ιιι
3421 5277 3595 5339 major

2025 5388 2084 5425 es
2107 5383 2259 5440 patre
2294 5382 2482 5426 nostro
2509 5373 2806 5436 Abraham,
2845 5376 2936 5442 qui
2972 5382 3220 5425 mortuus
3245 5381 3329 5423 est
3349 5368 3370 5421 ἲ
3393 5377 3447 5421 et
3473 5385 3595 5434 pro.

2025 5465 2201 5533 pbctte
2226 5467 2428 5520 mortui
2465 5476 2612 5520 sunt.
2652 5467 2820 5534 Quem
2858 5479 2907 5520 te
2934 5467 3106 5536 ipsum
3137 5461 3269 5517 facis
3297 5462 3320 5514 ?
3362 5461 3598 5530 Respon-

2098 5689 2116 5716 ¹
2140 5687 2254 5737 Duo
2286 5703 2412 5738 mss.
2441 5687 2674 5753 qrurrilis
2700 5686 2751 5737 in
2778 5686 3023 5744 instanti,
3053 5686 3518 5751 quetnadniolutn
3549 5697 3602 5739 et

2026 5761 2277 5824 superius
2318 5768 2556 5811 notatum
2582 5766 2684 5818 est,
2712 5759 2918 5816 legunt.
