3880 6168
338 320 445 385 703

1230 321 1289 382 S.
1336 318 1767 380 IllERONYMl
1818 318 2080 377 DlVlNA
2132 320 2653 385 DiBLlUTUECA.
3468 329 3561 393 70⁸.

340 443 422 497 dit
446 443 603 498 Jesus
646 439 745 498 :Si
772 457 872 513 ego
913 441 1159 513 gloriileo
1191 456 1277 495 me
1341 441 1541 511 ipsum,
1595 441 1768 510 gloria
1795 454 1915 494 mea
1953 443 1995 499 Α
2030 439 2142 507 bet,
2176 440 2293 510 ipse
2318 441 2386 497 de
2415 457 2497 498 se
2518 442 2795 513 loquatur.
2859 444 2983 499 Haec
3032 444 3290 500 dixerunt
3344 463 3566 517 parentes

342 536 479 595 nihil
517 546 597 591 est
631 554 643 589 :
673 545 757 591 est
782 535 943 589 Pater
974 547 1148 596 meus,
1183 532 1277 602 qui
1300 532 1578 602 glorlﬁeat
1606 546 1713 596 me,
1754 546 1919 600 quem

342 643 446 685 vos
481 628 688 688 dicitis.
732 628 860 697 quia
892 627 1040 682 Deus
1066 633 1245 678 vester
1272 624 1415 689 est‘,
1439 632 1492 678 et
1526 638 1633 678 non
1663 621 1924 693 cognovi-

342 717 441 773 stis
469 734 593 772 cum
630 734 644 771 :
687 733 786 785 ego
827 725 1011 771 autem
1045 714 1171 770 novi
1205 729 1352 769 eum.
1401 714 1468 769 Et
1494 713 1538 768 si
1566 713 1757 768 dixero
1792 712 1921 780 quia

342 825 455 863 non
485 808 601 863 scio
629 823 779 872 eum,
805 822 903 861 cro
937 805 1136 865 similis
1165 805 1338 863 vobis.
1376 804 1641 867 mendax.
1665 802 1770 859 Sed
1809 804 1924 857 scio

341 914 495 963 eum,
511 909 564 953 et
587 912 895 953 sermonem
918 898 1039 967 ejus
1069 912 1253 952 servo.
1281 897 1554 952 Abraham
1575 903 1728 965 pater
1744 904 1926 949 vester

342 988 653 1049 exsultavit,
688 998 747 1042 ut
786 988 1000 1043 videret
1029 989 1181 1043 diem
1212 1004 1393 1042 meum
1430 1005 1445 1041 :
1474 988 1627 1051 vidit,
1688 996 1745 1042 et
1776 989 1927 1056 gavi-

340 1096 437 1136 sus
457 1089 560 1135 est.
590 1079 850 1134 Dixerunt
871 1095 999 1151 ergo
1026 1079 1199 1134 Judaei
1217 1083 1282 1133 ad
1303 1095 1429 1131 eum
1468 1094 1484 1131 :
1520 1077 1924 1147 Quinquaginta

341 1187 516 1227 annos
562 1171 804 1225 nondum
835 1170 1025 1234 habes,
1054 1179 1109 1225 et
1131 1170 1400 1229 Abraham
1427 1167 1649 1222 vidisti?
1678 1168 1824 1223 Dixit
1847 1167 1928 1221 eis

339 1262 539 1317 Jesus:
569 1266 759 1326 Amen,
779 1277 963 1328 amen,
982 1261 1105 1316 dico
1123 1261 1300 1321 vobis.
1332 1270 1623 1328 antequam
1645 1258 1925 1312 Abraham

345 1355 523 1417 ﬁeret,
539 1369 640 1423 ego
664 1370 808 1407 sum.
826 1353 1094 1419 Tulerunt
1117 1351 1495 1422 ergolapiiles,
1513 1362 1571 1405 ut
1592 1351 1844 1421 jacerent
1870 1350 1925 1405 in

342 1462 470 1503 eum
495 1462 515 1501 :
542 1445 703 1501 Jesns
731 1453 913 1499 autem
938 1444 1225 1499 abscondit
1250 1458 1330 1505 se,
1352 1451 1407 1497 et
1426 1442 1596 1497 exivit
1614 1443 1678 1498 de
1701 1443 1925 1512 templo.

416 1538 570 1610 [ϐαρ.
604 1538 720 1610 ΙΧ.]
756 1539 824 1593 Et
885 1537 1205 1607 praeteriens
1242 1536 1402 1591 Jesus
1454 1534 1593 1589 vidit
1650 1536 1929 1590 hominem

344 1646 548 1691 crucum
580 1647 607 1685 a
638 1632 923 1685 nativitate
963 1644 985 1685 :
1010 1637 1065 1683 et
1096 1630 1573 1699 interrogaverunt
1605 1642 1730 1681 eum
1763 1626 1930 1681 disci-

345 1724 459 1793 puli
494 1722 615 1792 ejus
649 1738 664 1776 :
695 1720 889 1786 Rabbi,
937 1720 1061 1789 quis
1090 1720 1355 1789 peccavit,
1409 1720 1522 1785 hic,
1558 1725 1653 1773 aut
1676 1726 1929 1787 parentes

2025 532 2164 602 ejus,
2194 533 2452 601 quoniam
2486 534 2748 589 timebant
2787 534 3055 594 Judzeds:
3100 534 3210 604 jam
3262 536 3401 590 enim
3448 554 3567 592 con-

2026 625 2367 691 spiraveraut
2395 626 2591 689 Judzei,
2637 637 2694 680 ut
2730 628 2774 681 si
2809 627 2933 697 quis
2958 642 3081 681 cum
3108 627 3446 684 conﬁteretur
3464 647 3571 686 esse

2025 714 2328 781 Christum,
2352 726 2507 771 extra
2537 706 2861 789 synagOgam
2922 721 3094 776 ﬁeret.
3141 721 3427 790 Propterea
3479 739 3566 791 pa-

2026 817 2207 861 rentes
2241 806 2359 876 ejus
2390 809 2648 864 dixerunt
2679 822 2696 864 :
2726 810 2863 875 Quia
2893 820 3108 866 aetatem
3166 812 3346 876 habet,
3406 813 3569 882 ipsum

2028 896 2388 968 interrogate.
2420 901 2763 957 Vocaverunt
2819 918 2951 973 ergo
3005 919 3225 958 rursum
3292 903 3570 971 hominem,

2026 988 2119 1057 qui
2150 989 2327 1043 fuerat
2355 1005 2550 1057 caseus,
2581 1000 2633 1046 et
2660 994 2911 1048 dixerunt
2940 997 2991 1050 ei
3024 1008 3044 1050 :
3078 999 3150 1050 Da
3180 997 3401 1066 gloriam
3456 997 3570 1050 Deo.

2030 1080 2141 1137 Nos
2172 1082 2377 1136 scimus
2403 1084 2532 1153 quia
2565 1085 2652 1140 hic
2672 1086 2838 1140 homo
2867 1099 3121 1156 peccator
3149 1097 3249 1143 est.
3287 1089 3425 1143 Dixit
3456 1106 3573 1157 ergo

2026 1174 2110 1227 eis
2146 1173 2236 1227 ille
2268 1191 2283 1226 :
2319 1174 2373 1229 Si
2415 1186 2667 1245 peccator
2687 1186 2792 1243 est,
2843 1181 3029 1234 nescio
3064 1196 3276 1234 :uuum
3302 1181 3432 1243 seio,
3460 1182 3573 1248 quia

2029 1281 2209 1321 caecus
2246 1281 2369 1320 cum
2396 1282 2595 1332 essem,
2631 1270 2792 1324 modo
2827 1270 3006 1325 video.
3037 1270 3299 1325 Dixerunt
3324 1272 3535 1341 ergoilli
3563 1313 3575 1327 .

2030 1356 2166 1423 Quid
2195 1357 2323 1413 fecit
2354 1359 2448 1413 tibi
2482 1360 2504 1412 ?
2531 1360 2806 1429 quomodo
2838 1362 3053 1431 aperuit
3089 1362 3185 1416 tibi
3216 1363 3403 1418 oculos
3429 1364 3453 1412 7
3483 1364 3577 1418 lte-

2028 1450 2249 1520 spondit
2272 1451 2353 1506 eis
2385 1464 2402 1505 :
2438 1450 2558 1505 Dixi
2588 1451 2743 1506 vobis
2768 1452 2901 1522 jam,
2937 1462 2992 1506 et
3020 1452 3248 1508 audistis
3281 1468 3299 1511 :
3343 1454 3465 1522 quid
3492 1452 3581 1508 ite-

2032 1558 2150 1596 rum
2181 1542 2345 1597 vultis
2375 1541 2568 1598 audire
2597 1542 2621 1596 ?
2650 1544 2922 1613 numquid
2948 1553 3004 1598 et
3031 1558 3129 1599 vos
3161 1544 3327 1600 vultis
3353 1544 3580 1613 discipuli

2030 1633 2147 1701 ejus
2176 1633 2338 1687 ﬁeri?
2373 1632 2770 1689 Maledixerunt
2790 1649 2923 1704 ergo
2951 1635 3026 1699 ei,
3072 1646 3129 1690 et
3155 1634 3412 1690 dixerunt
3456 1649 3472 1690 :
3509 1635 3581 1689 Tu

2032 1725 2335 1794 discipulus
2369 1725 2512 1780 illius
2565 1727 2694 1782 sis:
2757 1742 2858 1781 nos
2903 1737 3087 1781 autem
3133 1725 3303 1792 Moysi
3352 1725 3582 1795 discipuli

346 1814 492 1883 ejus,
529 1823 588 1867 ut
614 1825 790 1866 caecus
814 1809 1174 1865 nasceretur?
1210 1808 1511 1879 Respondit
1548 1809 1711 1865 Iesus
1745 1824 1761 1861 :
1820 1807 1929 1862 Ne-

2046 1830 2246 1869 sumus.
2272 1815 2383 1870 Nos
2408 1816 2613 1871 scimus
2663 1816 2790 1885 quia
2821 1816 2987 1886 Moysi
3013 1817 3229 1870 locutus
3270 1824 3357 1871 est
3405 1814 3535 1870 Deus
3567 1831 3582 1869 :

347 1922 456 1976 que
487 1905 573 1959 hic
630 1902 892 1973 peccavit,
961 1918 1142 1972 neque
1196 1908 1453 1971 parentes
1505 1902 1672 1972 ejus:
1730 1900 1825 1956 sed
1871 1909 1930 1954 ut

350 1996 766 2053 manifestentur
792 2010 957 2064 opera
988 1995 1084 2049 Dei
1106 1993 1161 2048 in
1191 1994 1304 2048 illo.
1341 1994 1423 2051 Me
1465 2001 1682 2063 oportet
1715 1993 1930 2062 operati

348 2104 514 2157 opera
534 2089 673 2157 ejus,
691 2086 784 2155 qui
815 2087 961 2140 misit
987 2102 1092 2152 me,
1119 2085 1293 2141 donec
1324 2085 1440 2142 dies
1463 2095 1547 2141 est
1581 2101 1595 2137 :
1624 2084 1776 2141 venit
1798 2100 1928 2147 nox,

351 2178 573 2248 quando
622 2192 785 2231 nemo
843 2186 1026 2247 potest
1076 2178 1318 2246 operari.
1387 2176 1642 2243 Quaudiu
1696 2192 1816 2235 sum
1876 2176 1931 2232 iu

351 2270 584 2335 mundo,
610 2272 701 2324 lux
721 2284 844 2325 sum
883 2268 1095 2323 mundi.
1130 2269 1253 2323 llazc
1279 2284 1402 2322 cum
1433 2268 1682 2334 dixisset,
1714 2269 1933 2339 exspuit

354 2361 409 2416 in
447 2371 671 2425 terram,
711 2368 767 2412 ct
798 2356 925 2411 fecit
961 2358 1133 2413 lutum
1161 2372 1226 2411 ex
1256 2368 1443 2427 sputo,
1467 2365 1523 2412 et
1551 2358 1735 2412 linivit
1756 2357 1932 2412 lutum

351 2467 516 2521 super
540 2452 730 2505 oculos
763 2450 901 2518 ejus.
930 2458 987 2503 et
1012 2448 1148 2503 dixit
1179 2449 1230 2503 ei
1268 2466 1283 2503 :
1337 2448 1506 2512 Vade,
1540 2448 1661 2502 lava
1703 2448 1759 2502 in
1782 2458 1935 2503 nata-

353 2544 492 2598 toria
529 2542 673 2596 Siloe
702 2539 868 2611 (quod
895 2538 1284 2609 interpretatur
1318 2537 1557 2607 Missus.)
1602 2537 1752 2593 Abiit
1778 2553 1932 2607 ergo,

352 2645 413 2694 et
442 2634 594 2707 lavit,
625 2642 682 2691 et
717 2631 867 2686 venit
891 2631 1100 2689 videns.
1134 2631 1320 2699 Itaque
1355 2631 1544 2697 vicini,
1570 2640 1628 2685 et
1654 2631 1747 2700 qui
1779 2630 1928 2685 vide-

352 2737 477 2782 rant
514 2740 641 2781 cum
711 2724 869 2795 prius
920 2722 1047 2793 quia
1114 2720 1400 2776 mendicus
1438 2730 1578 2789 erat,
1632 2719 1934 2778 dicebant:

352 2820 545 2875 Nonne
575 2819 663 2875 hie
694 2827 798 2885 est,
824 2816 915 2885 qui
938 2816 1163 2870 sedebat
1191 2826 1247 2869 et
1273 2813 1624 2881 mendicabat
1650 2813 1673 2866 ?
1724 2812 1834 2868 Alii
1856 2814 1940 2868 dio

358 2912 577 2975 eebant,
610 2909 747 2975 Quia
782 2908 869 2961 hie
902 2916 1007 2961 est.
1033 2905 1137 2960 Alii
1170 2915 1354 2959 autem
1392 2922 1410 2959 ε
1441 2903 1814 2974 Nequaquam,
1838 2904 1935 2959 sed

355 3003 550 3057 similis
578 3012 662 3056 cst
690 3002 761 3055 ei.
796 2999 889 3055 Ille
920 3012 1051 3053 vero
1104 2997 1364 3053 dicebat:
1438 2998 1574 3064 Quia
1628 3012 1728 3067 ego
1788 3012 1934 3052 sum.

2032 1906 2177 1961 hunc
2199 1913 2382 1960 autem
2403 1906 2681 1961 nescimus
2702 1907 2847 1962 unde
2866 1908 2957 1961 sit.
2982 1906 3285 1975 Respondit
3304 1907 3395 1961 illc
3418 1908 3583 1972 homo,

2031 2003 2087 2048 et
2122 1994 2360 2049 dixiteis
2390 2009 2407 2050 :
2448 1995 2506 2049 In
2540 1994 2645 2051 hoc
2678 1996 2824 2050 enim
2877 1997 3124 2052 mirabile
3154 2006 3261 2064 est,
3333 1998 3453 2066 quia
3503 2012 3585 2052 vos

2032 2084 2261 2140 nescitis
2296 2085 2440 2140 unde
2472 2085 2562 2151 sit,
2594 2096 2648 2140 et
2675 2086 2894 2155 aperuit
2924 2101 3075 2141 meos
3117 2088 3329 2141 oculos.
3389 2087 3587 2141 Scimus

2034 2184 2215 2229 autem
2249 2176 2376 2244 quia
2403 2185 2719 2245 peccatores
2750 2177 2888 2233 Deus
2922 2192 3030 2231 non
3061 2178 3256 2233 audit:
3289 2178 3387 2233 sed
3412 2177 3455 2233 si
3476 2175 3587 2247 quis

2034 2264 2132 2322 Dei
2153 2266 2332 2320 cultor
2352 2274 2455 2330 est,
2473 2276 2522 2321 ct
2542 2266 2873 2322 voluntatem
2892 2266 3010 2338 ejus
3028 2266 3180 2332 facit,
3197 2268 3345 2323 hunc
3363 2268 3585 2323 exaudit.

2034 2357 2077 2417 Α
2104 2356 2303 2413 εωςιιιο
2322 2373 2428 2411 non
2458 2366 2541 2413 est
2574 2357 2845 2425 auditum,
2875 2358 3003 2428 quia
3027 2360 3150 2427 quis
3175 2362 3397 2429 aperuit
3420 2358 3589 2415 oculos

2036 2447 2165 2501 caci
2197 2448 2329 2502 nati.
2358 2447 2475 2503 Nisi
2510 2456 2655 2503 esset
2690 2447 2778 2509 hic
2808 2463 2838 2503 a
2863 2448 2994 2517 Deo,
3026 2464 3135 2505 non
3168 2460 3383 2519 poterat
3422 2450 3589 2505 facere

2035 2540 2352 2609 quidquam.
2387 2539 2826 2609 Responderunt,
2863 2549 2917 2596 et
2945 2541 3206 2595 dixerunt
3230 2541 3280 2594 ci
3317 2554 3333 2596 :
3394 2540 3450 2595 In
3474 2555 3591 2608 pec-

2036 2630 2173 2686 catis
2196 2640 2355 2684 natus
2380 2643 2440 2684 es
2471 2637 2640 2694 totus,
2671 2639 2726 2685 et
2754 2641 2811 2685 tu
2843 2632 3009 2687 doces
3038 2647 3138 2687 nos
3165 2631 3189 2683 ?
3237 2631 3304 2685 Et
3330 2631 3592 2701 ejeeerunt

2036 2736 2165 2776 eum
2192 2719 2365 2777 foras.
2395 2721 2620 2775 Audivit
2650 2721 2812 2777 Jesus
2833 2723 2957 2791 quia
2987 2723 3407 2792 ejecerunteum
3437 2721 3590 2783 foras,

2036 2823 2231 2867 etcum
2262 2812 2557 2867 invenisset
2583 2828 2734 2877 eum,
2755 2813 2892 2868 dixit
2913 2814 2963 2869 ei
2989 2827 3005 2869 :
3033 2813 3111 2869 Tu
3130 2815 3313 2869 credis
3334 2815 3388 2869 in
3414 2813 3596 2868 Filium

2041 2904 2130 2957 Dei
2163 2903 2187 2955 ?
2220 2902 2522 2972 Respondit
2552 2903 2659 2965 ille,
2679 2915 2735 2959 et
2760 2905 2897 2969 dixit
2928 2923 2943 2959 :
2984 2904 3117 2971 Quis
3142 2917 3247 2974 est,
3278 2906 3513 2969 Domine,
3540 2913 3594 2961 ut

2039 2998 2256 3053 credam
2291 2996 2536 3053 incum?
2568 2997 2637 3053 Et
2667 2996 2803 3055 dixit
2834 2999 2884 3052 ei
2910 2997 3067 3055 Jesus
3101 3013 3118 3052 :
3148 2998 3213 3054 Et
3241 2998 3422 3057 vidisti
3462 3012 3597 3062 eum,

356 3095 619 3150 Dicebant
650 3107 778 3162 ergo
810 3093 859 3144 υἱ
896 3105 910 3143 :
943 3090 1229 3156 Quomodo
1260 3090 1431 3159 aperti
1464 3099 1591 3143 sunt
1620 3089 1717 3144 tibi
1741 3089 1884 3143 oeuli
1915 3090 1938 3142 ἲ
1964 3127 2008 3186 c
2041 3102 2095 3145 et
2120 3090 2211 3160 qui
2243 3091 2485 3158 loquitur
2516 3098 2715 3153 tecum,
2737 3091 2852 3160 ipse
2886 3098 2991 3147 est.
3020 3092 3090 3146 At
3142 3091 3231 3146 ille
3254 3091 3331 3145 ait
3367 3106 3381 3143 :
3417 3089 3597 3151 Credo,

361 3186 669 3257 Respondit
704 3202 717 3237 :
750 3184 840 3238 Ille
871 3184 1055 3245 homo,
1084 3184 1175 3250 qui
1208 3183 1406 3247 dicitur
1433 3181 1612 3246 Jesus,
1637 3182 1811 3237 lutum
1857 3183 1935 3238 fe-

356 3284 433 3338 cit
462 3300 478 3335 :
517 3290 572 3337 et
602 3279 755 3332 unxit
782 3276 971 3333 oculos
1006 3290 1175 3340 meos,
1210 3275 1421 3329 etdixit
1459 3275 1593 3329 tnihi
1633 3292 1647 3328 :
1694 3274 1842 3329 Vade
1864 3275 1932 3330 ad

362 3371 630 3430 natatoria
665 3369 836 3433 Siloe,
873 3379 925 3422 et
963 3368 1102 3421 lava.
1129 3367 1195 3420 Et
1220 3366 1350 3428 abii,
1380 3366 1503 3430 lavi,
1531 3377 1588 3421 et
1614 3366 1772 3421 video
1794 3370 1835 3419 ⁸.
1869 3367 1937 3420 Et

359 3468 617 3521 dixerunt
646 3460 695 3515 ei
728 3477 743 3514 :
783 3460 888 3521 Ubi
916 3469 1001 3514 est
1033 3458 1169 3511 ilic?
1204 3458 1293 3511 Ait
1322 3456 1579 3512 :Nescio.
1645 3456 1939 3513 Adducunt

362 3576 491 3616 eum
518 3559 585 3614 ad
618 3555 946 3620 Pharismos,
996 3551 1089 3622 qui
1116 3566 1292 3606 cwcus
1346 3550 1545 3604 fuerat.
1586 3547 1715 3608 Erat
1756 3556 1937 3602 autem

362 3654 683 3715 Sabbatum,
711 3647 928 3718 quando
961 3645 1134 3707 lutum
1198 3643 1327 3698 fecit
1373 3643 1555 3708 Jesus,
1614 3651 1672 3697 et
1726 3641 1940 3710 aperuit

364 3742 558 3798 oculos
582 3741 723 3810 ejus.
750 3737 955 3792 lterum
985 3750 1114 3803 ergo
1150 3731 1560 3800 interrogabant
1590 3746 1716 3785 eum
1746 3730 1939 3793 Phari-

362 3835 454 3893 saei
486 3830 760 3902 quomodo
796 3828 1039 3882 vidisset.
1072 3826 1165 3881 l'de
1189 3834 1368 3881 autem
1411 3824 1547 3877 dixit
1574 3823 1656 3878 eis
1688 3838 1704 3879 :
1735 3822 1939 3877 Lutum

366 3927 497 3981 mihi
533 3925 715 3995 posuit
743 3937 909 3990 super
933 3919 1144 3985 oculos,
1167 3927 1222 3972 et
1247 3919 1375 3980 lavi,
1399 3926 1453 3971 et
1475 3917 1651 3971 video.
1677 3916 1941 3971 Dicebant

364 4032 496 4089 ergo
523 4032 590 4071 ex
652 4015 943 4071 Pharisaﬁs
971 4011 1195 4077 quidam
1241 4027 1257 4065 :
1327 4009 1445 4065 Non
1477 4020 1562 4065 est
1595 4009 1685 4063 hic
1720 4009 1883 4063 homo
1912 4022 1944 4063 a

367 4113 503 4170 Deo.
532 4108 659 4177 quia
710 4106 1008 4161 Sabbatum
1040 4119 1147 4158 non
1189 4102 1450 4158 custodit.
1491 4101 1598 4156 Alii
1629 4111 1811 4156 autem
1863 4101 1946 4154 di-

364 4207 559 4260 cebant
616 4213 633 4256 :
700 4198 988 4266 Quomodo
1044 4205 1221 4267 potest
1281 4196 1448 4251 homo
1518 4205 1771 4262 peccator
1833 4195 1948 4249 hare

368 4297 524 4364 signa
554 4291 779 4348 facere?
814 4290 877 4344 Et
924 4289 1161 4344 schistna
1213 4297 1331 4341 erat
1384 4292 1531 4341 inter
1568 4300 1686 4340 eos.
1749 4284 1947 4339 Dicunt

366 4402 500 4456 ergo
530 4400 673 4440 caeco
708 4385 904 4439 iterum
945 4398 961 4439 :
993 4379 1075 4434 Tu
1107 4380 1237 4450 quid
1264 4377 1403 4434 dicis
1442 4377 1510 4433 de
1544 4377 1657 4443 illo,
1691 4378 1783 4447 qui
1819 4392 1950 4446 ape-

2041 3184 2290 3239 Domine.
2319 3183 2381 3236 Et
2409 3183 2700 3252 procideus
2721 3183 2968 3239 adoravit
2991 3197 3138 3241 eum.
3157 3182 3385 3236 Et'dixit
3407 3182 3597 3237 Jesus:

2037 3276 2094 3330 In
2118 3276 2387 3345 judicium
2420 3290 2521 3345 ego
2546 3277 2601 3329 in
2630 3276 2774 3331 hunc
2798 3275 3061 3330 mundum
3083 3275 3208 3329 veni
3242 3289 3262 3330 :
3295 3286 3355 3329 ut
3379 3275 3471 3343 qui
3502 3288 3599 3327 non

2038 3369 2227 3423 vident
2263 3369 2484 3423 videant
2523 3409 2539 3435 ,
2573 3380 2629 3425 et
2655 3373 2749 3437 qui
2787 3368 2993 3433 vident,
3027 3367 3156 3423 caeci
3190 3368 3346 3421 ﬂant.
3400 3366 3464 3420 Et
3506 3380 3598 3420 au-

2040 3460 2266 3514 dierunt
2300 3459 2520 3529 quidam
2552 3475 2619 3516 cx
2653 3459 2963 3524 Pharisaeis,
2986 3459 3079 3528 qui
3112 3473 3239 3513 eum
3274 3458 3395 3527 ipso
3436 3464 3601 3521 erant,

2040 3552 2369 3606 etdixcrunt
2387 3552 2437 3607 ei
2467 3568 2483 3607 :
2513 3550 2788 3619 Numquid
2822 3560 2875 3609 et
2904 3565 3005 3606 nos
3051 3550 3181 3605 caeci
3211 3548 3447 3606 sumus?
3478 3547 3603 3601 Dixit

2041 3646 2119 3701 eis
2151 3645 2311 3700 Jesus
2340 3659 2355 3699 :
2383 3644 2439 3698 Si
2471 3644 2601 3698 caeci
2630 3644 2845 3709 essetis,
2869 3658 2979 3698 non
3010 3642 3293 3698 haberetis
3316 3650 3603 3712 peccatum;

2043 3752 2189 3791 nunc
2216 3752 2342 3790 vero
2372 3735 2555 3792 dicitis
2594 3752 2611 3790 :
2651 3734 2789 3803 Quia
2856 3735 3129 3791 videmus.
3187 3732 3482 3791 Peccatum
3524 3746 3605 3785 ve-

2045 3840 2221 3884 strum
2252 3838 2457 3885 manet.
3482 3882 3489 3889 ,

2113 3921 2275 3994 [ϐαρ.
2304 3921 2399 3993 X.J
2420 3923 2619 3987 Amen,
2645 3936 2828 3988 amen,
2847 3921 2972 3976 dico
2999 3920 3171 3988 vobis,
3195 3923 3290 3990 qui
3326 3936 3431 3974 non
3455 3920 3603 3973 intrat

2050 4031 2149 4085 per
2175 4015 2377 4071 ostium
2405 4015 2459 4069 in
2484 4013 2627 4079 ovile
2647 4014 2852 4076 ovium,
2880 4012 2974 4067 sed
2998 4011 3241 4067 ascendit
3265 4010 3506 4073 aliunde,
3526 4006 3606 4060 ille

2048 4108 2135 4161 t‘ur
2155 4117 2242 4165 est
2283 4116 2342 4162 et
2364 4107 2522 4162 latro.
2548 4105 2649 4175 Qui
2672 4115 2855 4161 autem
2875 4106 3043 4161 intrat
3064 4119 3162 4174 per
3182 4103 3409 4167 ostium,
3436 4108 3603 4168 pastor

2046 4210 2132 4255 est
2156 4199 2360 4254 ovium.
2398 4196 2535 4253 lluic
2557 4198 2820 4253 ostiarius
2846 4197 3020 4265 aperit
3046 4204 3102 4250 et
3119 4209 3255 4249 oves
3285 4206 3470 4247 vocem
3491 4190 3607 4240 'au-

2048 4292 2228 4355 diunt,
2256 4298 2311 4344 et
2339 4290 2581 4359 preprias
2630 4304 2761 4345 oves
2799 4298 2958 4342 vocat
2985 4285 3328 4348 nominatim,
3369 4291 3425 4336 et
3446 4280 3608 4334 educit

2048 4400 2162 4439 eas.
2199 4385 2265 4438 Et
2305 4399 2429 4439 cum
2480 4381 2730 4455 proprias
2772 4395 2905 4436 oves
2935 4380 3197 4441 emiserit,
3233 4387 3364 4431 ante
3394 4391 3486 4430 cas
3530 4386 3609 4422 va-

372 4479 483 4533 ruit
516 4478 705 4533 oculos
733 4485 856 4530 tuos
883 4474 906 4528 ?
933 4474 1027 4528 Ille
1052 4483 1231 4527 autem
1261 4472 1400 4528 άὶιίι
1445 4482 1482 4525 ζ’
1512 4470 1650 4536 Quia
1676 4469 1939 4539 propheta
1977 4474 2019 4528 ο
2048 4477 2128 4531 dit
2158 4489 2174 4530 ε
2210 4486 2267 4531 ει
2292 4489 2423 4530 oves
2454 4474 2605 4529 illum
2655 4482 2986 4541 sequuntur,
3038 4471 3166 4539 quia
3195 4472 3381 4524 sciunt
3438 4478 3605 4520 vocent

370 4581 476 4626 est.
495 4569 613 4625 Non
640 4567 992 4622 crediderunt
1019 4580 1149 4635 ergo
1173 4563 1344 4627 Judzx-i
1372 4563 1440 4618 de
1462 4564 1575 4628 illo,
1609 4566 1739 4632 quia
1765 4577 1942 4616 caecus

374 4663 583 4726 fuisset,
619 4670 675 4715 et
705 4660 947 4722 vidisset,
974 4656 1151 4710 donec
1183 4662 1521 4709 vocaverunt
1550 4662 1802 4722 parentes
1823 4653 1945 4720 ejus

372 4756 465 4824 qui
499 4753 710 4813 viderat
755 4761 847 4805 :ct
879 4750 1360 4816 interrogaverunt
1387 4761 1503 4807 eos,
1530 4744 1777 4798 dicentes
1805 4742 1943 4797 :-llie

372 4854 458 4898 est
493 4844 639 4897 tillus
658 4850 860 4903 vester,
880 4853 1045 4908 quem
1076 4852 1174 4891 vos
1205 4835 1390 4890 dicitis
1417 4834 1547 4904 quia
1577 4848 1754 4890 cacus
1786 4843 1948 4893 natus

373 4937 502 4991 est?
534 4934 818 5000 Quomodo
845 4946 976 5002 ergo
1005 4944 1153 4984 nunc
1187 4927 1380 4981 videt?
1407 4925 1831 4995 Responderunt
1868 4925 1950 4989 eis

374 5036 628 5098 parentes
645 5026 784 5096 ejus,
809 5034 863 5079 et
890 5024 1176 5079 dixerunt:
1200 5019 1416 5076 Scimus
1430 5021 1555 5089 quia
1583 5018 1672 5073 hic
1693 5027 1776 5073 est
1803 5017 1949 5073 illius

374 5131 579 5182 noster,
606 5127 663 5171 et
684 5118 810 5186 quia
838 5132 1013 5171 caecus
1060 5128 1220 5169 natm
1282 5122 1370 5169 cst
1407 5129 1422 5167 :
1467 5111 1743 5181 quomodo
1762 5120 1945 5164 autem

376 5229 525 5268 nunc
566 5211 767 5272 videat,
809 5211 1119 5263 nescimus:
1156 5219 1250 5261 aut
1283 5206 1407 5275 quis
1429 5206 1550 5274 ejus
1582 5204 1799 5273 aperuit
1822 5218 1953 5257 ocu-

377 5306 481 5371 los,
516 5320 614 5358 nos
643 5304 914 5358 nescimus
945 5315 958 5356 :
992 5302 1165 5368 ipsum
1195 5301 1528 5367 interrogate
1558 5314 1572 5352 :
1612 5307 1825 5351 aetatem
1853 5296 1948 5349 ba-

456 5484 547 5537 'lu
574 5486 790 5539 duobus
821 5502 849 5538 e
876 5483 1076 5536 nostris
1112 5497 1240 5534 mss.
1265 5522 1278 5540 .
1327 5481 1450 5551 quin
1478 5479 1613 5551 Divis
1640 5487 1829 5551 ηοδισιχ
1851 5488 1950 5537 est,

374 5555 437 5626 ιι
450 5567 537 5626 xta
550 5557 589 5608 4}
600 5572 734 5607 mea
755 5557 999 5622 quaedam
1018 5548 1373 5626 exenipluri‘a,
1395 5552 1476 5601 ὅτι
1499 5550 1629 5606 Θεὸς
1645 5549 1799 5626 ἡμῶν
1817 5548 1954 5597 ἐστι.

459 5624 680 5676 ‘Nustri
714 5619 841 5675 mss.
901 5623 1127 5690 propius
1176 5625 1240 5673 ad
1288 5621 1535 5690 Gl'ittfltitt
1575 5619 1955 5690 antu-typum,

462 5694 519 5759 τί,
550 5703 597 5744 et
627 5696 748 5744 riili.
788 5688 1035 5746 nardi-um
1062 5694 1251 5745 vi.etc.
1296 5690 1417 5759 Alii,
1452 5689 1852 5759 “fit‘l'lliilgt‘l‘gc'
1888 5688 1958 5747 ci,

545 5764 902 5830 ςνιψάμενος,
940 5762 1225 5830 cyaths-Idl.
1264 5758 1430 5814 Εἶπον
1459 5756 1549 5813 οὖν
1585 5756 1751 5827 3'5“?-

2057 4569 2197 4638 ejus.
2233 4567 2483 4621 Alienum
2517 4575 2700 4627 autem
2733 4580 2840 4625 non
2867 4574 3193 4634 sequuntur.
3243 4561 3350 4616 Sed
3412 4558 3610 4629 fugiunt

2060 4660 2128 4715 ab
2159 4675 2227 4715 eo
2260 4677 2273 4714 :
2314 4660 2441 4729 quia
2469 4674 2577 4713 non
2608 4666 2881 4712 noverunt
2908 4670 3094 4711 vocem
3121 4654 3449 4709 alienorum.
3512 4648 3610 4701 Hoc

2062 4753 2410 4822 proverbium
2444 4750 2580 4805 dixit
2606 4751 2655 4803 ei
2684 4749 2862 4803 .Iesus.
2896 4746 2978 4802 Illi
3004 4754 3187 4799 autem
3218 4761 3329 4797 non
3360 4754 3613 4813 cognove-

2062 4853 2191 4899 runt
2220 4842 2350 4910 quid
2376 4842 2693 4909 loqueretur
2713 4839 2813 4893 eis.
2838 4836 2982 4892 Dixit
3007 4851 3138 4905 ergo
3187 4837 3269 4890 eis
3300 4838 3491 4887 iterum
3535 4829 3613 4883 Je-

2063 4952 2156 4993 sus
2185 4950 2199 4990 :
2227 4938 2420 4997 Amen.
2450 4947 2632 4997 amen,
2651 4931 2774 4986 dico
2803 4927 3123 4996 vobis,quia
3156 4941 3258 4995 ego
3287 4940 3409 4978 sum
3430 4922 3612 4977 ostium

2064 5026 2496 5083 ovium.0mnes
2522 5030 2791 5095 quotquot
2849 5026 3147 5082 venerunt,
3194 5019 3346 5071 iures
3398 5024 3520 5068 sunt
3566 5019 3613 5062 ct

2064 5124 2323 5185 latrones,
2354 5128 2411 5172 et
2460 5133 2569 5177 non
2612 5111 2949 5171 audierunt‘
2998 5126 3093 5167 eos
3147 5125 3301 5165 oves.
3353 5106 3465 5177 Ego
3506 5116 3611 5156 sum

2065 5216 2288 5278 ostium.
2321 5213 2425 5268 Per
2456 5226 2541 5265 nte
2576 5211 2620 5264 si
2648 5209 2771 5280 quis
2793 5207 3087 5269 introierit,
3111 5205 3439 5259 snlvabitur:
3471 5207 3521 5249 et
3545 5198 3614 5243 iu-

2070 5308 2367 5378 gredietim,
2396 5316 2452 5360 et
2482 5304 2815 5375 egredietur,
2846 5309 2900 5355 et
2948 5314 3150 5370 pascua
3207 5294 3468 5349 inveniet.
3518 5284 3616 5339 Fur

2142 5467 2523 5531 ’Addnutejus
2556 5475 3016 5531 pronmncultuss.
3063 5455 3233 5511 nostri
3280 5468 3405 5506 cum
3443 5447 3613 5502 Gnaeo

2467 5504 2522 5516 ..υ
2594 5504 3016 5515 ...--,
3063 5504 3233 5511 --τμη
3290 5504 3305 5506 _

2068 5536 2361 5605 exetupiaii
2400 5504 2583 5600 φίυνὴξ
2613 5504 2881 5605 αὐτοῦηλ
3110 5597 3122 5605 _
3210 5596 3222 5605 _
3498 5580 3587 5605 ’με

2144 5610 2163 5638 ⁸
2200 5585 2619 5663 Ιιΐριθιιιιιᾟτςιῖἑο
2654 5601 2897 5668 pressius
2929 5598 3043 5649 ἀλλ’
3072 5597 3168 5649 οὐκ
3204 5596 3467 5662 ἤκουσαν,
3498 5585 3615 5653 legi.

2072 5692 2159 5736 tur
2222 5696 2273 5732 ιιι
2323 5675 2521 5730 nostris
2577 5688 2708 5727 mss.
2743 5710 2756 5737 ,
2786 5670 2873 5723 sed
2920 5685 3023 5724 non
3057 5668 3360 5721 audierunt.

2096 5876 2101 5879 e
2113 5830 2269 5881 [μὴ’ἓᾷ
2276 5858 2314 5881 ss
