3880 6168
328 260 441 326 ’105

1396 252 1902 315 EVANGELIUM
1943 253 2094 315 SEC.
2142 254 2521 317 JOANNEM.

3475 261 3580 327 706

330 387 442 427 non
468 371 638 435 venit,
661 370 764 427 nisi
800 382 858 428 ut
882 370 1120 436 foretur,
1144 375 1203 423 et
1229 377 1450 431 mactet,
1471 380 1523 424 et
1558 369 1771 437 perdat.
1804 366 1913 437 Ego
1943 372 1989 427 Α
2016 381 2115 435 ego
2150 368 2203 422 in
2235 368 2413 423 Patre.
2452 367 2624 439 [xcm,
2653 366 2735 437 4.]
2766 366 3092 432 Qumrebant
3127 383 3256 438 ergo
3314 384 3435 425 eum
3486 390 3585 443 ap-

327 463 476 522 veni.
495 472 553 517 ut
579 463 741 516 vitam
767 462 1022 526 habeam,
1042 472 1096 516 et
1119 461 1486 515 abundantius
1515 460 1771 514 habeant.
1794 458 1907 528 Ego

328 570 459 609 sum
493 564 680 623 pastor
703 554 903 608 bonus.
932 552 1115 608 Bonus
1141 562 1327 621 pastor
1355 553 1593 606 animam
1633 566 1789 605 suam
1815 550 1911 605 dat

327 662 434 715 pro
459 645 655 699 ovibus
690 646 825 700 suis.
855 645 1219 699 Mercennarius
1250 654 1455 709 autem,
1486 654 1540 699 et
1568 643 1661 713 qui
1688 656 1794 697 non
1826 651 1912 698 est

325 744 538 804 pastor,
569 735 728 804 cujus
759 751 865 788 non
892 746 1021 788 sunt
1047 750 1176 789 oves
1205 737 1465 806 proprize,
1523 736 1670 791 videt
1715 736 1906 806 lupum

324 825 743 887 venientem,et
763 825 995 879 dimittit
1019 841 1171 890 oves,
1196 837 1248 879 et
1266 826 1402 897 fugit
1432 841 1447 879 :
1472 834 1523 879 et
1558 827 1719 895 lupus
1744 829 1906 894 rapit,

324 928 381 971 et
444 918 709 986 dispergit
738 932 867 971 oves
900 933 914 983 ;
951 920 1328 973 mercenarius
1359 928 1541 974 autem
1598 919 1753 991 fugit,
1783 924 1909 990 quia

328 1009 714 1063 nerei-uarius
736 1018 839 1073 est,
867 1018 919 1062 et
948 1025 1053 1063 non
1093 1012 1331 1080 pertinet
1351 1012 1417 1067 ad
1442 1026 1566 1065 eum
1596 1015 1662 1066 de
1690 1014 1909 1067 ovibus.

325 1099 448 1170 Ego
481 1117 602 1154 sum
634 1114 819 1171 pastor
844 1103 1021 1157 bonus
1056 1118 1071 1157 :
1107 1114 1162 1159 et
1208 1114 1484 1174 cognosco
1506 1120 1673 1169 meas,
1709 1115 1763 1159 et
1821 1118 1916 1158 co-

322 1201 605 1258 gnoscunt
633 1207 718 1245 tlte
750 1209 899 1247 mem.
940 1194 1050 1265 [xc,
1072 1192 1153 1266 5.]
1187 1195 1347 1251 Sicut
1384 1197 1540 1263 norit
1592 1211 1677 1250 me
1729 1198 1911 1258 Pater.

318 1291 374 1335 et
410 1297 520 1351 ego
552 1298 822 1353 cognosco
850 1295 1059 1355 patrem
1090 1303 1104 1343 :
1140 1287 1265 1359 [κει.
1295 1288 1374 1360 4.]
1401 1291 1710 1343 etanimam
1742 1303 1915 1343 meam

321 1389 478 1443 pono
506 1392 605 1443 pro
629 1376 819 1431 ovibus
842 1378 998 1440 meis,
1027 1377 1184 1451 μου,
1232 1379 1323 1453 10]
1345 1381 1551 1436 ctalias
1575 1396 1703 1435 oves
1721 1381 1915 1446 habeo,

320 1483 453 1534 qua:
487 1483 596 1520 non
631 1477 761 1522 sunt
784 1483 851 1522 ex
880 1469 984 1523 hoc
1002 1472 1132 1525 ovili
1174 1486 1189 1524 :
1223 1480 1279 1526 et
1311 1472 1429 1527 illas
1462 1480 1680 1541 oportet
1710 1488 1795 1526 me
1825 1472 1919 1527 ad-

321 1560 563 1622 ducere,
585 1568 641 1612 et
667 1574 854 1615 vocem
878 1576 1053 1615 meam
1083 1563 1329 1627 audient,
1361 1573 1416 1618 et
1441 1566 1532 1619 liet
1552 1581 1719 1619 unum
1747 1565 1916 1628 mile,

320 1659 378 1703 et
408 1664 562 1703 unus
587 1660 791 1719 pastor.
826 1653 1119 1723 Propterea
1150 1669 1234 1708 me
1258 1655 1433 1725 diligit
1462 1656 1644 1722 Pater,
1664 1656 1791 1725 quia
1816 1671 1916 1725 ego

322 1755 480 1809 pono
506 1741 744 1796 animam
776 1758 975 1807 meam,
1005 1754 1064 1798 ut
1096 1745 1300 1799 iterum
1330 1761 1542 1800 sumam
1572 1762 1715 1801 eam.
1743 1748 1914 1802 Nemo

325 1834 476 1884 tollit
506 1849 625 1887 eam
660 1851 688 1888 a
720 1851 826 1899 me,
884 1836 977 1891 sed
1007 1852 1108 1907 ego
1139 1854 1283 1905 pono
1313 1853 1431 1892 eam
1490 1854 1518 1891 a
1553 1854 1637 1892 me
1686 1839 1824 1908 ipso.
1862 1851 1915 1893 et

323 1932 662 1989 potestatem
687 1923 861 1977 habeo
884 1926 1115 1993 ponendi
1137 1942 1278 1993 eani,
1319 1938 1371 1982 et
1393 1939 1714 1998 poteStatem
1740 1929 1915 1983 habeo

324 2017 536 2065 ite-rum
564 2016 811 2069 sumendi
836 2030 978 2071 eam.
1011 2016 1126 2071 lioe
1152 2019 1465 2072 mandatum
1500 2021 1681 2088 accepi
1704 2036 1730 2072 a
1756 2022 1915 2075 Patre

324 2120 482 2158 meo.
517 2105 791 2160 Dissensio
820 2108 1017 2161 iterum
1046 2108 1187 2163 facta
1219 2121 1301 2164 est
1335 2112 1473 2164 inter
1500 2111 1721 2165 Judaaos
1754 2128 1917 2182 prop-

325 2206 411 2247 ter
437 2212 726 2251 sermones
753 2197 874 2255 hos.
915 2198 1174 2255 Dicebant
1204 2212 1384 2255 autem
1420 2201 1574 2256 multi
1612 2218 1679 2256 ex
1728 2204 1860 2265 ipsis
1897 2219 1913 2259 :

324 2285 679 2341 llzetnonium
708 2288 891 2353 habet,
921 2299 977 2343 et
1006 2292 1204 2345 insanit
1234 2308 1250 2347 :
1318 2292 1448 2361 quid
1472 2308 1599 2347 eum
1652 2297 1859 2351 auditis
1893 2297 1916 2350 'i

322 2378 436 2431 Alii
478 2380 733 2433 dicebant
766 2398 781 2435 :
816 2379 940 2435 llzec
972 2383 1135 2436 verba
1172 2398 1279 2438 non
1303 2392 1433 2437 sunt
1462 2384 1788 2439 drcmonium
1823 2390 1917 2441 Ιιτιι-

324 2469 558 2523 bei:tis:
585 2472 846 2541 numquid
874 2473 1204 2529 dteniouium
1235 2484 1698 2544 potestcaeeorum
1727 2481 1915 2535 oculos

320 2563 601 2630 aperire?
625 2563 785 2619 Facta
809 2576 936 2620 sunt
951 2576 1131 2621 autem
1151 2569 1400 2623 Encaenia
1424 2570 1477 2624 in
1502 2568 1913 2643 Hierosolymis:

322 2665 377 2707 et
442 2656 623 2709 hiems
657 2668 797 2711 erat.
860 2659 927 2713 Et
956 2661 1279 2715 ambulabit
1306 2662 1468 2718 Jeses
1505 2664 1559 2718 iu
1597 2650 1817 2734 templo,
1860 2668 1912 2721 in

321 2748 557 2812 porticu
592 2747 919 2805 Salomonis.
951 2749 1442 2809 Circumdederunt
1499 2771 1629 2826 ergo
1663 2774 1787 2812 eum
1820 2760 1917 2815 Ju-

321 2838 463 2898 tlzei.
498 2848 555 2891 et
590 2839 843 2894 dicebant
874 2841 923 2896 ei
959 2856 973 2896 :
1046 2843 1343 2914 Quousque
1379 2850 1617 2901 animam
1671 2860 1914 2905 nostrain

322 2932 528 2985 tollis?
561 2934 604 2986 si
642 2944 696 2987 tu
720 2950 781 2988 es
808 2933 1086 3000 Christus,
1114 2938 1200 2991 die
1231 2938 1391 2993 uehis
1432 2940 1633 3008 palam.
1666 2942 1916 3011 Respon-o

321 3024 408 3078 dit
443 3025 532 3078 eis
555 3024 714 3079 Jesus
737 3041 755 3083 ;
779 3026 994 3097 Loquor
1016 3029 1188 3093 vobis,
1215 3040 1271 3085 et
1297 3046 1400 3083 non
1427 3031 1655 3086 creditis
1680 3049 1695 3085 :
1728 3049 1916 3101 opera,
1948 3054 1990 3112 ο

321 3133 460 3187 quae
493 3132 600 3187 ego
622 3119 761 3171 lat-io
792 3120 845 3173 iu
873 3122 1093 3176 nomine
1122 3121 1305 3177 Patris
1336 3123 1465 3186 mei,
1501 3124 1619 3178 haec
1668 3129 1916 3179 testimo-

320 3206 496 3259 nium
531 3206 824 3274 perhibent
847 3210 914 3264 de
950 3225 1035 3265 me
1065 3226 1083 3269 :
1123 3212 1215 3265 sed
1251 3227 1347 3266 vos
1368 3228 1475 3267 non
1507 3214 1769 3270 creditis'
1792 3218 1919 3286 quia

322 3312 445 3351 non
474 3297 615 3351 estis
647 3314 711 3351 ex
744 3301 937 3354 ovibus
970 3302 1123 3357 meis.
1158 3304 1301 3358 Oves
1329 3322 1461 3359 mea:
1511 3323 1700 3362 vocem
1737 3326 1914 3363 meam

320 3388 583 3443 audiunt
614 3404 628 3442 :
659 3400 714 3444 et
741 3407 837 3463 ego
870 3406 1141 3463 Cognosce
1168 3409 1282 3461 cas,
1342 3408 1397 3452 et
1421 3409 1729 3467 sequuntur
1782 3417 1868 3456 me
1903 3417 1918 3457 :

320 3492 382 3533 et
409 3495 527 3549 ego
556 3479 723 3535 vitam
752 3493 1015 3539 aeternam
1045 3486 1115 3540 do
1167 3488 1250 3543 eis
1281 3505 1298 3544 :
1335 3499 1518 3543 etnon
1574 3493 1829 3561 peribunt
1867 3495 1921 3548 iu

317 3584 639 3639 mternum,
668 3585 723 3628 et
754 3591 864 3629 non
894 3577 1071 3646 rapiet
1127 3593 1221 3634 eas
1284 3582 1573 3652 quisquam
1630 3584 1698 3639 de
1756 3600 1920 3639 manu

324 3682 489 3719 mea.
523 3664 684 3720 Pater
711 3684 866 3722 meus
889 3669 1033 3739 quod
1060 3670 1211 3725 dedit
1238 3674 1390 3739 mihi,
1425 3674 1615 3746 majus
1669 3678 1923 3733 omnibus

318 3764 414 3810 est
454 3770 475 3811 :
510 3766 565 3809 et
599 3771 759 3811 nemo
794 3770 975 3827 potest
1006 3776 1194 3830 rapere
1228 3764 1295 3817 de
1332 3778 1496 3819 manu
1555 3765 1733 3821 Patris
1793 3768 1919 3821 mei.

320 3850 447 3922 Ego
486 3860 546 3903 et
576 3849 733 3905 Pater
763 3868 930 3906 unum
957 3867 1170 3908 smnus.
1237 3852 1597 3911 Sustuleruut
1630 3868 1760 3927 ergo
1788 3860 1923 3929 lapi-

319 3953 429 3998 des
460 3942 666 4008 Judmi,
698 3953 757 3997 ut
787 3945 1091 4015 lapidarent
1117 3962 1268 4002 eum.
1293 3947 1595 4018 Respondit
1619 3952 1700 4006 eis
1720 3953 1921 4008 Jesus:

318 4036 509 4090 Multa
532 4035 677 4090 bona
703 4051 868 4106 opera
894 4038 1109 4094 osrcndi
1138 4038 1296 4095 vobis
1317 4056 1384 4094 ex
1408 4041 1568 4097 Patre
1589 4059 1732 4109 meo,
1757 4060 1920 4115 prop-

320 4142 415 4187 ter
450 4130 610 4199 quod
637 4144 826 4184 eorum
853 4145 989 4200 opus
1020 4146 1108 4186 me
1136 4133 1392 4202 lapidatis
1418 4135 1441 4187 i
1502 4134 1925 4205 Responderunt

316 4226 372 4277 ci
406 4222 600 4279 Judaei
633 4237 647 4277 :
679 4222 752 4277 De
778 4224 922 4278 bono
949 4240 1114 4293 opere
1151 4240 1259 4279 non
1290 4226 1594 4296 lapidamus
1618 4238 1691 4292 te,
1730 4229 1828 4282 sed
1855 4229 1923 4283 de

316 4315 687 4384 blasphemia
711 4330 726 4366 :
757 4324 813 4368 et
845 4315 973 4383 quia
999 4324 1051 4368 tu
1072 4315 1238 4370 homo
1260 4333 1382 4371 cum
1406 4316 1661 4382 sis,~faeis
1686 4317 1920 4387 teipsuin

320 4410 540 4463 Ιιςυιιι.
579 4406 880 4475 Respondit
914 4407 996 4461 eis
1026 4405 1186 4462 Jesus
1217 4425 1233 4462 :
1296 4408 1493 4464 Nonne
1538 4410 1803 4478 scriptum
1837 4420 1923 4465 est
1954 4388 1998 4441 D

314 4503 381 4555 in
423 4500 554 4569 lege
592 4507 766 4551 vestra
799 4511 816 4553 :
850 4501 977 4567 quia
1006 4498 1118 4568 Ego
1142 4499 1277 4564 dixi,
1333 4501 1410 4555 dii
1455 4507 1587 4556 estis
1619 4503 1640 4556 ?
1703 4502 1760 4557 Si
1803 4503 1926 4558 illos

313 4594 480 4647 dixit
518 4593 675 4654 deos,
710 4591 773 4644 ad
825 4606 964 4660 quos
996 4606 1176 4645 sermo
1209 4592 1302 4646 Dei
1362 4593 1539 4647 tactus
1570 4603 1673 4660 est,
1720 4605 1776 4648 et
1813 4609 1924 4649 non

316 4690 527 4753 potest
558 4680 695 4735 solvi
724 4682 1006 4749 Scriptura
1032 4699 1047 4734 :
1079 4697 1241 4751 quem
1260 4686 1423 4752 ‘patcr
1448 4684 1830 4751 sanetilicavit,
1871 4693 1927 4739 et

316 4777 496 4829 misit
524 4774 580 4826 in
621 4773 905 4841 mundum,
933 4789 1029 4828 vos
1092 4774 1312 4829 dicitis:
1370 4775 1505 4840 Quia
1536 4776 1882 4844 blasjihemas
1909 4816 1924 4841 ,

317 4869 471 4939 quia
532 4868 643 4919 dixi
684 4884 699 4921 ;
743 4866 917 4922 Filius
960 4868 1052 4923 Dei
1089 4868 1260 4922 sum?
1307 4868 1363 4921 Si
1421 4884 1530 4921 non
1581 4869 1721 4923 I‘aeio
1761 4883 1928 4937 opera

321 4962 529 5017 Patris
569 4960 700 5024 inci,
733 4961 903 5013 nolite
930 4960 1158 5014 credere
1193 4959 1348 5013 mihi.
1384 4959 1437 5011 Si
1480 4969 1663 5013 autem
1688 4960 1851 5027 facio,
1873 4969 1930 5013 et

316 5058 369 5109 si
415 5052 563 5106 mihi
622 5066 729 5104 non
789 5051 954 5105 vultis
1007 5052 1253 5116 credere,
1293 5051 1555 5119 operibus
1589 5052 1831 5117 credite,
1869 5061 1931 5106 ut

317 5147 717 5218 cognoscatis,
744 5154 799 5197 et
828 5144 1068 5199 credatis
1092 5143 1223 5213 quia
1257 5144 1421 5198 Pater
1480 5144 1536 5198 in
1591 5160 1678 5200 tne
1701 5157 1788 5201 est
1814 5187 1830 5213 ,
1872 5155 1929 5200 et

403 5350 425 5381 ¹
494 5345 728 5401 Additur
780 5344 833 5400 in
890 5360 998 5398 uno
1053 5354 1215 5414 atque
1246 5344 1417 5397 altero
1468 5358 1498 5397 e
1555 5343 1757 5397 nostris
1795 5359 1927 5400 mss.

319 5422 477 5476 mihi
518 5456 534 5480 ,
584 5418 728 5485 quod
812 5432 1109 5485 pronomen
1191 5431 1369 5484 neque
1454 5416 1507 5468 in
1557 5414 1776 5485 AGI‘SU'O
1843 5427 1931 5470 est

320 5503 508 5548 textu
541 5527 557 5552 ,
605 5483 820 5556 ineque
875 5486 931 5540 iu
995 5487 1367 5541 vetustissimo
1439 5483 1646 5539 Latino
1704 5485 1931 5554 Regina:

318 5582 554 5682 ""u'aa
589 5628 835 5682 codicum
889 5638 1200 5682 nostrorum
1253 5627 1601 5694 aliormnque
1649 5625 1927 5680 editorum

314 5706 540 5761 (idem,
572 5701 622 5753 iu
654 5701 851 5768 quibus
879 5708 1194 5763 constanter
1244 5708 1328 5754 est
1386 5701 1661 5777 baptismi:
1695 5737 1727 5768 ,,
1774 5698 1931 5768 juxta

2013 461 2353 527 prehendere
2387 470 2478 513 :et
2517 459 2688 512 exivit
2711 457 2778 513 de
2813 460 3063 514 manibus
3104 476 3315 515 eorum.
3354 462 3416 516 Et
3451 464 3588 519 abiit

2014 548 2213 603 iterum
2239 559 2390 604 trans
2412 550 2726 614 .lordanem,
2750 550 2801 602 in
2823 566 2946 603 eum
2970 552 3147 605 locum
3180 551 3269 605 ubi
3288 562 3403 606 erat
3423 553 3591 607 Joan-

2012 656 2111 697 nes
2134 643 2419 710 haptizans
2451 643 2472 672 ³
2516 643 2746 710 primum
2778 650 2873 697 :et
2894 645 3095 697 mansit
3117 644 3246 698 illic.
3285 642 3588 717 [xcrv,10.]

2016 733 2080 789 Et
2117 735 2273 790 multi
2309 746 2572 788 venerunt
2605 735 2670 787 ad
2699 751 2847 799 eum,
2874 745 2926 789 et
2953 736 3207 792 dicebant
3228 754 3242 793 :
3263 738 3397 803 Quia
3424 738 3591 792 Joan-

2016 843 2115 879 nes
2155 828 2379 894 quidem
2433 828 2648 895 signum
2688 827 2813 881 fecit
2869 831 3098 883 nullum.
3161 830 3353 884 Omnia
3404 840 3586 883 autem

2015 933 2359 986 qumrunquc
2401 919 2535 971 dixit
2587 920 2823 972 Jonnues
2849 922 2915 974 de
2972 921 3091 984 haec,
3131 938 3256 975 vera
3307 932 3483 977 erant.
3526 923 3592 976 Ει

2018 1009 2173 1061 multi
2205 1010 2557 1063 crediderunt
2587 1008 2637 1064 in
2670 1027 2817 1064 eum.

2090 1098 2247 1171 [ϐαρ.
2279 1100 2395 1170 XI.)
2422 1102 2553 1155 Erat
2582 1111 2761 1155 autem
2793 1102 3011 1170 quidam
3046 1103 3312 1172 languens
3343 1102 3589 1157 Lazarus

2021 1206 2050 1244 a
2092 1192 2372 1254 Bethania.
2405 1192 2472 1246 de
2515 1195 2741 1249 castello
2790 1195 2990 1259 Marini,
3028 1208 3085 1249 et
3115 1194 3339 1249 Marlhze
3383 1197 3591 1249 sororis

2017 1281 2156 1351 ejus.
2190 1283 2379 1353 (llaria
2422 1297 2605 1338 autem
2637 1296 2772 1351 erat,
2815 1302 2935 1355 qua:
2974 1287 3126 1340 unxit
3157 1287 3446 1340 Dominum
3493 1303 3596 1339 un-

2018 1384 2247 1443 guento,
2286 1384 2342 1427 et
2374 1379 2606 1429 extersit
2640 1377 2805 1446 pedes
2845 1379 2965 1444 ejus
3004 1377 3215 1446 eapillis
3246 1380 3361 1432 suis
3390 1395 3403 1431 :
3433 1378 3593 1445 cujus

2021 1462 2191 1517 frater
2227 1463 2468 1519 Lazarus
2493 1465 2921 1535 inflrmahalur.)
2970 1468 3238 1521 Miserum
3270 1484 3402 1537 ergo
3431 1483 3587 1521 soro-

2023 1568 2106 1608 res
2152 1555 2270 1624 ejus
2321 1556 2389 1609 ad
2437 1572 2564 1609 eum
2621 1557 2915 1612 dicentes:
2952 1537 3204 1624 Domine,
3253 1575 3379 1614 ecce
3424 1574 3587 1627 quem

2022 1660 2192 1707 amas,
2239 1643 2572 1699 intirniatur.
2610 1650 2848 1702 Audiens
2880 1658 3061 1702 autem
3096 1647 3252 1703 Jesns
3286 1648 3424 1703 dixit
3458 1652 3538 1703 eis
3572 1666 3590 1708 :

1950 1708 1990 1762 Β
2027 1734 2319 1790 lniirmitas
2348 1738 2463 1791 ha'e
2494 1753 2603 1791 non
2632 1750 2711 1793 est
2739 1739 2803 1791 ad
2831 1746 3083 1806 mortem,
3137 1739 3232 1793 sed
3280 1754 3377 1809 pro
3423 1740 3593 1809 gloria

2023 1826 2143 1891 Dei,
2176 1837 2236 1881 ut
2263 1829 2605 1897 gloriﬁeetur
2641 1829 2814 1885 Filius
2850 1832 2966 1899 Dei,
2996 1848 3095 1901 per
3128 1848 3272 1887 eam.
3321 1831 3596 1903 Diligebat

2024 1928 2207 1973 autem
2232 1919 2389 1975 Jesus
2421 1921 2710 1989 Martham,
2745 1935 2801 1978 et
2827 1939 3072 1978 sororem
3104 1927 3224 1995 ejus
3258 1924 3599 1985 Mariam,et

2021 2006 2307 2062 LaZarum.
2342 2010 2411 2066 Ut
2439 2026 2566 2082 ergo
2613 2012 2820 2067 audivit
2847 2015 2975 2083 quia
3029 2014 3426 2078 inlirmabatur,
3465 2024 3599 2068 tunc

2023 2100 2240 2168 quidem
2310 2104 2507 2158 mansit
2558 2105 2610 2158 in
2664 2106 2857 2160 eodem
2916 2108 3035 2160 loco
3093 2107 3312 2162 duobus
3372 2108 3589 2163 diebus.

2022 2190 2229 2245 Deinde
2260 2204 2380 2263 post
2429 2195 2543 2249 tunc
2572 2197 2709 2250 dixit
2743 2196 3031 2268 discipulis
3082 2201 3198 2254 suis
3229 2216 3245 2256 :
3285 2201 3482 2253 Eamus
3539 2202 3593 2254 in

2021 2280 2262 2338 Iudaeam
2305 2286 2522 2340 iterum.
2563 2288 2758 2343 Dicunt
2786 2291 2835 2344 ei
2870 2290 3124 2360 discipuli
3165 2309 3178 2346 :
3211 2288 3403 2355 Rabbi,
3442 2307 3593 2345 nunc

2023 2380 2340 2444 qurerebant
2373 2394 2423 2431 te
2452 2378 2621 2435 Judaei
2662 2380 2919 2449 lapidare,
2956 2398 3010 2437 et
3037 2384 3231 2438 iterum
3253 2384 3403 2438 radis
3431 2384 3601 2438 illuc?

2024 2464 2327 2534 Respondit
2384 2468 2544 2523 Jesus
2608 2486 2622 2522 :
2683 2468 2877 2524 Nonne
2935 2471 3228 2525 duodecim
3274 2480 3403 2525 sunt
3447 2472 3594 2523 hora:

2023 2555 2258 2611 dieiTSi
2310 2560 2436 2627 quis
2490 2560 2854 2615 ambulaverit
2905 2562 2959 2615 in
3012 2561 3122 2627 die,
3171 2576 3279 2615 nou
3337 2558 3593 2625 offendit,

2023 2648 2152 2715 quia
2189 2650 2362 2703 lucem
2399 2651 2560 2720 hujus
2591 2653 2780 2707 mundi
2830 2654 2979 2709 videt
3012 2669 3030 2708 :
3072 2654 3115 2708 si
3161 2665 3344 2709 autem
3399 2655 3598 2709 auibu-

2022 2741 2218 2795 laverit
2248 2742 2302 2795 in
2350 2751 2533 2808 nocte,
2563 2743 2815 2809 offendit,
2851 2747 2975 2815 quia
3018 2748 3106 2801 lux
3143 2762 3249 2801 non
3285 2758 3370 2802 est
3424 2747 3476 2801 in
3506 2764 3596 2804 eo.

2026 2831 2150 2888 llrec
2180 2835 2277 2899 ait,
2309 2844 2364 2889 et
2398 2846 2519 2905 post
2551 2839 2664 2891 haec
2714 2838 2852 2893 dixit
2904 2840 2984 2895 eis
3020 2855 3035 2896 :
3088 2839 3326 2896 Lazarus
3381 2843 3592 2895 amicus

2025 2934 2211 2978 noster
2237 2925 2441 2980 dormit
2486 2944 2500 2982 :
2555 2927 2650 2982 sed
2684 2929 2823 2983 vado
2882 2938 2943 2985 ut
2983 2946 3013 2984 a
3065 2946 3258 2985 somno
3307 2931 3541 2988 excitem
3570 2932 3592 2964 ³

2025 3030 2174 3070 eum.
2208 3016 2473 3071 Dixerunt
2502 3032 2633 3087 ergo
2682 3020 2940 3082 discipuli
2997 3020 3166 3091 ejus:
3230 3021 3481 3088 Domine,
3547 3021 3597 3079 si

2026 3108 2250 3172 dormit,
2282 3110 2464 3163 salvus
2500 3111 2626 3165 erit.
2676 3110 2897 3167 Dixerat
2924 3124 3106 3167 autem
3153 3114 3311 3170 Jesus
3338 3115 3406 3171 de
3438 3132 3590 3170 moro

2028 3209 2080 3253 Ie
2106 3200 2223 3269 ejus
2257 3215 2270 3251 :
2303 3200 2377 3253 illi
2409 3211 2588 3255 autem
2633 3214 2963 3271 putarerunt
3005 3207 3131 3275 quia
3167 3206 3235 3259 de
3266 3207 3599 3262 dormitione

2024 3290 2199 3343 Somni
2222 3291 2447 3344 diceret.
2473 3290 2627 3346 Tum:
2648 3309 2777 3363 ergo
2805 3294 2963 3348 Jestn
2992 3297 3128 3349 dixit
3149 3296 3228 3350 eis
3260 3298 3546 3352 manifeste
3577 3314 3598 3352 :

2025 3382 2264 3437 Lazarus
2313 3394 2564 3439 mortuus
2607 3398 2709 3450 est,
2744 3396 2797 3440 el.
2859 3390 3069 3456 gaudeo
3107 3401 3333 3459 propter
3388 3405 3504 3454 vos,
3537 3400 3600 3446 ut

2025 3479 2302 3530 credatis:
2354 3477 2615 3546 quoniam
2652 3493 2763 3532 non
2819 3493 2966 3533 eram
3024 3479 3119 3533 ibi.
3168 3478 3274 3535 Sed
3306 3498 3495 3537 eamus
3527 3485 3597 3537 ad

2024 3577 2169 3620 eum.
2208 3566 2350 3621 D.xit
2380 3583 2508 3638 ergo
2539 3568 2798 3635 Thomas,
2837 3572 2929 3640 qui
2962 3573 3162 3626 dicitur
3190 3574 3481 3645 Didymus,
3512 3577 3582 3631 ad

2025 3658 2436 3728 condiscipulos
2478 3674 2495 3715 :
2536 3660 2736 3715 Eamus
2770 3674 2826 3718 ct
2861 3678 2978 3726 nos,
3011 3674 3068 3716 ut
3116 3668 3419 3720 moriamur
3463 3684 3589 3723 cum

2027 3762 2116 3805 eo.
2153 3751 2313 3805 Venit
2364 3753 2547 3822 itaque
2594 3754 2756 3809 Jesus
2826 3763 2882 3810 et
2937 3757 3142 3812 itm-nit
3185 3774 3310 3813 eum
3363 3771 3605 3830 quatuor

2025 3844 2143 3898 dies
2174 3843 2285 3912 jam
2344 3845 2395 3897 in
2436 3856 2793 3900 monumento
2842 3847 3159 3903 habentem.
3219 3852 3372 3921 (Erat
3414 3864 3599 3906 autem

2027 3938 2288 3992 Bethania
2333 3937 2484 4008 juxta
2516 3938 2950 4010 Hierosolymam
3001 3943 3155 4011 quasi
3212 3944 3590 4013 quindecim.)

2026 4032 2180 4085 Multi
2231 4039 2412 4085 autem
2448 4047 2512 4086 ex
2557 4031 2757 4087 Judaeis
2807 4046 3071 4089 venerant
3121 4036 3187 4089 ad
3238 4037 3503 4091 Martham
3541 4050 3599 4093 et

2027 4122 2274 4187 Mariam,
2307 4134 2367 4177 ut
2396 4124 2812 4180 consolarentur
2842 4139 2936 4180 eas
2963 4128 3029 4181 de
3074 4128 3241 4182 fratre
3278 4146 3400 4184 suo.
3451 4130 3600 4184 Mar-

2029 4220 2122 4273 tha
2179 4234 2336 4288 ergo,
2387 4229 2444 4274 ut
2510 4218 2722 4274 audivit
2748 4221 2875 4290 quia
2922 4218 3082 4277 Jesus
3135 4225 3303 4290 venit,
3354 4228 3604 4279 occurrit

2029 4312 2104 4366 illi
2136 4327 2149 4363 :
2190 4311 2359 4367 Maria
2396 4323 2577 4367 autem
2615 4314 2760 4369 domi
2795 4314 3042 4370 sedebat.
3094 4315 3239 4369 Dixit
3286 4333 3412 4387 ergo
3446 4318 3587 4373 Mar-

2030 4406 2121 4461 tha
2149 4404 2215 4459 ad
2244 4405 2429 4461 Jesum
2471 4422 2486 4471 ;
2521 4407 2769 4473 Domine,
2799 4412 2843 4464 si
2868 4408 3067 4465 fuisses
3109 4411 3217 4476 hic,
3241 4413 3410 4465 frater
3442 4427 3604 4467 meus

2032 4514 2138 4552 non
2221 4498 2416 4554 fuisset
2482 4511 2786 4557 mortuus:
2844 4503 3022 4557 sedet
3079 4519 3225 4558 nunc
3284 4506 3422 4567 scio,
3471 4509 3603 4576 quia

2029 4606 2368 4661 quacunque
2454 4594 2771 4661 poposceris
2804 4609 2835 4647 a
2889 4593 3021 4659 Deo,
3078 4596 3227 4651 dabit
3290 4597 3387 4651 tibi
3439 4599 3602 4655 Deus.

2029 4684 2173 4739 Dicit
2204 4684 2284 4739 illi
2333 4683 2539 4740 Jesus:
2598 4685 2866 4758 Resurget
2920 4687 3090 4743 frater
3152 4702 3301 4746 tuus.
3363 4693 3501 4748 Dicit
3549 4694 3603 4748 ei

2032 4774 2245 4830 Martha
2281 4791 2295 4828 :
2332 4776 2456 4831 Scio
2516 4777 2644 4846 quia
2692 4788 2940 4850 resurget
2990 4780 3044 4834 in
3090 4794 3493 4839 resurrectione
3546 4785 3602 4839 in

2030 4868 2332 4922 novissimo
2364 4867 2474 4923 die.
2513 4868 2659 4923 Dixit
2697 4870 2745 4923 ei
2774 4869 2973 4925 Jesus:
3023 4871 3136 4942 Ego
3167 4891 3286 4928 sum
3327 4892 3603 4930 resurrec-

2033 4957 2109 5010 tio
2165 4966 2220 5010 et
2246 4958 2354 5010 vita
2398 4973 2413 5012 :
2456 4958 2547 5023 qui
2588 4959 2761 5012 credit
2791 4960 2978 5024 inme,
3028 4965 3195 5016 etiam
3245 4966 3290 5018 si
3356 4979 3604 5021 mortuus

2031 5046 2220 5113 fuerit,
2252 5048 2397 5102 vivet
2424 5048 2514 5102 let
2537 5050 2736 5114 cuiuis,
2768 5054 2858 5120 qui
2890 5051 3040 5118 vivit,
3078 5063 3132 5107 et
3187 5057 3360 5109 credit
3408 5056 3460 5109 in
3492 5073 3603 5121 ine,

2030 5156 2145 5195 non
2176 5141 2444 5197 morietur
2473 5142 2529 5197 in
2568 5155 2857 5198 mternum.
2912 5145 3106 5201 Credis
3160 5146 3302 5201 hoc?
3336 5148 3421 5200 Ait
3472 5148 3547 5200 illi
3580 5162 3599 5201 :

2034 5346 2282 5401 Graecum
2335 5353 2544 5400 textum
2588 5347 2616 5399 ὀ
2650 5346 2930 5417 βαπτίζων
2962 5388 2976 5409 ,
3010 5347 3079 5399 ita
3132 5354 3186 5399 et
3232 5361 3331 5399 nos
3362 5348 3611 5402 restitui-

2038 5430 2159 5470 ntus
2192 5455 2207 5479 ,
2238 5431 2363 5470 cum
2421 5425 2581 5472 antea
2633 5432 2801 5486 penes
2831 5418 3200 5471 Martiatucum
3248 5429 3398 5473 esset
3427 5420 3605 5489 bapti-

2068 5499 2206 5541 alus.

2034 5505 2063 5637 ᾖ
2111 5561 2132 5591 ³
2162 5559 2282 5613 Duo
2331 5572 2482 5612 mss.
2548 5559 2723 5611 nostri
2782 5559 3139 5611 “suscitant:
3194 5561 3407 5637 lentius
3453 5561 3613 5617 absu-

2037 5628 2152 5703 lute
2198 5630 2443 5682 sust-item
2471 5668 2486 5696 ,
2518 5637 2811 5703 .expuncta
2860 5644 2923 5681 ex
2979 5628 3363 5701 praepositione
3419 5650 3611 5689 secus-

2040 5700 2125 5754 dis
2163 5714 2309 5756 euris
2335 5737 2350 5753 .
