3880 6168
288 303 431 383 :07

1251 300 1784 392 ’8.111ΕΠΟΝΥΒ11
1836 301 2098 361 DlVlNA
2160 305 2678 370 BIBHOTUECA.

3462 321 3566 383 'i'tTB

327 427 552 495 hique,
591 425 840 490 Dor-nine,
870 441 965 493 ego
1001 423 1229 487 credidi,
1260 424 1386 492 quia
1416 434 1471 478 tu
1541 439 1600 477 es
1649 391 1900 477 Christus
1934 427 1974 480 A
2005 425 2248 491 pontifex
2290 428 2416 479 anui
2454 428 2620 493 illius,
2664 429 3032 498 pt'nphctavit,
3067 434 3210 500 quod
3247 433 3405 491 Jesus
3460 455 3567 491 ηιθ-

326 518 495 572 F.lius
538 517 627 570 Dei
659 517 784 581 vivi,
815 517 906 584 qui
945 517 995 568 in
1055 516 1198 568 hunc
1238 515 1497 568 mundum
1546 514 1764 567 venisti.
1830 513 1892 566 Et

324 626 448 662 cum
489 609 602 662 hrec
633 609 880 672 dixisset,
932 608 1086 670 abiit,
1131 617 1184 659 et
1216 606 1430 658 vocavit
1479 606 1701 659 Mariam
1739 621 1894 658 soro-

329 717 440 753 rem
488 716 636 752 suam
693 698 931 758 silentio,
992 698 1229 752 dicens:
1296 697 1552 766 Magister
1611 700 1780 756 a'cst,
1840 707 1894 750 et

328 799 480 843 vocat
532 800 600 842 te.
647 788 740 840 Illa
773 797 828 840 ut
863 787 1073 839 audivit
1103 789 1275 856 surgit
1333 791 1463 848 cito,
1516 798 1569 840 et
1625 789 1774 841 venit
1827 788 1892 840 ad

325 896 494 943 eum;
530 879 770 931 nondum
808 878 952 930 enim
1008 891 1233 930 venerat
1282 879 1440 931 .lesus
1484 880 1535 930 in
1587 879 1890 942 castellum,

327 973 420 1026 sed
464 980 580 1026 erat
634 970 812 1024 adhuc
868 971 920 1024 in
961 971 1055 1023 illo
1112 971 1254 1034 loco,
1314 972 1404 1023 ubi
1460 981 1782 1024 occurrerat
1842 971 1892 1024 ei

328 1065 553 1118 Martha.
588 1063 758 1118 Judasi
818 1079 967 1131 ergo,
1016 1063 1105 1131 qui
1164 1073 1322 1116 erant
1369 1078 1494 1116 cum
1526 1079 1588 1115 ea
1625 1063 1675 1115 iu
1709 1063 1893 1121 domo,

323 1169 379 1210 ot
405 1155 829 1210 consolabantur
858 1171 1000 1214 eam,
1036 1170 1157 1207 cum
1205 1155 1471 1207 vidissent
1519 1156 1740 1207 Mariam
1767 1155 1894 1222 quia

324 1252 432 1303 cito
464 1248 699 1302 surrexit
739 1256 792 1300 et
833 1247 987 1310 exiit,
1042 1248 1213 1300 secuti
1263 1251 1390 1299 sunt
1437 1261 1558 1299 eam
1591 1246 1839 1300 dicentes
1878 1261 1894 1298 :

325 1342 462 1406 Quia
495 1341 644 1394 vadit
693 1340 758 1393 ad
814 1352 1250 1399 monumentum.
1285 1340 1544 1406 utploret
1589 1339 1682 1393 ibi.
1730 1338 1894 1392 Maria

326 1451 477 1502 ergo,
520 1449 642 1487 cum
689 1433 926 1487 venisset
980 1434 1070 1484 tibi
1114 1443 1228 1484 erat
1263 1431 1444 1496 Jesus,
1499 1432 1690 1484 videns
1747 1447 1893 1494 eum,

325 1522 524 1574 Cecidit
553 1522 616 1572 ad
645 1523 811 1589 pedes
831 1522 965 1590 ejus,
993 1520 1193 1574 ctdicit
1218 1523 1262 1571 ei
1294 1533 1312 1572 :
1343 1521 1590 1581 Domine,
1621 1523 1664 1574 si
1702 1521 1897 1576 fuisses

327 1612 437 1674 hic,
473 1628 580 1663 non
620 1623 763 1664 esset
795 1622 1044 1663 mortuus
1121 1609 1291 1662 frater
1337 1627 1514 1664 meus.
1567 1609 1723 1664 Jesus
1743 1626 1894 1679 ergo,

325 1714 384 1756 ut
416 1703 550 1756 vidit
580 1718 697 1756 eam
758 1703 1082 1770 plorantem,
1116 1715 1170 1754 et
1217 1702 1434 1756 Iudaeos
1484 1705 1573 1770 qui
1635 1714 1896 1757 venerant

2003 515 2208 568 riturus
2239 527 2358 570 erat
2393 533 2489 584 pro
2515 528 2698 587 gente,
2727 531 2783 574 et
2814 537 2922 574 non
2978 532 3189 578 tantum
3243 541 3341 594 pro
3386 542 3563 597 gente,

1997 605 2092 658 sed
2137 615 2194 658 ut
2233 605 2373 660 filios
2422 609 2537 673 Dei,
2599 610 2692 678 qui
2727 622 2882 665 erant
2917 611 3174 680 dispersi.
3213 630 3567 685 congregaret

1996 696 2052 750 in
2085 713 2277 752 unum.
2313 697 2458 768 [xcv.
2489 701 2540 754 4.
2576 699 2682 770 ]Ab
2713 702 2803 755 illo
2854 719 2984 773 ergo
3034 705 3122 758 die
3167 709 3566 781 Cogitat-erunt,

2001 796 2060 840 ut
2093 787 2464 842 interﬁcerent
2502 805 2650 842 eum.
2681 793 2839 845 .lesus
2895 808 3028 864 ergo
3072 795 3181 861 jam
3237 813 3342 850 nou
3392 801 3566 866 palam

1999 879 2314 931 ambulabat
2355 880 2496 948 apud
2557 879 2796 945 Judzeos,
2855 886 2948 937 sed
3011 887 3147 939 abiit
3198 889 3248 940 in
3297 890 3569 957 regionem

1992 969 2146 1038 juxta
2181 971 2481 1037 desertum,
2515 974 2566 1024 in
2610 974 2886 1028 civitatem
2922 993 3040 1044 quae
3083 978 3284 1031 dicitur
3312 979 3566 1048 Ephrem,

1998 1071 2054 1114 et
2083 1061 2156 1114 ibi
2215 1065 2530 1116 morabatur
2587 1079 2708 1118 cum
2775 1066 3060 1135 discipulis
3118 1069 3567 1144 suis.'[xcv1,l.]

2000 1153 2312 1207 Proximum
2343 1166 2523 1210 autem
2554 1167 2676 1210 erat
2729 1157 2934 1212 Pascha
2971 1157 3276 1213 Judaeorum
3317 1175 3330 1213 :
3379 1163 3566 1232 lxcvu,

2002 1243 2114 1318 40.]
2151 1258 2206 1300 et
2253 1251 2619 1306 ascenderunt
2673 1253 2828 1305 multi
2877 1251 3306 1324 Hierosolymam
3379 1258 3444 1311 de
3488 1272 3569 1310 re-

2000 1344 2160 1411 gione
2193 1353 2318 1397 ante
2346 1345 2574 1411 Pascha,
2619 1359 2677 1400 ut
2706 1348 3115 1402 sanctificarent
3144 1349 3372 1417 seipsos.
3413 1350 3568 1416 Quae-

2002 1433 2195 1486 rebaut
2225 1450 2356 1504 ergo
2395 1435 2579 1492 Jesum
2616 1448 2706 1495 :et
2729 1440 3178 1509 colloquebantur
3205 1441 3268 1493 ad
3315 1443 3567 1508 invicem,

2001 1525 2053 1578 in
2088 1527 2286 1594 templo
2326 1538 2579 1585 stantes:
2616 1530 2754 1595 Quid
2804 1535 3025 1598 putatis,
3081 1533 3208 1601 quia
3258 1549 3365 1587 non
3427 1539 3566 1589 venit

2002 1618 2066 1668 ad
2103 1618 2242 1670 diem
2297 1620 2536 1673 festum?
2602 1621 2878 1675 Dederant
2940 1631 3122 1676 autem
3183 1623 3467 1692 pontifices
3517 1635 3568 1678 et

2004 1706 2260 1761 Pharisaei
2303 1711 2638 1777 mandatum,
2678 1725 2736 1766 ut
2765 1713 2808 1766 si
2844 1716 2966 1782 quis
3014 1716 3327 1783 cognoverit
3356 1715 3446 1768 ubi
3479 1716 3566 1783 sit,

324 1811 444 1849 cum
475 1811 560 1860 ea,
590 1796 884 1863 plorantes,
921 1795 1198 1848 infremuit
1229 1793 1360 1866 [.lls.
1402 1793 1648 1865 fremuit]
1678 1797 1897 1864 spiritu,
1935 1789 1973 1841 Β
1999 1804 2223 1870 iudicet,
2269 1814 2324 1857 ut
2361 1807 2772 1874 apprehendant
2823 1823 2974 1865 eum,

323 1889 650 1941 ct.turhavit
676 1891 938 1956 seipsum,
973 1899 1028 1941 et
1067 1887 1202 1940 dixit
1249 1907 1262 1942 :
1300 1887 1401 1942 Ubi
1436 1889 1697 1956 posuistis
1732 1891 1898 1944 eum?

325 1979 518 2034 Dicunt
546 1981 592 2034 ei
631 1996 644 2035 :
677 1981 922 2042 Domine,
983 1981 1124 2046 veni,
1161 1991 1213 2034 et
1259 1981 1404 2034 vide.
1459 1981 1521 2034 Et
1571 1982 1900 2051 lacrymatus

323 2069 611 2124 estlesus.
674 2070 936 2124 Dixerunt
989 2084 1117 2139 ergo
1159 2071 1331 2124 Judaei
1374 2089 1386 2123 :
1437 2072 1577 2126 Ecce
1627 2074 1900 2140 quomodo

322 2163 536 2212 amabat
581 2175 726 2214 cum.
786 2161 1012 2225 Quidam
1066 2172 1245 2214 autem
1295 2178 1360 2215 ex
1413 2163 1546 2228 ipsis
1595 2163 1897 2218 dim-runt:

325 2248 439 2300 Non
480 2260 689 2317 poterat
721 2252 827 2315 hie,
852 2251 941 2317 qui
972 2253 1185 2318 aperuit
1241 2253 1428 2304 oculos
1449 2257 1574 2306 (περὶ
1607 2253 1716 2304 nati
1756 2253 1796 2317 ί,
1826 2254 1901 2305 fa-

323 2355 447 2392 cere
476 2350 535 2393 ut
579 2341 668 2393 hic
701 2357 806 2393 non
862 2346 1222 2395 moreretur?
1275 2343 1436 2396 Jesus
1494 2359 1625 2410 ergo
1682 2360 1898 2397 rursum

321 2431 562 2484 fremens
595 2431 648 2482 in
674 2433 987 2500 semetipso,
1019 2432 1167 2485 venit
1194 2433 1258 2483 ad
1293 2439 1731 2485 monumentum.
1767 2431 1901 2484 Erat

325 2533 502 2575 autem
547 2523 801 2591 spelunca
835 2542 847 2576 :
879 2535 934 2576 et
979 2523 1112 2592 lapis
1144 2527 1524 2592 superpositus
1547 2537 1670 2577 erat
1712 2526 1784 2578 ei.
1813 2526 1900 2578 Ait

321 2613 477 2668 Jesus
506 2633 518 2668 :
550 2615 748 2669 Tollite
784 2617 1046 2685 lapidem.
1087 2618 1224 2671 Dicit
1251 2619 1299 2671 ei
1344 2619 1573 2681 Martha,
1603 2634 1760 2672 soror
1781 2621 1898 2685 ejus

324 2711 414 2778 qui
451 2718 701 2763 mortuus
736 2709 952 2762 fuerat:
977 2711 1224 2772 Domine,
1257 2711 1365 2779 jam
1399 2711 1546 2775 fetet,
1581 2712 1901 2780 quatriduo-

323 2819 426 2856 nus
452 2813 533 2856 est
571 2805 736 2857 enim.
767 2804 903 2858 Dicit
929 2805 976 2858 ei
1011 2804 1170 2860 .lesus
1203 2821 1218 2857 :
1249 2805 1440 2859 Nonne
1472 2807 1582 2859 dixi
1617 2807 1732 2867 tibi,
1760 2826 1896 2876 quo-

321 2897 464 2946 niam
496 2897 536 2948 si
579 2895 898 2958 credideris,
929 2896 1144 2950 videbis
1181 2897 1406 2966 gloriam
1442 2899 1532 2950 Dei
1565 2898 1587 2949 ?
1631 2900 1894 2954 Tulerunt

319 3001 449 3053 ergo
480 2987 712 3054 lapidem
751 3005 764 3040 :
793 2987 951 3041 Jesus
979 3000 1158 3042 autem
1193 2989 1420 3042 elevatis
1455 3005 1671 3043 sursum
1698 2993 1892 3056 oculis,

321 3079 500 3132 dixit:
542 3079 721 3143 Pater,
757 3081 957 3148 gratias
983 3096 1080 3150 ago
1119 3081 1213 3133 tibi
1257 3083 1513 3150 quoniam
1546 3084 1748 3137 audisti
1786 3100 1890 3138 me.

320 3168 430 3240 Ego
458 3173 476 3200 ³
509 3172 744 3223 sciebam
783 3174 909 3239 quia
948 3186 1164 3241 semper
1203 3189 1286 3226 me
1325 3174 1501 3235 audis,
1532 3175 1623 3226 sed
1673 3184 1896 3245 propter

319 3265 575 3332 populum
604 3263 694 3330 qui
736 3263 1070 3321 circumstat.
1097 3264 1237 3322 dixi.
1271 3274 1328 3317 ut
1380 3267 1602 3319 credant
1655 3269 1780 3336 quia
1837 3279 1893 3323 tu

320 3371 404 3407 me
437 3352 653 3406 misisti.
691 3353 812 3404 llam
841 3368 961 3404 cum
1001 3355 1248 3415 dixisset,
1302 3371 1491 3422 magna
1527 3373 1657 3410 voce
1698 3359 1896 3412 clama-

321 3444 400 3494 vit
432 3455 448 3496 :
484 3441 701 3503 Lazare,
766 3443 887 3492 veni
927 3442 1094 3495 foras.
1127 3443 1192 3494 Et
1221 3444 1400 3497 statim
1433 3449 1744 3516 prodiitqui
1778 3450 1893 3504 tue-

319 3543 404 3586 rat
459 3543 726 3599 mortuus,
771 3534 967 3603 ligatus
1001 3537 1167 3600 pedes
1235 3548 1287 3591 et
1328 3555 1518 3594 manus
1578 3542 1803 3605 institis,
1841 3553 1894 3598 et

317 3626 483 3678 facies
530 3625 674 3678 illius
708 3626 931 3679 sudario
976 3638 1092 3683 erat
1135 3629 1318 3698 ligata.
1377 3631 1517 3684 Dixit
1559 3633 1640 3687 eis
1691 3635 1890 3689 Jesus:

317 3718 519 3771 Solvite
547 3733 690 3781 eum,
734 3729 786 3771 et
817 3721 980 3773 sinite
1016 3720 1189 3774 abire.
1222 3722 1376 3776 Multi
1405 3740 1535 3793 ergo
1571 3741 1638 3779 ex
1665 3726 1891 3794 Judaeis,

316 3809 409 3875 qui
440 3817 702 3861 venerant
738 3809 803 3861 ad
844 3810 1062 3862 Mariam
1097 3822 1151 3864 et
1202 3812 1488 3879 Martham,
1541 3826 1597 3870 et
1648 3817 1895 3874 viderant

316 3916 436 3969 qua:
481 3901 608 3954 fecit
657 3901 812 3954 .lesns
853 3903 892 3964 ³.
950 3903 1307 3958 crediderunt
1355 3907 1408 3959 in
1461 3923 1606 3962 eum.
1659 3892 1890 3976 Quidam

317 4002 494 4044 autem
529 4008 593 4045 ex
639 3995 771 4062 ipsis
798 3994 1048 4048 abierunt
1081 3996 1146 4048 ad
1178 3995 1504 4064 Pharisaeos,
1537 4010 1592 4054 et
1633 4002 1892 4058 dixerunt

314 4087 395 4138 eis
443 4101 563 4154 quae
613 4085 742 4140 feeit
790 4087 971 4142 Jesus.
1032 4088 1383 4158 Collegerunt
1425 4108 1554 4162 ergo
1607 4097 1892 4164 pontifices

313 4186 370 4230 et
405 4176 662 4232 Pharismi
692 4180 1008 4243 concilium,
1040 4192 1096 4235 et
1134 4183 1426 4237 dicebant:
1465 4187 1601 4252 Quid
1635 4188 1887 4259 fat-imus,

314 4269 439 4338 quia
497 4270 581 4322 hic
621 4271 782 4324 homo
833 4273 998 4325 multa
1028 4273 1180 4342 signa
1237 4275 1412 4329 facit?
1456 4278 1510 4330 Si
1566 4280 1890 4337 dimittimus

311 4375 434 4413 eum
477 4361 575 4425 sic,
633 4377 822 4416 omnes
860 4363 1083 4418 credent
1133 4366 1184 4417 in
1215 4383 1382 4420 eunt:
1430 4379 1482 4422 ct
1514 4372 1732 4424 venient
1786 4371 1890 4426 Ro-

2074 1895 2230 1967 [ϐαρ.
2273 1897 2605 1968 Xll.JJesus
2659 1917 2787 1970 ergo
2853 1911 2980 1955 ante
3027 1917 3123 1957 sex
3177 1905 3294 1960 dies
3351 1903 3566 1958 Pascha:

2001 1989 2151 2042 venit
2211 1989 2560 2056 Bethaniam,
2619 1993 2710 2046 ubi
2770 1993 3015 2049 Lazarus
3064 1995 3240 2049 fuerat
3296 2006 3563 2059 mortuus,

2001 2095 2162 2147 quem
2196 2083 2481 2136 suscitavit
2518 2083 2697 2139 Jesus.
2727 2084 2941 2155 [xcvitt,
2994 2086 3072 2158 1.]
3107 2087 3376 2142 Fecerunt
3402 2090 3422 2119 ⁵
3468 2104 3558 2142 au-

2003 2181 2108 2224 tem
2138 2175 2186 2226 ei
2217 2190 2428 2229 coenam
2471 2173 2543 2230 ibi
2585 2196 2598 2232 ;
2624 2191 2678 2232 et
2704 2180 2912 2234 Martha
2942 2182 3304 2248 ministrabat,
3336 2183 3562 2238 Lazarus

2003 2278 2128 2316 vero
2163 2282 2304 2319 unus
2332 2280 2449 2320 erat
2488 2285 2552 2322 ev
2583 2270 3055 2328 discuinhentilms
3092 2290 3214 2327 cum
3271 2291 3354 2330 eo.
3399 2276 3558 2329 Maria

1997 2372 2129 2425 ergo
2167 2361 2375 2428 accepit
2401 2361 2591 2415 libram
2627 2367 2890 2433 unguenti
2928 2367 3079 2419 nardi
3109 2369 3285 2435 pistici
3317 2370 3559 2435 pretiosi,

2000 2457 2054 2501 et
2087 2451 2240 2501 unxit
2264 2451 2430 2518 pedes
2481 2451 2608 2505 Jesu
2631 2493 2646 2516 ,
2670 2464 2725 2507 et
2747 2458 2974 2510 extersit
3013 2459 3178 2526 pedes
3207 2461 3324 2527 ejus
3361 2462 3562 2528 capillis

2003 2559 2160 2596 suis:
2199 2553 2254 2596 et
2292 2548 2484 2598 domus
2523 2547 2743 2616 impleta
2795 2559 2876 2602 est
2933 2565 2998 2603 ex
3059 2551 3223 2605 odore
3284 2555 3558 2622 unguenti.

2003 2634 2144 2689 Dixit
2176 2653 2306 2705 ergo
2334 2653 2472 2690 unus
2499 2654 2563 2693 ex
2603 2641 2888 2710 discipulis
2921 2647 3060 2710 ejus,
3090 2645 3253 2697 Judas
3284 2645 3562 2698 lscaiiotes

1999 2727 2127 2798 lms.
2166 2729 2514 2802 Scariothis],
2544 2734 2636 2801 qui
2670 2743 2785 2786 erat
2817 2750 2939 2787 eum
3002 2737 3302 2789 traditurus
3335 2753 3348 2792 :
3389 2738 3561 2802 Quare

2003 2821 2602 2889 hoeunguentumnon
2655 2825 2825 2878 veniit
2889 2828 3148 2881 trecentis
3204 2828 3463 2892 denariis,
3512 2843 3564 2884 et

1999 2914 2185 2966 datum
2219 2925 2304 2968 est
2330 2917 2555 2983 egenis?
2586 2916 2731 2970 Dixit
2779 2928 2960 2973 autem
2996 2921 3120 2983 hoc,
3178 2936 3284 2974 non
3323 2923 3449 2990 quia
3498 2924 3562 2976 de

1999 3007 2186 3074 egenis
2219 3008 2618 3074 pertinebatad
2650 3026 2796 3076 eum,
2833 3011 2928 3067 sed
2994 3015 3122 3082 quia
3180 3015 3267 3066 fur
3322 3023 3458 3076 erat,
3509 3023 3561 3068 et

2001 3097 2208 3151 loculus
2259 3098 2488 3165 habens,
2525 3115 2588 3154 ea
2636 3118 2754 3172 qua:
2813 3103 3191 3170 mittebantur,
3252 3107 3560 3176 portabat‘.

2007 3187 2148 3240 Dixit
2179 3205 2308 3257 ergo
2334 3190 2495 3245 Jesus
2528 3209 2541 3245 :
2581 3191 2755 3248 Sinite
2808 3198 2976 3260 illam,
3031 3208 3091 3251 ut
3124 3199 3177 3252 in
3215 3199 3358 3254 diem
3389 3200 3565 3268 sepul-

2005 3291 2136 3334 tune
2203 3299 2335 3337 mea:
2368 3293 2553 3339 servet
2615 3287 2768 3342 illud.
2829 3290 3103 3358 Pauperes
3143 3293 3287 3345 enim
3349 3305 3562 3362 semp‘r

2002 3371 2214 3426 habetis
2247 3378 2543 3444 vobiscum,
2581 3395 2666 3432 me
2691 3393 2867 3434 autem
2904 3399 3014 3436 non
3064 3398 3281 3452 semper
3330 3385 3560 3440 habetis.

2003 3464 2168 3536 [sem
2205 3467 2610 3540 10.]Cognovit
2656 3488 2788 3541 ergo
2825 3475 2980 3529 turba
3028 3477 3195 3530 multa
3248 3493 3315 3532 ex
3363 3479 3562 3534 Iudicis

1999 3559 2124 3626 quia
2156 3559 2264 3613 illic
2308 3572 2438 3614 est:
2486 3575 2542 3617 et
2598 3577 2884 3631 venerunt,
2937 3583 3042 3622 non
3100 3581 3323 3638 prepter
3378 3572 3558 3627 Jesuiu

2001 3659 2235 3713 tantum,
2271 3654 2366 3706 sed
2399 3663 2454 3706 ut
2483 3654 2748 3711 Lazarum
2777 3659 3046 3723 viderent,
3076 3677 3237 3728 quem
3280 3665 3562 3720 suscitavit

1997 3760 2026 3799 a
2065 3747 2317 3800 mortuis.
2385 3747 2779 3815 Cogitaverunt
2832 3761 3012 3806 autem
3069 3756 3344 3824 principes
3381 3773 3557 3813 sacer-

1998 3836 2206 3900 dotum,
2245 3848 2304 3890 ut
2356 3847 2412 3892 et
2447 3839 2710 3895 Lazarum
2771 3843 3182 3900 interficerent:
3225 3850 3351 3918 quia
3409 3851 3561 3907 multi

1996 3942 2218 3998 pr0pter
2251 3931 2400 3985 illum
2437 3933 2747 3989 abibautex
2797 3937 3020 4002 JtldtBiS,
3055 3949 3109 3993 et
3161 3945 3455 3999 credebant
3506 3945 3559 3998 in

1995 4018 2204 4076 Jesum.
2257 4021 2332 4092 {c,
2375 4023 2449 4096 l.]
2491 4026 2870 4082 lnerastinum
2903 4041 3103 4098 autem,
3168 4036 3320 4090 turba
3371 4040 3562 4104 multa,

1997 4130 2116 4183 quae
2148 4130 2370 4170 venerat
2399 4121 2464 4170 ad
2497 4120 2637 4173 diem
2676 4123 2896 4187 festum,
2939 4141 3058 4178 cum
3110 4130 3387 4184 audissent
3437 4136 3562 4201 quia

1997 4206 2148 4257 venit
2185 4203 2342 4260 Jesus
2374 4206 2826 4279 Hierosolymam,
2862 4221 3190 4281 acceperunt
3235 4231 3417 4269 ramos
3451 4218 3564 4285 pal-

1999 4313 2232 4361 marum,
2264 4311 2317 4354 et
2356 4314 2742 4369 processerunt
2773 4307 2989 4358 obviam
3018 4310 3090 4373 ei,
3132 4319 3186 4363 et
3207 4311 3514 4364 clamabant
3544 4325 3557 4363 :

1998 4390 2250 4445 Hosanna
2282 4434 2296 4456 ,
2327 4394 2671 4456 benedictus,
2703 4399 2795 4464 qui
2825 4400 2972 4450 venit
2999 4401 3050 4452 in
3075 4402 3292 4455 nomine
3324 4404 3563 4465 Domini,

313 4450 477 4514 inani,
512 4462 566 4503 et
605 4453 793 4505 tollent
839 4464 1085 4509 nostrum
1119 4457 1301 4511 locum
1363 4470 1415 4513 et
1444 4473 1682 4530 gentem.
1736 4465 1886 4520 Unus

2001 4499 2082 4534 rex
2115 4483 2301 4538 Israel.
2336 4485 2434 4554 let,
2476 4484 2559 4557 7.]
2594 4484 2656 4538 Et
2690 4489 2898 4541 invenit
2927 4491 3081 4544 .lesus
3113 4494 3358 4556 asellum,
3394 4507 3447 4549 et
3481 4512 3568 4549 sc-

309 4556 489 4596 eutem
530 4560 594 4596 ex
628 4547 759 4613 ipsis
790 4545 1025 4614 Caiphae
1070 4555 1312 4615 nomine,
1367 4568 1488 4604 cum
1545 4565 1694 4609 esset
1747 4571 1882 4623 pon-

312 4639 439 4691 tifex
470 4641 594 4690 anni
626 4639 788 4702 illius,
816 4640 950 4693 dixit
980 4643 1060 4694 eis
1101 4662 1112 4696 :
1163 4643 1269 4695 Vos
1302 4647 1522 4698 nescitis
1552 4629 1872 4716 quidquam,

310 4744 410 4781 nec
440 4731 689 4795 cogitatis
722 4733 848 4798 quia
880 4735 1099 4798 expedit
1133 4737 1286 4787 vobis
1314 4738 1357 4797 ⁵,
1394 4748 1448 4789 ut
1480 4755 1624 4790 unus
1673 4742 1878 4793 moria-

310 4830 394 4873 tur
429 4824 588 4874 homo
639 4837 738 4890 pro
775 4828 994 4891 populo,
1033 4835 1230 4878 etnon
1293 4836 1404 4879 tota
1461 4845 1593 4896 gens
1652 4843 1868 4904 pereat.

308 4913 423 4967 lloe
451 4922 631 4967 autem
669 4929 698 4967 a
751 4915 1042 4983 semetipso
1079 4934 1183 4969 non
1213 4918 1384 4971 dixit:
1416 4921 1508 4974 sed
1546 4937 1670 4977 eum
1733 4936 1882 4982 esset

382 5118 397 5148 ¹
428 5116 562 5170 Illud
602 5119 755 5181 nati,
794 5133 970 5186 neque
1035 5120 1087 5170 iu
1145 5120 1348 5175 nostris
1415 5123 1648 5182 habetur
1722 5147 1856 5189 mss.

308 5205 483 5268 neque
521 5188 574 5240 in
637 5191 913 5256 plerisque
969 5189 1212 5243 tuelioris
1261 5205 1402 5247 nota:
1455 5188 1864 5268 exemplaribus

307 5259 512 5311 Ul‘d‘tﬁls
540 5297 556 5312 .

377 5331 395 5358 ²
428 5329 757 5399 Adverbium
807 5339 982 5380 autem
1019 5331 1259 5395 plerique
1307 5351 1496 5390 ouines
1525 5357 1647 5396 cum
1694 5343 1874 5399 Latini

308 5409 418 5450 tum
455 5398 626 5452 Graeci
678 5414 808 5450 mss.
847 5400 1095 5457 addunt.

376 5469 631 5552 3Nomen
679 5469 833 5522 Jesus
889 5486 918 5522 a
973 5472 1177 5525 nostris
1233 5482 1619 5552 nonuullisque
1673 5485 1877 5542 Graecis

305 5554 432 5592 mss.
470 5542 642 5594 abest.

374 5610 393 5637 ‘
431 5608 610 5670 Νοὺιε,
643 5616 786 5682 quod
819 5624 873 5667 et
930 5612 1185 5682 pleraque
1217 5615 1384 5674 Graec:
1427 5633 1607 5677 textus
1668 5626 1874 5681 habent

302 5683 654 5745 exemplari".
698 5685 864 5737 nostri
921 5701 1138 5753 quoguc
1173 5692 1286 5754 pari
1341 5707 1611 5748 consensu
1677 5701 1870 5767 praefe-

304 5758 430 5799 t'uttt
469 5763 596 5799 mss.

1997 4573 2075 4625 dit
2115 4589 2278 4638 super
2305 4590 2453 4637 eum,
2487 4581 2629 4630 sicut
2686 4579 2948 4647 scriptum
3004 4590 3086 4634 est
3119 4596 3132 4635 :
3169 4583 3284 4637 Noli
3323 4587 3515 4641 timere
3546 4632 3561 4653 ,

1999 4661 2104 4714 tilia
2147 4662 2274 4716 Sion
2342 4677 2355 4717 :
2406 4680 2533 4718 ecce
2571 4682 2665 4720 rex
2699 4677 2824 4721 tuus
2859 4671 3003 4723 venit
3032 4673 3226 4728 sedens
3255 4692 3420 4745 super
3447 4681 3568 4747 pul-

1997 4754 2107 4807 lum
2163 4757 2350 4810 asinae.
2383 4757 2519 4828 [οη.
2566 4759 2678 4831 1().]
2730 4763 2855 4815 flrec
2898 4779 3002 4817 non
3064 4781 3436 4835 cognoverunt
3485 4774 3568 4826 di-

1995 4849 2190 4915 scipuli
2222 4850 2340 4918 ejus
2379 4852 2612 4918 primum
2647 4869 2662 4909 :
2718 4856 2809 4908 sed
2853 4859 3070 4925 quando
3119 4860 3451 4927 gluriﬁeatus
3482 4879 3567 4919 est

1990 4939 2173 5006 Jesus,
2215 4953 2343 4996 tunc
2379 4949 2650 5001 recordati
2689 4961 2834 5014 sunt,
2877 4953 3001 5021 quia
3032 4954 3144 5008 haec
3176 4970 3331 5010 erant
3362 4961 3564 5029 scripta

2060 5137 2422 5208 'Capitulum
2483 5145 2625 5198 istud
2698 5146 2922 5200 Joannis
2987 5165 3317 5214 xcvm,non
3380 5155 3558 5210 solum

1989 5207 2054 5260 ad
2094 5207 2354 5288 canenem
2387 5215 2406 5264 l
2448 5220 2813 5288 revocandum
2845 5228 2946 5280 est,
2982 5221 3032 5270 in
3067 5207 3177 5288 quo
3213 5238 3334 5274 eum
3368 5207 3562 5280 Matth.

1987 5281 2443 5354 cccxxvqblarc.
2473 5301 2649 5350 cum,
2711 5287 2844 5342 Luc.
2885 5281 3426 5354 Lxxtv','cotisetitit:
3465 5299 3563 5349 sed

1989 5352 2150 5428 etiam
2194 5351 2259 5404 ad
2311 5369 2578 5428 canouem
2603 5357 2655 5419 4,
2694 5359 2748 5428 in
2780 5376 2886 5426 quo
2911 5351 3252 5413 cum—uelatur.
3286 5377 3562 5428 ccuxvti,

1989 5417 2306 5486 Marecux,
2355 5417 2651 5500 congruita
2687 5417 2941 5500 Nos'ha-c
2976 5431 3264 5483 adnotasse
3293 5417 3562 5500 contenti;

1987 5508 2107 5560 qu:e
2139 5496 2211 5570 iu‘
2232 5498 2616 5564 manuscriptis
2641 5499 2928 5560 habentur,
2963 5507 3119 5568 plena
3153 5503 3254 5554 fide
3281 5496 3565 5570 eitpressé

1990 5578 2130 5615 mus.
2196 5564 2368 5616 MART.

2059 5634 2078 5662 ⁵
2112 5634 2225 5711 Duo
2253 5649 2281 5685 e
2310 5637 2530 5711 nostris
2568 5653 2696 5691 mss.
2753 5654 2872 5693 eum
2912 5644 3291 5711 przepositione
3353 5644 3561 5698 habent

1988 5702 2318 5786 crportubat.
2355 5704 2489 5757 'l‘um
2515 5709 2662 5786 juxta
2696 5702 2940 5765 tirtecum
2973 5702 3323 5784 archetypum
3354 5716 3556 5772 minori

1987 5791 2239 5842 nurnero,
2269 5793 2399 5841 sine,
2443 5791 2543 5845 pro
2575 5796 2749 5836 smne.
