3880 6168
271 239 370 301 709

265 359 328 412 de
376 371 464 418 eo,
499 365 550 412 ct
608 358 718 412 ha'c
780 357 1026 413 fecerunt
1084 360 1156 414 ei.

264 448 586 517 perhibebat
655 449 832 514 turba,
917 467 1038 518 quae
1101 462 1220 506 erat
1279 470 1402 507 cum
1467 471 1551 518 eo,
1619 457 1838 523 qtiando

260 537 523 592 Lazarum
592 539 809 594 vocavit
891 541 957 594 de
1010 541 1490 609 'nzontnnento,et
1556 546 1840 599 suscitavit

259 643 378 680 cum
412 645 440 679 a
466 631 717 682 mortuis.
749 630 1039 698 Propterea
1059 641 1113 686 et
1136 633 1350 686 obviam
1380 637 1529 688 venit
1552 637 1599 688 ei
1634 637 1788 690 turba
1823 653 1836 692 :

261 719 378 786 qttia
417 719 708 772 audierunt
745 735 866 771 eum
907 721 1100 774 fecisse
1133 721 1234 773 hoc
1286 721 1520 789 signum.
1585 722 1836 776 Pharisaei

259 826 382 878 ergo
421 809 679 861 dixerunt
711 812 774 861 ad
831 813 1200 877 St‘lllclipSOS:
1261 811 1467 866 Videtis
1521 813 1646 880 quia
1704 813 1835 865 nihil

262 900 626 967 prolicimns?
679 919 803 953 ecce
854 904 1088 955 mundus
1137 912 1281 956 totus
1323 915 1442 971 post
1483 919 1606 957 eum
1666 906 1834 957 abiit.

261 993 427 1045 Erant
459 1007 641 1044 antem
685 993 907 1061 quidam
964 996 1216 1061 gentiles,
1271 1011 1334 1047 ex
1387 996 1471 1048 his
1504 999 1592 1064 qui
1651 1013 1838 1051 ascirn-

261 1086 470 1147 derant,
513 1094 570 1137 ιιι
610 1087 898 1137 adorarent
932 1085 985 1137 in
1037 1085 1124 1140 die
1157 1087 1313 1140 festo.
1373 1087 1435 1140 Hi
1474 1103 1602 1156 ergo
1657 1103 1841 1142 acces-

259 1187 444 1228 Sct'ttltl.
473 1179 540 1228 ad
571 1177 878 1245 Pliiiippum
928 1179 1018 1246 qui
1051 1190 1168 1232 erat
1197 1194 1225 1232 a
1257 1178 1546 1234 Bethsaida
1585 1180 1837 1246 Galilzca',

258 1279 307 1320 et
365 1269 638 1336 rogabant
686 1286 810 1322 cum
848 1310 861 1332 ,
919 1272 1208 1325 dicentes:
1270 1272 1500 1326 Domine
1539 1313 1552 1335 ,
1591 1273 1839 1325 voluinns

257 1360 437 1413 .lrsntn
475 1359 684 1414 videre.
727 1361 884 1413 Venit
933 1362 1236 1430 Philippus,
1283 1374 1336 1416 et
1377 1364 1506 1416 dicit
1539 1364 1768 1416 Androm
1805 1378 1817 1416 :

259 1455 505 1507 Andreas
533 1471 745 1508 rursum
771 1466 820 1508 et
852 1456 1129 1524 Philippus
1159 1456 1416 1511 dixerunt
1441 1457 1735 1528 .lcsu.[cnt,
1759 1457 1838 1527 6.]

261 1545 414 1600 Jesus
449 1557 634 1598 autem
667 1547 949 1615 respondit
977 1549 1080 1611 eis,
1132 1548 1318 1601 dicens
1362 1565 1376 1604 ;
1440 1550 1598 1603 Venit
1658 1549 1792 1602 liora
1824 1588 1840 1613 ,

267 1648 319 1690 ut
369 1637 711 1691 clai'ilicetur
746 1640 756 1668 '
791 1638 958 1692 Filius
998 1639 1236 1692 hominis
1283 1638 1388 1708 [etv
1419 1680 1433 1703 ,
1461 1638 1590 1708 101.
1622 1639 1792 1692 Amen
1825 1679 1838 1702 ,

1303 243 1438 304 EVA
1453 247 1811 308 NGELIUM
1852 245 2005 308 SEC.
2049 247 2432 312 J0.—\NNE.\T.

1243 360 1637 416 Testimonium
1701 379 1830 432 ergo
1864 369 1899 420 Α
1933 364 2277 432 principibus
2318 366 2470 419 multi
2504 368 2856 421 credidi-runt
2886 369 2936 421 in
2968 385 3088 422 cum

3399 254 3515 324 710

3125 387 3138 422 :
3175 372 3266 424 sed
3295 387 3518 442 propter
3595 389 3599 393 '

1943 455 2249 510 Pharisaros
2300 473 2404 509 non
2437 461 2834 512 (utilitelantnr
2860 503 2872 522 ,
2904 473 2962 515 ιιι
2997 478 3026 515 e
3086 477 3356 532 synagoga
3411 483 3515 519 non

1941 549 2293 616 ejicerentur.
2360 551 2672 605 Dilexerunt
2728 553 2869 604 cnim
2929 555 3152 620 gloriam
3235 557 3516 611 hominum

1942 643 2110 708 magis
2140 658 2301 709 quam
2339 643 2558 710 gloriam
2614 645 2728 697 Dei.
2788 643 2897 715 [Ωιι
2931 687 2942 706 ,
2984 645 3060 714 1.]
3112 645 3272 699 .lesus
3339 659 3518 701 autem

1941 730 2214 789 clamavit,
2255 740 2308 783 et
2349 731 2487 783 dixit
2517 748 2530 784 :
2559 732 2656 796 Qui
2698 735 2871 785 credit
2913 734 2962 784 in
3025 751 3130 797 me,
3185 752 3291 787 non
3344 736 3522 789 credit

1945 821 1994 872 in
2033 836 2134 882 mc,
2170 822 2263 874 scd
2300 822 2352 873 in
2384 837 2530 885 eum,
2557 825 2645 891 qui
2680 825 2825 876 misit
2859 840 2964 875 me.
2996 825 3059 876 Et
3090 827 3179 891 qui
3230 825 3371 876 videt
3410 842 3516 888 mc,

1945 913 2093 964 videt
2129 929 2251 964 cum
2295 913 2385 979 qni
2429 916 2570 965 misit
2616 931 2719 967 mc.
2788 914 2942 985 (exii,
2987 914 3095 984 10.]
3157 915 3264 983 Ego
3322 917 3406 967 lux
3465 917 3516 968 in

1945 1003 2208 1054 mundum
2266 1004 2388 1055 veni
2430 1019 2444 1055 :
2490 1013 2548 1055 at
2601 1007 2776 1056 omnis
2842 1007 2930 1073 qui
2999 1007 3162 1058 ert-dit
3209 1006 3259 1057 in
3305 1023 3410 1070 inc,
3465 1007 3517 1058 in

1945 1093 2185 1146 tenebris
2218 1109 2324 1146 non
2363 1106 2600 1148 maneat.
2646 1096 2789 1150 Etsi
2853 1099 2976 1165 quis
3047 1100 3283 1150 audierit
3351 1099 3522 1166 verba

1944 1201 2084 1248 mea,
2128 1195 2182 1236 ct
2216 1201 2319 1236 non
2357 1187 2698 1250 custodierit,
2729 1204 2827 1256 ego
2859 1204 2963 1240 non
2999 1190 3185 1257 judico
3215 1205 3361 1242 cum.
3400 1190 3519 1243 Non

1946 1277 2093 1330 enim
2127 1278 2272 1339 veni,
2308 1287 2361 1329 nt
2393 1279 2634 1345 judicent
2669 1283 2956 1345 ninnduin,
2999 1283 3090 1334 sed
3131 1294 3187 1335 ut
3223 1283 3516 1337 salvificent

1945 1369 2232 1422 tnnndnm.
2271 1371 2372 1434 Qui
2406 1371 2614 1438 spernit
2657 1387 2762 1433 me,
2829 1383 2884 1424 et
2923 1388 3030 1425 non
3093 1374 3289 1440 aecipit
3356 1375 3519 1427 veria

1946 1477 2082 1520 mea,
2125 1461 2286 1514 habet
2319 1478 2413 1529 qui
2450 1463 2661 1530 judicet
2698 1479 2845 1515 cum.
2886 1464 3100 1528 Sermo,
3157 1480 3320 1530 quem
3369 1465 3522 1518 locn-

1948 1562 2032 1604 tus
2062 1569 2205 1617 sum,
2241 1554 2612 1622 illejudicabit
2647 1571 2770 1608 eum
2802 1557 2854 1608 in
2888 1558 3189 1610 HUViSSlltIO
3223 1557 3332 1611 die.
3377 1558 3514 1622 Quia

1946 1659 2047 1712 ego
2081 1661 2142 1696 cx
2176 1662 2260 1697 me
2313 1647 2429 1712 ipso
2462 1663 2570 1699 non
2630 1663 2748 1700 sum
2807 1649 3043 1708 locutus,
3090 1649 3183 1701 sed
3225 1649 3315 1716 qui
3374 1648 3522 1702 misit

261 1745 408 1782 amen
433 1766 450 1791 ,
492 1729 619 1782 dico
658 1730 830 1791 vobis,
863 1731 962 1782 nisi
1006 1746 1232 1800 granum
1256 1731 1517 1784 frumenti
1553 1732 1750 1783 cadens
1786 1731 1838 1783 in
1871 1709 1916 1765 Β
1947 1749 2033 1786 me
2073 1735 2253 1795 Pater,
2301 1737 2414 1804 ipse
2458 1738 2590 1790 mihi
2623 1740 2934 1790 mandatmn
2971 1740 3118 1792 dedit
3156 1741 3286 1808 quid
3318 1742 3518 1800 dicam,

262 1831 484 1886 terram,
521 1834 794 1873 mortuum
839 1821 1019 1886 fuerit,
1061 1821 1233 1890 ipsum
1295 1823 1468 1882 solum
1515 1833 1719 1875 manet.
1783 1823 1838 1876 Si

262 1924 436 1964 autem
515 1923 787 1964 mortuum
851 1913 1036 1974 fuerit,
1111 1916 1337 1967 multum
1390 1913 1627 1965 fructum
1685 1913 1842 1966 affert

263 2003 343 2074 [cr
369 2044 384 2066 ,
418 2002 506 2074 5.1
539 2005 636 2068 Qui
677 2015 821 2057 amat
853 2007 1086 2057 animam
1138 2021 1312 2068 suam,
1369 2007 1560 2075 perdet
1589 2022 1704 2058 eam
1737 2022 1751 2058 :
1789 2015 1844 2059 et

261 2093 344 2162 qui
378 2096 503 2147 odit
536 2097 765 2148 animant
823 2111 976 2147 suam
1027 2095 1080 2147 itt
1126 2097 1226 2148 hoe
1276 2098 1475 2149 mundo
1513 2138 1526 2159 ,
1575 2097 1626 2150 in
1676 2099 1840 2149 vitam

259 2194 523 2238 teternatn
595 2186 835 2239 custodit
904 2202 1045 2238 cam.
1103 2186 1234 2255 ξονι,
1275 2187 1382 2263 l0.]
1443 2188 1496 2239 Si
1530 2188 1653 2256 quis
1711 2188 1841 2240 mihi

265 2278 563 2339 ministrat,
597 2293 680 2330 tne
721 2288 976 2346 sequatur
1017 2288 1116 2334 :ct
1153 2279 1241 2331 tibi
1287 2296 1407 2331 sum
1457 2295 1577 2346 ego,
1638 2280 1748 2333 illic
1789 2290 1844 2332 et

263 2371 514 2423 minister
566 2386 718 2423 incus
747 2374 876 2424 erit.
928 2372 984 2423 Si
1022 2371 1144 2439 quis
1199 2372 1332 2425 mihi
1400 2371 1794 2425 ministraverit
1826 2413 1840 2434 ,

263 2463 648 2516 honorificabit
678 2478 801 2516 eum
835 2464 996 2517 Pater
1027 2480 1198 2516 meus.
1235 2462 1386 2534 [cun
1424 2463 1504 2534 ιιι
1535 2465 1690 2517 Nunc
1722 2467 1838 2517 ani-

261 2571 342 2607 ina
379 2571 505 2608 mea
546 2556 760 2609 turbata
801 2567 903 2608 est.
941 2557 1004 2609 Et
1035 2556 1163 2624 quid
1197 2557 1421 2610 dicam?
1460 2558 1635 2622 Pater,
1675 2558 1841 2609 salvi-

261 2647 356 2698 tica
392 2662 483 2699 me
529 2661 590 2698 et
627 2648 739 2699 haec
795 2648 948 2698 liora.
1009 2646 1181 2716 lCt‘lll,
1245 2645 1354 2717 10.]
1398 2649 1500 2700 Sed
1560 2646 1844 2716 propterea

263 2739 378 2790 teni
420 2738 477 2790 in
516 2741 704 2790 harant
736 2737 877 2790 hanc
906 2755 919 2791 :
944 2738 1122 2802 Pater,
1156 2739 1390 2791 clarifica
1427 2755 1620 2790 ttornen
1661 2748 1838 2792 tuum.

259 2829 417 2883 Venit
453 2844 590 2896 ergo
628 2844 730 2882 vox
763 2828 830 2882 de
867 2830 1002 2882 eu‘lo
1037 2845 1052 2884 :
1090 2830 1151 2882 Et
1197 2829 1513 2893 clarificavi,
1561 2841 1615 2883 et
1645 2831 1841 2882 iterum

259 2922 609 2977 clarificabo.
671 2923 850 2975 Turba
883 2939 1013 2992 ergo
1052 2939 1170 2991 qua:
1204 2923 1402 2982 stabat,
1445 2933 1498 2975 et
1552 2924 1798 2976 audierat
1827 2963 1842 2990 ,

258 3015 480 3068 dicebat
569 3016 864 3068 tonitruum
898 3030 1016 3068 eSse
1079 3015 1306 3069 factum.
1375 3015 1479 3067 Alii
1544 3015 1915 3109 dicebantzc

257 3107 504 3175 Angelus
539 3107 588 3160 ei
619 3107 829 3161 locutus
853 3116 936 3159 est
962 3145 976 3159 .
1017 3105 1322 3175 Respondit
1366 3107 1543 3169 .lesus,
1580 3117 1635 3160 et
1666 3107 1802 3159 dixit
1831 3124 1842 3159 :

257 3197 373 3250 Non
411 3207 642 3264 propter
696 3213 780 3250 tne
815 3199 927 3251 hate
981 3213 1080 3249 vox
1121 3198 1287 3259 venit,
1323 3197 1414 3249 sed
1455 3207 1673 3265 propter
1707 3215 1800 3250 vos
1832 3237 1843 3251 .

258 3289 417 3343 Nunc
443 3290 716 3359 judicium
757 3301 840 3343 est
896 3291 1080 3342 mutuli
1118 3306 1135 3342 :
1170 3306 1314 3342 nunc
1370 3291 1624 3358 princeps
1687 3290 1847 3359 hujus

259 3383 454 3433 mundi
493 3382 746 3449 ejicietur
787 3381 962 3435 foras.
1027 3383 1090 3434 Et
1140 3397 1240 3451 ego
1289 3381 1334 3436 si
1368 3383 1638 3435 exaltatus
1693 3384 1846 3435 fuero

257 3484 488 3536 aterra,
516 3477 698 3526 omnia
761 3476 968 3527 traham
995 3474 1060 3527 ad
1127 3474 1412 3540 meipsum.
1477 3475 1611 3546 (lloc
1668 3485 1843 3528 autem

259 3565 512 3630 dicebat,
554 3566 869 3633 significans
899 3583 1004 3635 qua
1042 3577 1214 3619 morte
1266 3579 1411 3621 esset
1471 3569 1774 3621 moriturus

257 3657 572 3726 RcSpondit
611 3674 658 3710 ei
701 3661 856 3711 turba
896 3678 908 3712 ι
939 3659 1047 3711 Nos
1083 3659 1391 3712 audivimus
1425 3674 1488 3712 ex
1521 3660 1661 3729 lege,
1716 3662 1843 3727 quia

253 3751 521 3804 Christus
553 3760 736 3802 manet
769 3753 820 3802 in
845 3761 1109 3804 a-tcrnum
1147 3767 1160 3806 :
1202 3763 1254 3804 et
1287 3753 1562 3819 quomodo
1586 3765 1638 3805 tu
1669 3753 1841 3806 dicis:

256 3844 492 3908 Oportet
556 3843 781 3895 exaltari
826 3842 1018 3894 Filium
1085 3843 1361 3897 hominis?
1423 3842 1554 3908 Quis
1607 3855 1687 3898 est
1746 3847 1843 3899 iste

258 3937 404 3990 tibus
433 3936 679 3989 ltominis
707 3936 729 3987 ?
761 3936 905 3988 Dixit
937 3951 1063 4004 ergo
1100 3936 1178 3988 eis
1205 3935 1367 3990 Jesus
1402 3952 1416 3989 :
1447 3937 1640 3989 Adhuc
1670 3939 1842 3991 modi-

253 4041 382 4079 cum
428 4029 620 4079 lumen
696 4028 749 4079 in
786 4028 940 4080 vobis
996 4037 1097 4080 est.
1133 4028 1420 4081 Ambulate
1481 4027 1606 4080 dum
1670 4029 1839 4081 lucem

254 4117 503 4181 habetis,
545 4129 604 4171 ut
656 4135 761 4170 non
794 4135 890 4172 ves
949 4119 1184 4171 tenebrae
1237 4117 1744 4187 comprehendant:
1788 4128 1840 4171 et

251 4214 343 4279 qui
380 4211 632 4263 ambulat
669 4211 722 4263 in
758 4211 1014 4274 tenebris,
1086 4212 1262 4264 nescit
1316 4227 1422 4279 quo
1454 4211 1635 4265 vadat.
1706 4210 1839 4263 Dum

249 4303 437 4357 lucem
479 4304 710 4366 habetis,
753 4303 959 4357 crcdttc
998 4303 1050 4355 in
1078 4303 1276 4366 lucent,
1309 4316 1363 4357 ιιι
1399 4305 1492 4355 lilii
1532 4303 1670 4356 lucis
1695 4303 1834 4356 sitis.

246 4395 376 4447 llzec
411 4395 634 4447 locutus
661 4407 741 4448 est
779 4392 936 4448 Jesus
967 4410 980 4448 :

246 4488 316 4540 ab
352 4488 459 4539 eis.
497 4485 632 4540 Cum
665 4499 846 4538 autem
881 4496 1026 4539 tanta
1063 4487 1216 4554 signa
1267 4486 1487 4540 fecisset
1520 4503 1700 4540 coram
1732 4487 1834 4551 eis,

245 4591 353 4626 nou
386 4575 696 4628 credebant
735 4577 786 4627 in
819 4591 939 4627 cum
978 4593 989 4628 :
1058 4587 1114 4627 ut
1166 4592 1346 4629 sermo
1377 4573 1525 4631 Isaiae
1561 4555 1856 4646 prophetze'

245 4668 610 4735 impleretur,
670 4683 829 4734 quem
872 4667 1059 4722 dixit:
1123 4668 1369 4732 Domine,
1421 4669 1544 4735 quis
1605 4669 1840 4722 credidit

243 4761 474 4812 aeditui
507 4769 695 4815 nostro
720 4759 742 4810 ?
769 4771 824 4812 et
857 4759 1144 4812 brachium
1175 4761 1386 4813 Domini
1418 4762 1504 4813 cui
1540 4761 1837 4814 revelatum

243 4860 327 4904 est
353 4851 378 4902 τ
414 4849 532 4920 {Cix
561 4891 574 4913 ,
611 4849 688 4919 1.]
749 4850 1042 4917 Propterea
1099 4866 1204 4902 non
1263 4860 1512 4920 poterant
1564 4854 1787 4905 credere
1820 4896 1836 4920 ,

245 4943 377 5008 quia
417 4944 627 4993 iterum
655 4941 786 4992 dixit
837 4940 1038 4993 Isaias:
1078 4939 1381 4994 Exctecavit
1415 4943 1603 4995 oculos
1627 4959 1840 5005 eorum,

242 5047 297 5089 ct
328 5033 624 5087 induravit
658 5049 751 5084 cor
779 5050 964 5086 eorum
1011 5051 1023 5084 :
1064 5043 1122 5086 ιιι
1182 5050 1286 5085 non
1345 5035 1563 5087 videant
1619 5036 1792 5088 oculis
1821 5077 1837 5102 ,

242 5140 295 5180 ct
332 5145 448 5180 non
502 5126 804 5190 inteliigant
838 5126 1022 5183 corde,
1061 5133 1117 5177 et
1150 5137 1624 5190 convertantur,et
1652 5143 1840 5181 sanetn

243 5236 344 5275 eos
413 5219 515 5291 [cx
545 5262 557 5282 ,
597 5215 712 5287 10.]
752 5217 874 5270 llaec
905 5217 1040 5270 dixit
1072 5218 1250 5282 Isaias,
1285 5219 1500 5286 quando
1553 5219 1686 5272 vidit
1732 5219 1844 5288 glo-

244 5331 390 5366 riam
429 5313 577 5382 i-jus,
610 5322 665 5364 et
693 5310 910 5365 locatus
938 5319 1019 5362 est
1051 5310 1117 5363 de
1153 5325 1239 5363 co.
1276 5308 1664 5364 Verumtamen
1694 5324 1745 5364 et
1775 5328 1841 5365 ex

321 5477 338 5506 ι
372 5473 432 5525 In
477 5483 590 5525 uno
633 5471 918 5534 Vaticano,
949 5485 1004 5526 ut
1057 5469 1405 5540 gloriﬁcefur,
1440 5488 1535 5542 pro
1579 5473 1842 5542 clariﬁce-

240 5556 350 5598 tur.

317 5617 338 5646 ’
371 5613 611 5668 Addunt
647 5630 774 5665 mss.
811 5617 982 5668 nostri
1009 5619 1328 5673 adverbium
1376 5626 1572 5682 artem,
1605 5615 1749 5686 quod
1788 5625 1842 5668 et

242 5703 298 5743 tn
334 5687 549 5741 (ἑτερου
586 5695 800 5739 resonat
832 5699 1000 5754 textu,

1944 1835 1997 1878 et
2032 1827 2160 1894 quid
2204 1829 2414 1897 loquar.
2459 1829 2530 1882 Et
2569 1830 2683 1884 scio
2719 1831 2844 1897 quia
2890 1831 3203 1884 mandatum
3245 1833 3360 1900 ejus
3414 1833 3521 1883 vita

1944 1927 2144 1972 tetcrna
2207 1933 2307 1972 εει.
2344 1921 2473 1985 Quae
2532 1936 2662 1988 ergo
2705 1937 2808 1989 ego
2874 1921 3116 1990 loquor,
3183 1925 3327 1976 sicut
3383 1923 3520 1975 dixit

1944 2009 2074 2062 mihi
2121 2012 2300 2070 Pater,
2332 2013 2412 2065 sic
2453 2013 2666 2080 loquor.

2015 2099 2170 2172 [Cap
2212 2103 2376 2174 ΚΜ]
2413 2107 2549 2157 Ante
2575 2107 2592 2134 ²
2627 2106 2770 2157 diem
2822 2105 3014 2158 fesmm
3043 2107 3263 2159 Pascha:
3290 2147 3304 2171 ,
3337 2108 3519 2160 sciens

1943 2191 2098 2245 Jcsns
2120 2195 2243 2260 quia
2268 2195 2420 2246 venit
2446 2195 2576 2247 liora
2597 2196 2734 2263 ejus,
2756 2205 2812 2246 ut
2836 2204 3076 2248 transeat
3098 2213 3165 2248 ex
3186 2197 3290 2248 hoc.
3314 2201 3521 2249 mundo

1946 2283 2010 2334 ad
2032 2282 2244 2336 Patrem
2271 2299 2427 2340 zeum
2449 2285 2897 2347 dilexissetsuos,
2918 2285 3007 2352 qui
3037 2298 3195 2340 erant
3219 2288 3269 2339 in
3296 2287 3518 2350 mundo,

1948 2370 2001 2422 in
2032 2371 2191 2424 finem
2219 2372 2408 2424 dilexit
2440 2389 2556 2427 eos.
2596 2373 2770 2442 [exit],
2814 2374 2892 2445 9.]
2935 2376 3000 2428 Ει
3031 2393 3184 2430 ('(Bna
3210 2377 3368 2441 facta,
3397 2394 3519 2431 eum

1947 2463 2328 2532 ιιί.ιι)‹›1ιιδ];ιιιι
2365 2465 2598 2518 misisset
2628 2468 2678 2518 in
2707 2483 2801 2520 cor
2859 2479 2916 2520 nt
2949 2471 3182 2523 traderet
3218 2471 3522 2525 CliltlJtltlaS

1947 2551 2184 2605 Simonis
2213 2553 2482 2606 lscariota:
2507 2554 2563 2607 3:
2630 2554 2798 2624 [exn-3
2827 2557 2859 2608 5
2889 2554 2907 2624 Ῑ
2935 2557 3111 2610 sciens
3152 2558 3278 2625 quia
3335 2560 3520 2611 omnia

1947 2641 2090 2694 dedit
2115 2644 2161 2695 ei
2200 2641 2359 2694 Pater
2383 2645 2436 2695 in
2468 2657 2681 2706 manus,
2719 2655 2774 2697 ct
2803 2646 2926 2710 quia
2953 2664 2978 2696 a
3021 2645 3127 2698 υιιυ
3163 2649 3352 2712 exivit,
3379 2649 3518 2701 etad

1948 2733 2116 2785 Deum
2152 2733 2337 2786 vadit:
2383 2732 2526 2804 [cru],
2584 2734 2674 2804 10]
2744 2737 2915 2813 su'rgit
2968 2753 2995 2787 a
3059 2754 3235 2796 coma.
3277 2749 3330 2792 et
3366 2743 3520 2807 pont

1947 2826 2270 2879 vestimenta
2309 2841 2445 2880 sun:
2485 2835 2694 2882 etcum
2752 2831 3054 2896 act-cpisset
3099 2831 3350 2894 linteum,
3386 2847 3521 2898 prte-

1945 2918 2114 2971 cinxit
2136 2933 2213 2972 se.
2250 2918 2454 2972 Deinde
2478 2920 2683 2985 mittit}
2712 2937 2906 2990 aquam
2949 2923 2999 2975 in
3031 2923 3247 2990 peltitn,
3273 2935 3325 2976 et
3354 2925 3520 2991 ccepit

1947 3007 2129 3061 lavare
2155 3009 2318 3077 pedes
2349 3008 2766 3077 discipulorum,
2794 3023 2847 3065 et
2876 3025 3158 3082 extergere
3213 3017 3382 3069 linteo
3411 3032 3520 3082 qu')

1951 3109 2068 3153 erat
2104 3102 2456 3168 praecinctus.
2495 3103 2651 3158 Venit
2681 3119 2810 3172 ergo
2849 3108 2913 3156 ad
2947 3107 3224 3158 Simonem
3268 3109 3515 3160 Petrum.

1951 3189 2018 3242 Et
2057 3189 2190 3245 dicit
2215 3191 2263 3244 ei
2297 3190 2527 3247 Petrus:
2570 3192 2814 3255 Domine,
2864 3203 2918 3244 tu
2971 3196 3099 3246 mihi
3133 3195 3279 3248 lavas
3315 3198 3521 3264 pedes?

1951 3279 2251 3350 Respondit
2283 3281 2462 3346 Jesus,
2495 3295 2550 3338 et
2589 3285 2724 3337 dixit
2753 3285 2842 3338 ei:
2879 3286 3029 3351 Quod
3086 3303 3185 3355 ego
3246 3287 3416 3350 facit),
3464 3298 3520 3340 tu

1951 3375 2128 3426 nescis
2161 3374 2342 3438 modo,
2387 3377 2530 3430 scies
2555 3385 2737 3430 autem
2769 3390 2978 3445 postea.
3025 3379 3163 3431 Dicit
3193 3380 3240 3431 ei
3286 3380 3518 3433 Petrus:

1947 3464 2065 3518 Non
2099 3465 2306 3520 lavabis
2331 3468 2464 3521 mihi
2496 3468 2664 3536 pedes
2699 3467 2754 3522 in
2804 3479 3093 3523 aeternum.
3132 3471 3436 3539 ihspondit
3468 3474 3517 3526 ei

1947 3557 2134 3614 Jesus:
2163 3558 2216 3613 Si
2239 3576 2345 3614 non
2378 3562 2562 3615 lavero
2588 3573 2658 3624 te,
2679 3577 2787 3614 non
2809 3562 3033 3615 habebis
3055 3575 3260 3631 partem
3284 3582 3516 3620 mecum.

1949 3651 2088 3706 Dicit
2115 3655 2161 3706 ei
2185 3652 2372 3706 Simon
2407 3655 2634 3708 Petrus:
2669 3655 2916 3713 Domine,
2947 3671 3051 3707 non
3092 3667 3300 3709 tantum
3354 3663 3522 3725 pedi's

1948 3760 2120 3809 meos,
2162 3745 2257 3798 sed
2295 3755 2348 3797 et
2379 3761 2573 3799 manus
2600 3755 2655 3799 et
2704 3761 2886 3813 caput.
2922 3747 3057 3800 Dcit
3084 3748 3131 3800 ci
3165 3747 3323 3802 Jesus
3354 3765 3366 3799 :
3409 3751 3511 3816 Ο.ιί

1947 3833 2086 3887 lotus
2105 3843 2207 3894 est,
2231 3850 2335 3887 non
2363 3836 2569 3904 indiget
2599 3847 2656 3889 ιιι
2684 3837 3032 3904 pedeslavet,
3060 3841 3256 3900 sedest
3281 3843 3518 3893 mundos

1950 3933 2122 3978 totus.
2155 3925 2223 3977 Et
2256 3941 2352 3979 vos
2382 3928 2570 3980 mundi
2603 3929 2758 3989 estis,
2792 3929 2884 3980 sed
2916 3946 3021 3981 non
3056 3946 3263 3984 ontnes.
3299 3934 3517 3986 Sciebat

1945 4016 2091 4068 enim
2120 4017 2374 4085 quisnam
2421 4027 2563 4072 esset
2593 4020 2686 4089 qui
2720 4020 2957 4074 traderet
2988 4036 3112 4075 eum
3147 4040 3160 4076 :
3225 4035 3514 4092 propterea

1943 4109 2128 4164 dixit:
2182 4109 2297 4164 Non
2353 4114 2485 4166 estis
2545 4115 2728 4166 mundi
2784 4129 2991 4168 omnes.
3041 4116 3331 4185 Postquam
3385 4136 3518 4187 ergo

1945 4203 2259 4273 lavitpedes
2290 4219 2507 4270 eorum,
2531 4215 2584 4259 et
2615 4208 2824 4275 accepit
2857 4210 3177 4262 vestimenta
3219 4229 3315 4265 sua
3342 4226 3356 4265 :
3391 4230 3514 4267 cum

1945 4297 2286 4351 recubuisset
2326 4299 2546 4362 iterum,
2587 4297 2724 4351 dixit
2755 4301 2869 4352 eis:
2912 4300 3076 4355 Scitis
3123 4304 3254 4372 quid
3293 4306 3512 4358 fect-riui

1030 4403 1084 4448 ρι
1128 4396 1282 4457 abiit,
1340 4405 1392 4447 ει
1441 4397 1725 4449 abscondit
1779 4411 1836 4448 se
1873 4401 1912 4452 ι)
1944 4388 2095 4441 vobis
2115 4386 2322 4456 Zchvr,
2347 4386 2426 4458 5.]
2455 4388 2557 4442 Vos
2581 4390 2786 4444 vocatis
2815 4406 2898 4444 me
2916 4391 3166 4460 Magister
3188 4405 3243 4446 et
3264 4396 3510 4451 Domine:

1945 4490 1998 4534 et
2032 4480 2170 4534 bene
2221 4480 2404 4534 dicitis
2436 4496 2450 4536 :
2511 4497 2630 4534 sum
2673 4483 2899 4536 etenim.
2934 4484 3120 4553 [cxvn,
3158 4485 3269 4556 10.]
3296 4488 3348 4540 Si
3385 4504 3517 4555 ergo

1942 4587 2042 4641 ego
2083 4571 2186 4624 lavi
2251 4573 2419 4640 pedes
2457 4582 2686 4634 vestros,
2727 4574 2990 4629 Dominus
3052 4587 3108 4630 et
3143 4579 3432 4647 Magister:
3463 4592 3518 4636 ct

1944 4679 2040 4717 vos
2069 4663 2276 4717 dtbetis
2309 4665 2446 4718 alter
2480 4665 2706 4719 alterius
2765 4669 2943 4720 lavare
2977 4670 3161 4738 pedes.
3194 4672 3513 4741 Exemplum

1944 4757 2091 4810 enim
2130 4757 2252 4810 dedi
2293 4759 2473 4824 vobis,
2512 4769 2570 4812 tit
2597 4761 3054 4828 quemadmodum
3087 4779 3184 4832 ego
3205 4767 3303 4818 feci
3338 4768 3513 4827 vobis,

1947 4850 2018 4902 ita
2074 4857 2129 4902 et
2158 4866 2250 4903 vos
2292 4851 2519 4903 faciatis.
2560 4850 2770 4920 lcxvm.
2799 4852 2878 4923 3.]
2939 4856 3130 4917 Amen,
3182 4873 3338 4910 amen
3394 4859 3516 4911 du-o

1947 4944 2133 4997 vobis:
2169 4960 2278 5018 non
2340 4955 2424 4996 est
2451 4960 2643 4998 servus
2678 4948 2848 5016 tnajor
2879 4948 3100 5002 domino
3133 4967 3232 5004 suo
3264 4967 3280 5008 :
3342 4967 3513 5018 neque

1947 5014 2224 5103 apostolus
2265 5036 2433 5103 major
2464 5047 2640 5088 esteo
2666 5075 2678 5098 ,
2709 5039 2801 5104 qui
2857 5039 3002 5092 misit
3060 5043 3235 5096 illum.
3293 5044 3345 5095 Si
3401 5046 3510 5093 hcc

1944 5125 2120 5189 scitis,
2148 5125 2287 5179 beati
2319 5126 2474 5179 eritis
2511 5127 2555 5179 si
2589 5127 2828 5182 feceritis
2858 5147 2942 5184 ea.
2971 5131 3113 5203 [cxtx
3172 5133 3276 5203 l0.]
3303 5133 3415 5186 Non
3444 5136 3510 5186 de

1944 5217 2202 5270 omnibus
2236 5218 2393 5271 vobis
2429 5218 2549 5272 dico
2584 5235 2598 5272 :
2641 5237 2742 5290 ego
2769 5223 2882 5276 Scio
2913 5241 3053 5294 quos
3078 5225 3328 5293 elegerint
3360 5241 3373 5277 :
3414 5225 3508 5277 sed

1947 5322 2004 5366 ut
2033 5312 2397 5380 adimpleatur
2429 5312 2707 5381 Scriptura
2745 5332 2757 5368 :
2799 5315 2899 5381 Qui
2951 5317 3240 5368 manducat
3297 5331 3508 5369 mecum

2014 5471 2033 5500 ³
2064 5471 2180 5524 Duo
2214 5485 2244 5523 e
2279 5470 2482 5523 nostris
2512 5486 2644 5525 mss.
2697 5486 2892 5524 nomen
2923 5469 3170 5528 Sithonis.
3204 5485 3327 5525 eum
3367 5473 3515 5525 Cra:-

1945 5541 2023 5593 t'is
2053 5540 2380 5606 quibusdam
2413 5542 2819 5608 exemplaribus
2865 5543 3134 5601 tt"scltll|l,
3175 5543 3292 5608 pari
3327 5556 3508 5598 autem

1945 5626 2213 5663 C"tlSt‘lt5|l
2241 5611 2306 5661 de
2336 5627 2485 5661 more
2516 5611 2702 5675 legunt
2731 5610 3038 5663 Sco'iriothis.

2024 5685 2041 5710 δ
2072 5681 2234 5735 ιιιΙι-ιιι
2274 5697 2401 5736 mss.
2434 5680 2595 5745 irrisit,
2628 5696 2729 5748 pro
2755 5681 2913 5734 mittit
2949 5684 3153 5750 legunt.
