3880 6168
428 338 531 404 ’111

1346 339 1403 396 S.
1444 335 1883 397 ΒΙΕΒΟΝΥΜΙ
1924 334 2190 395 DIVINA
2238 334 2766 396 DlBLlOTllECA.

3565 332 3665 396 ἨΞ

434 470 650 524 panem,
688 453 888 510 levabit
922 466 1110 509 contra
1143 467 1227 509 me
1246 453 1564 508 calcaneum
1589 468 1770 505 suum.
1794 452 2005 505 Amodo
2038 474 2079 525 Α
2109 459 2162 505 ct
2196 450 2408 503 vidistis
2430 466 2575 503 eum.
2612 450 2748 502 Dicit
2773 450 2822 501 ei
2847 447 3131 515 Philippus
3162 464 3173 497 :
3206 445 3430 499 Domine
3453 450 3669 499 ostende

432 548 559 602 dico
592 548 767 611 vobis,
802 549 1114 617 priusquam
1146 548 1277 599 liat:
1321 556 1376 599 ut
1418 562 1542 599 cum
1575 545 1777 599 factum
1816 544 2000 611 luerit,

432 640 671 697 credatis
695 641 822 709 quia
856 654 957 708 ego
985 636 1296 708 sum.[cxx,
1328 637 1407 709 1.]
1440 638 1635 703 Amen,
1672 651 1853 700 amen,
1881 636 2003 689 dico

430 733 587 787 vobis
615 748 631 787 :
666 732 762 801 qui
794 731 991 799 accipit
1012 732 1053 784 si
1088 746 1249 798 quem
1281 730 1501 792 misero,
1532 746 1617 782 me
1645 728 1841 798 accipit
1870 746 1883 781 :
1908 729 2000 796 qui

426 836 607 879 autem
640 839 725 878 me
747 823 966 893 accipit,
996 824 1194 893 aeuipit
1224 839 1349 878 eum
1387 823 1475 892 qui
1513 838 1598 876 rue
1630 823 1796 875 nlisit.
1827 822 1999 892 [cxxt,

430 914 651 988 1.]Cum
685 918 797 970 hinc
823 915 1051 969 dixisset
1083 916 1259 981 Jesus,
1295 918 1541 969 turbatus
1566 924 1647 968 est
1676 915 1870 981 spiritu
1902 929 1916 969 :
1945 922 2003 968 et

425 1016 762 1077 protestatus
787 1017 890 1068 est.
925 1019 982 1062 et
1010 1007 1181 1061 dixit:
1217 1010 1410 1073 Amen,
1448 1022 1631 1070 amen,
1671 1008 1793 1060 dico
1823 1006 1999 1072 vobis,

425 1100 553 1169 quia
579 1116 720 1154 unus
749 1117 815 1155 ex
848 1100 1001 1154 vobis
1056 1102 1232 1155 tradet
1287 1115 1392 1154 me.
1424 1099 1611 1171 [cum
1643 1098 1721 1171 3.]
1754 1100 2000 1169 Aspjeie-

425 1194 558 1247 bant
589 1210 719 1263 ergo
758 1193 824 1247 ad
860 1194 1093 1247 invicem
1124 1193 1402 1262 discipuli,
1436 1194 1752 1247 hmsitantes
1796 1192 1862 1246 tle
1891 1206 2000 1262 quo

425 1286 652 1339 diceret.
690 1284 900 1356 [cxxut,
936 1285 1047 1357 10.]
1090 1286 1366 1355 Eratergo
1398 1285 1720 1338 recumbens
1742 1300 1884 1337 unus
1930 1298 1997 1338 ex

425 1374 712 1443 discipulis
749 1374 867 1440 ejus
896 1376 949 1427 in
1004 1375 1128 1427 sinu
1164 1373 1314 1437 Jesu,
1346 1388 1507 1441 quem
1538 1373 1795 1441 diligebat
1817 1372 1997 1427 Iesus.

421 1467 606 1521 innuit
632 1483 760 1537 ergo
787 1467 913 1521 huic
944 1466 1130 1521 Simon
1155 1466 1348 1520 Petrus
1370 1505 1386 1530 ,
1414 1476 1464 1518 et
1482 1465 1617 1519 dixit
1637 1465 1685 1519 ei
1712 1464 1875 1530 :Quis
1895 1473 1997 1531 est,

417 1560 491 1613 de
522 1576 630 1625 quo
661 1560 834 1614 dicit?
883 1561 1070 1629 Itaque
1118 1572 1243 1612 cum
1313 1560 1654 1613 recubttisset
1705 1558 1794 1612 ille
1831 1572 1997 1625 supra

424 1662 614 1718 pectus
639 1650 788 1715 Jesu,
820 1652 953 1705 dicit
980 1654 1029 1705 ei
1059 1670 1074 1707 :
1116 1650 1365 1712 Domine.
1398 1651 1521 1719 quis
1554 1650 1677 1704 est?
1700 1650 2000 1719 Respondit

418 1742 613 1797 Jesus‘
633 1760 646 1794 :
670 1744 759 1796 Ille
787 1744 1116 1813 est,caiego
1140 1745 1426 1797 intinctam
1461 1758 1653 1811 panem
1684 1756 1996 1810 perrexere.

2111 542 2263 595 nobis
2316 543 2562 606 Patrem,
2610 550 2666 594 et
2705 539 2905 594 suliieit
2958 541 3135 592 nobis.
3187 540 3319 592 Dicit
3374 540 3423 590 ei
3479 538 3668 591 Jesus:

2107 634 2282 688 Tanto
2326 644 2571 703 tempore
2614 635 2895 687 vobiscmn
2932 649 3075 695 sum,
3109 640 3163 686 et
3210 648 3317 686 non
3349 632 3673 700 cognovistis

2107 729 2231 781 me?
2261 728 2545 797 Philippe,
2576 732 2667 795 qui
2716 727 2863 780 videt
2913 742 2997 781 me
3025 730 3065 792 ’,
3127 726 3274 779 videt
3326 736 3380 778 et
3438 722 3669 777 Patrem.

2105 821 2388 886 Quomodo
2418 833 2470 876 tu
2524 822 2697 876 dicis:
2746 820 2984 876 Ostende
3052 823 3209 873 nobis
3260 819 3519 873 Patrem?
3558 818 3665 870 Non

2104 914 2351 979 creditis,
2384 915 2508 983 quia
2560 930 2662 984 ego
2716 914 2769 967 in
2828 912 2985 968 Patre
3013 955 3027 976 ,
3061 923 3115 966 et
3148 914 3309 966 Pater
3339 913 3391 963 in
3434 926 3519 963 me
3552 912 3671 964 est?

2107 1002 2305 1066 Verba,
2341 1021 2461 1072 qua:
2490 1020 2590 1072 ego
2616 1004 2811 1073 loquor
2840 1005 3028 1066 vobis,
3058 1019 3087 1056 a
3122 1018 3207 1056 me
3260 1002 3379 1070 ipso
3437 1016 3548 1054 non
3598 1000 3670 1053 lo~

2103 1110 2262 1163 quor.
2296 1095 2454 1148 Pater
2492 1106 2673 1149 autem
2712 1096 2766 1151 in
2801 1112 2884 1149 me
2915 1110 3161 1153 manens.
3200 1094 3313 1162 ipse
3338 1092 3465 1146 facit
3489 1108 3665 1160 Opera.

2103 1185 2219 1239 Non
2243 1186 2491 1250 creditis,
2521 1187 2648 1256 quia
2669 1203 2770 1255 ego
2801 1188 2852 1240 in
2888 1187 3064 1247 Patre,
3092 1195 3147 1238 et
3177 1184 3408 1238 Paterin
3439 1198 3527 1235 me
3554 1181 3671 1236 est?

2102 1279 2356 1348 Alioquin
2394 1291 2621 1348 propter
2646 1295 2813 1349 opera
2840 1281 2955 1348 ipsa
2988 1278 3219 1332 credite.
3258 1278 3429 1329 Amen
3459 1315 3473 1339 ,
3518 1291 3665 1328 amen

2103 1370 2227 1425 dico
2268 1372 2443 1438 vobis,
2478 1373 2568 1440 qui
2596 1373 2771 1427 credit
2804 1373 2856 1425 iu
2892 1386 2999 1436 me,
3030 1386 3193 1440 opera
3221 1385 3341 1438 qua:
3374 1384 3477 1438 ego
3514 1367 3665 1429 facio,

2100 1478 2155 1520 et
2190 1468 2305 1535 ipse
2345 1466 2528 1531 faciet,
2555 1476 2610 1520 et
2636 1466 2839 1532 majora
2875 1465 3069 1517 horum
3094 1464 3294 1516 faciet:
3328 1461 3455 1530 quia
3483 1476 3584 1530 ego
3607 1460 3664 1511 ad

2102 1557 2319 1613 Patrem
2343 1559 2499 1613 vado.
2528 1560 2776 1628 (cxxvnl,
2814 1556 2982 1624 4.)Et
3005 1555 3373 1623 quodcunque
3409 1553 3668 1621 petieritis

2104 1650 2318 1705 Patrem
2344 1650 2397 1705 in
2432 1652 2652 1705 nomine
2686 1665 2828 1711 meo,
2862 1649 2967 1703 hoc
2994 1648 3228 1701 faciam:
3262 1656 3322 1700 ut
3344 1645 3669 1716 glorilicctur

2104 1744 2263 1797 Pater
2292 1742 2347 1796 in
2381 1742 2540 1796 Filio.
2565 1742 2618 1796 Si
2641 1741 2768 1811 quid
2795 1741 3067 1811 petieritis
3096 1756 3181 1793 me
3208 1740 3259 1791 in
3288 1738 3513 1791 nomine
3534 1751 3665 1797 meo,

423 1850 644 1901 icxxtv,
708 1834 785 1888 9.i
840 1833 903 1886 Et
959 1848 1080 1886 cum
1155 1835 1469 1888 intinxisset
1542 1846 1777 1902 panem,
1840 1834 1992 1887 dedit
2025 1815 2069 1874 Β
2099 1832 2203 1886 hoc
2234 1833 2448 1886 lat-iam.
2484 1832 2538 1887 Si
2577 1833 2801 1902 diligitis
2846 1847 2953 1895 tne,
2996 1830 3249 1884 mandata
3288 1844 3406 1882 mea
3440 1839 3664 1883 servate.

418 1925 574 1983 Judze
603 1927 841 1981 Simonis
872 1926 1147 1981 lscariotae
1204 1924 1329 1998 (ms.
1361 1924 1704 1997 Scariothis-]
1759 1928 1827 1980 Et
1874 1934 1995 1995 post

422 2017 731 2071 buecellam'
775 2018 1020 2072 introivit
1075 2023 1130 2071 in
1202 2033 1328 2071 eum
1366 2017 1613 2072 Satanas.
1658 2016 1842 2091 [ουν.
1879 2018 1993 2090 10.]

423 2112 491 2164 Et
520 2112 656 2163 dixit
684 2111 730 2164 ei
760 2109 956 2166 Jesus:
991 2110 1144 2176 Quod
1173 2111 1433 2175 iaeis,fac
1462 2112 1647 2167 citius.
1678 2112 1790 2167 Hoc
1812 2122 1991 2167 autem

420 2216 584 2254 nemo
622 2200 781 2253 scivit
836 2200 1300 2254 discumbentium
1356 2204 1422 2255 ad
1476 2203 1607 2271 quid
1655 2203 1859 2259 dixerit
1914 2204 1991 2261 ei.

418 2290 654 2355 Quidam
679 2292 824 2345 enim
856 2292 1143 2360 putabant,
1162 2296 1287 2361 quia
1310 2294 1515 2349 loculos
1540 2295 1779 2349 habebat
1801 2296 1990 2361 ludas,

419 2387 563 2451 quod
601 2382 826 2436 dixisset
859 2384 909 2436 ei
939 2381 1101 2437 Jesus
1147 2396 1166 2440 :
1230 2384 1364 2439 Eme
1397 2400 1459 2439 ea
1521 2400 1644 2455 qua:
1687 2402 1825 2455 opus
1868 2398 1996 2441 sunt

421 2474 580 2527 nobis
608 2474 671 2526 ad
702 2475 845 2526 diem
880 2473 1116 2528 feStum:
1151 2486 1243 2529 aut
1275 2476 1463 2546 egenis
1514 2486 1573 2531 ut
1591 2477 1795 2546 aliquid
1815 2478 1993 2533 daret.

416 2565 554 2620 Cum
582 2581 712 2633 ergo
733 2567 1032 2634 accepisset
1050 2566 1141 2621 ille
1167 2566 1497 2632 buccellam,
1522 2568 1691 2621 exivit
1710 2569 1990 2623 continuo.

418 2657 549 2711 Erat
586 2666 767 2710 autem
826 2673 952 2710 nox.
989 2656 1123 2712 Cum
1170 2673 1301 2728 ergo
1348 2658 1574 2722 exisset,
1605 2659 1744 2713 dixit
1790 2658 1991 2716 Jesus:

415 2749 573 2804 Nunc
603 2750 935 2804 ciariiicatus
969 2759 1050 2804 est
1080 2750 1250 2805 Filius
1294 2751 1534 2806 hominis
1565 2774 1578 2806 :
1626 2765 1680 2808 et
1709 2755 1853 2809 Deus
1880 2758 1995 2809 cla-

419 2844 664 2897 riﬁeatus
696 2851 781 2896 est
810 2843 864 2896 in
902 2858 985 2896 eo.
1018 2842 1072 2897 Si
1088 2842 1245 2899 Deus
1278 2842 1610 2899 clariﬁcatus
1640 2855 1725 2899 est
1752 2846 1805 2900 in
1832 2862 1918 2912 eo,
1938 2856 1994 2902 et

418 2933 563 2989 Deus
582 2933 1395 3007 clariticabit[ms.clariﬂcavit]
1423 2952 1547 2989 eum
1576 2936 1629 2990 in
1654 2940 1952 3006 semetipso
1977 2979 1993 3006 ,

410 3028 751 3081 etmntinuo
773 3026 1096 3081 ciariiicahit
1121 3042 1267 3082 eoin.
1296 3026 1494 3091 Fdioli,
1515 3030 1694 3084 adhuc
1717 3031 1992 3086 modicum

2098 1925 2164 1978 Et
2193 1940 2293 1994 ego
2321 1925 2522 1993 rogabo
2549 1925 2789 1987 Patrem,
2822 1933 2877 1977 et
2908 1924 3079 1976 alium
3136 1921 3481 1976 Paraclctum
3527 1920 3667 1974 dabit

2097 2016 2271 2078 vobis,
2305 2025 2361 2069 ut
2391 2024 2609 2070 maneat
2643 2015 2930 2068 vobiscum
2987 2015 3043 2066 in
3076 2021 3364 2076 aeternum,
3407 2011 3664 2081 Spiritum

2096 2109 2363 2170 veritatis,
2394 2123 2554 2177 quem
2589 2106 2824 2161 mundus
2859 2122 2967 2158 non
3001 2113 3179 2174 potest
3203 2106 3456 2172 accipere
3487 2145 3503 2167 ,
3541 2105 3657 2172 quia

2095 2215 2205 2254 non
2236 2201 2373 2254 vidit
2401 2214 2550 2265 cum,
2584 2215 2685 2253 nec
2709 2199 2814 2253 scit
2837 2196 2988 2251 cuin.
3032 2195 3136 2251 Vos
3173 2205 3352 2250 autem
3382 2212 3667 2264 cognosce-

2097 2294 2164 2347 tis
2184 2291 2203 2321 '
2235 2308 2399 2357 eum;
2436 2295 2563 2361 quia
2593 2291 2737 2359 apud
2766 2306 2863 2345 vos
2894 2289 3158 2351 manebit,
3184 2299 3241 2343 et
3273 2290 3324 2342 iu
3360 2290 3519 2340 vobis
3547 2289 3663 2342 erit.

2096 2384 2210 2437 Non
2240 2383 2542 2451 relinquam
2558 2398 2652 2436 vos
2670 2381 2942 2447 orphauos
2968 2397 2981 2433 :
3007 2381 3223 2435 veniam
3243 2379 3308 2432 ad
3331 2395 3445 2432 vos.
3482 2379 3667 2432 Adhuc

2097 2476 2372 2529 modicum
2404 2487 2493 2529 :et
2519 2474 2758 2529 mundus
2782 2490 2868 2529 me
2894 2478 3002 2544 jam
3030 2488 3139 2527 non
3165 2472 3334 2526 videt.
3357 2472 3466 2527 Vos
3492 2481 3664 2524 autem

2097 2566 2296 2621 videtis
2327 2582 2451 2620 me:
2488 2567 2617 2636 quia
2648 2581 2748 2636 ego
2779 2566 2921 2627 vivo,
2950 2575 3005 2619 et
3028 2580 3122 2619 vos
3139 2565 3351 2619 vivetis.
3382 2566 3442 2619 lu
3468 2567 3561 2619 illo
3584 2566 3666 2619 de

2096 2673 2193 2712 vos
2222 2660 2581 2728 COgnoscetis,
2618 2658 2746 2727 quia
2778 2674 2879 2728 ego
2898 2673 3016 2711 sum
3050 2658 3103 2711 in
3139 2658 3299 2712 Patre
3326 2673 3469 2721 meo,
3504 2669 3667 2712 etVos

2098 2750 2152 2802 in
2182 2765 2290 2813 me,
2313 2760 2369 2804 et
2399 2764 2501 2817 ego
2528 2751 2581 2803 in
2621 2750 2792 2804 vobis.
2826 2748 2929 2814 Qui
2963 2748 3126 2802 habet
3150 2749 3401 2802 mandata
3436 2764 3579 2809 mea,
3618 2759 3668 2800 ct

2095 2856 2275 2898 servat
2314 2858 2400 2905 ea,
2455 2842 2545 2896 ille
2578 2851 2664 2897 est
2692 2843 2780 2911 qui
2823 2843 3001 2911 diligit
3047 2856 3152 2895 me.
3192 2841 3397 2913 [cum
3452 2840 3531 2913 1.]
3569 2840 3665 2904 Qui

2097 2947 2277 2991 autem
2330 2937 2507 3007 diligit
2540 2953 2649 3001 me,
2696 2937 2955 3005 diligetur
3003 2952 3030 2989 a
3061 2935 3220 2989 Patre
3272 2950 3433 2989 meo:
3468 2946 3527 2989 et
3572 2951 3665 3004 ego

2099 3032 2318 3099 diligam
2348 3044 2495 3096 eum,
2528 3040 2580 3085 et
2611 3029 2975 3084 manifestabo
3011 3030 3062 3082 ei
3122 3027 3415 3096 tut-ipsum.
3463 3026 3623 3098 [exn
3650 3066 3666 3089 ,

412 3117 697 3169 vobiscum
743 3131 887 3171 sum.
940 3116 1208 3181 Qumretis
1261 3115 1379 3188 [ηδε.
1417 3118 1695 3191 Quaeritis]
1754 3134 1878 3179 me:
1939 3131 2064 3220 etc
2101 3121 2215 3193 10]
2259 3121 2479 3177 Dicitei
2522 3120 2713 3184 Judas,
2746 3136 2853 3174 non
2909 3120 3000 3173 ille
3034 3118 3321 3172 lscariotes
3370 3117 3491 3189 [οηε.
3544 3118 3667 3172 Sca-

414 3208 552 3262 sicut
582 3208 696 3261 dixi
730 3207 932 3263 Judzeis
966 3224 983 3263 :
1023 3210 1143 3275 Quo
1173 3226 1274 3277 ego
1302 3210 1465 3276 vado,
1500 3226 1594 3265 vos
1622 3228 1729 3267 non
1764 3215 1988 3283 potestis

413 3301 600 3355 venire
632 3318 643 3353 :
685 3310 740 3354 et
773 3302 929 3355 vobis
961 3302 1088 3356 dico
1121 3302 1305 3356 modo.
1340 3301 1650 3357 Mandatum
1683 3319 1883 3359 novum
1916 3307 1987 3360 do

408 3394 609 3447 vobis:
650 3393 721 3447 Ut
757 3391 999 3462 diiigatis
1050 3393 1281 3448 invicem
1321 3395 1464 3447 sicut
1487 3394 1652 3447 dilexi
1680 3410 1794 3463 vos,
1833 3409 1893 3450 ut
1933 3409 1988 3453 et

411 3498 511 3535 vos
542 3482 779 3551 diligatis
830 3482 1088 3537 invicem.
1144 3484 1203 3538 in
1255 3484 1357 3538 hoc
1416 3498 1750 3555 cognoscent
1796 3504 1988 3545 omnes

411 3577 539 3644 quia
571 3575 821 3644 discipuli
855 3575 960 3630 mei
983 3576 1138 3643 estis,
1177 3577 1222 3631 si
1270 3575 1623 3631 dilectionem
1679 3580 1988 3636 habueritis

411 3668 480 3720 ad
537 3669 789 3721 invicem.
847 3668 1051 3741 [cxxvt,
1088 3667 1164 3740 1.]
1204 3668 1342 3723 Dicit
1397 3668 1448 3724 ei
1500 3668 1687 3725 Simon
1740 3671 1985 3733 Petrus:

411 3760 667 3825 Domine,
711 3776 820 3829 quo
873 3758 1063 3815 vadis?
1136 3762 1438 3832 Respondit
1492 3761 1694 3818 Jesus:
1728 3765 1846 3831 Quo
1884 3780 1986 3834 ego

409 3852 569 3915 vado,
603 3869 709 3907 non
745 3861 899 3922 potes
931 3869 1015 3908 me
1045 3853 1210 3908 modo
1258 3856 1454 3925 sequi:
1497 3859 1745 3925 sequeris
1797 3869 1983 3913 autem

409 3954 617 4015 postea.
651 3946 785 3999 llicit
816 3947 867 4001 ei
897 3944 1091 4003 Petrus
1120 3962 1135 4000 :
1169 3945 1349 4013 Quare
1380 3963 1488 4002 non
1521 3963 1741 4017 possunt
1785 3958 1837 4005 te
1894 3966 1984 4006 se-

406 4037 501 4107 qui
540 4038 740 4092 modo?
767 4039 1003 4092 animam
1045 4053 1220 4092 meam
1252 4053 1352 4107 pro
1395 4047 1445 4092 te
1478 4054 1700 4107 ponam.
1732 4038 1985 4110 Respon-

407 4130 489 4181 dit
518 4131 566 4181 ci
599 4127 795 4183 .Iesus:
832 4129 1083 4183 Animam
1118 4140 1264 4182 tuam
1298 4146 1396 4199 pro
1426 4146 1511 4184 me
1547 4132 1757 4199 pones?
1786 4134 1980 4197 Amen,

404 4236 562 4273 amen
581 4223 701 4275 dico
722 4223 953 4287 tibi,non
967 4223 1581 4292 eantabitgallus,donee
1596 4236 1677 4280 ter
1694 4241 1779 4280 me
1794 4242 1980 4297 neges.

478 4312 637 4384 (Cap.
666 4313 800 4368 XIV.
823 4329 1026 4379 cxxvu,
1053 4315 1168 4388 10.]
1188 4315 1302 4370 Non
1332 4317 1585 4373 turbetur
1600 4332 1699 4375 cor
1717 4330 1977 4375 vestrum.

403 4406 641 4460 Creditis
677 4408 729 4460 iu
768 4408 961 4474 Deum,
984 4417 1038 4463 et
1072 4411 1125 4462 in
1157 4426 1243 4463 me
1267 4412 1571 4466 creditc.ln
1608 4413 1769 4467 domo
1803 4411 1980 4468 Patris

2101 3212 2359 3284 riuthis]:
2393 3212 2642 3275 Domine,
2676 3213 2804 3280 quid
2830 3213 3031 3266 factum
3063 3221 3166 3276 est,
3196 3212 3325 3280 quia
3359 3212 3668 3265 manifesta-

2101 3320 2255 3363 turus
2290 3324 2349 3362 es
2378 3307 2539 3362 nobis
2566 3308 2828 3375 teipsum,
2870 3317 2926 3360 et
2957 3322 3065 3359 non
3100 3306 3342 3359 mundo?
3370 3306 3667 3373 Respondit

2094 3400 2273 3465 Jesus,
2312 3409 2373 3454 et
2393 3399 2646 3456 dixitei:
2693 3399 2748 3452 Si
2802 3399 2927 3467 quis
2977 3399 3153 3467 diligit
3202 3414 3309 3463 me,
3359 3414 3663 3453 sermonem

2098 3507 2280 3547 meum
2316 3492 2574 3555 servabit,
2611 3503 2666 3545 et
2699 3489 2860 3546 Pater
2898 3507 3054 3546 meus
3083 3492 3271 3562 diliget
3306 3507 3431 3546 eum
3458 3530 3474 3556 ,
3512 3501 3565 3544 et
3599 3490 3662 3543 ad

2094 3600 2217 3639 eum
2258 3588 2563 3651 veniemus,
2595 3597 2650 3639 et
2678 3585 3015 3639 mansionem
3054 3586 3198 3654 apud
3234 3598 3361 3639 eum
3386 3586 3662 3640 faciemus:

2094 3675 2183 3742 qui
2210 3690 2319 3729 non
2366 3676 2543 3746 diligit
2587 3690 2708 3739 me,
2763 3692 3048 3730 sermones
3103 3692 3255 3733 meos
3304 3694 3410 3732 non
3459 3689 3661 3734 servat.

2094 3767 2305 3840 lenm.
2335 3767 2413 3840 1.]
2455 3770 2524 3823 Et
2562 3784 2871 3824 sermonem
2917 3784 3082 3839 quem
3108 3771 3362 3835 audistis,
3419 3789 3527 3828 non
3578 3784 3660 3829 est

2094 3876 2269 3924 meus,
2299 3862 2392 3915 sed
2425 3863 2564 3932 ejus,
2593 3863 2685 3931 qui
2710 3862 2855 3916 misit
2890 3878 3009 3927 me,
3048 3864 3244 3918 Patris.
3281 3866 3406 3921 llaec
3444 3868 3658 3923 locutus

2092 3967 2213 4007 sum
2237 3955 2412 4020 vobis,
2449 3955 2590 4022 apud
2625 3969 2721 4009 vos
2776 3971 3024 4010 manens.
3058 3954 3303 4027 [‘cxxxti,
3343 3958 3456 4031 10.]
3503 3959 3660 4013 Para-

2090 4046 2267 4100 cletus
2312 4057 2490 4101 autem
2535 4048 2770 4116 Spiritus
2799 4058 3040 4115 sanctus,
3075 4066 3239 4118 quem
3294 4052 3474 4107 mittet
3500 4052 3659 4109 Pater

2092 4144 2145 4196 in
2182 4143 2404 4197 nomine
2436 4156 2578 4205 meo,
2610 4143 2697 4196 ille
2729 4157 2824 4196 vos
2856 4142 3071 4198 docebit
3093 4147 3298 4210 omnia,
3326 4156 3380 4199 et
3404 4156 3650 4217 suggeret

2091 4236 2246 4288 vobis
2264 4236 2469 4300 omnia,
2489 4251 2829 4306 quaecunque
2858 4237 3047 4292 dixero
3070 4239 3241 4293 vobis.
3265 4239 3464 4295 Pacem
3497 4242 3653 4295 relin-

2090 4345 2198 4397 quo
2232 4330 2404 4391 vobis,
2440 4345 2624 4397 paeem
2660 4346 2833 4382 meam
2890 4329 2963 4384 do
3008 4330 3199 4384 vobis:
3251 4347 3359 4385 nou
3390 4333 3658 4403 quomodo

2092 4424 2327 4476 mundus
2355 4423 2481 4487 dat,
2516 4437 2616 4491 ego
2640 4423 2711 4478 do
2741 4425 2917 4478 vobis.
2956 4425 3072 4480 Non
3129 4427 3381 4482 turbetur
3435 4447 3525 4484 cor
3572 4446 3660 4484 ve-

404 4497 512 4550 tnei
545 4499 853 4552 mansiones
882 4501 1066 4551 multa:
1093 4506 1240 4551 sunt.
1271 4497 1325 4553 Si
1359 4514 1468 4569 quo
1489 4500 1687 4565 minus,
1719 4502 1978 4556 dixissent
2014 4512 2063 4571 ι)
2090 4522 2282 4576 suum,
2308 4530 2485 4583 neque
2515 4516 2788 4571 formidet.
2808 4516 3048 4572 Audistis
3073 4519 3322 4589 quiaﬁgo
3345 4522 3460 4575 dixi
3484 4523 3649 4576 vobis:

403 4592 559 4644 vobis
586 4607 600 4645 :
637 4592 775 4655 Quia
801 4592 939 4645 vado
964 4608 1154 4659 parare
1176 4592 1331 4647 vobis
1362 4594 1566 4649 locum.
1596 4594 1663 4649 Et
1693 4596 1737 4649 si
1767 4595 1977 4656 abiero,

398 4693 459 4735 ct
515 4698 893 4752 pra~paravero
942 4686 1100 4740 vobis
1157 4686 1379 4739 locum:
1426 4687 1631 4740 iterum
1696 4690 1877 4751 venio,
1926 4695 1980 4739 et

400 4777 667 4845 accipiam
697 4792 791 4828 vos
820 4774 887 4828 ad
930 4791 1016 4829 tne
1041 4777 1237 4845 ipsum,
1284 4788 1341 4831 ut
1374 4778 1464 4832 ubi
1500 4794 1623 4832 sum
1652 4796 1774 4850 ego,
1799 4794 1852 4834 et
1884 4796 1981 4835 vos

399 4868 543 4923 sitis.
578 4869 645 4921 Et
682 4884 792 4938 quo
818 4884 917 4936 ego
946 4870 1105 4933 vado,
1134 4870 1307 4933 scitis,
1343 4881 1399 4925 et
1432 4868 1576 4923 viam
1633 4873 1807 4928 scitis.
1838 4872 1981 4929 Dicit

398 4963 449 5015 ei
485 4962 765 5016 Thomas:
803 4960 1051 5028 Domine,
1086 4962 1367 5017 nescimus
1399 4978 1508 5032 quo
1536 4965 1687 5019 vadis
1717 4980 1731 5017 :
1773 4975 1829 5020 et
1846 4984 1981 5035 quo-

401 5056 566 5109 modo
585 5070 869 5125 iiossumus
890 5054 1028 5108 viam
1062 5054 1230 5109 seire?
1256 5055 1397 5109 Dicit
1425 5057 1473 5110 ei
1504 5054 1699 5113 Jesus:
1731 5058 1837 5130 Ego
1858 5075 1977 5115 sum

401 5150 509 5212 via.
546 5159 600 5202 et
630 5148 855 5211 veritas,
919 5156 976 5202 et
1028 5148 1161 5201 vita.
1208 5148 1378 5203 Nemo
1408 5149 1559 5204 venit
1606 5152 1675 5207 ad
1738 5152 1977 5220 Patrem,

398 5241 504 5295 nisi
536 5256 630 5309 per
660 5255 766 5295 me.
803 5237 860 5293 Si
892 5239 1286 5307 cognovissetis
1308 5256 1415 5306 tne,
1449 5252 1503 5296 et
1538 5241 1753 5298 Patrem
1794 5261 1975 5300 meum

400 5334 591 5402 utique
629 5330 1041 5402 coguovissetis,
1093 5342 1148 5386 et
1203 5333 1401 5387 amodo
1442 5339 1789 5405 cognoscetis
1822 5354 1974 5406 eum,

472 5513 487 5542 ¹
530 5510 586 5563 In
641 5509 844 5563 nostris
877 5524 1033 5572 utss.,
1084 5509 1179 5565 Cui
1219 5512 1483 5580 respondit
1541 5512 1713 5567 Iesus.
1755 5514 1979 5569 Addunt

397 5596 532 5634 vero
564 5582 811 5650 plerique
842 5596 1036 5635 omnes
1072 5591 1193 5633 tunc
1241 5585 1591 5651 particulam,
1625 5586 1714 5637 ubi
1749 5586 1975 5651 dicitur,

398 5663 521 5702 tunc
576 5652 811 5723 intremit
841 5653 893 5701 iu
928 5667 1069 5711 eum,
1112 5665 1219 5704 etc.
1255 5653 1424 5706 Paulo
1461 5663 1582 5721 post
1617 5655 1780 5708 iidetn
1815 5671 1974 5723 tnss.,

400 5722 675 5791 quiagdict‘t
713 5723 757 5769 ci
781 5719 955 5780 Iesus,
992 5737 1089 5787 pro
1113 5724 1251 5791 quod
1285 5719 1499 5774 dixisset
1535 5725 1601 5785 ei,
1638 5735 1745 5779 etc.

474 5792 491 5817 '
527 5789 756 5855 Propius
790 5794 1023 5844 fortasse
1055 5789 1244 5845 Grch
1287 5794 1492 5847 habent
1534 5796 1705 5850 nostri
1730 5812 1857 5861 ms.,
1886 5799 1975 5867 qui

2090 4606 2258 4670 Vado,
2284 4616 2340 4661 et
2374 4610 2532 4662 venio
2563 4608 2629 4661 ad
2651 4624 2768 4663 vos.
2793 4608 2851 4663 Si
2892 4611 3191 4680 diligeretis
3216 4606 3321 4679 uie,
3347 4616 3657 4684 gauderetis

2088 4702 2295 4769 utique,
2326 4701 2451 4769 quia
2486 4702 2622 4755 vado
2671 4701 2734 4756 ad
2790 4703 3008 4756 Patrem
3056 4708 3227 4773 :quia
3269 4706 3432 4762 Pater
3486 4708 3655 4779 major

2086 4810 2171 4846 me
2204 4804 2309 4849 est.
2336 4795 2401 4847 Et
2424 4811 2569 4847 nunc
2597 4795 2706 4848 dixi
2733 4797 2884 4850 vobis
2915 4799 3233 4866 priusquam
3268 4802 3396 4855 tiat:
3439 4812 3491 4855 ut
3528 4819 3651 4857 eum

2084 4886 2285 4938 laetum
2322 4886 2485 4939 fuerit
2515 4887 2773 4941 credatis.
2805 4888 2921 4942 Jam
2954 4904 3061 4942 non
3116 4892 3282 4945 multa
3336 4893 3526 4963 loquar
3557 4911 3649 4948 vo-

2085 4974 2315 5029 biscum.
2354 4976 2518 5030 Venit
2549 4978 2693 5030 enim
2739 4980 2995 5049 princeps
3052 4983 3241 5036 mundi
3276 4985 3459 5053 hujus,
3498 4995 3557 5040 et
3598 4987 3651 5041 in

2084 5082 2169 5120 me
2203 5084 2308 5120 non
2350 5068 2513 5121 habet
2537 5070 2855 5138 quidquam.
2883 5070 2988 5126 Sed
3014 5082 3073 5126 ut
3098 5087 3390 5143 cognoscat
3420 5079 3653 5132 mundus

2084 5159 2213 5229 quia
2242 5161 2412 5229 diligo
2451 5161 2691 5225 Patrem,
2717 5173 2769 5217 et
2831 5164 2973 5219 sicut
2999 5168 3317 5224 mandatum
3346 5171 3489 5226 dedit
3514 5172 3650 5224 mihi

2082 5250 2262 5317 Pater,
2301 5253 2379 5307 sie
2416 5254 2578 5308 iacio.
2613 5256 2849 5323 Surgite,
2875 5272 3066 5313 eamus
3105 5259 3254 5316 hinc.

2158 5344 2313 5417 [ϐαρ.
2351 5344 2491 5419 Χν.]
2534 5347 2646 5419 Ego
2677 5364 2797 5403 sum
2843 5352 2969 5405 vitis
3001 5367 3168 5406 vera:
3199 5362 3255 5409 et
3301 5353 3451 5408 Pater
3491 5370 3648 5409 meus

2081 5527 2209 5581 vidit
2268 5544 2370 5593 me,
2415 5529 2544 5583 vidit
2575 5539 2624 5583 et
2660 5529 2898 5592 Patrem.
2954 5543 3062 5588 etc.
3090 5532 3228 5589 Tum
3269 5537 3438 5591 eidem
3469 5537 3646 5591 textui

2083 5599 2345 5667 pressius.
2377 5617 2480 5653 non
2512 5602 2679 5653 credis
2710 5617 2830 5668 pro,
2868 5620 2971 5657 nou
2996 5606 3229 5658 creditis.

2152 5671 2172 5699 ³
2198 5669 2256 5748 in
2294 5671 2517 5724 instanti
2546 5686 2669 5748 cntn
2696 5673 2884 5748 tirccco
2917 5686 3063 5730 textu
3098 5680 3274 5733 nostri
3312 5692 3520 5748 quoque
3544 5676 3646 5731 ha-

2081 5738 2362 5795 benttuss.
2427 5743 2763 5809 cognoscitis.
