3880 6168
216 322 324 386 713

1261 323 1775 387 EVANGELIUM
1814 321 1969 383 SEC.
2012 320 2396 383 JOANNEM.

3364 322 3471 388 7H

217 442 453 510 agricma
496 439 847 494 est.0mnem
881 440 1163 510 palmitem
1197 438 1360 493 inme
1386 455 1495 492 non
1526 440 1793 493 ferentem
1829 448 1868 498 Α
1902 433 1969 487 de
1999 448 2085 487 me
2110 447 2120 488 ς
2148 444 2204 490 et
2256 450 2353 488 vos
2403 434 2774 491 testimonium
2828 433 3209 502 perliibebitis,
3245 437 3369 504 quia
3407 440 3475 492 ab

216 532 457 587 fructum
484 573 501 597 ,
533 532 685 586 tollet
734 548 858 587 eum
887 548 901 584 :
937 542 991 586 et
1022 547 1239 587 omnem
1264 532 1357 601 qui
1388 532 1493 586 fert
1528 530 1790 590 fructum,

215 625 473 693 purgabit
518 642 667 691 eum,
701 636 759 680 ut
788 626 1023 679 fructum
1076 623 1197 693 plus
1259 624 1471 678 aderat.
1528 622 1648 678 1am
1693 637 1795 675 vos

215 716 407 769 mundi
440 717 577 771 estis
604 726 829 786 propter
858 731 1174 771 sermonem
1195 758 1210 782 ,
1230 730 1390 784 quem
1422 715 1640 770 locutus
1671 724 1791 769 sum

214 810 396 864 vobis.
428 811 638 865 Maneto
671 810 727 863 in
750 825 856 875 me,
894 819 949 863 et
974 825 1078 880 ego
1109 809 1164 863 in
1200 808 1375 863 vobis.
1407 807 1561 862 Sicut
1590 808 1794 875 palmes

209 917 323 954 non
362 911 544 969 potest
566 900 709 955 ferre
740 900 978 955 fructum
1013 916 1041 954 a
1096 900 1414 968 semetipso,
1471 901 1579 969 nisi
1635 916 1792 953 man-

211 992 349 1044 serit
399 991 453 1044 in
486 991 749 1046 vite:sie
801 1006 905 1046 nec
984 1006 1103 1056 vos,
1159 992 1263 1046 nisi
1321 992 1375 1044 in
1433 1007 1532 1046 me.
1574 1006 1796 1047 manse-

212 1082 497 1152 ritis.'Ego
524 1097 643 1136 sum
669 1083 829 1148 vitis,
862 1097 959 1136 vos
1016 1082 1269 1152 palmites
1318 1082 1448 1151 :qui
1499 1091 1683 1136 manet
1735 1082 1790 1135 in

213 1190 322 1239 me,
361 1184 420 1229 et
442 1188 545 1242 ego
575 1176 627 1227 in
663 1189 751 1237 eo,
781 1175 871 1228 hic
922 1175 1027 1229 fert
1055 1174 1291 1229 fructum
1335 1175 1566 1228 multum
1597 1189 1613 1242 ;
1666 1174 1791 1242 quia

213 1267 333 1320 sine
367 1281 455 1320 me
497 1268 629 1320 nihil
664 1268 892 1341 potestis
926 1267 1130 1322 facere.
1182 1266 1236 1321 Si
1287 1267 1412 1335 quis
1452 1266 1505 1320 in
1550 1276 1637 1320 me
1682 1281 1792 1320 non

211 1360 497 1424 manserit,
532 1360 781 1413 mittetur
804 1357 955 1412 foras
983 1358 1127 1412 sicut
1152 1358 1384 1427 palmes,
1424 1367 1481 1411 et
1509 1366 1720 1413 arescet
1749 1358 1788 1419 ί.

210 1456 263 1500 et
288 1449 728 1518 colligenteum,
765 1458 820 1503 et
857 1448 912 1502 in
961 1449 1140 1517 ignem
1200 1449 1450 1512 mittent,
1504 1459 1566 1503 et
1613 1449 1789 1504 ardet.

214 1536 469 1609 (cnsui,
493 1537 574 1607 4.]
604 1539 660 1595 Si
693 1540 1006 1596 manseritis
1043 1542 1100 1595 in
1145 1555 1254 1603 me,
1278 1551 1332 1595 et
1360 1541 1527 1596 verba
1570 1558 1687 1597 mea
1735 1542 1789 1597 in

209 1631 370 1684 vobis
399 1631 705 1686 manserint
729 1648 743 1685 :
772 1634 1145 1703 quodcunque
1173 1633 1461 1688 volueritis
1486 1633 1704 1704 petetis,
1738 1644 1793 1689 et

212 1725 301 1779 fiet
337 1724 514 1779 vobis.
538 1724 783 1796 [cxxxm
811 1725 923 1797 10.]
955 1726 1010 1779 In
1031 1727 1135 1780 hoc
1162 1725 1492 1780 ciarificatus
1511 1734 1596 1781 est
1629 1727 1791 1781 Pater

1905 525 2060 579 initio
2088 542 2301 581 mecum
2329 529 2478 583 estis.

1977 615 2133 688 [Cap.
2171 616 2333 688 Χνη
2354 617 2479 673 Haec
2505 622 2723 675 locutus
2752 635 2873 674 sum
2903 620 3079 683 vobis,
3100 630 3159 673 ut
3189 636 3297 675 non
3317 635 3481 676 scan-

1904 707 2235 762 dalizemini.
2266 710 2483 778 Absque
2533 712 2819 780 synagogis
2851 712 3055 765 facient
3095 726 3192 765 vos
3222 732 3234 765 :
3268 710 3480 782 [cum

1906 799 1959 870 1]
2018 800 2110 853 sed
2144 805 2288 853 venit
2326 802 2479 865 hora,
2518 812 2576 855 ut
2609 805 2792 857 omnis
2825 804 2917 874 qui
2956 803 3215 857 interficit
3250 820 3369 869 vos,
3397 821 3485 858 ar-

1905 891 2144 945 hitretur
2167 892 2491 962 obsequium
2526 910 2583 950 se
2608 907 2863 963 prazstare
2899 895 3029 950 Deo.
3055 896 3115 949 Et
3138 897 3253 950 haec
3284 897 3485 950 facient

1902 982 2078 1049 vobis,
2110 986 2235 1049 quia
2278 999 2383 1038 non
2420 996 2695 1041 noverunt
2718 985 2939 1041 Patrem
3006 1003 3186 1057 neque
3221 1003 3327 1041 me.
3371 987 3480 1041 Sed

1903 1073 2018 1127 haec
2046 1073 2261 1128 locutus
2295 1092 2414 1129 sum
2450 1077 2602 1131 vobis
2632 1095 2645 1131 :
2687 1088 2746 1132 ut
2798 1094 2921 1134 cum
2957 1080 3169 1133 venerit
3198 1080 3331 1133 hora
3374 1097 3473 1134 eo-

1902 1182 2046 1231 rum,
2080 1168 2508 1223 reminiscamini
2542 1169 2669 1239 quia
2694 1185 2797 1241 ego
2853 1172 2962 1226 dixi
3021 1173 3195 1227 vobis.
3240 1172 3472 1245 (cum,

1903 1256 2020 1329 10.]
2067 1258 2191 1313 Huic
2221 1271 2402 1314 autem
2440 1264 2595 1317 vobis
2616 1263 2685 1318 ab
2710 1264 2869 1318 initio
2908 1279 3017 1317 non
3057 1265 3189 1326 dixi.
3217 1268 3342 1335 quia
3383 1283 3483 1322 vom

1903 1353 2111 1406 hiscum
2144 1368 2291 1407 eram
2324 1371 2339 1408 :
2370 1365 2427 1409 et
2461 1371 2608 1412 nunc
2626 1357 2766 1410 vado
2806 1357 2873 1412 ad
2898 1374 3044 1421 eum,
3071 1359 3166 1427 qui
3192 1360 3479 1422 misitme;

1898 1454 1956 1499 et
1976 1460 2138 1500 nemo
2168 1461 2232 1499 ex
2270 1449 2421 1503 vobis
2474 1449 2776 1519 interrogat
2824 1465 2943 1504 me:
2998 1451 3117 1516 Quo
3151 1451 3341 1505 vadis?
3370 1451 3480 1505 Sed

1901 1539 2027 1606 quia
2064 1539 2177 1592 haec
2200 1539 2419 1593 locutus
2473 1555 2593 1594 sum
2629 1541 2808 1605 vobis,
2842 1541 3061 1596 tristitia
3113 1541 3357 1612 implevit
3389 1558 3484 1596 cor

1899 1639 2163 1682 vostrum.
2190 1628 2295 1683 Sed
2357 1644 2459 1700 ego
2486 1632 2773 1686 veritatem
2831 1630 2956 1686 dico
3007 1631 3205 1686 vobis:
3257 1632 3484 1701 expedit

1904 1720 2054 1774 vobis
2081 1729 2140 1773 ut
2168 1734 2269 1789 ego
2301 1721 2490 1773 vadum
2524 1740 2538 1776 :
2564 1723 2606 1775 si
2626 1723 2904 1776 enimnon
2938 1722 3147 1787 abiero,
3169 1721 3483 1779 Paracietus

213 1831 391 1878 meus,
427 1824 484 1869 ut
517 1818 755 1871 frttctnm
785 1817 1079 1886 plurimum
1112 1816 1789 1882 aii‘eratis,eteliiciamini
1830 1805 1867 1859 Β
1898 1826 2007 1863 ιιοιι
2049 1811 2229 1866 νθηὶυι
2262 1813 2326 1865 ad
2352 1828 2448 1866 V08
2478 1825 2494 1865 2
2533 1813 2576 1867 Si
2617 1824 2800 1869 amem
2843 1814 3053 1881 abiero.
3101 1815 3313 1871 milia"!
3355 1832 3483 1873 eum

220 1908 326 1961 mei
351 1908 633 1977 discipuli.
664 1908 817 1963 Sicut
848 1909 1038 1964 dilexit
1074 1925 1159 1964 me
1191 1909 1371 1971 Pater,
1407 1918 1461 1963 et
1492 1924 1592 1979 ego
1628 1909 1795 1962 dilevi

212 2015 329 2055 vos.
361 2000 573 2055 Maneto
604 2001 660 2055 in
711 2000 1005 2074 dilectione
1044 2014 1185 2055 mea.
1221 2000 1277 2055 Si
1343 2009 1612 2070 precepta
1671 2014 1790 2052 mea

211 2092 587 2155 servaveritis,
619 2092 914 2147 manebitis
947 2093 1009 2146 in
1042 2092 1341 2147 dilectione
1388 2106 1532 2156 mea,
1560 2091 1705 2145 sicut
1741 2098 1798 2143 et

212 2199 312 2253 ego
345 2183 524 2238 Patris
557 2185 662 2238 mei
697 2195 969 2254 praecepta
997 2184 1236 2250 servavi,
1270 2193 1324 2239 et
1358 2197 1554 2238 maneo
1592 2182 1645 2236 in
1678 2182 1797 2251 ejus

215 2277 537 2332 dilectione.
572 2276 701 2332 Haec
756 2277 976 2331 locutus
1015 2293 1137 2333 sum
1173 2276 1352 2340 vobis,
1408 2286 1475 2331 ut
1535 2276 1794 2345 gaudium

223 2384 404 2422 meum
438 2371 491 2423 in
518 2369 671 2423 vobis
705 2369 796 2434 sit,
833 2378 889 2424 et
914 2369 1175 2439 gaudium
1200 2378 1444 2424 vestrum
1478 2367 1792 2437 impleatur.

220 2458 326 2512 lloc
352 2470 689 2530 praeceptum
722 2475 925 2527 meum,
954 2470 1019 2515 ut
1068 2461 1309 2529 diligatis
1360 2458 1616 2523 invicem,
1650 2459 1793 2512 sicut

216 2551 385 2605 dilexi
420 2568 537 2608 vos.
569 2551 790 2625 [enim
845 2550 927 2624 4.]
971 2551 1232 2621 Majorcm
1290 2552 1394 2606 hac
1444 2550 1793 2605 dilectionem

210 2660 372 2698 acino
408 2645 594 2710 habet,
638 2657 697 2701 ut
724 2646 961 2705 animam
993 2660 1150 2700 suam
1182 2652 1347 2714 ponat
1368 2645 1493 2713 quis
1526 2656 1625 2711 pro
1650 2642 1793 2695 amis

204 2738 287 2791 eis
326 2739 467 2791 suis.
502 2737 739 2809 [cxxxvn
767 2736 879 2809 10.]
921 2736 1029 2792 Vos
1067 2738 1229 2791 amici
1263 2737 1367 2790 mei
1406 2736 1577 2801 estis,
1609 2734 1656 2790 si
1708 2733 1792 2787 fe-

200 2830 396 2886 ceritis
439 2846 561 2900 quae
597 2846 701 2902 ego
757 2832 1018 2902 praecipio
1075 2830 1253 2884 vobis.
1284 2828 1402 2884 lam
1456 2842 1567 2882 non
1609 2827 1788 2883 dicam

208 2939 305 2977 vos
340 2939 534 2979 servos
556 2965 570 2990 ,
605 2925 731 2993 quia
770 2939 961 2978 servus
990 2920 1310 2991 nescitquid
1343 2921 1503 2977 faciat
1534 2920 1791 2976 dominus

201 3019 345 3087 ejus.
378 3018 491 3071 Vos
525 3027 707 3072 autem
746 3016 860 3070 dixi
884 3017 1114 3079 amicos,
1146 3015 1275 3083 quia
1304 3015 1487 3068 omnia
1523 3027 1790 3082 qutecunv

203 3126 309 3179 que
350 3111 537 3165 audivi
569 3126 599 3164 a
634 3111 795 3164 Patre
841 3124 993 3169 meo.
1027 3118 1156 3162 nota
1193 3109 1298 3162 feci
1331 3107 1506 3163 vobis.
1539 3107 1655 3161 Non
1691 3122 1786 3162 vos
1815 3143 1857 3200 ο

196 3218 292 3254 me
317 3201 569 3270 elegistis
595 3243 612 3267 ,
650 3200 747 3255 sed
777 3213 882 3270 ego
912 3199 1054 3268 elegi
1085 3214 1202 3261 vos,
1233 3206 1288 3252 et
1311 3198 1468 3267 posui
1499 3212 1596 3253 vos
1618 3206 1788 3253 utea-

201 3297 295 3355 tis,
328 3309 390 3348 et
425 3294 667 3349 fructum
689 3293 934 3348 efferatis
964 3328 979 3355 ,
1010 3300 1065 3346 et
1095 3291 1306 3345 fructus
1335 3301 1517 3346 vester
1548 3299 1790 3348 maneat:

198 3385 475 3456 fcuxvtt,
509 3384 567 3457 i]
620 3394 678 3440 ut
712 3384 1086 3455 quodcunque
1141 3383 1411 3453 petieritis
1460 3382 1675 3438 Patrem
1735 3383 1788 3436 in

198 3480 435 3532 nomine
469 3494 613 3539 meo,
646 3477 738 3531 det
766 3475 938 3531 vobis.
976 3475 1257 3552 [cxxxvnt,
1295 3472 1409 3545 10.]
1429 3472 1553 3529 “336
1590 3473 1791 3529 mando

203 3572 388 3635 vobis,
426 3579 487 3623 ut
515 3570 755 3639 diligatis
796 3568 1056 3623 invicem.
1102 3566 1156 3621 Si
1208 3566 1448 3621 mundus
1490 3580 1588 3620 vos
1634 3565 1789 3631 odit,

198 3667 405 3719 scitote
435 3665 559 3733 quia
593 3679 679 3718 me
711 3666 952 3732 priorem
985 3661 1142 3717 vobis
1193 3660 1323 3715 odio
1354 3660 1564 3715 habuit.
1615 3658 1670 3715 Si
1722 3660 1790 3714 de

206 3757 422 3809 mundo
444 3756 707 3820 fuissetis,
733 3754 969 3807 mundus
990 3753 1135 3823 quod
1162 3767 1322 3807 suum
1349 3761 1486 3815 erat,
1512 3751 1786 3819 diligeret:

201 3850 332 3915 quia
368 3861 504 3901 vero
540 3847 605 3899 de
640 3845 846 3899 mundo
886 3860 994 3900 non
1039 3846 1174 3900 estis
1197 3883 1213 3909 ,
1246 3845 1341 3899 sed
1377 3858 1478 3912 ego
1518 3844 1655 3912 elegi
1694 3858 1791 3899 vos

201 3940 271 3993 de
302 3939 539 4001 rutundo,
574 3947 861 4006 propterea
893 3936 1012 3990 odit
1040 3949 1137 3989 vos
1164 3934 1422 3989 mundus.
1444 3932 1686 4005 leuam,
1707 3934 1788 4005 5.]

197 4032 542 4085 Mementote
571 4029 848 4084 sermonis
888 4029 1018 4092 mei,
1052 4042 1217 4096 quem
1282 4041 1385 4095 ego
1434 4027 1547 4081 dixi
1597 4026 1788 4080 vobis:

197 4124 316 4177 Non
353 4133 446 4177 est
478 4137 674 4177 servus
699 4123 873 4193 major
890 4121 1116 4175 domino
1133 4133 1252 4173 suo.
1288 4117 1433 4193 {cum
1470 4115 1584 4189 10.]
1620 4118 1673 4171 Si
1698 4132 1788 4171 me

190 4213 481 4282 persecuti
518 4220 671 4275 sunt,
702 4221 758 4265 et
790 4227 885 4267 vos
919 4220 1358 4280 persequentur:
1386 4210 1432 4264 si
1473 4223 1786 4264 sermonem

194 4322 385 4358 meum
421 4313 877 4368 servavemut,et
909 4312 1148 4356 vestrum
1168 4301 1494 4357 servabunt.
1520 4298 1787 4371 [cht,'i.]

194 4398 303 4452 Sed
346 4400 470 4451 haec
496 4400 679 4451 omnia
709 4396 911 4450 iaciant
942 4395 1097 4449 vobis
1122 4404 1350 4464 propter
1378 4408 1576 4447 nomen
1603 4407 1786 4446 meum

1902 1903 1969 1957 ad
2010 1918 2123 1957 vos.
2158 1904 2221 1957 Et
2253 1919 2374 1958 cum
2417 1905 2630 1959 venerit
2678 1905 2767 1961 ille
2796 1945 2812 1969 ,
2860 1918 3052 1977 arguet
3092 1910 3357 1967 mundum
3412 1913 3482 1967 de

1904 2003 2147 2062 peccato,
2180 2004 2235 2049 et
2290 1995 2358 2049 de
2384 1995 2619 2066 justitia,
2644 2006 2701 2051 et
2753 1998 2820 2053 de
2850 1998 3086 2069 judicio.
3129 2002 3203 2057 De
3257 2014 3481 2072 peccato

1901 2084 2198 2152 quidem‘,
2230 2088 2357 2155 quia
2398 2102 2507 2141 non
2536 2088 2893 2145 crediderunt
2925 2091 2978 2145 in
3009 2107 3093 2146 me
3128 2108 3142 2147 :
3169 2094 3241 2147 de
3268 2095 3480 2164 justitia

1902 2191 2052 2240 vero,
2091 2179 2217 2247 quia
2250 2179 2317 2232 ad
2350 2178 2566 2235 Patrem
2604 2182 2743 2236 vado
2768 2221 2783 2246 ,
2818 2192 2874 2237 et
2904 2183 3016 2253 jam
3070 2200 3179 2239 non
3218 2185 3483 2240 videbitis

1904 2283 2032 2323 me:
2068 2269 2134 2323 de
2158 2268 2367 2340 judicio
2399 2281 2603 2336 autem,
2640 2273 2769 2342 quia
2808 2276 3067 2345 princeps
3092 2275 3256 2345 hujus
3286 2278 3481 2332 mundi

1894 2360 2004 2430 jam
2029 2361 2312 2431 judicatus
2335 2373 2435 2419 est.
2470 2365 2667 2420 Adhuc
2699 2366 2870 2421 multa
2888 2368 3069 2424 habeo
3090 2370 3245 2424 vobis
3268 2369 3475 2425 dicere:

1898 2452 1993 2507 scd
2023 2468 2132 2507 non
2174 2456 2403 2524 potestis
2439 2468 2658 2526 portare
2696 2460 2879 2514 modo.
2903 2458 3041 2516 Cum
3065 2471 3247 2517 autem
3271 2464 3483 2518 venerit

1899 2544 1992 2599 ille
2014 2545 2250 2614 Spiritus
2276 2548 2548 2615 veritatis,
2573 2549 2790 2605 docebit
2808 2566 2908 2607 vos
2925 2566 3145 2606 onmem
3168 2554 3478 2608 veritatem.

1897 2635 2014 2689 Non
2046 2635 2193 2690 enim
2238 2637 2491 2706 loquetur
2522 2654 2550 2691 a
2600 2640 2943 2709 semetipso:
2995 2642 3090 2696 sed
3132 2658 3479 2714 quaecunque

1896 2727 2105 2790 audiet,
2128 2728 2406 2797 loquetur,
2436 2738 2491 2785 et
2530 2746 2653 2799 quae
2677 2740 2909 2787 ventura
2935 2742 3096 2797 sunt,
3128 2734 3484 2790 aununtiabit

1895 2818 2072 2875 vobis.
2108 2821 2201 2875 ille
2236 2838 2320 2876 me
2347 2823 2672 2880 clariﬁcabit
2700 2841 2723 2881 ιη
2768 2824 2897 2895 quia
2931 2825 3000 2881 de
3051 2841 3174 2882 meo
3221 2827 3477 2896 accipiet.

1893 2920 1949 2963 ct
1974 2911 2323 2967 annuntiubit
2351 2913 2527 2969 vobis.
2560 2913 2808 2986 [CXLVIIL
2837 2911 2918 2987 5.]
2971 2917 3161 2971 Omnia
3214 2924 3477 2986 quaecun-

1894 3014 2003 3069 que
2031 3000 2196 3056 habet
2230 3002 2409 3069 Pater,
2459 3020 2577 3059 mea
2604 3005 3002 3082 sunt.’[cxt.ix,
3035 3006 3151 3079 10.]
3182 3008 3480 3077 Propterea

1893 3092 2006 3146 dixi
2039 3108 2053 3144 ε
2090 3093 2217 3162 quia
2250 3094 2317 3149 de
2343 3110 2466 3150 meo
2515 3098 2769 3166 accipiet,
2815 3107 2871 3153 et
2919 3100 3271 3154 arninntiabit
3302 3101 3477 3157 vobis.

1895 3178 2192 3244 Modicum,
2232 3190 2288 3235 et
2311 3182 2421 3253 jam
2454 3198 2563 3238 non
2607 3185 2864 3241 videbitis
2886 3201 2975 3241 me
3002 3206 3015 3246 :
3049 3198 3103 3242 et
3134 3189 3331 3243 iterum
3360 3202 3479 3242 mo-

1896 3270 2110 3334 dicum,
2129 3281 2183 3326 et
2204 3272 2459 3330 videbitis
2479 3289 2602 3331 me:
2632 3277 2762 3345 quia
2795 3276 2934 3333 vado
2955 3278 3021 3332 ad
3053 3279 3293 3333 Patrem.
3314 3279 3479 3336 Dixe-

1893 3372 2026 3417 runt
2061 3378 2193 3433 ergo
2226 3381 2292 3419 cx
2323 3366 2611 3435 discipulis
2640 3371 2762 3439 ejus
2794 3371 2860 3425 ad
2893 3370 3127 3425 invicem
3164 3390 3177 3426 :
3206 3372 3349 3438 Quid
3389 3381 3479 3428 est

1894 3455 2019 3521 hoc,
2054 3457 2201 3525 quod
2232 3459 2372 3514 dicit
2417 3459 2609 3516 nobis:
2641 3461 2935 3528 Modicum,
2998 3475 3054 3519 et
3098 3479 3206 3517 nco
3274 3465 3481 3519 videbi~

1898 3548 1967 3602 tis
1997 3564 2106 3611 me,
2172 3558 2230 3604 et
2290 3550 2489 3606 iterum
2553 3553 2852 3615 modicum.
2911 3562 2968 3608 et
3030 3555 3291 3610 videbitis
3340 3571 3475 3617 me.

1894 3641 2019 3708 quia
2096 3642 2226 3696 vado
2288 3643 2353 3695 ad
2428 3644 2686 3697 Patrem?
2739 3645 3003 3700 Dicebant
3084 3662 3218 3715 ergo
3269 3665 3282 3700 :
3330 3649 3478 3713 Quid

1895 3742 1979 3786 est
2013 3736 2137 3797 hoc,
2168 3736 2313 3802 quod
2346 3734 2515 3798 dicit,
2553 3735 2861 3789 Modicum?
2893 3738 3171 3793 nescimus
3225 3740 3357 3808 quid
3399 3741 3478 3795 io-

1893 3826 2098 3893 quitur.
2141 3825 2405 3896 Cognovit
2443 3836 2624 3881 autem
2664 3826 2846 3892 Jesus,
2882 3831 3011 3897 quia
3046 3830 3306 3885 volebant
3340 3847 3469 3886 eum

1893 3918 2251 3987 interrogare,
2283 3929 2335 3973 et
2364 3920 2502 3974 dixit.
2531 3920 2642 3978 eis:
2680 3922 2754 3977 De
2788 3923 2890 3977 hoc
2910 3926 3155 3993 quaeritis
3178 3927 3323 3981 inter
3349 3941 3471 3989 vos,

1891 4008 2018 4073 quia
2047 4007 2181 4073 dixi,
2215 4007 2509 4073 Modicum,
2533 4020 2589 4065 et
2617 4025 2723 4065 non
2751 4011 3003 4067 videbitis
3033 4030 3118 4067 me
3146 4033 3159 4071 :
3190 4023 3246 4069 et
3274 4014 3472 4069 iterum

1896 4100 2201 4163 modicum,
2226 4112 2280 4156 et
2297 4103 2554 4158 videbitis
2572 4120 2677 4161 me.
2702 4106 2900 4170 Amen.
2935 4122 3121 4174 amen,
3141 4109 3265 4164 dico
3290 4110 3471 4165 vobis:

1894 4193 2020 4261 quia
2049 4193 2359 4262 piorabitis,
2399 4203 2455 4250 et
2481 4196 2685 4251 ﬂebitis
2714 4213 2844 4264 vos;
2866 4200 3106 4255 mundus
3129 4210 3311 4257 autem
3339 4216 3473 4272 gau.

1891 4285 2065 4351 debit,
2103 4300 2200 4341 vos
2230 4297 2413 4366 autem
2446 4289 2938 4357 eontristabimini,
2976 4291 3071 4345 sed
3118 4292 3343 4348 tristitia
3383 4308 3476 4348 ve-

1894 4390 2009 4434 stra
2028 4383 2347 4436 verteturin
2391 4384 2672 4451 gaudium.
2709 4384 2905 4439 Mulier
2934 4400 3057 4439 cum
3093 4385 3259 4455 parit,
3297 4386 3479 4441 tristi-

192 4490 395 4562 [ειμιΙ
416 4490 493 4560 5,]
517 4492 644 4559 quia
678 4490 932 4543 nescium
959 4502 1109 4553 eum,
1132 4486 1224 4556 qui
1256 4487 1407 4541 misi;
1439 4499 1547 4540 me,
1577 4482 1782 4557 [cnnh
1824 4505 1867 4557 υ
1894 4475 2020 4527 tiam
2052 4474 2234 4540 habet,
2266 4477 2391 4545 quia
2423 4476 2574 4530 venit
2604 4480 2733 4532 hora
2757 4477 2875 4547 ejus
2898 4496 2915 4531 τ
2938 4492 3062 4532 cum
3092 4487 3275 4533 autem
3311 4494 3475 4549 pepe-

187 4583 307 4654 10.]
341 4583 408 4637 Si
454 4598 562 4634 non
601 4582 875 4635 venissem
930 4588 985 4633 et
1004 4580 1227 4633 locutus
1254 4578 1483 4632 fuissem
1514 4577 1615 4643 eis,
1644 4593 1783 4646 pec-

182 4694 380 4733 catum
419 4691 530 4729 non
572 4675 879 4728 baberent:
921 4656 1081 4727 .nunc
1130 4681 1315 4725 autem
1369 4670 1783 4725 excusationem

186 4786 297 4823 non
336 4768 552 4821 habent
582 4765 652 4819 de
704 4773 928 4833 peccato
961 4778 1083 4817 suo.
1139 4760 1343 4832 [cum
1399 4759 1476 4832 1.]
1526 4760 1630 4826 Qui
1699 4773 1785 4814 me

182 4860 346 4921 odit,
384 4865 448 4909 et
470 4856 693 4910 Patrem
751 4869 932 4907 meum
988 4852 1123 4906 odit.
1148 4851 1329 4922 [cum
1362 4850 1473 4921 ιιι]
1504 4850 1561 4905 Si
1618 4865 1784 4920 opera

186 4967 299 5005 non
333 4950 598 5003 fecissem
626 4948 679 5000 in
698 4947 799 5007 eis,
825 4961 947 5015 qua:
968 4961 1128 4999 nemo
1151 4944 1293 4997 alius
1321 4942 1473 5005 fecit,
1494 4950 1782 5011 peccatum

187 5059 299 5096 non
345 5042 670 5093 haberent;
712 5053 858 5091 nunc
896 5051 1078 5091 autem
1138 5045 1194 5089 et
1233 5036 1510 5100 viderunt,
1551 5042 1611 5089 et
1648 5034 1782 5089 ode-

182 5144 322 5188 runt
361 5142 427 5187 et
450 5148 535 5185 me
594 5142 649 5185 et
679 5131 896 5187 Panem
930 5143 1137 5184 meum.
1180 5128 1286 5184 Sed
1321 5137 1381 5181 ut
1419 5126 1786 5195 adimpleatur

186 5245 409 5293 sermo,
448 5231 541 5296 qui
574 5227 631 5279 in
688 5229 806 5293 lege
840 5239 1032 5279 eorum
1058 5225 1301 5291 scriptus
1326 5230 1452 5276 est:
1486 5221 1620 5286 Quia
1659 5220 1787 5273 odio

186 5322 522 5374 habuerunt
540 5333 624 5370 ine
648 5314 979 5385 gratis.Cum
1004 5322 1187 5367 autem
1207 5314 1417 5365 venerit
1439 5311 1783 5374 Paracictus,

177 5429 352 5482 quem
388 5426 500 5479 ego
524 5412 735 5462 mittam
769 5407 924 5460 vobis
944 5423 974 5458 a
1004 5404 1188 5467 Patre,
1219 5403 1493 5470 Spiritum
1520 5403 1782 5465 veritatis,

172 5512 331 5579 quia
363 5505 539 5559 Patre
584 5500 865 5571 procedit,
903 5499 997 5553 illc
1057 5498 1434 5553 testimonium
1472 5496 1786 5563 perliibebtt

254 5651 268 5679 ι
310 5642 563 5710 Propius
590 5640 785 5694 Graeco
824 5636 1127 5709 ἐξηράνθη.
1168 5638 1276 5690 duo
1302 5638 1465 5690 etiam
1498 5650 1529 5689 e
1581 5633 1786 5689 nostris

176 5738 293 5775 mss
357 5714 514 5767 aruit
543 5715 746 5779 legunt.

250 5803 267 5824 ι
300 5796 494 5841 auem
542 5776 673 5836 mss.
724 5780 1089 5850 prietertnissa
1134 5778 1323 5834 vocula
1356 5780 1585 5861 quidem,
1610 5777 1664 5831 in
1706 5776 1793 5829 iu-

583 5887 855 5941 i‘aTuut..
930 5864 1154 5939 ΧΧιΧ.

1893 4567 2027 4620 rerit
2062 4581 2321 4632 puerum,
2352 4570 2461 4638 jam
2494 4583 2599 4623 non
2657 4571 2907 4623 meminit
2940 4586 3210 4638 pressurae
3247 4579 3474 4641 propter

1888 4659 2176 4728 gaudium,
2208 4660 2338 4729 quia
2370 4670 2529 4715 natus
2558 4670 2644 4716 est
2675 4662 2839 4714 homo
2863 4661 2919 4714 in
2949 4663 3236 4716 mundum.
3270 4661 3338 4717 Et
3375 4678 3477 4717 vos

1890 4750 2059 4821 igitur
2078 4765 2225 4805 nunc
2246 4751 2466 4820 quidem
2491 4752 2762 4807 tristitiam
2785 4751 3002 4807 habetis
3027 4772 3040 4818 ;
3069 4755 3266 4808 iterum
3293 4764 3476 4810 autem

1892 4843 2089 4898 videbo
2120 4859 2238 4907 vos,
2266 4853 2322 4899 et
2362 4843 2619 4914 gaudebit
2683 4858 2780 4899 cor
2814 4854 3055 4898 vestrum
3087 4864 3099 4898 :
3137 4856 3192 4899 et
3218 4846 3477 4916 gaudium

1888 4946 2135 4989 vestrum
2173 4950 2334 4989 nemo
2365 4934 2520 4990 tollet
2551 4952 2578 4989 a
2604 4936 2782 4991 voiris.
2811 4935 2877 4989 Et
2909 4936 2963 4989 in
3001 4937 3095 4991 illo
3119 4937 3208 4991 die
3240 4950 3330 4990 me
3363 4952 3473 4991 non

1890 5028 2151 5098 rogabitis
2170 5028 2487 5097 quidquam.
2508 5024 2624 5097 [CL,
2645 5026 2718 5096 1.]
2738 5028 2932 5091 Amen,
2950 5042 3132 5093 amen,
3152 5027 3273 5082 dico
3296 5027 3474 5081 vobis:

1890 5121 1935 5173 si
1964 5119 2093 5189 quid
2126 5119 2391 5189 petieritis
2421 5119 2636 5173 Patrem
2670 5122 2725 5173 in
2762 5121 2984 5174 nomine
3028 5136 3171 5183 meo,
3196 5118 3365 5185 dabit:
3386 5132 3476 5173 vo-

1891 5215 1996 5268 bis.
2040 5212 2221 5283 Usque
2249 5213 2411 5266 modo
2434 5227 2544 5265 non
2580 5210 2794 5280 petistis
2825 5212 3125 5281 quidquam
3158 5213 3208 5265 in
3240 5212 3465 5265 nomine

1897 5323 2063 5362 meo:
2101 5307 2293 5377 petite,
2319 5315 2371 5360 et
2399 5306 2700 5375 accipietis,
2742 5314 2799 5358 ut
2836 5306 3095 5375 gaudium
3133 5312 3371 5357 vestrum
3398 5302 3471 5357 sit

1891 5403 2134 5472 plenum.
2179 5398 2307 5471 [αιν
2342 5397 2454 5470 10.]
2489 5398 2611 5453 iia-c
2647 5398 2701 5452 in
2750 5398 3055 5468 proverbiis
3097 5395 3311 5448 locutus
3347 5410 3469 5449 sum

1892 5496 2067 5550 vobis.
2096 5494 2259 5548 Venit
2294 5493 2453 5555 liora,
2485 5506 2610 5547 cum
2638 5493 2747 5562 jam
2793 5506 2899 5544 non
2938 5490 2989 5542 in
3028 5486 3335 5556 proverbiis
3387 5488 3476 5540 lo-

1892 5632 2056 5687 stanti
2120 5631 2286 5685 habet
2328 5636 2549 5699 propius
2598 5628 2786 5681 Gneco
2844 5624 3167 5699 textui,_non
3228 5627 3473 5683 (redimi.

1894 5700 2285 5754 πιστεύουσινε
2326 5691 2449 5752 iuuit
2477 5700 2815 5752 ρυιιιεηξιιιυτ
2854 5713 2959 5748 non
2996 5691 3173 5748 ridetis
3236 5709 3338 5762 pro
3375 5710 3480 5749 non

1894 5772 2151 5828 ι’ἱάινὺίιὶε.

2960 5864 3038 5928 23
