3880 6168
467 344 572 408 715

1372 351 1432 412 S.
1474 348 1910 412 ΙΠΕΠΟΝΥΜΙ
1958 352 2047 413 Dl‘

2155 353 2223 414 iA
2267 355 2797 422 BIRLIOTHECA.
3606 358 3693 421 716

467 475 605 529 quar
631 457 813 525 vobis,
840 459 935 516 sed
964 461 1143 531 palam
1178 462 1246 518 de
1283 464 1440 520 Patre
1474 467 1818 522 annuntiabo
1858 465 2034 521 vobis.
2069 473 2115 529 Α
2144 468 2330 525 credat
2352 471 2607 538 mundus,
2639 472 2767 541 quia
2795 478 2850 525 tu
2886 485 2972 525 me
3002 468 3219 527 misisti.
3250 470 3315 525 Et
3354 484 3456 542 ego
3489 472 3697 525 clarita-

468 553 530 607 ln
561 550 713 625 [ιιιιε.
746 562 852 609 tac.
877 552 968 625 In]
996 554 1087 608 illo
1115 554 1203 608 die
1231 555 1283 609 in
1317 557 1537 612 nomine
1570 572 1692 613 meo
1715 556 1913 628 petetis
1939 576 1953 613 :
1982 567 2045 611 et

470 657 579 698 non
606 644 730 699 dico
754 644 911 700 vobis
944 646 1071 715 quia
1104 660 1207 717 ego
1236 648 1440 719 rogabo
1472 650 1689 705 Patrem
1734 650 1804 705 de
1834 649 1995 705 vobis
2024 666 2041 706 :

472 735 588 806 ipse
639 738 783 792 enim
815 738 979 791 Pater
1035 750 1181 795 amat
1206 754 1325 806 vos,
1378 740 1506 812 quia
1538 756 1637 797 vos
1684 756 1773 796 me
1816 741 2045 799 amastis

476 830 598 900 |ms.
632 827 874 900 amatis],
920 837 976 884 et
1006 831 1319 887 credidisﬁs
1344 833 1476 903 quia
1510 848 1613 902 ego
1668 848 1698 887 a
1729 835 1841 889 Deo
1882 836 2044 890 exivi.

476 918 628 973 Exivi
660 934 689 971 a
715 918 970 982 Patre,et
994 922 1117 973 veni
1151 921 1203 974 in
1225 922 1490 977 mundum
1515 939 1531 977 :
1571 923 1768 979 iterum
1796 924 2047 994 relinquo

473 1009 760 1075 mundum,
796 1019 852 1064 et
880 1009 1022 1065 vado
1052 1012 1118 1067 ad
1164 1012 1407 1070 Patrem.
1450 1014 1647 1069 Dicunt
1698 1015 1751 1069 ei
1797 1015 2046 1085 discipuli

470 1104 638 1172 ejus:
674 1100 812 1157 Ecce
840 1118 983 1157 nunc
1031 1104 1207 1172 palam
1253 1105 1497 1174 loqueris
1521 1145 1537 1169 ,
1583 1114 1640 1161 et
1693 1107 2045 1176 proverbium

473 1192 681 1244 nullum
709 1190 869 1247 dicis.
902 1192 1054 1247 Nunc
1079 1192 1285 1248 scimus
1305 1194 1435 1264 quia
1465 1195 1578 1251 scis
1607 1196 1814 1262 omnia,
1848 1209 1905 1252 et
1936 1213 2047 1251 non

474 1298 611 1348 οιιυε
634 1294 719 1338 csl
741 1282 862 1348 libi.
888 1293 946 1337 ut
977 1286 1100 1354 quis
1133 1295 1184 1341 te
1225 1285 1569 1357 interroget;
1602 1288 1657 1342 in
1706 1290 1811 1344 hoc
1873 1290 2049 1344 credi.

478 1392 598 1429 Itllls
627 1377 753 1445 quia
789 1393 818 1430 a
848 1378 957 1431 Deo
984 1378 1167 1432 existi.
1205 1377 1352 1451 [01.11,
1384 1379 1464 1451 4.]
1508 1380 1812 1450 Respondit
1858 1382 1945 1438 eis
1963 1381 2052 1438 Jeo

474 1482 571 1521 sus
601 1484 614 1519 :
659 1465 817 1521 Modo
843 1468 1105 1523 creditis?
1133 1470 1273 1526 Ecce
1305 1472 1458 1526 venit
1488 1471 1647 1538 hora,
1666 1482 1719 1529 et
1746 1474 1856 1545 jam
1879 1476 2047 1541 venit,

479 1569 535 1609 ut
567 1558 952 1627 dispergamini
987 1563 1363 1633 unusquisque
1396 1564 1449 1618 in
1490 1566 1733 1635 propria,
1771 1575 1826 1620 et
1852 1583 1938 1621 me
1961 1582 2047 1622 so-

474 1649 588 1704 lum
625 1652 948 1721 relinquatis
975 1670 990 1709 :
1023 1664 1077 1710 et
1111 1670 1217 1710 non
1253 1670 1373 1711 sum
1400 1656 1568 1724 solus,
1600 1657 1726 1727 quia
1748 1660 1908 1714 Pater
1936 1674 2049 1714 mc-

476 1762 600 1799 c-um
629 1755 733 1800 est.
767 1744 936 1817 [ιῖιαιιι³
979 1746 1094 1819 10.]
1125 1749 1248 1803 Haec
1286 1750 1506 1805 locutus
1532 1765 1651 1804 sum
1684 1751 1859 1816 vobis,
1888 1762 1945 1806 ut
1996 1753 2049 1806 in

2148 572 2257 619 tem
2285 580 2451 636 quam
2479 565 2680 621 dedisti
2708 566 2863 631 mihi,
2898 566 3021 621 dedi
3053 568 3132 621 eis
3162 583 3176 623 :
3212 578 3270 621 ut
3294 568 3405 621 sint
3423 582 3589 621 unum
3613 565 3699 621 sic.

2150 668 2214 715 ut
2274 669 2332 715 et
2359 674 2460 714 nos
2486 675 2654 715 unum
2696 674 2911 715 sumus.
2955 660 3067 731 Ego
3092 661 3145 714 in
3171 661 3274 726 eis,
3308 668 3364 714 et
3412 668 3466 713 tu
3495 660 3548 713 in
3588 674 3703 715 me:

2149 756 2210 802 ut
2240 747 2350 803 sint
2378 749 2742 802 consummati
2777 748 2831 802 in
2866 764 3064 803 unum:
3093 759 3462 817 etcognoscat
3486 748 3704 803 mundus

2147 835 2273 905 quia
2309 842 2365 889 tu
2399 850 2485 890 tne
2518 836 2739 902 misisti,
2774 846 2829 892 et
2852 838 3090 894 dilexisti
3116 855 3235 903 eos,
3264 841 3408 893 sicut
3436 849 3492 893 et
3524 855 3608 893 me
3634 839 3704 893 di-

2147 923 2354 980 lexisti.
2395 924 2576 990 Pater,
2609 942 2748 997 quos
2778 927 2979 983 dedisti
3027 929 3185 993 mihi,
3216 928 3340 982 volo
3381 939 3440 982 ut
3482 929 3570 981 ubi
3597 943 3705 981 sum

2147 1028 2269 1082 ego,
2304 1021 2361 1068 et
2399 1014 2476 1068 illi
2532 1016 2644 1071 sint
2688 1032 2904 1074 mecum
2959 1035 2974 1073 :
3028 1029 3088 1072 ut
3140 1017 3365 1071 videant
3420 1017 3706 1071 claritatem

2150 1119 2350 1170 meam,
2386 1121 2547 1174 quam
2577 1106 2778 1164 dedisti
2823 1109 2960 1164 mihi
2992 1122 3009 1163 :
3044 1110 3169 1178 quia
3206 1108 3448 1163 dilexisti
3488 1125 3574 1162 me
3596 1118 3707 1162 ante

2150 1197 2602 1251 constitutionem
2627 1199 2845 1256 mttndi.
2889 1200 3053 1272 [ρων.
3085 1197 3168 1270 5.]
3193 1199 3354 1254 Pater
3371 1202 3540 1270 justo,
3565 1215 3709 1252 mnu.

2150 1287 2253 1343 dus
2282 1298 2335 1342 ιο
2368 1304 2477 1344 non
2520 1293 2815 1361 cognovit:
2848 1307 2953 1361 ego
2994 1302 3177 1347 autem
3197 1302 3248 1347 te
3275 1306 3544 1362 cognovi:
3576 1289 3709 1362 [ειν.

2151 1378 2241 1451 10]
2299 1390 2352 1435 et
2391 1380 2446 1435 hi
2480 1392 2871 1451 cognoverunt,
2897 1383 3025 1452 quia
3059 1393 3115 1437 tu
3158 1398 3243 1437 me
3269 1383 3485 1437 misisti.
3520 1382 3579 1436 Ε·
3623 1398 3709 1435 no-

2154 1489 2269 1534 tum
2301 1480 2404 1533 feci
2426 1478 2506 1533 eis
2530 1492 2731 1531 nomen
2759 1486 2940 1540 tuum,
2973 1486 3027 1530 et
3062 1487 3248 1529 n0tum
3272 1475 3463 1528 faciam
3500 1488 3517 1528 :
3549 1486 3605 1527 ut
3641 1473 3710 1525 di-

2154 1571 2315 1625 lectio
2352 1585 2455 1638 qua
2484 1569 2724 1623 dilexisti
2767 1557 2874 1631 me,
2908 1568 2963 1622 in
2990 1568 3122 1634 ipsis
3153 1567 3245 1631 sit,
3272 1575 3329 1621 et
3354 1581 3457 1636 ego
3489 1568 3541 1618 in
3572 1565 3708 1633 ipsis.

2223 1661 2380 1733 [Cap.
2408 1660 2592 1717 XVIII.
2622 1675 2763 1725 CLVI,
2800 1658 2880 1728 1.]
2908 1660 3034 1714 llaec
3064 1673 3186 1712 cum
3248 1657 3475 1711 dixisset
3532 1654 3707 1717 Jesus,

2154 1766 2407 1822 egressus
2447 1759 2533 1806 est
2563 1766 2686 1806 cum
2737 1749 3016 1819 discipulis
3062 1749 3178 1803 suis
3218 1756 3367 1801 trans
3425 1756 3709 1799 torrentem

478 1853 565 1891 me
593 1852 781 1906 pacem
824 1839 1092 1895 habeatis.
1137 1840 1191 1894 In
1224 1841 1429 1897 mundo
1462 1858 1779 1912 pressuram
1816 1844 2043 1899 habebi-
2083 1820 2125 1875 Β
2156 1820 2392 1910 Cedron,
2424 1844 2516 1898 ubi
2545 1853 2664 1898 erat
2693 1843 2906 1907 hortus,
2939 1844 2993 1896 in
3018 1857 3179 1911 quem
3215 1840 3466 1895 introivit
3489 1843 3626 1908 ipse.
3665 1848 3714 1891 et

480 1930 549 1984 tis
575 1946 592 1986 ζ
621 1930 714 1984 sed
743 1924 1021 1996 confidite,
1058 1947 1157 2004 ego
1197 1932 1299 1988 vici
1333 1934 1625 1989 mundum.

553 2022 709 2094 [ϐαρ.
735 2023 926 2098 XVll.]
956 2023 1079 2079 Haec
1114 2025 1331 2081 locutus
1360 2038 1440 2081 est
1466 2025 1636 2082 Jesus
1668 2046 1683 2087 :
1726 2036 1779 2083 et
1803 2028 2049 2083 subleva-

477 2120 548 2175 tis
586 2119 760 2173 oculis
791 2120 844 2172 in
877 2118 1098 2184 coelum,
1135 2117 1312 2173 dixit:
1361 2116 1541 2179 Pater,
1564 2118 1715 2174 venit
1744 2120 1871 2173 hora
1897 2121 2052 2183 ,-c|a-

478 2212 625 2267 rifica
652 2211 846 2266 Filium
883 2219 1059 2274 tuum,
1097 2218 1158 2265 ut
1206 2210 1386 2265 Filius
1446 2219 1575 2264 tuus
1632 2210 1898 2266 clariticct
1948 2220 1997 2265 te
2026 2228 2046 2267 ε

475 2307 618 2359 sicut
645 2302 841 2358 dedisti
882 2304 932 2358 ei
964 2312 1284 2373 potestatem
1314 2303 1495 2358 omnis
1545 2304 1748 2370 carnis,
1802 2312 2049 2359 utomne

477 2395 625 2462 quod
662 2395 859 2451 dedisti
901 2396 975 2457 ei,
1026 2395 1116 2450 det
1154 2394 1238 2450 eis
1268 2395 1433 2449 vitam
1475 2404 1755 2452 aeternam.
1795 2398 1921 2451 Haec
1968 2407 2053 2451 est

475 2495 658 2543 autem
694 2485 803 2541 vita
832 2495 1035 2540 aeterna
1064 2504 1078 2541 :
1116 2496 1175 2541 ut
1207 2496 1538 2556 cognoscant
1576 2500 1647 2553 te,
1674 2488 1850 2543 solum
1880 2487 2047 2543 Deum

475 2595 694 2647 verum,
719 2588 772 2634 et
808 2593 971 2649 quem
1011 2577 1231 2645 misisti,
1276 2576 1460 2633 Jesum
1513 2578 1820 2634 Christum.
1852 2580 1963 2649 Ego
1996 2591 2046 2636 te

476 2669 770 2726 clarificavi
802 2683 969 2738 super
1003 2678 1244 2735 terram;
1281 2684 1421 2739 opus
1450 2671 1867 2737 consummavi,
1901 2672 2048 2743 quod

478 2762 676 2817 dedisti
717 2759 854 2815 mihi
899 2768 959 2815 ut
1004 2758 1241 2830 faciam;
1290 2770 1346 2817 et
1374 2777 1520 2819 nunc
1548 2763 1786 2818 clarifica
1820 2780 1906 2819 me
1947 2774 2003 2819 tu
2031 2806 2047 2830 ,

477 2853 664 2919 Pater,
717 2852 860 2924 apud
909 2853 1254 2924 temetipsum
1281 2896 1297 2919 ,
1353 2854 1599 2909 claritate
1625 2895 1640 2920 ,
1677 2872 1840 2925 quam
1884 2856 2047 2911 habui

482 2947 806 3018 priusquam
840 2946 1079 3002 mundus
1108 2956 1278 3013 esset,
1304 2947 1447 3017 apud
1474 2958 1543 3003 te.
1580 2946 1919 3003 Manifestavi
1954 2966 2052 3003 nu-

476 3052 603 3093 men
637 3047 792 3093 tuum
823 3036 1163 3103 hominibus,
1187 3052 1325 3107 quos
1353 3039 1548 3094 dedisti
1572 3039 1792 3095 mihide
1821 3040 2044 3094 mundo:

479 3130 559 3185 tui
594 3137 770 3192 erant.
812 3138 870 3185 et
894 3129 1033 3185 mihi
1067 3144 1164 3185 eos
1188 3129 1425 3197 dedisti,
1460 3142 1516 3186 et
1546 3146 1858 3187 sermonem
1893 3142 2044 3186 tuum

471 3226 861 3275 servaverunt.
890 3217 1045 3275 Nunc
1079 3228 1496 3290 cognoverunt,
1526 3219 1655 3290 qula
1698 3220 1883 3276 omnia
1927 3236 2049 3291 qua:

474 3310 676 3366 dedisti
701 3309 857 3377 mihi,
887 3309 986 3365 abs
1016 3318 1071 3365 te
1100 3320 1230 3365 sunt
1255 3324 1271 3364 :
1301 3311 1428 3379 quia
1456 3311 1647 3372 verba,
1680 3325 1802 3382 qua:
1849 3311 2047 3367 dedisti

475 3401 635 3468 mihi,
664 3401 788 3458 dedi
820 3404 942 3457 eis:
975 3409 1029 3456 et
1063 3400 1168 3472 ipsi
1197 3411 1561 3469 acceperunt,
1587 3411 1643 3457 et
1672 3414 2051 3475 cognoverunt

474 3507 605 3547 vere
627 3494 758 3561 quia
788 3507 817 3546 a
847 3500 898 3546 te
926 3491 1094 3558 exivi,
1118 3500 1177 3546 et
1198 3492 1553 3547 crediderunt
1573 3492 1704 3562 quia
1733 3500 1791 3546 tu
1832 3508 1919 3548 me
1946 3494 2048 3548 mi.

475 3584 613 3641 sisti.
645 3583 759 3655 Ego
789 3599 887 3654 pro
921 3584 1001 3639 eis
1039 3598 1212 3656 rogo:
1244 3599 1353 3639 non
1382 3599 1481 3655 pro
1516 3586 1721 3640 mundo
1753 3601 1919 3657 rogo,
1951 3587 2047 3641 sed

476 3692 575 3746 pro
607 3676 877 3745 his,quos
900 3674 1100 3730 dedisti
1151 3675 1325 3729 mihi;
1363 3676 1491 3746 quia
1523 3676 1599 3731 tui
1625 3687 1790 3733 sunt:
1828 3690 1883 3733 ct
1929 3693 2049 3732 mea

472 3766 654 3821 omnia
696 3775 787 3820 tua
823 3772 980 3827 sunt,
1021 3774 1078 3819 et
1130 3774 1219 3820 tua
1263 3780 1383 3821 mea
1426 3775 1591 3822 sunt:
1636 3777 1692 3822 et
1718 3768 2049 3826 clarificatus

473 3874 595 3912 suzn
626 3858 680 3912 in
711 3858 814 3913 eis.
850 3856 914 3912 Et
934 3858 1046 3929 jam
1094 3872 1201 3912 non
1247 3874 1368 3913 sum
1394 3858 1451 3913 in
1499 3859 1706 3915 mundo
1731 3899 1746 3925 ,
1786 3870 1841 3916 et
1890 3847 1948 3916 bi
1992 3862 2048 3919 in

474 3950 680 4005 mundo
711 3959 877 4016 sunt,
918 3960 973 4005 et
1005 3964 1105 4020 ego
1150 3948 1217 4004 ad
1273 3958 1327 4005 te
1382 3950 1565 4005 venio.
1600 3950 1763 4007 Pater
1816 3964 2046 4023 sancte,

472 4058 633 4101 serva
655 4058 751 4098 eos
773 4042 829 4096 in
859 4042 1080 4097 nomine
1110 4052 1227 4107 tuo,
1255 4057 1395 4112 quos
1419 4042 1621 4099 dedisti
1645 4044 1779 4099 mihi
1810 4061 1825 4099 :
1856 4052 1917 4099 ut
1938 4048 2051 4102 sint

472 4148 665 4198 unum,
699 4133 844 4187 sicut
878 4141 935 4186 et
959 4146 1082 4187 nos.
1111 4130 1249 4187 Cum
1296 4146 1473 4189 essem
1518 4147 1641 4187 cum
1670 4134 1773 4197 eis,
1804 4148 1905 4206 ego
1935 4149 2052 4191 ser-

472 4227 664 4282 vabam
699 4240 795 4281 eos
816 4226 871 4280 in
895 4226 1117 4281 nomine
1147 4233 1259 4280 tuo.
1285 4225 1437 4292 Quos
1460 4226 1658 4281 dedisti
1685 4227 1844 4293 mihi,
1867 4237 2050 4283 custo-

472 4318 585 4373 divi
614 4336 627 4373 :
666 4326 723 4372 et
762 4331 923 4372 nemo
946 4332 1011 4371 ex
1043 4316 1124 4372 eis
1154 4316 1338 4387 periit,
1380 4317 1487 4373 nisi
1514 4318 1658 4373 filius
1702 4319 2046 4389 perditionis,

475 4422 532 4467 ut
562 4412 845 4483 Scriptura
874 4408 1183 4481 impleatur.
1222 4409 1376 4464 Nunc
1417 4419 1600 4466 autem
1644 4411 1713 4466 ad
1750 4422 1807 4468 te
1847 4414 2046 4471 venio:

2158 1936 2413 2006 discipuli
2438 1935 2579 2005 eius.
2618 1934 2802 2006 [cum
2835 1931 2951 2005 10.]
2975 1932 3193 1988 Sciebat
3235 1941 3414 1986 autem
3446 1941 3501 1985 et
3537 1928 3711 1994 Judas,

2160 2032 2251 2101 qui
2271 2031 2515 2085 tradebat
2531 2044 2681 2092 eum,
2705 2029 2907 2082 locum:
2930 2026 3057 2096 quia
3082 2027 3397 2094 frequenter
3414 2024 3573 2079 Jesus
3590 2038 3711 2077 con-

2159 2133 2383 2178 venerat
2413 2123 2541 2177 itluc
2568 2135 2700 2176 cum
2733 2118 3015 2187 discipulis
3044 2119 3181 2173 suis.
3214 2117 3418 2189 [εινιιι.
3455 2116 3527 2187 1.]
3559 2114 3713 2169 ludas

2140 2228 2286 2283 ergo
2314 2228 2438 2266 cum
2479 2212 2780 2281 accepisset
2807 2210 3113 2273 cohortem,
3152 2217 3209 2262 et
3238 2224 3266 2262 a
3289 2206 3635 2277 pentiticibus
3666 2214 3713 2258 et

2144 2306 2444 2361 “Pharisaeis
2471 2306 2753 2359 ministros
2776 2344 2791 2370 ,
2827 2304 2980 2358 venit
3017 2303 3149 2357 illuc
3210 2316 3335 2356 cum
3371 2299 3597 2354 laternis
3619 2340 3632 2361 ,
3664 2307 3713 2350 et

2157 2398 2387 2463 facibus,
2419 2406 2477 2452 et
2504 2395 2691 2450 armis.
2725 2390 2892 2467 [ιι.ιῄ
2948 2393 3062 2465 10.]
3096 2394 3255 2449 Jesus
3290 2391 3499 2461 itaque,
3545 2390 3712 2445 sciens

2158 2490 2368 2554 omnia,
2401 2504 2523 2558 quae
2552 2496 2781 2542 ventura
2807 2496 2964 2542 erant
2994 2501 3161 2555 super
3181 2500 3330 2549 eum,
3354 2482 3637 2552 processit,
3664 2492 3713 2533 et

2158 2581 2294 2635 dixit
2316 2579 2399 2635 eis
2424 2597 2437 2633 :
2460 2562 2633 2645 Quem
2666 2576 2912 2648 quarritis
2932 2577 2953 2630 ἲ
2972 2575 3398 2646 Responderunt
3425 2574 3475 2628 ei
3507 2573 3710 2628 :Jesum

2156 2671 2522 2727 Nazarenum.
2576 2669 2720 2724 Dicit
2757 2668 2839 2724 eis
2862 2667 3055 2723 Jesus:
3085 2666 3196 2737 Ego
3224 2681 3367 2765 stum.
3399 2665 3588 2765 Stabat
3624 2679 3711 2716 au-

2158 2770 2266 2816 tem
2287 2759 2547 2825 ctJudas,
2572 2762 2662 2831 qui
2700 2759 2955 2815 tradebat
2984 2774 3135 2821 eum,
3171 2756 3296 2812 cuin
3320 2757 3474 2826 ipsis.
3498 2756 3564 2812 Ut
3593 2769 3709 2822 ergo

2159 2854 2295 2908 dixit
2327 2853 2429 2910 eis:
2460 2851 2571 2923 Ego
2601 2867 2723 2908 sum
2749 2867 2766 2906 :
2795 2850 3049 2906 abierunt
3074 2860 3405 2918 retrorsum,
3436 2856 3493 2901 et
3511 2845 3709 2900 cecide-

2158 2955 2287 3001 runt
2304 2946 2359 3000 in
2383 2957 2608 3000 terram.
2636 2944 2839 2999 iterum
2862 2957 2992 3013 ergo
3024 2941 3382 3011 interrogavit
3401 2954 3493 2994 eos
3518 2954 3538 2993 ;
3554 2937 3707 3003 Quem

2157 3037 2549 3107 quaritisillli
2580 3046 2762 3091 autem
2794 3036 3055 3092 dixerunt
3084 3052 3099 3089 :
3146 3034 3329 3089 Jesutn
3350 3031 3708 3087 'Nazarenum.

2162 3130 2466 3201 Respondit
2485 3130 2643 3186 Jesus
2674 3146 2688 3183 ε
2732 3129 2850 3184 Dixi
2872 3129 3055 3193 vobis,
3078 3128 3205 3197 quia
3229 3143 3330 3197 ego
3349 3142 3470 3180 sum
3491 3142 3507 3181 :
3531 3126 3575 3179 si
3592 3136 3709 3191 ergo

2156 3239 2244 3279 me
2265 3223 2529 3294 quaeritis,
2565 3222 2731 3279 sinite
2759 3223 2858 3278 hos
2890 3222 3064 3277 abire.
3096 3220 3503 3289 Utimpleretur
3524 3230 3707 3278 sermo,

2156 3331 2318 3387 quem
2359 3318 2492 3370 dixit
2524 3331 2537 3368 :
2581 3315 2717 3381 Quia
2745 3330 2886 3386 quos
2915 3314 3116 3369 dedisti
3153 3313 3287 3367 mihi
3316 3354 3330 3376 ,
3373 3327 3483 3365 non
3518 3308 3709 3381 perdidi

2152 3425 2219 3466 ex
2252 3410 2329 3465 eis
2352 3424 2712 3480 quemquam.
2749 3409 2896 3482 [σιμ
2932 3407 3011 3479 1.]
3042 3408 3230 3463 Simon
3263 3423 3394 3479 ergo
3423 3406 3610 3463 Petrus
3628 3408 3705 3459 ha-

2156 3499 2293 3556 heus
2328 3501 2569 3571 gladium
2600 3502 2791 3555 eduxit
2825 3514 2950 3554 eum
2980 3515 2996 3552 :
3043 3510 3099 3553 et
3137 3500 3409 3568 percussit
3460 3496 3710 3568 pontificis

2152 3606 2375 3646 servum
2408 3609 2423 3645 :
2461 3600 2517 3646 et
2538 3590 2772 3647 abscidit
2796 3592 3098 3645 auriculam
3129 3590 3251 3655 ejus
3278 3589 3572 3644 dexteram.
3595 3586 3709 3639 Erat

2159 3694 2345 3740 autem
2374 3700 2572 3740 nomen
2600 3700 2765 3742 servo
2792 3686 3061 3742 Malchus.
3098 3694 3266 3759 1cm,
3294 3683 3408 3756 ια]
3432 3684 3572 3739 Dixit
3593 3696 3709 3750 ergo

2150 3776 2317 3833 Jcsus
2355 3776 2557 3835 Petro:
2592 3778 2746 3834 Mitte
2778 3779 3018 3849 gladium
3077 3789 3231 3835 tuum
3260 3779 3278 3809 ί
3342 3778 3397 3831 in
3455 3778 3708 3847 vaginam.

2152 3870 2413 3936 Calicem,
2447 3885 2611 3940 quem
2636 3870 2787 3926 dedit
2824 3871 2956 3925 mihi
2983 3871 3163 3937 Pater,
3193 3887 3304 3926 non
3334 3870 3515 3925 bibam
3538 3867 3710 3922 illum?

2153 3959 2344 4034 [CLXI],
2384 3959 2463 4033 1.]
2496 3960 2711 4017 Cohors
2748 3976 2902 4031 ergo,
2952 3974 3011 4018 et
3070 3963 3329 4019 tribunus
3351 4002 3367 4029 ,
3400 3973 3457 4018 et
3493 3960 3710 4016 ministri

2150 4050 2467 4107 Judaeon
2512 4053 3293 4122 comprehenderuntJesum,
3328 4064 3384 4110 et
3422 4056 3709 4126 ligaverunt

2150 4157 2276 4197 eum
2306 4159 2324 4199 ι
2360 4141 2572 4214 [cum,
2606 4144 2697 4215 10]
2744 4153 2802 4200 et
2824 4146 3174 4201 adduxerunt
3229 4162 3356 4201 eum
3409 4149 3474 4202 ad
3513 4153 3709 4201 Annam

2152 4234 2429 4305 primum:
2458 4246 2577 4290 erat
2596 4237 2741 4291 enim
2760 4251 2917 4292 socer
2953 4237 3310 4308 Caiphanqui
3338 4248 3459 4294 erat
3488 4248 3707 4309 pontuex

2153 4326 2284 4381 anni
2307 4327 2453 4382 illius
2474 4367 2491 4382 .
2528 4329 2659 4383 Erat
2681 4339 2863 4384 autem
2891 4330 3147 4399 Caipbas,
3179 4332 3277 4400 qui
3310 4333 3593 4387 consilium
3628 4333 3709 4384 de-

2152 4419 2309 4473 derat
2337 4417 2540 4475 Judzcis
2569 4438 2584 4476 :
2620 4420 2749 4490 quia
2772 4423 3025 4491 expedit,
3058 4439 3224 4478 unum
3264 4425 3543 4480 hominem
3582 4424 3705 4477 iiiuri

471 4514 529 4558 et
555 4503 670 4557 haec
700 4504 894 4572 loquor
916 4500 969 4555 in
993 4500 1219 4567 mundo,
1252 4500 1844 4573 uthabeantgaudium
1865 4520 2047 4561 meum
2082 4522 2126 4578 ο
2155 4526 2256 4580 pro
2288 4514 2513 4581 p0pulo.
2544 4512 2741 4584 lotam,
2780 4512 2861 4583 4.]
2916 4513 3261 4584 Sequebatur
3309 4528 3492 4570 autem
3536 4515 3705 4569 Jesum

474 4598 757 4663 impletum
792 4594 848 4648 in
879 4593 1211 4663 semetipsis.
1264 4593 1381 4671 ‘Ego
1428 4594 1556 4649 dedi
1599 4595 1680 4650 eis
1736 4611 2047 4653 sermonem

475 4699 654 4753 tuum,
679 4694 736 4741 et
774 4684 1012 4739 mundus
1043 4698 1140 4739 eos
1168 4682 1295 4739 odio
1337 4684 1551 4751 habuit,
1586 4687 1713 4755 quia
1764 4704 1875 4743 non
1920 4699 2048 4744 sunt

471 4780 540 4836 de
580 4778 810 4844 mundo,
837 4779 981 4831 sicut
1010 4784 1070 4831 et
1098 4789 1199 4846 ego
1230 4789 1341 4829 non
1384 4790 1505 4830 sum
1546 4776 1616 4831 de
1658 4779 1888 4834 mundo.
1928 4780 2046 4835 Non

474 4886 629 4939 rogo,
664 4879 723 4924 ut
748 4868 908 4923 tollas
940 4881 1035 4923 eos
1067 4865 1135 4921 de
1181 4864 1411 4933 mundo,
1438 4867 1534 4922 sed
1562 4876 1623 4922 ut
1659 4883 1849 4926 serves
1886 4887 1984 4928 eos
2018 4889 2050 4927 a

474 4962 643 5019 malo.
674 4961 749 5016 De
781 4958 989 5015 mundo
1022 4974 1132 5013 non
1172 4967 1324 5023 sunt,
1356 4960 1500 5015 sicut
1529 4970 1585 5016 et
1622 4976 1724 5033 ego
1759 4978 1868 5018 non
1924 4980 2047 5020 sum

480 5057 547 5110 de
587 5053 815 5108 mundo.
857 5050 1149 5108 Sanctifica
1174 5063 1271 5105 eos
1307 5050 1365 5105 in
1394 5053 1650 5109 veritate.
1685 5053 1882 5110 Sermo
1922 5067 2046 5111 tuus

475 5146 679 5205 veritas
708 5156 813 5201 est.
847 5143 999 5198 Sicut
1021 5152 1078 5197 tu
1112 5157 1198 5198 me
1229 5141 1428 5198 misisti
1467 5145 1522 5198 in
1551 5147 1841 5212 mundum,
1864 5160 1919 5203 et
1942 5164 2048 5219 ego

475 5242 597 5298 misi
642 5253 739 5296 eos
767 5240 823 5293 in
877 5238 1165 5291 mundum.
1210 5238 1277 5292 Et
1327 5254 1427 5309 pro
1475 5240 1560 5294 eis
1609 5254 1712 5309 ego
1758 5243 2045 5297 sanctifico

474 5337 789 5404 tneipsum;
822 5344 878 5386 ut
911 5334 1020 5386 sint
1048 5342 1104 5387 et
1133 5332 1237 5401 ipsi
1297 5332 1620 5386 sanctificati
1684 5336 1740 5388 in
1790 5334 2041 5388 veritate.

470 5431 591 5486 Non
614 5444 723 5499 pro
761 5427 843 5481 eis
880 5425 1031 5497 [mm
1069 5422 1180 5495 his]
1206 5434 1387 5479 autem
1423 5439 1554 5495 rogo
1581 5436 1812 5491 tantum,
1849 5428 1944 5480 sed
1993 5439 2048 5482 et

474 5536 575 5590 pro
602 5522 703 5584 eis,
748 5519 840 5589 qui
867 5518 1133 5572 credituri
1174 5527 1303 5571 sunt
1332 5532 1430 5585 per
1480 5518 1709 5571 verbum
1743 5532 1935 5571 eorum
1992 5520 2046 5573 in

474 5628 597 5668 me;
637 5625 697 5667 ut
730 5626 923 5665 omnes
963 5625 1131 5663 unum
1161 5609 1290 5677 sint,
1328 5609 1471 5662 sicut
1503 5616 1584 5674 tu,
1616 5609 1811 5676 Pater,
1850 5611 1901 5663 in
1940 5626 2042 5673 me,

468 5715 529 5759 ct
555 5721 655 5773 ego
695 5707 747 5757 in
786 5714 857 5767 lc,
902 5712 1041 5758 utet
1089 5702 1191 5771 ipsi
1245 5703 1302 5755 in
1359 5702 1515 5755 nobis
1569 5716 1736 5755 unum
1776 5702 1927 5758 sint:
1990 5715 2047 5758 ut

2158 4602 2352 4660 Simon
2380 4606 2599 4670 Petrus,
2622 4615 2677 4661 et
2695 4606 2835 4662 alius
2854 4606 3184 4677 discipulus.
3208 4608 3384 4680 [cum
3416 4608 3525 4681 10.]
3555 4610 3711 4663 Disci-

2154 4696 2316 4765 pulus
2348 4706 2530 4752 autem
2566 4698 2658 4753 ille
2689 4709 2809 4753 erat
2847 4709 3011 4753 notus
3043 4701 3287 4770 pontitici
3314 4741 3332 4766 ,
3377 4714 3434 4758 et
3483 4704 3707 4758 introivit

2154 4802 2280 4843 cum
2313 4787 2443 4843 Jesu
2488 4790 2543 4844 in
2596 4790 2796 4844 atrium
2828 4790 3127 4859 pontificis.
3158 4792 3362 4863 (cum,
3404 4794 3483 4865 1.]
3531 4796 3706 4850 Petrus

2154 4888 2339 4934 autem
2372 4881 2553 4935 stabat
2595 4881 2663 4935 ad
2696 4891 2897 4936 ostium
2934 4880 3093 4936 foris.
3138 4886 3368 4955 icexvtt,
3425 4887 3499 4959 1.]
3550 4888 3709 4940 Exivit

2155 4986 2287 5042 ergo
2317 4972 2623 5042 discipulus
2652 4973 2813 5039 alius,
2853 4974 2949 5043 qui
2980 4984 3101 5028 erat
3152 4984 3320 5032 notus
3354 4981 3627 5047 pontifici,
3660 4989 3707 5030 et

2157 5063 2297 5117 dixit
2327 5065 2591 5129 ostiaria,
2618 5066 2997 5122 ctintroduxit
3043 5070 3290 5125 Petrum.
3334 5072 3588 5142 [ειινιιι,
3642 5068 3709 5138 1.]

2158 5153 2444 5225 Dicitergo
2468 5156 2633 5211 Petro
2660 5159 2854 5214 ancilla
2886 5162 3107 5216 ostiaria
3137 5182 3152 5217 :
3181 5162 3455 5234 Numquid
3473 5177 3528 5219 et
3560 5176 3611 5217 tu
3651 5180 3709 5216 ex

2160 5247 2448 5316 discipulis
2479 5262 2541 5302 es
2572 5250 2811 5306 h6minis
2844 5256 3038 5308 istius?
3088 5256 3225 5311 Dicit
3262 5258 3356 5311 ille
3383 5274 3401 5313 :
3437 5258 3545 5312 Non
3575 5274 3706 5311 sum.

2150 5335 2362 5408 [cum
2400 5336 2514 5409 10.]
2535 5339 2762 5396 Stabant
2781 5352 2967 5396 autem
2994 5346 3137 5400 servi
3163 5357 3217 5401 et
3238 5348 3472 5402 ministri
3498 5348 3559 5402 ad
3583 5362 3705 5417 pru-

2158 5443 2279 5493 nas,
2304 5430 2433 5497 quia
2465 5429 2636 5500 frigus
2660 5442 2803 5497 erat,
2831 5444 2887 5487 et
2915 5435 3313 5492 calefaciebant
3338 5454 3397 5494 se
3420 5457 3439 5497 ;
3474 5447 3582 5493 erat
3612 5453 3706 5490 an-

2160 5528 2267 5573 tem
2296 5535 2418 5574 cum
2469 5522 2552 5576 eis
2580 5533 2630 5575 et
2665 5523 2859 5578 Petrus
2912 5535 3085 5590 stans,
3149 5538 3204 5583 et
3251 5530 3564 5585 calefaciens
3628 5541 3704 5581 se.

2156 5610 2413 5665 Pontifex
2444 5629 2573 5683 ergo
2598 5615 2946 5686 interrogavit
2974 5616 3159 5673 Jesum
3186 5624 3251 5675 de
3282 5623 3551 5695 discipulis
3573 5620 3705 5685 suis,

2159 5707 2300 5759 etde
2321 5707 2564 5760 doctrina
2592 5709 2723 5777 ejus.
2764 5708 2943 5779 [cum
2981 5712 3000 5763 1
3043 5710 3386 5783 Jitespoudit
3432 5719 3479 5771 ei
3521 5713 3727 5769 Jesus:.

548 5822 566 5851 ³
588 5820 900 5875 Ριυιιυιιιυιι
932 5829 1097 5885 tuum,
1130 5820 1271 5889 quod
1301 5818 1588 5875 etcodices
1612 5821 1831 5889 quidam
1859 5821 2029 5880 Graeci
2070 5832 2275 5887 tacent,
2316 5824 2367 5876 iu
2398 5827 2596 5880 nostris
2630 5841 2758 5880 mss.
2790 5843 2897 5881 non
2930 5830 3189 5887 habetur.
