3880 6168
151 271 244 341 717

1166 273 1417 339 EVANG
1429 275 1674 339 ELIUM
1713 275 1866 339 SEC.
1915 274 2296 340 JOANNEM.

3255 267 3359 332 713

149 390 244 458 Ego
271 386 426 456 palam
464 385 682 442 loeutus
708 397 828 440 sum
858 387 1097 442 mundo:
1123 403 1224 455 ego
1256 402 1472 457 semper
1509 387 1672 442 docui
1706 386 1757 448 Α
1788 385 1999 440 Pilatus
2024 384 2235 450 Iesum,
2270 397 2325 438 et
2351 380 2660 453 ﬁagellavit.
2698 379 2765 434 Et
2812 380 3014 433 milites
3062 381 3363 447 plectentes

151 481 198 532 in
223 489 486 545 ynagoga,
517 486 574 530 et
599 477 652 530 in
702 477 924 547 templo.
951 494 1061 546 quo
1092 493 1287 532 omnes
1321 477 1494 534 Iuda:i
1539 493 1674 534 con-

148 570 370 633 veniunt;
392 581 445 622 et
467 568 519 621 in
547 569 762 623 occulto
781 569 998 624 locutus
1019 585 1137 624 sum
1160 568 1625 640 nihil.]c1.xx1,10
1654 569 1674 641 ]

145 661 262 729 Qiid
288 675 363 714 me
395 659 743 728 interrogas?
777 660 1054 730 interroga
1093 673 1190 713 eos
1226 661 1318 729 qui
1382 660 1678 715 audierunt

144 758 249 828 quid
278 758 474 810 locutus
510 757 612 809 sim
638 756 801 824 ipsis:
842 771 970 810 ecce
1003 757 1055 810 hi
1088 756 1266 811 sciunt
1306 772 1424 822 qua:
1446 756 1675 811 dixerim

140 867 237 922 ego.
273 848 480 921 (ccxxii,
509 846 589 918 1.]
619 847 746 903 llaec
771 856 948 902 autem
981 863 1105 902 cum
1142 849 1386 911 dixisset,
1422 864 1561 902 unus
1587 863 1678 902 as-

146 947 308 998 sistens
357 942 724 996 ministrorum
770 941 924 995 dedit
979 943 1188 1009 alapam
1241 938 1403 1003 Iesu,
1439 939 1674 996 dicens:

144 1036 215 1090 Sic
269 1033 552 1101 respondes
607 1031 1174 1104 pontiﬁci?[c1.xxnr,
1229 1032 1338 1104 10.]
1379 1033 1680 1100 Respondit

146 1123 337 1179 eilesus
360 1122 448 1177 :Si
477 1124 616 1178 male
636 1125 853 1178 locutus
875 1136 1018 1181 sum,
1047 1122 1417 1177 testimonium
1450 1121 1678 1190 perhibe

148 1218 199 1272 de
225 1218 379 1273 malo:
405 1218 451 1269 si
505 1225 687 1271 autem
729 1219 883 1279 bene,
921 1215 1051 1284 quid
1086 1231 1170 1270 mc
1200 1217 1406 1270 caedis?
1437 1218 1675 1285 μιγάδων,

151 1309 208 1382 1.]
230 1311 282 1362 lit
307 1309 448 1362 misit
484 1325 608 1362 eum
639 1309 821 1363 Atinas
854 1308 1076 1377 ligatum
1110 1309 1175 1360 ad
1202 1307 1463 1376 Caipham
1499 1307 1679 1377 ponti-

150 1407 292 1458 licem.
326 1400 534 1474 [αξη
571 1401 648 1473 1.]
679 1403 805 1455 Erat
847 1412 1026 1455 autem
1061 1399 1248 1454 Simon
1293 1399 1485 1454 Petrus
1528 1408 1682 1454 stans

148 1498 498 1554 etcaleiaciens
534 1512 616 1552 se.
659 1499 921 1553 Dixerunt
949 1513 1079 1568 ergo
1113 1499 1163 1550 ei
1191 1516 1203 1551 :
1252 1491 1507 1564 Nunquid
1536 1504 1587 1548 ct
1622 1505 1678 1549 tu

148 1608 195 1645 ex
225 1588 489 1660 discipulis
511 1591 629 1660 ejus
656 1589 756 1644 es?
801 1588 1029 1659 Negavit
1076 1588 1185 1653 ille,
1213 1595 1268 1640 et
1322 1585 1456 1640 dixit
1501 1608 1512 1641 :
1559 1581 1679 1640 Non

146 1700 258 1739 sum.
286 1682 412 1736 Dicit
435 1684 492 1736 ei
522 1683 537 1713 ί
569 1698 711 1736 unus
740 1698 803 1736 ex
846 1682 1018 1736 servis
1067 1681 1339 1750 pontiﬁcis
1359 1721 1373 1744 ,
1415 1687 1680 1748 cognatus

144 1779 255 1846 ejus,
275 1775 414 1844 cujus
434 1773 676 1828 abscidit
695 1771 893 1827 Petrus
911 1774 1212 1826 auriculam
1243 1786 1257 1826 :
1291 1771 1481 1824 Nonne
1508 1785 1606 1840 ego
1627 1779 1679 1824 te
1709 1747 1753 1807 Β

142 1867 226 1920 vidi
253 1867 299 1919 in
333 1867 493 1920 horto
512 1860 635 1920 cum
655 1865 788 1919 illo?
817 1863 1018 1919 lterum
1043 1878 1172 1933 ergo
1197 1860 1414 1931 negavit
1437 1862 1627 1916 Petrus
1654 1878 1668 1915 :

146 1968 186 2012 et
212 1957 366 2011 statim
419 1957 600 2026 gallus
653 1956 914 2010 cantavit.
949 1955 1183 2028 μηδενὶ,
1242 1951 1322 2024 1.]
1381 1941 1674 2007 Adducunt

145 2063 246 2117 ergo
273 2046 446 2102 Iesum
493 2062 521 2100 a
558 2045 763 2115 Caipha
820 2045 876 2101 in
927 2044 1266 2116 praetorium.
1299 2045 1430 2098 Erat
1488 2055 1670 2099 autem

147 2155 270 2193 mane
300 2155 313 2193 :
344 2139 599 2211 [CLXXVII,
630 2137 743 2212 10.]
783 2146 839 2192 et
881 2138 1004 2208 ’ipsi
1068 2153 1178 2194 non
1229 2137 1559 2192 introierunt
1619 2136 1673 2190 in

143 2232 432 2299 pastoriam,
463 2239 527 2284 ut
573 2246 678 2284 non
719 2232 1249 2294 contaminarentur,
1291 2231 1385 2304 sed
1422 2237 1480 2284 ut
1519 2244 1678 2282 man-

146 2323 364 2376 durarent
401 2323 633 2377 Pascha.
661 2323 842 2376 Exivit
869 2338 1001 2391 ergo
1031 2322 1243 2377 Pilatus
1275 2321 1341 2376 ad
1373 2337 1469 2376 eos
1505 2321 1674 2384 foras,

143 2427 186 2469 et
209 2417 361 2472 dixit:
391 2418 568 2483 Quam
600 2416 1004 2471 accusationem
1037 2414 1244 2469 aﬁ'ertis
1277 2414 1545 2470 adversus
1573 2413 1676 2468 ho-

145 2504 311 2559 minem
340 2506 522 2561 hunc?
545 2506 987 2574 Responderunt,
1006 2514 1060 2560 et
1091 2505 1345 2558 dixerunt
1374 2503 1423 2557 ei
1455 2501 1539 2558 :Si
1569 2517 1675 2556 non

145 2608 263 2652 esset
301 2599 381 2653 hic
412 2599 756 2664 maielactor,
787 2615 895 2653 non
931 2597 1027 2652 tibi
1064 2596 1480 2652 tradidissemus
1527 2609 1677 2649 eum.

144 2687 263 2742 Dixit
283 2705 402 2762 ergo
441 2690 527 2746 eis
549 2690 1057 2760 Pilatusereipite
1085 2703 1210 2743 eum
1247 2703 1364 2751 vos.
1397 2697 1452 2742 et
1479 2701 1680 2741 secun-

143 2782 250 2836 dum
275 2787 435 2854 legem
471 2795 710 2839 vestram
733 2784 979 2854 judicate
1001 2798 1150 2838 eum.
1179 2777 1443 2837 Dixerunt
1473 2797 1601 2853 ergo
1628 2780 1676 2835 ei

141 2871 316 2932 Iudaei:
346 2875 517 2929 Nobis
545 2890 653 2929 non
687 2875 814 2929 licet
861 2875 1174 2930 interﬁcere
1226 2887 1578 2943 quemquam.
1612 2871 1682 2928 Ut

143 2981 294 3021 sermo
316 2967 438 3023 Iesu
466 2968 992 3037 impleretur,quem
1023 2965 1180 3032 dixit,
1221 2965 1538 3036 signiﬁcans
1572 2980 1680 3034 qua

143 3070 287 3114 morte
309 3070 442 3115 esset
481 3059 804 3115 moriturus.
827 3061 1103 3128 [cuxvnn
1143 3055 1222 3130 1.]
1264 3058 1516 3111 Introivit
1552 3073 1682 3128 ergo
1705 3095 1752 3159 ο

144 3151 310 3206 iterum
336 3155 388 3206 in
419 3153 739 3222 praetorium
773 3151 998 3217 Pilatus,
1051 3159 1107 3206 et
1144 3149 1359 3205 vocavit
1386 3147 1595 3214 Iesum,
1626 3160 1683 3206 et

143 3245 318 3300 dixitei
347 3265 360 3300 :
395 3246 476 3300 'l‘u
521 3260 581 3300 es
619 3261 710 3300 rex
740 3243 1100 3300 Iudaeorum?
1131 3244 1436 3314 Respondit
1474 3245 1636 3299 Iesus
1664 3259 1678 3296 :

144 3335 177 3389 Δ
205 3338 469 3408 temetipso
512 3338 616 3391 hoc
641 3337 800 3403 dicis,
836 3352 902 3390 an
933 3335 1026 3390 alii
1048 3336 1308 3390 dixerunt
1339 3335 1436 3388 tibi
1471 3334 1538 3388 de
1559 3333 1684 3388 me?

142 3427 342 3497 Ictum,
371 3429 486 3501 10.]
523 3427 824 3499 Respondit
861 3427 1068 3482 Pilatus
1096 3442 1111 3482 :
1151 3424 1431 3496 Numquid
1452 3439 1552 3494 ego
1581 3423 1683 3478 Iu-

145 3521 266 3576 daeus
287 3524 432 3576 sum?
470 3522 620 3578 Gens
645 3530 737 3576 tua
798 3529 853 3574 et
901 3521 1184 3588 pontiﬁces
1238 3518 1584 3573 tradiderunt
1630 3525 1684 3570 te

145 3615 248 3666 mihi
273 3630 287 3669 :
307 3616 432 3684 quid
460 3614 678 3669 iecisti?
696 3611 998 3683 Respondit
1021 3609 1207 3667 Iesus:
1226 3611 1473 3681 Regnum
1499 3627 1680 3666 meum

144 3715 314 3758 nonest
330 3705 394 3760 de
415 3707 521 3760 hoc
538 3705 764 3768 mundo;
787 3703 830 3758 si
853 3711 918 3756 ex
941 3705 1042 3756 hoc
1054 3703 1260 3756 mundo
1283 3709 1432 3756 esset
1453 3715 1681 3771 regnum

141 3804 315 3856 meum,
365 3793 605 3847 ministri
654 3793 757 3847 mei
807 3793 993 3860 utique
1052 3791 1422 3854 decertarent,
1461 3804 1521 3846 ut
1573 3804 1683 3845 non

146 3884 354 3938 traderer
386 3882 596 3940 Iudaeis
625 3902 642 3942 :
672 3899 820 3938 nunc
853 3894 1033 3938 autem
1069 3895 1296 3952 regnum
1353 3898 1533 3937 meum
1575 3898 1684 3937 non

141 3984 208 4026 est
233 3976 367 4031 hinc.
399 3974 622 4048 [ccxxx,
648 3974 731 4047 4.]
768 3975 912 4029 Dixit
956 3975 1139 4043 itaque
1164 3975 1214 4028 ei
1264 3973 1512 4030 Pilatus:
1546 3972 1686 4044 Ergo

144 4080 218 4119 rex
240 4083 293 4122 es
326 4070 424 4122 tu?
463 4069 767 4139 Respondit
792 4067 987 4123 Iesus:
1029 4067 1109 4122 Tu
1141 4066 1278 4122 dicis
1301 4068 1426 4138 quia
1452 4082 1542 4122 rex
1565 4082 1684 4122 sum

137 4171 240 4227 ego.
264 4159 498 4231 lcum,
534 4158 654 4233 10.]
691 4160 800 4231 Ego
831 4160 887 4213 in
927 4159 1030 4214 hoc
1058 4169 1218 4214 natus
1242 4175 1387 4224 sum,
1408 4171 1460 4214 et
1486 4158 1552 4214 ad
1581 4160 1686 4214 hoc

138 4253 240 4305 veni
263 4252 312 4305 in
339 4254 607 4308 mundum
633 4255 676 4317 ’,
704 4262 762 4307 ut
793 4254 1161 4308 testimonium
1187 4252 1505 4323 perhibeam
1539 4253 1685 4307 veri-

138 4336 216 4389 tati
243 4354 257 4391 :
287 4340 468 4394 omnis
492 4341 587 4408 qui
615 4347 701 4395 est
727 4355 789 4394 ex
813 4341 1064 4404 veritate,
1088 4341 1243 4396 audit
1271 4356 1459 4396 vocem
1486 4357 1681 4396 meam.

1786 490 2045 530 coronam
2081 476 2146 530 de
2203 475 2396 545 spinis,
2459 475 2836 541 imposuerunt
2907 472 3069 540 capiti
3122 472 3264 540 ejus,
3313 484 3368 525 et

1787 576 1937 623 veste
1957 581 2230 638 purpurea
2246 564 2724 621 circumdederunt
2743 578 2889 617 eum.
2911 559 2978 616 Et
2996 563 3363 616 veniebantad

1783 673 1933 725 eum,
1965 665 2021 711 et
2061 657 2315 712 dicebant
2350 670 2366 713 :
2406 657 2541 721 Ave,
2577 671 2670 709 rex
2705 654 3034 718 Juda'orum;
3069 664 3126 707 et
3166 653 3372 707 dabant

1783 752 1832 806 ei
1871 751 2075 820 alapas.
2110 749 2392 820 [c1.xxxvr,
2430 745 2519 818 9.]
2547 746 2875 816 Exivitergo
2911 746 3112 799 iterum
3151 745 3365 800 Pilatus

1783 842 1933 896 foras
1955 879 1970 905 ,
2001 842 2202 896 etdieit
2222 841 2339 895 eis:
2365 840 2502 894 Ecce
2520 841 2729 893 adduco
2744 853 2868 892 eum
2891 839 3057 903 foras,
3079 846 3136 891 Iit
3167 837 3368 907 eogno-

1784 932 1950 985 scalis
1969 933 2096 1001 quia
2131 932 2335 985 nullam
2371 929 2593 984 invenio
2625 931 2676 983 in
2708 944 2773 984 eo
2792 945 3034 984 causam.
3057 928 3364 1000 [csxxxvm

1782 1023 1862 1096 4.]
1915 1024 2092 1078 Exivit
2121 1037 2253 1093 ergo
2299 1022 2480 1088 Iesus,
2535 1029 2765 1090 portans
2809 1036 3066 1075 coronam
3118 1023 3367 1090 spineam

1783 1125 1838 1172 et
1869 1130 2204 1188 purpureum
2239 1116 2652 1169 vestimentum.
2704 1111 2768 1167 Et
2791 1113 2922 1166 dicit
2951 1111 3063 1166 eis:
3101 1111 3238 1168 Ecce
3267 1118 3368 1167 ho-

1781 1225 1892 1264 mo.
1932 1208 2250 1282 [ccxxxvnn
2283 1206 2359 1279 1.]
2394 1206 2528 1261 Cum
2575 1220 2707 1278 ergo
2753 1206 3018 1260 vidissent
3046 1222 3168 1260 eum
3230 1223 3366 1276 pono

1785 1299 1959 1353 tiﬁces
2009 1308 2062 1352 et
2093 1297 2352 1360 ministri,
2385 1297 2696 1350 clamabant
2737 1296 2982 1350 dicentes
3014 1314 3032 1353 :
3075 1297 3364 1369 Cruciﬁge.

1782 1389 2040 1456 crueiﬁge
2076 1391 2260 1440 eum’.
2295 1386 2572 1459 [cuxxm
2602 1385 2716 1458 10.]
2794 1386 2934 1440 Dieit
2976 1389 3052 1441 eit
3101 1389 3308 1444 Pilatus
3349 1407 3364 1442 :

1784 1481 2025 1548 Accipite
2055 1495 2178 1534 eum
2205 1495 2316 1543 vos,
2357 1491 2410 1533 et
2435 1479 2768 1549 eruciﬁgite:
2802 1478 2944 1552 [cxc,
2970 1479 3044 1552 9]
3077 1497 3177 1551 ego
3209 1482 3357 1537 enim

1782 1585 1892 1625 non
1929 1573 2148 1627 invenio
2179 1573 2232 1628 in
2262 1589 2327 1628 eo
2355 1589 2596 1629 causam.
2645 1572 2810 1646 [εχει.
2845 1575 2931 1629 10.
2971 1573 2993 1647 ]
3051 1575 3368 1645 Responde-

1785 1669 1916 1715 runt
1940 1662 1989 1716 ei
2013 1662 2180 1717 Iudaei
2218 1662 2360 1716 :Nos
2393 1663 2567 1733 legem
2605 1665 2892 1728 habemus,
2973 1673 3028 1717 et
3060 1665 3363 1719 secundum

1784 1753 1959 1822 legem
1991 1755 2151 1808 debet
2177 1756 2312 1807 mori
2351 1795 2364 1819 ,
2395 1756 2521 1824 quia
2555 1755 2751 1810 Filium
2770 1757 2865 1811 Dei
2904 1770 2962 1811 se
2996 1757 3142 1811 fecit.
3179 1755 3368 1830 [cxcu.

1784 1844 1866 1917 1.]
1896 1845 2031 1900 Cum
2069 1861 2202 1916 ergo
2255 1848 2502 1902 audisset
2547 1846 2758 1902 Pilatus
2820 1848 2965 1901 hunc
3007 1863 3316 1904 sermonem
3348 1891 3365 1916 ,

1776 1939 1950 2009 magis
1982 1940 2188 1995 timuit.
2243 1939 2309 1994 Et
2341 1940 2625 2009 ingressus
2659 1950 2742 1996 est
2778 1942 3090 2010 praetorium
3136 1946 3360 2008 iterum,

1788 2039 1845 2084 et
1883 2031 2021 2084 dixit
2068 2033 2131 2084 ad
2160 2031 2367 2087 Iesum:
2407 2032 2558 2087 Unde
2589 2047 2650 2086 es
2692 2032 2775 2086 tu?
2803 2030 2962 2088 Iesus
3009 2046 3194 2088 autem
3252 2049 3372 2089 res-

1777 2137 2016 2192 ponsum
2049 2137 2156 2176 non
2193 2123 2338 2178 dedit
2364 2122 2656 2194 ei.[cxcm,
2699 2125 2786 2178 10.
2821 2122 2843 2197 ]
2873 2127 3012 2180 Dicit
3034 2141 3165 2195 ergo
3197 2127 3245 2181 ei
3276 2127 3370 2182 Pi-

1778 2213 1962 2269 latus:
1995 2214 2122 2268 Mihi
2159 2230 2265 2269 non
2308 2216 2578 2284 loqueris?
2623 2217 2800 2271 nescis
2853 2217 2979 2286 quia
3042 2227 3368 2287 potestatem

1783 2305 1959 2360 habeo
1981 2306 2301 2377 cruciﬁgere
2325 2318 2400 2376 te,
2447 2316 2499 2361 et
2530 2317 2858 2378 potestatem
2887 2309 3064 2364 habeo
3095 2310 3373 2366 dimittere

1781 2399 1868 2452 le?
1888 2399 2188 2469 Respondit
2211 2397 2404 2454 Iesus:
2430 2398 2545 2454 Non
2575 2401 2807 2456 haberes
2827 2411 3152 2472 potestatem
3177 2403 3373 2457 adver-

1782 2507 1902 2546 sum
1940 2507 2025 2546 me
2048 2493 2244 2556 .ullam,
2275 2494 2375 2548 nisi
2405 2494 2499 2547 tibi
2527 2494 2712 2548 datum
2766 2508 2910 2549 esset
2941 2496 3196 2564 desuper.
3239 2494 3375 2550 Pro.

1783 2592 1965 2652 pterca
1985 2585 2076 2656 qui
2099 2600 2180 2639 me
2209 2585 2430 2638 tradidit
2451 2585 2571 2647 tidi,
2599 2587 2772 2655 majus
2792 2597 3072 2658 peccatum
3097 2587 3280 2642 habet.
3301 2586 3375 2643 Et

1751 2699 1756 2704 -
1782 2673 1979 2728 exinde
1996 2676 2275 2744 qumrehat
2292 2675 2496 2729 Pilatus
2527 2677 2803 2731 dimittere
2827 2692 2973 2731 eum.
2992 2675 3163 2732 Iudaei
3183 2689 3369 2734 autem

1785 2767 2092 2822 clamabant
2110 2765 2353 2820 dicentes
2379 2780 2393 2820 :
2419 2767 2475 2821 Si
2496 2768 2639 2820 hunc
2659 2769 2910 2832 dimittis,
2936 2784 3043 2822 non
3062 2784 3122 2824 es
3145 2770 3357 2826 amicus

1785 2857 2038 2912 Caesaris.
2063 2855 2256 2920 Omnis
2278 2859 2444 2917 enim.
2467 2857 2555 2926 qui
2587 2875 2643 2913 se
2675 2875 2853 2929 regem
2901 2859 3047 2926 facit,
3077 2863 3370 2924 contradi-

1787 2951 1861 3006 cit
1884 2950 2108 3006 Caesari.
2131 2950 2334 3004 Pilatus
2349 2961 2525 3002 autem
2548 2966 2667 3003 cum
2689 2950 2932 3005 audisset
2951 2953 3048 3007 bos
3066 2967 3369 3019 sermones,

1787 3041 1851 3095 ad
1880 3041 2018 3096 luxit
2049 3040 2192 3094 l‘oras
2217 3040 2401 3095 Iesum
2436 3058 2449 3094 :
2475 3051 2529 3094 et
2560 3041 2701 3094 sedit
2726 3057 2823 3110 pro
2846 3042 3130 3105 tribunali,
3159 3044 3214 3098 in
3249 3045 3372 3100 loco

1786 3134 1876 3202 qui
1902 3133 2104 3188 dicitur
2121 3131 2488 3187 [.ithostrotos
2511 3132 2663 3204 [mss.
2688 3131 3106 3206 Lithoslrotus],
3139 3135 3371 3191 Hebrai-

1796 3240 1857 3280 ce
1890 3235 2070 3279 autem
2122 3224 2422 3280 Gabbatha.
2445 3223 2575 3277 Erat
2603 3235 2784 3280 autem
2810 3225 3100 3296 parasceve
3121 3228 3367 3294 Paschae,

1791 3320 1922 3372 hora
1946 3315 2101 3387 quasi
2121 3325 2297 3378 sexta,
2342 3327 2397 3370 et
2435 3316 2568 3370 dicit
2591 3315 2831 3373 Iudaeis:
2862 3314 3006 3373 Ecce
3039 3335 3136 3374 rex
3169 3305 3373 3377 vester.

1789 3407 2083 3480 [cxcrv,1.]
2104 3407 2184 3461 Illi
2226 3417 2406 3461 autem
2430 3407 2773 3464 clamabant:
2805 3409 2982 3476 Tolle,
3004 3410 3152 3477 tolle,
3187 3412 3371 3468 cruci.

1788 3503 1889 3572 ﬁge
1907 3517 2030 3555 eum
2053 3501 2232 3572 [cxcv,
2256 3500 2368 3574 10.]
2391 3502 2529 3556 Dicit
2547 3502 2625 3557 eis
2643 3501 2850 3557 Pilatus
2872 3520 2886 3559 :
2906 3501 3105 3575 Regem
3125 3517 3368 3564 vestrum

1787 3593 2145 3658 cruciﬁgam?
2199 3594 2621 3660 Responderunt
2658 3596 2942 3663 pontiliees
2980 3613 2994 3648 :
3046 3597 3164 3651 Non
3195 3599 3364 3654 babe-

1788 3700 1909 3739 mus
1945 3699 2148 3754 regem,
2178 3684 2282 3738 nisi
2305 3683 2594 3739 Caesarem.
2651 3683 2848 3756 [cxcvn
2887 3685 2964 3759 1.]
3019 3686 3172 3744 Tunc
3229 3707 3360 3760 ergo

1788 3778 2014 3832 tradidit
2051 3777 2133 3831 eis
2183 3777 2357 3840 illum,
2389 3788 2448 3833 ut
2501 3777 2938 3850 cruciﬁgeretur.
2992 3779 3219 3852 [αρνιμ
3277 3783 3359 3855 1.]

1787 3866 2170 3937 Sesceperunt
2203 3877 2384 3924 autem
2414 3866 2624 3933 Iesum,
2665 3878 2720 3925 et
2752 3870 3085 3927 eduxerunt.
3123 3873 3189 3928 Et
3213 3875 3370 3943 baju»

1786 3961 1907 4014 lans
1957 3959 2059 4013 sibi
2100 3974 2345 4025 crucem,
2377 3959 2547 4014 exivit
2591 3959 2645 4014 in
2693 3977 2843 4026 eum,
2886 3964 2979 4032 qui
3013 3963 3216 4019 dicitur
3242 3965 3369 4020 Cal-

1789 4051 1976 4116 variae,
2009 4052 2209 4117 locum,
2250 4051 2520 4107 Hebraice
2567 4063 2746 4106 autem
2781 4053 3048 4123 Golgotha
3080 4071 3092 4106 :
3125 4057 3214 4110 ubi
3245 4071 3369 4110 cru-

1790 4141 2082 4196 eilixerunt
2112 4155 2264 4208 eum,
2288 4138 2532 4214 [cxcvnt,
2562 4140 2642 4214 1.]
2672 4153 2727 4197 et
2771 4158 2895 4199 cum
2959 4159 3026 4200 eo
3056 4145 3191 4200 alios
3210 4147 3367 4210 duos,

1788 4231 1919 4288 hinc
1950 4243 2006 4288 et
2051 4234 2201 4300 hinc,
2267 4236 2508 4290 medium
2551 4245 2735 4291 autem
2790 4233 3004 4292 Iesum.
3064 4237 3301 4310 [cxcrx,l
3346 4238 3366 4310 ]

1789 4323 2021 4396 Scripsit
2052 4335 2232 4382 autem
2262 4338 2317 4381 et
2346 4327 2562 4382 titulum
2631 4328 2842 4383 Pilatus
2873 4368 2888 4393 ,
2917 4339 2972 4384 et
2999 4331 3178 4400 posuit
3202 4345 3372 4401 super

139 4425 256 4482 mea;
303 4432 350 4484 ei
391 4432 644 4486 pilatus:
687 4432 828 4498 Quid
881 4440 964 4486 εει
1005 4433 1248 4488 νει-διελεῖ
1306 4431 1567 4504 [cuum
1599 4429 1676 4504 9,]
1718 4448 1758 4502 ο
1791 4431 2033 4471 crucem.
2058 4417 2385 4472 Eratautem
2411 4418 2712 4485 scriptum:
2744 4417 3374 4479 IesusNazarenus.rex

139 4515 189 4572 Et
212 4536 328 4575 eam
359 4521 465 4578 hoc
495 4523 758 4586 dixisset,
795 4523 994 4578 iterum
1039 4523 1210 4581 exivit
1260 4523 1327 4578 ad
1357 4520 1598 4588 Iudaeos,
1631 4532 1689 4578 et

136 4610 249 4665 dicit
288 4613 367 4667 eis
415 4631 432 4669 :
496 4613 612 4684 Ego
664 4614 867 4668 nullam
942 4613 1160 4669 invenio
1227 4613 1278 4668 in
1324 4629 1392 4668 eo
1441 4629 1686 4671 causam.

137 4701 395 4772 lcuxxm,
422 4705 507 4779 4.]
529 4706 626 4761 Est
645 4718 827 4760 autem
856 4705 1200 4761 consuetudo
1225 4706 1403 4771 vobis,
1423 4717 1483 4762 ut
1514 4723 1684 4763 unum

137 4793 382 4852 dimittam
444 4799 608 4853 vobis
649 4798 703 4852 in
758 4799 1004 4854 Pascha:
1035 4798 1203 4854 vultis
1251 4813 1379 4868 ergo
1413 4785 1682 4855 dimittam

135 4887 267 4944 vobis
293 4905 476 4962 regem
507 4889 820 4946 Iudaeorum
841 4891 865 4945 ?
887 4889 1160 4963 [ccxxxm
1190 4890 1268 4964 1.]
1293 4891 1686 4948 Clamaveruut

132 4996 241 5050 ergo
264 4999 480 5038 rursum
515 4998 726 5047 omnes,
753 4984 998 5040 dicentes
1027 5002 1040 5039 :
1076 4984 1196 5038 Non
1229 4985 1394 5052 hunc,
1432 4985 1528 5040 sed
1579 4985 1684 5041 Ba-

135 5072 356 5129 rabbam.
389 5073 523 5128 Erat
552 5084 734 5130 autem
763 5074 1037 5128 Barabbas
1057 5074 1221 5128 latro.

188 5162 490 5235 [Cap.XlI.
524 5182 734 5222 chxxv
769 5208 786 5235 ,
815 5167 868 5223 4.
900 5165 1102 5241 ]Tunc
1134 5184 1262 5242 ergo
1308 5172 1677 5242 apprehendit

190 5297 438 5376 '_Taeent
462 5302 637 5356 nostri
681 5318 813 5358 mss.
851 5317 1154 5372 pronomen
1188 5307 1274 5371 .ei,
1307 5305 1453 5375 quod
1505 5321 1681 5376 neque

132 5372 176 5419 in
199 5368 381 5424 Graeco
406 5381 631 5425 resonat
651 5383 824 5426 textu.

192 5443 209 5471 ¹
230 5439 303 5491 lta
331 5442 668 5512 exemplaria
698 5444 881 5495 omnia
919 5444 1219 5512 capitulum
1251 5443 1427 5498 isthoc
1453 5443 1678 5502 Ioannis

131 5522 280 5561 ccxxx
301 5510 369 5564 ad
401 5523 954 5584 canonemquartum
986 5510 1275 5584 revocant,
1309 5516 1678 5584 conjungunt-

133 5593 222 5642 que
249 5593 368 5650 eum
393 5583 657 5650 capitulis
686 5579 925 5636 Matthxi
957 5600 1164 5648 cccxxr,
1197 5582 1362 5639 Marci
1392 5579 1570 5650 ccxx},
1613 5603 1675 5642 ac

133 5649 354 5706 eiusdem
381 5649 612 5706 Ioannis
631 5667 796 5708 cxcn.
825 5657 1152 5722 quibuscum
1189 5664 1368 5709 tamen
1398 5657 1533 5710 nihil
1557 5649 1675 5712 iere

131 5733 395 5779 commune
426 5724 615 5778 habet.
680 5723 1041 5806 Refercindum
1107 5724 1248 5781 foret
1309 5725 1370 5779 ad
1409 5741 1672 5784 canonent

1792 4507 2127 4564 Iudaeorum.
2156 4509 2382 4581 [cc,10.]
2407 4508 2560 4564 Hune
2579 4524 2706 4579 ergo
2727 4511 2942 4566 titulum
2977 4512 3131 4566 multi
3153 4513 3373 4568 Iudaeo-

1793 4615 1912 4654 rum
1950 4599 2225 4669 legerunt:
2248 4603 2375 4672 quia
2401 4616 2572 4672 pr0pe
2605 4602 2887 4657 civitatem
2927 4611 3045 4658 erat
3083 4605 3235 4659 locus
3267 4609 3361 4658 ubi

1792 4689 2098 4745 cruciﬁxus
2151 4700 2239 4746 est
2289 4689 2470 4745 Iesus.
2524 4689 2729 4746 Eterat
2784 4695 3046 4760 scriptum
3075 4693 3369 4755 llebraice.

1789 4784 1983 4838 Graece
2039 4789 2094 4838 et
2143 4783 2356 4838 Latine.
2393 4782 2658 4838 Dicebant
2705 4798 2834 4850 ergo
2860 4783 3034 4838 Pilato
3081 4785 3372 4856 pontiﬁces

1789 4869 2107 4926 Iudrcorum
2145 4888 2159 4925 :
2186 4870 2304 4925 Noli
2330 4871 2598 4937 scribere,
2629 4885 2724 4925 rex
2744 4860 3082 4936 Iudaeorum,
3119 4873 3216 4928 sed
3242 4875 3368 4945 quia

1789 4965 1906 5034 ipse
1935 4964 2110 5020 dixit:
2144 4962 2255 5018 Rex
2279 4977 2398 5017 sum
2421 4960 2757 5017 Iudaaorum.
2794 4963 3094 5033 Respondit
3123 4965 3368 5022 Pilatus:

1787 5056 1940 5122 Quod
1973 5053 2416 5124 seripsi,scripsi.
2443 5051 2632 5125 leoni.
2659 5053 2680 5128 ]
2705 5055 2903 5110 Milites
2934 5070 3063 5127 ergo
3086 5073 3210 5112 cum
3243 5073 3368 5112 cru-

1787 5147 2089 5201 ciﬁxissent
2122 5161 2269 5213 eum,
2293 5157 2620 5215 acceperunt
2644 5149 2973 5202 vestimenta
3023 5151 3142 5221 ejus
3173 5155 3250 5218 (et
3278 5151 3358 5203 fe-

1786 5288 2044 5356 primum,
2105 5287 2587 5355 c0pulandumque
2633 5303 2757 5342 cum
2825 5286 3066 5344 Matthxi
3118 5290 3362 5356 capitulo

1785 5372 1972 5418 cccxx,
2003 5357 2161 5410 Marci
2189 5373 2270 5419 cc,
2297 5356 2457 5429 Lucae
2483 5371 2640 5418 cccu,
2679 5359 2916 5426 itemque
2933 5359 3176 5429 ejusdem
3196 5357 3365 5429 Ioan-

1784 5429 1869 5478 nis
1898 5442 2157 5492 CLxxvut,
2192 5443 2315 5480 cuin
2349 5427 2550 5494 quibus
2583 5442 2677 5493 per
2703 5432 2884 5482 omnia
2909 5427 3204 5482 consentit.
3248 5427 3359 5483 Sed

1783 5507 1970 5549 contra
2013 5495 2171 5558 ﬁdem
2215 5498 2459 5551 Omnium
2487 5497 2740 5551 codicum
2784 5498 2916 5550 nihil
2946 5497 3102 5551 nobis
3132 5509 3363 5565 perunt-

1783 5565 1970 5618 tinius.
2000 5566 2172 5621 MART.

1851 5633 2024 5690 ’Cum
2056 5637 2259 5714 Graecis
2287 5640 2561 5709 plerisque
2600 5637 3005 5714 exemplaribus
3065 5653 3184 5692 cum
3235 5657 3384 5714 pro.

1781 5720 1978 5761 nomen
2015 5710 2185 5763 nostri
2253 5725 2472 5778 quoque
2509 5723 2635 5763 mss.
2690 5709 2945 5766 nesciunt
