  <div class='ocr_page' id='page_1' title='image "/cluster/home/n/w/nwhite01/storage/ocr_20150623/29/hvd.32044096580519/375.png"; bbox 0 0 3880 6168; ppageno 0'>
   <div class='ocr_carea' id='block_1_1' title="bbox 550 351 655 415">
    <p class='ocr_par' dir='ltr' id='par_1_1' title="bbox 550 351 655 415">
     <span class='ocr_line' id='line_1_1' title="bbox 550 351 655 415; baseline -0.019 -2"><span class='ocrx_word' id='word_1_1' title='bbox 550 351 655 415; x_wconf 64' lang='grc' dir='ltr'><strong>τω</strong></span> 
     </span>
    </p>
   </div>
   <div class='ocr_carea' id='block_1_2' title="bbox 1438 338 3719 417">
    <p class='ocr_par' dir='ltr' id='par_1_2' title="bbox 1438 338 3719 417">
     <span class='ocr_line' id='line_1_2' title="bbox 1438 338 3719 417; baseline 0 -8"><span class='ocrx_word' id='word_1_2' title='bbox 1438 352 1507 417; x_wconf 71' lang='lat' dir='ltr'><strong>&#39;S.</strong></span> <span class='ocrx_word' id='word_1_3' title='bbox 1552 346 1994 410; x_wconf 76' lang='lat' dir='ltr'><strong>HIERONYMI</strong></span> <span class='ocrx_word' id='word_1_4' title='bbox 2037 344 2304 408; x_wconf 76' lang='lat' dir='ltr'><strong>DIVINA</strong></span> <span class='ocrx_word' id='word_1_5' title='bbox 2348 345 2885 410; x_wconf 79' lang='lat' dir='ltr'><strong>BIBLIOTHECA.</strong></span> <span class='ocrx_word' id='word_1_6' title='bbox 3644 338 3719 411; x_wconf 71' lang='lat'><strong>720</strong></span> 
     </span>
    </p>
   </div>
   <div class='ocr_carea' id='block_1_3' title="bbox 534 442 3724 532">
    <p class='ocr_par' dir='ltr' id='par_1_3' title="bbox 534 442 3724 532">
     <span class='ocr_line' id='line_1_3' title="bbox 534 442 3724 532; baseline -0.002 -12"><span class='ocrx_word' id='word_1_7' title='bbox 534 472 733 519; x_wconf 63' lang='lat' dir='ltr'><strong>terunt</strong></span> <span class='ocrx_word' id='word_1_8' title='bbox 760 472 997 532; x_wconf 77' lang='lat' dir='ltr'><strong>quatuor</strong></span> <span class='ocrx_word' id='word_1_9' title='bbox 1025 474 1226 532; x_wconf 88' lang='lat' dir='ltr'><strong>partes,</strong></span> <span class='ocrx_word' id='word_1_10' title='bbox 1279 458 1578 531; x_wconf 78' lang='lat' dir='ltr'><strong>unicuique</strong></span> <span class='ocrx_word' id='word_1_11' title='bbox 1640 459 1801 514; x_wconf 89' lang='lat' dir='ltr'><strong>militi</strong></span> <span class='ocrx_word' id='word_1_12' title='bbox 1855 460 2108 531; x_wconf 86' lang='lat' dir='ltr'><strong>partem)</strong></span> <span class='ocrx_word' id='word_1_13' title='bbox 2141 458 2187 519; x_wconf 75' lang='grc' dir='ltr'><strong>Α</strong></span> <span class='ocrx_word' id='word_1_14' title='bbox 2218 471 2653 515; x_wconf 87' lang='lat' dir='ltr'><strong>monumentum.</strong></span> <span class='ocrx_word' id='word_1_15' title='bbox 2699 458 3012 515; x_wconf 81' lang='lat' dir='ltr'><strong>Currebam</strong></span> <span class='ocrx_word' id='word_1_16' title='bbox 3044 465 3222 512; x_wconf 87' lang='lat' dir='ltr'><strong>autem</strong></span> <span class='ocrx_word' id='word_1_17' title='bbox 3260 459 3363 513; x_wconf 86' lang='lat' dir='ltr'><strong>duo</strong></span> <span class='ocrx_word' id='word_1_18' title='bbox 3398 442 3564 521; x_wconf 86' lang='lat' dir='ltr'><strong>simul,</strong></span> <span class='ocrx_word' id='word_1_19' title='bbox 3590 470 3638 513; x_wconf 89' lang='lat' dir='ltr'><strong>et</strong></span> <span class='ocrx_word' id='word_1_20' title='bbox 3658 462 3724 516; x_wconf 88' lang='lat' dir='ltr'><strong>ille</strong></span> 
     </span>
    </p>
   </div>
   <div class='ocr_carea' id='block_1_4' title="bbox 535 551 2114 616">
    <p class='ocr_par' dir='ltr' id='par_1_4' title="bbox 535 551 2114 616">
     <span class='ocr_line' id='line_1_4' title="bbox 535 551 2114 616; baseline -0.004 -5"><span class='ocrx_word' id='word_1_21' title='bbox 535 568 593 611; x_wconf 91' lang='lat' dir='ltr'><strong>et</strong></span> <span class='ocrx_word' id='word_1_22' title='bbox 635 556 898 609; x_wconf 79' lang='lat' dir='ltr'><strong>tunicam.</strong></span> <span class='ocrx_word' id='word_1_23' title='bbox 928 555 1055 608; x_wconf 84' lang='lat' dir='ltr'><strong>Erat</strong></span> <span class='ocrx_word' id='word_1_24' title='bbox 1078 561 1258 607; x_wconf 85' lang='lat' dir='ltr'><strong>autem</strong></span> <span class='ocrx_word' id='word_1_25' title='bbox 1288 552 1471 606; x_wconf 85' lang='lat' dir='ltr'><strong>tunica</strong></span> <span class='ocrx_word' id='word_1_26' title='bbox 1526 552 1894 616; x_wconf 89' lang='lat' dir='ltr'><strong>iuconsntilis,</strong></span> <span class='ocrx_word' id='word_1_27' title='bbox 1948 551 2114 605; x_wconf 81' lang='lat' dir='ltr'><strong>desu-</strong></span> 
     </span>
    </p>
   </div>
   <div class='ocr_carea' id='block_1_5' title="bbox 534 642 2118 716">
    <p class='ocr_par' dir='ltr' id='par_1_5' title="bbox 534 642 2118 716">
     <span class='ocr_line' id='line_1_5' title="bbox 534 642 2118 716; baseline -0.004 -15"><span class='ocrx_word' id='word_1_28' title='bbox 534 663 633 716; x_wconf 86' lang='lat' dir='ltr'><strong>per</strong></span> <span class='ocrx_word' id='word_1_29' title='bbox 692 653 949 700; x_wconf 84' lang='lat' dir='ltr'><strong>contexta</strong></span> <span class='ocrx_word' id='word_1_30' title='bbox 1007 660 1105 715; x_wconf 90' lang='lat' dir='ltr'><strong>per</strong></span> <span class='ocrx_word' id='word_1_31' title='bbox 1163 653 1357 698; x_wconf 86' lang='lat' dir='ltr'><strong>totum.</strong></span> <span class='ocrx_word' id='word_1_32' title='bbox 1414 645 1680 699; x_wconf 88' lang='lat' dir='ltr'><strong>Dixerunt</strong></span> <span class='ocrx_word' id='word_1_33' title='bbox 1734 658 1862 711; x_wconf 88' lang='lat' dir='ltr'><strong>ergo</strong></span> <span class='ocrx_word' id='word_1_34' title='bbox 1913 642 1977 695; x_wconf 89' lang='lat' dir='ltr'><strong>ad</strong></span> <span class='ocrx_word' id='word_1_35' title='bbox 2034 642 2118 694; x_wconf 86' lang='lat' dir='ltr'><strong>in-</strong></span> 
     </span>
    </p>
   </div>
   <div class='ocr_carea' id='block_1_6' title="bbox 534 729 2117 801">
    <p class='ocr_par' dir='ltr' id='par_1_6' title="bbox 534 729 2117 801">
     <span class='ocr_line' id='line_1_6' title="bbox 534 729 2117 801; baseline -0.003 -14"><span class='ocrx_word' id='word_1_36' title='bbox 534 740 707 791; x_wconf 81' lang='lat' dir='ltr'><strong>vicem</strong></span> <span class='ocrx_word' id='word_1_37' title='bbox 765 753 779 791; x_wconf 88' lang='lat'><strong>:</strong></span> <span class='ocrx_word' id='word_1_38' title='bbox 822 734 938 789; x_wconf 81' lang='lat' dir='ltr'><strong>Non</strong></span> <span class='ocrx_word' id='word_1_39' title='bbox 994 735 1312 791; x_wconf 87' lang='lat' dir='ltr'><strong>scindamus</strong></span> <span class='ocrx_word' id='word_1_40' title='bbox 1350 750 1511 801; x_wconf 84' lang='lat' dir='ltr'><strong>eam,</strong></span> <span class='ocrx_word' id='word_1_41' title='bbox 1553 734 1648 789; x_wconf 91' lang='lat' dir='ltr'><strong>sed</strong></span> <span class='ocrx_word' id='word_1_42' title='bbox 1699 734 1995 789; x_wconf 89' lang='lat' dir='ltr'><strong>sortiamur</strong></span> <span class='ocrx_word' id='word_1_43' title='bbox 2049 729 2117 784; x_wconf 90' lang='lat' dir='ltr'><strong>de</strong></span> 
     </span>
    </p>
   </div>
   <div class='ocr_carea' id='block_1_7' title="bbox 536 825 2113 899">
    <p class='ocr_par' dir='ltr' id='par_1_7' title="bbox 536 825 2113 899">
     <span class='ocr_line' id='line_1_7' title="bbox 536 825 2113 899; baseline -0.007 -12"><span class='ocrx_word' id='word_1_44' title='bbox 536 831 625 887; x_wconf 77' lang='lat' dir='ltr'><strong>illa</strong></span> <span class='ocrx_word' id='word_1_45' title='bbox 688 828 848 899; x_wconf 81' lang='lat' dir='ltr'><strong>cujus</strong></span> <span class='ocrx_word' id='word_1_46' title='bbox 902 828 993 882; x_wconf 89' lang='lat' dir='ltr'><strong>sit.</strong></span> <span class='ocrx_word' id='word_1_47' title='bbox 1026 827 1093 883; x_wconf 87' lang='lat' dir='ltr'><strong>Ut</strong></span> <span class='ocrx_word' id='word_1_48' title='bbox 1158 828 1438 897; x_wconf 74' lang='lat' dir='ltr'><strong>Scriptura</strong></span> <span class='ocrx_word' id='word_1_49' title='bbox 1496 826 1823 898; x_wconf 75' lang='lat' dir='ltr'><strong>impleretur</strong></span> <span class='ocrx_word' id='word_1_50' title='bbox 1878 825 2113 880; x_wconf 85' lang='lat' dir='ltr'><strong>dicens:</strong></span> 
     </span>
    </p>
   </div>
   <div class='ocr_carea' id='block_1_8' title="bbox 538 917 2119 984">
    <p class='ocr_par' dir='ltr' id='par_1_8' title="bbox 538 917 2119 984">
     <span class='ocr_line' id='line_1_8' title="bbox 538 917 2119 984; baseline -0.004 -10"><span class='ocrx_word' id='word_1_51' title='bbox 538 921 726 975; x_wconf 84' lang='lat' dir='ltr'><strong>l‘artiti</strong></span> <span class='ocrx_word' id='word_1_52' title='bbox 784 928 906 974; x_wconf 88' lang='lat' dir='ltr'><strong>sunt</strong></span> <span class='ocrx_word' id='word_1_53' title='bbox 944 920 1271 974; x_wconf 85' lang='lat' dir='ltr'><strong>vestimenta</strong></span> <span class='ocrx_word' id='word_1_54' title='bbox 1320 933 1440 973; x_wconf 87' lang='lat' dir='ltr'><strong>mea</strong></span> <span class='ocrx_word' id='word_1_55' title='bbox 1472 918 1618 984; x_wconf 89' lang='lat' dir='ltr'><strong>sibi,</strong></span> <span class='ocrx_word' id='word_1_56' title='bbox 1687 926 1744 972; x_wconf 86' lang='lat' dir='ltr'><strong>et</strong></span> <span class='ocrx_word' id='word_1_57' title='bbox 1805 917 1869 970; x_wconf 80' lang='lat' dir='ltr'><strong>in</strong></span> <span class='ocrx_word' id='word_1_58' title='bbox 1910 924 2119 970; x_wconf 88' lang='lat' dir='ltr'><strong>vestem</strong></span> 
     </span>
    </p>
   </div>
   <div class='ocr_carea' id='block_1_9' title="bbox 537 1007 2122 1080">
    <p class='ocr_par' dir='ltr' id='par_1_9' title="bbox 537 1007 2122 1080">
     <span class='ocr_line' id='line_1_9' title="bbox 537 1007 2122 1080; baseline -0.002 -14"><span class='ocrx_word' id='word_1_59' title='bbox 537 1027 710 1066; x_wconf 86' lang='lat' dir='ltr'><strong>meam</strong></span> <span class='ocrx_word' id='word_1_60' title='bbox 756 1012 1024 1067; x_wconf 92' lang='lat' dir='ltr'><strong>miserunt</strong></span> <span class='ocrx_word' id='word_1_61' title='bbox 1086 1021 1312 1066; x_wconf 91' lang='lat' dir='ltr'><strong>sortem.</strong></span> <span class='ocrx_word' id='word_1_62' title='bbox 1351 1009 1415 1065; x_wconf 86' lang='lat' dir='ltr'><strong>Et</strong></span> <span class='ocrx_word' id='word_1_63' title='bbox 1480 1010 1683 1065; x_wconf 87' lang='lat' dir='ltr'><strong>milites</strong></span> <span class='ocrx_word' id='word_1_64' title='bbox 1733 1007 1951 1080; x_wconf 82' lang='lat' dir='ltr'><strong>quidem</strong></span> <span class='ocrx_word' id='word_1_65' title='bbox 2007 1008 2122 1063; x_wconf 63' lang='lat' dir='ltr'><strong>huic</strong></span> 
     </span>
    </p>
   </div>
   <div class='ocr_carea' id='block_1_10' title="bbox 537 1101 2123 1176">
    <p class='ocr_par' dir='ltr' id='par_1_10' title="bbox 537 1101 2123 1176">
     <span class='ocr_line' id='line_1_10' title="bbox 537 1101 2123 1176; baseline -0.004 -17"><span class='ocrx_word' id='word_1_66' title='bbox 537 1106 807 1159; x_wconf 76' lang='lat' dir='ltr'><strong>iecerunt.</strong></span> <span class='ocrx_word' id='word_1_67' title='bbox 885 1103 1052 1176; x_wconf 68' lang='lat' dir='ltr'><strong>jac&quot;,</strong></span> <span class='ocrx_word' id='word_1_68' title='bbox 1092 1101 1207 1175; x_wconf 61' lang='grc' dir='ltr'><strong>ω]</strong></span> <span class='ocrx_word' id='word_1_69' title='bbox 1264 1102 1494 1157; x_wconf 85' lang='lat' dir='ltr'><strong>Stabant</strong></span> <span class='ocrx_word' id='word_1_70' title='bbox 1550 1110 1731 1157; x_wconf 87' lang='lat' dir='ltr'><strong>autem</strong></span> <span class='ocrx_word' id='word_1_71' title='bbox 1787 1102 1938 1172; x_wconf 83' lang='lat' dir='ltr'><strong>juxta</strong></span> <span class='ocrx_word' id='word_1_72' title='bbox 1983 1116 2123 1154; x_wconf 83' lang='lat' dir='ltr'><strong>cru-</strong></span> 
     </span>
    </p>
   </div>
   <div class='ocr_carea' id='block_1_11' title="bbox 537 1191 2124 1263">
    <p class='ocr_par' dir='ltr' id='par_1_11' title="bbox 537 1191 2124 1263">
     <span class='ocr_line' id='line_1_11' title="bbox 537 1191 2124 1263; baseline -0.003 -14"><span class='ocrx_word' id='word_1_73' title='bbox 537 1213 654 1251; x_wconf 82' lang='lat' dir='ltr'><strong>(&#39;cm</strong></span> <span class='ocrx_word' id='word_1_74' title='bbox 705 1194 835 1250; x_wconf 83' lang='lat' dir='ltr'><strong>Jesu</strong></span> <span class='ocrx_word' id='word_1_75' title='bbox 896 1206 1070 1250; x_wconf 84' lang='lat' dir='ltr'><strong>mater</strong></span> <span class='ocrx_word' id='word_1_76' title='bbox 1126 1197 1266 1263; x_wconf 87' lang='lat' dir='ltr'><strong>ejus,</strong></span> <span class='ocrx_word' id='word_1_77' title='bbox 1305 1205 1362 1250; x_wconf 84' lang='lat' dir='ltr'><strong>et</strong></span> <span class='ocrx_word' id='word_1_78' title='bbox 1398 1210 1557 1249; x_wconf 90' lang='lat' dir='ltr'><strong>soror</strong></span> <span class='ocrx_word' id='word_1_79' title='bbox 1590 1194 1784 1247; x_wconf 82' lang='lat' dir='ltr'><strong>matris</strong></span> <span class='ocrx_word' id='word_1_80' title='bbox 1811 1193 1930 1263; x_wconf 84' lang='lat' dir='ltr'><strong>ejus</strong></span> <span class='ocrx_word' id='word_1_81' title='bbox 1959 1191 2124 1245; x_wconf 84' lang='lat' dir='ltr'><strong>Maria</strong></span> 
     </span>
    </p>
   </div>
   <div class='ocr_carea' id='block_1_12' title="bbox 536 1283 2124 1357">
    <p class='ocr_par' dir='ltr' id='par_1_12' title="bbox 536 1283 2124 1357">
     <span class='ocr_line' id='line_1_12' title="bbox 536 1283 2124 1357; baseline -0.004 -17"><span class='ocrx_word' id='word_1_82' title='bbox 536 1287 811 1357; x_wconf 69' lang='lat' dir='ltr'><strong>Cleophaa,</strong></span> <span class='ocrx_word' id='word_1_83' title='bbox 843 1296 899 1341; x_wconf 91' lang='lat' dir='ltr'><strong>et</strong></span> <span class='ocrx_word' id='word_1_84' title='bbox 952 1286 1115 1341; x_wconf 83' lang='lat' dir='ltr'><strong>Maria</strong></span> <span class='ocrx_word' id='word_1_85' title='bbox 1169 1285 1507 1355; x_wconf 83' lang='lat' dir='ltr'><strong>Magdalene.</strong></span> <span class='ocrx_word' id='word_1_86' title='bbox 1543 1283 1678 1339; x_wconf 88' lang='lat' dir='ltr'><strong>Cum</strong></span> <span class='ocrx_word' id='word_1_87' title='bbox 1739 1283 1966 1338; x_wconf 84' lang='lat' dir='ltr'><strong>vidisset</strong></span> <span class='ocrx_word' id='word_1_88' title='bbox 1995 1297 2124 1353; x_wconf 79' lang='lat' dir='ltr'><strong>ergo</strong></span> 
     </span>
    </p>
   </div>
   <div class='ocr_carea' id='block_1_13' title="bbox 536 1374 2128 1447">
    <p class='ocr_par' dir='ltr' id='par_1_13' title="bbox 536 1374 2128 1447">
     <span class='ocr_line' id='line_1_13' title="bbox 536 1374 2128 1447; baseline -0.004 -14"><span class='ocrx_word' id='word_1_89' title='bbox 536 1381 696 1434; x_wconf 77' lang='lat' dir='ltr'><strong>.lcsus</strong></span> <span class='ocrx_word' id='word_1_90' title='bbox 726 1389 954 1432; x_wconf 81' lang='lat' dir='ltr'><strong>matrem</strong></span> <span class='ocrx_word' id='word_1_91' title='bbox 1015 1388 1069 1433; x_wconf 90' lang='lat' dir='ltr'><strong>et</strong></span> <span class='ocrx_word' id='word_1_92' title='bbox 1095 1377 1427 1447; x_wconf 85' lang='lat' dir='ltr'><strong>discipulum</strong></span> <span class='ocrx_word' id='word_1_93' title='bbox 1456 1385 1716 1441; x_wconf 83' lang='lat' dir='ltr'><strong>stantem,</strong></span> <span class='ocrx_word' id='word_1_94' title='bbox 1751 1391 1911 1444; x_wconf 83' lang='lat' dir='ltr'><strong>quem</strong></span> <span class='ocrx_word' id='word_1_95' title='bbox 1935 1374 2128 1444; x_wconf 82' lang='lat' dir='ltr'><strong>dilige-</strong></span> 
     </span>
    </p>
   </div>
   <div class='ocr_carea' id='block_1_14' title="bbox 541 1466 2130 1537">
    <p class='ocr_par' dir='ltr' id='par_1_14' title="bbox 541 1466 2130 1537">
     <span class='ocr_line' id='line_1_14' title="bbox 541 1466 2130 1537; baseline -0.003 -12"><span class='ocrx_word' id='word_1_96' title='bbox 541 1474 654 1537; x_wconf 76' lang='lat' dir='ltr'><strong>bat,</strong></span> <span class='ocrx_word' id='word_1_97' title='bbox 691 1471 825 1525; x_wconf 83' lang='lat' dir='ltr'><strong>dicit</strong></span> <span class='ocrx_word' id='word_1_98' title='bbox 853 1470 1012 1523; x_wconf 85' lang='lat' dir='ltr'><strong>matri</strong></span> <span class='ocrx_word' id='word_1_99' title='bbox 1059 1484 1171 1524; x_wconf 60' lang='lat' dir='ltr'><strong>sum</strong></span> <span class='ocrx_word' id='word_1_100' title='bbox 1201 1484 1215 1524; x_wconf 88' lang='lat'><strong>:</strong></span> <span class='ocrx_word' id='word_1_101' title='bbox 1254 1468 1471 1532; x_wconf 80' lang='lat' dir='ltr'><strong>Mulier,</strong></span> <span class='ocrx_word' id='word_1_102' title='bbox 1499 1483 1629 1523; x_wconf 91' lang='lat' dir='ltr'><strong>ecce</strong></span> <span class='ocrx_word' id='word_1_103' title='bbox 1670 1468 1815 1522; x_wconf 88' lang='lat' dir='ltr'><strong>iilius</strong></span> <span class='ocrx_word' id='word_1_104' title='bbox 1845 1476 1991 1521; x_wconf 89' lang='lat' dir='ltr'><strong>tuus.</strong></span> <span class='ocrx_word' id='word_1_105' title='bbox 2025 1466 2130 1521; x_wconf 84' lang='lat' dir='ltr'><strong>De-</strong></span> 
     </span>
    </p>
   </div>
   <div class='ocr_carea' id='block_1_15' title="bbox 543 1557 2126 1631">
    <p class='ocr_par' dir='ltr' id='par_1_15' title="bbox 543 1557 2126 1631">
     <span class='ocr_line' id='line_1_15' title="bbox 543 1557 2126 1631; baseline -0.003 -17"><span class='ocrx_word' id='word_1_106' title='bbox 543 1562 672 1615; x_wconf 84' lang='lat' dir='ltr'><strong>inde</strong></span> <span class='ocrx_word' id='word_1_107' title='bbox 706 1560 840 1615; x_wconf 84' lang='lat' dir='ltr'><strong>dicit</strong></span> <span class='ocrx_word' id='word_1_108' title='bbox 893 1561 1165 1631; x_wconf 83' lang='lat' dir='ltr'><strong>discipulo</strong></span> <span class='ocrx_word' id='word_1_109' title='bbox 1217 1578 1232 1618; x_wconf 84' lang='lat'><strong>:</strong></span> <span class='ocrx_word' id='word_1_110' title='bbox 1270 1562 1411 1615; x_wconf 84' lang='lat' dir='ltr'><strong>Ecce</strong></span> <span class='ocrx_word' id='word_1_111' title='bbox 1446 1569 1623 1614; x_wconf 88' lang='lat' dir='ltr'><strong>mater</strong></span> <span class='ocrx_word' id='word_1_112' title='bbox 1674 1568 1787 1613; x_wconf 91' lang='lat' dir='ltr'><strong>tua.</strong></span> <span class='ocrx_word' id='word_1_113' title='bbox 1825 1557 1890 1612; x_wconf 87' lang='lat' dir='ltr'><strong>Et</strong></span> <span class='ocrx_word' id='word_1_114' title='bbox 1918 1573 1983 1613; x_wconf 88' lang='lat' dir='ltr'><strong>ex</strong></span> <span class='ocrx_word' id='word_1_115' title='bbox 2036 1557 2126 1612; x_wconf 84' lang='lat' dir='ltr'><strong>illa</strong></span> 
     </span>
    </p>
   </div>
   <div class='ocr_carea' id='block_1_16' title="bbox 542 1647 2129 1721">
    <p class='ocr_par' dir='ltr' id='par_1_16' title="bbox 542 1647 2129 1721">
     <span class='ocr_line' id='line_1_16' title="bbox 542 1647 2129 1721; baseline -0.001 -17"><span class='ocrx_word' id='word_1_116' title='bbox 542 1653 673 1707; x_wconf 88' lang='lat' dir='ltr'><strong>hora</strong></span> <span class='ocrx_word' id='word_1_117' title='bbox 696 1653 902 1720; x_wconf 88' lang='lat' dir='ltr'><strong>accepit</strong></span> <span class='ocrx_word' id='word_1_118' title='bbox 937 1668 1055 1705; x_wconf 87' lang='lat' dir='ltr'><strong>eam</strong></span> <span class='ocrx_word' id='word_1_119' title='bbox 1087 1652 1387 1720; x_wconf 84' lang='lat' dir='ltr'><strong>discipulus</strong></span> <span class='ocrx_word' id='word_1_120' title='bbox 1416 1651 1469 1704; x_wconf 92' lang='lat' dir='ltr'><strong>in</strong></span> <span class='ocrx_word' id='word_1_121' title='bbox 1500 1666 1618 1705; x_wconf 90' lang='lat' dir='ltr'><strong>sua.</strong></span> <span class='ocrx_word' id='word_1_122' title='bbox 1646 1648 1818 1721; x_wconf 60' lang='lat' dir='ltr'><strong>[conn</strong></span> <span class='ocrx_word' id='word_1_123' title='bbox 1861 1647 1939 1721; x_wconf 74' lang='grc'><strong>4.]</strong></span> <span class='ocrx_word' id='word_1_124' title='bbox 1974 1648 2129 1703; x_wconf 78' lang='lat' dir='ltr'><strong>l‘ost-</strong></span> 
     </span>
    </p>
   </div>
   <div class='ocr_carea' id='block_1_17' title="bbox 542 1743 2126 1811">
    <p class='ocr_par' dir='ltr' id='par_1_17' title="bbox 542 1743 2126 1811">
     <span class='ocr_line' id='line_1_17' title="bbox 542 1743 2126 1811; baseline 0 -19"><span class='ocrx_word' id='word_1_125' title='bbox 542 1760 605 1795; x_wconf 80' lang='lat' dir='ltr'><strong>ca</strong></span> <span class='ocrx_word' id='word_1_126' title='bbox 662 1744 847 1797; x_wconf 88' lang='lat' dir='ltr'><strong>sciens</strong></span> <span class='ocrx_word' id='word_1_127' title='bbox 901 1743 1061 1797; x_wconf 77' lang='lat' dir='ltr'><strong>Jesus</strong></span> <span class='ocrx_word' id='word_1_128' title='bbox 1095 1743 1222 1811; x_wconf 87' lang='lat' dir='ltr'><strong>quia</strong></span> <span class='ocrx_word' id='word_1_129' title='bbox 1247 1744 1430 1796; x_wconf 87' lang='lat' dir='ltr'><strong>omnia</strong></span> <span class='ocrx_word' id='word_1_130' title='bbox 1475 1750 1852 1795; x_wconf 89' lang='lat' dir='ltr'><strong>consummata</strong></span> <span class='ocrx_word' id='word_1_131' title='bbox 1883 1749 2032 1805; x_wconf 87' lang='lat' dir='ltr'><strong>sunt,</strong></span> <span class='ocrx_word' id='word_1_132' title='bbox 2068 1748 2126 1793; x_wconf 89' lang='lat' dir='ltr'><strong>ut</strong></span> 
     </span>
    </p>
   </div>
   <div class='ocr_carea' id='block_1_18' title="bbox 544 1832 2127 1904">
    <p class='ocr_par' dir='ltr' id='par_1_18' title="bbox 544 1832 2127 1904">
     <span class='ocr_line' id='line_1_18' title="bbox 544 1832 2127 1904; baseline -0.003 -16"><span class='ocrx_word' id='word_1_133' title='bbox 544 1843 1018 1889; x_wconf 82' lang='lat' dir='ltr'><strong>consummaretur</strong></span> <span class='ocrx_word' id='word_1_134' title='bbox 1074 1834 1374 1904; x_wconf 86' lang='lat' dir='ltr'><strong>Scriptura,</strong></span> <span class='ocrx_word' id='word_1_135' title='bbox 1412 1832 1553 1887; x_wconf 83' lang='lat' dir='ltr'><strong>dixit</strong></span> <span class='ocrx_word' id='word_1_136' title='bbox 1606 1846 1628 1887; x_wconf 68' lang='grc' dir='ltr'><strong>ξ</strong></span> <span class='ocrx_word' id='word_1_137' title='bbox 1662 1833 1820 1888; x_wconf 78' lang='lat' dir='ltr'><strong>Sitio.</strong></span> <span class='ocrx_word' id='word_1_138' title='bbox 1857 1833 1963 1887; x_wconf 85' lang='lat' dir='ltr'><strong>Vas</strong></span> <span class='ocrx_word' id='word_1_139' title='bbox 1994 1846 2127 1902; x_wconf 82' lang='lat' dir='ltr'><strong>ergo</strong></span> 
     </span>
    </p>
   </div>
   <div class='ocr_carea' id='block_1_19' title="bbox 545 1924 2127 1995">
    <p class='ocr_par' dir='ltr' id='par_1_19' title="bbox 545 1924 2127 1995">
     <span class='ocr_line' id='line_1_19' title="bbox 545 1924 2127 1995; baseline -0.001 -16"><span class='ocrx_word' id='word_1_140' title='bbox 545 1936 665 1980; x_wconf 86' lang='lat' dir='ltr'><strong>erat</strong></span> <span class='ocrx_word' id='word_1_141' title='bbox 715 1926 953 1995; x_wconf 87' lang='lat' dir='ltr'><strong>positum</strong></span> <span class='ocrx_word' id='word_1_142' title='bbox 1005 1935 1162 1981; x_wconf 81' lang='lat' dir='ltr'><strong>aceto</strong></span> <span class='ocrx_word' id='word_1_143' title='bbox 1214 1925 1458 1995; x_wconf 77' lang='lat' dir='ltr'><strong>plenum.</strong></span> <span class='ocrx_word' id='word_1_144' title='bbox 1488 1924 1576 1980; x_wconf 84' lang='lat' dir='ltr'>Illi</span> <span class='ocrx_word' id='word_1_145' title='bbox 1623 1934 1806 1980; x_wconf 83' lang='lat' dir='ltr'><strong>autem</strong></span> <span class='ocrx_word' id='word_1_146' title='bbox 1843 1925 2127 1994; x_wconf 79' lang='lat' dir='ltr'><strong>spongiam</strong></span> 
     </span>
    </p>
   </div>
   <div class='ocr_carea' id='block_1_20' title="bbox 547 2016 2129 2090">
    <p class='ocr_par' dir='ltr' id='par_1_20' title="bbox 547 2016 2129 2090">
     <span class='ocr_line' id='line_1_20' title="bbox 547 2016 2129 2090; baseline 0.001 -20"><span class='ocrx_word' id='word_1_147' title='bbox 547 2019 762 2090; x_wconf 84' lang='lat' dir='ltr'><strong>plenam</strong></span> <span class='ocrx_word' id='word_1_148' title='bbox 803 2027 979 2083; x_wconf 85' lang='lat' dir='ltr'><strong>aceto,</strong></span> <span class='ocrx_word' id='word_1_149' title='bbox 1012 2018 1252 2088; x_wconf 76' lang='lat' dir='ltr'><strong>hyssopo</strong></span> <span class='ocrx_word' id='word_1_150' title='bbox 1285 2018 1785 2087; x_wconf 82' lang='lat' dir='ltr'><strong>circumponentes,</strong></span> <span class='ocrx_word' id='word_1_151' title='bbox 1810 2016 2129 2072; x_wconf 87' lang='lat' dir='ltr'><strong>obtulerunt</strong></span> 
     </span>
    </p>
   </div>
   <div class='ocr_carea' id='block_1_21' title="bbox 548 2107 2130 2182">
    <p class='ocr_par' dir='ltr' id='par_1_21' title="bbox 548 2107 2130 2182">
     <span class='ocr_line' id='line_1_21' title="bbox 548 2107 2130 2182; baseline -0.002 -17"><span class='ocrx_word' id='word_1_152' title='bbox 548 2112 628 2168; x_wconf 85' lang='lat' dir='ltr'><strong>ori</strong></span> <span class='ocrx_word' id='word_1_153' title='bbox 661 2112 795 2182; x_wconf 85' lang='lat' dir='ltr'><strong>ejus.</strong></span> <span class='ocrx_word' id='word_1_154' title='bbox 826 2109 999 2182; x_wconf 67' lang='lat' dir='ltr'><strong>[com</strong></span> <span class='ocrx_word' id='word_1_155' title='bbox 1036 2108 1115 2181; x_wconf 73' lang='lat'><strong>1.]</strong></span> <span class='ocrx_word' id='word_1_156' title='bbox 1151 2109 1287 2165; x_wconf 91' lang='lat' dir='ltr'><strong>Cum</strong></span> <span class='ocrx_word' id='word_1_157' title='bbox 1318 2124 1447 2177; x_wconf 80' lang='lat' dir='ltr'><strong>ergo</strong></span> <span class='ocrx_word' id='word_1_158' title='bbox 1472 2110 1770 2178; x_wconf 71' lang='lat' dir='ltr'><strong>accepisset</strong></span> <span class='ocrx_word' id='word_1_159' title='bbox 1816 2107 1975 2163; x_wconf 81' lang='lat' dir='ltr'><strong>Jesus</strong></span> <span class='ocrx_word' id='word_1_160' title='bbox 2001 2122 2130 2162; x_wconf 87' lang='lat' dir='ltr'><strong>aee-</strong></span> 
     </span>
    </p>
   </div>
   <div class='ocr_carea' id='block_1_22' title="bbox 551 2199 2129 2271">
    <p class='ocr_par' dir='ltr' id='par_1_22' title="bbox 551 2199 2129 2271">
     <span class='ocr_line' id='line_1_22' title="bbox 551 2199 2129 2271; baseline -0.001 -14"><span class='ocrx_word' id='word_1_161' title='bbox 551 2215 689 2269; x_wconf 92' lang='lat' dir='ltr'><strong>tum,</strong></span> <span class='ocrx_word' id='word_1_162' title='bbox 732 2204 869 2256; x_wconf 83' lang='lat' dir='ltr'><strong>dixit</strong></span> <span class='ocrx_word' id='word_1_163' title='bbox 904 2220 918 2255; x_wconf 88' lang='lat'><strong>:</strong></span> <span class='ocrx_word' id='word_1_164' title='bbox 955 2202 1404 2255; x_wconf 87' lang='lat' dir='ltr'><strong>Consummatum</strong></span> <span class='ocrx_word' id='word_1_165' title='bbox 1442 2209 1546 2254; x_wconf 88' lang='lat' dir='ltr'><strong>est.</strong></span> <span class='ocrx_word' id='word_1_166' title='bbox 1584 2199 1663 2254; x_wconf 80' lang='lat' dir='ltr'><strong>Et</strong></span> <span class='ocrx_word' id='word_1_167' title='bbox 1696 2200 1953 2254; x_wconf 90' lang='lat' dir='ltr'><strong>inclinato</strong></span> <span class='ocrx_word' id='word_1_168' title='bbox 1983 2200 2129 2271; x_wconf 86' lang='lat' dir='ltr'><strong>capi-</strong></span> 
     </span>
    </p>
   </div>
   <div class='ocr_carea' id='block_1_23' title="bbox 552 2290 2127 2363">
    <p class='ocr_par' dir='ltr' id='par_1_23' title="bbox 552 2290 2127 2363">
     <span class='ocr_line' id='line_1_23' title="bbox 552 2290 2127 2363; baseline -0.003 -14"><span class='ocrx_word' id='word_1_169' title='bbox 552 2307 603 2349; x_wconf 88' lang='lat' dir='ltr'><strong>te</strong></span> <span class='ocrx_word' id='word_1_170' title='bbox 636 2294 857 2348; x_wconf 78' lang='lat' dir='ltr'><strong>tradidit</strong></span> <span class='ocrx_word' id='word_1_171' title='bbox 882 2293 1160 2363; x_wconf 83' lang='lat' dir='ltr'><strong>spiritum.</strong></span> <span class='ocrx_word' id='word_1_172' title='bbox 1191 2290 1337 2362; x_wconf 84' lang='lat' dir='ltr'><strong>[ccv,</strong></span> <span class='ocrx_word' id='word_1_173' title='bbox 1366 2290 1669 2362; x_wconf 67' lang='lat' dir='ltr'><strong>10.]Judaai</strong></span> <span class='ocrx_word' id='word_1_174' title='bbox 1698 2306 1826 2360; x_wconf 82' lang='lat' dir='ltr'><strong>ergo</strong></span> <span class='ocrx_word' id='word_1_175' title='bbox 1848 2293 2127 2361; x_wconf 81' lang='lat' dir='ltr'><strong>(quoniam</strong></span> 
     </span>
    </p>
   </div>
   <div class='ocr_carea' id='block_1_24' title="bbox 552 2384 2132 2456">
    <p class='ocr_par' dir='ltr' id='par_1_24' title="bbox 552 2384 2132 2456">
     <span class='ocr_line' id='line_1_24' title="bbox 552 2384 2132 2456; baseline -0.002 -14"><span class='ocrx_word' id='word_1_176' title='bbox 552 2386 850 2442; x_wconf 84' lang='lat' dir='ltr'><strong>Parasceve</strong></span> <span class='ocrx_word' id='word_1_177' title='bbox 875 2386 1035 2456; x_wconf 89' lang='lat' dir='ltr'><strong>erat),</strong></span> <span class='ocrx_word' id='word_1_178' title='bbox 1061 2397 1122 2441; x_wconf 92' lang='lat' dir='ltr'><strong>ut</strong></span> <span class='ocrx_word' id='word_1_179' title='bbox 1155 2402 1259 2439; x_wconf 89' lang='lat' dir='ltr'><strong>non</strong></span> <span class='ocrx_word' id='word_1_180' title='bbox 1282 2395 1626 2440; x_wconf 88' lang='lat' dir='ltr'><strong>remanerent</strong></span> <span class='ocrx_word' id='word_1_181' title='bbox 1652 2384 1707 2438; x_wconf 89' lang='lat' dir='ltr'><strong>in</strong></span> <span class='ocrx_word' id='word_1_182' title='bbox 1741 2401 1904 2439; x_wconf 83' lang='lat' dir='ltr'><strong>cruce</strong></span> <span class='ocrx_word' id='word_1_183' title='bbox 1934 2400 2132 2455; x_wconf 83' lang='lat' dir='ltr'><strong>corpo-</strong></span> 
     </span>
    </p>
   </div>
   <div class='ocr_carea' id='block_1_25' title="bbox 552 2477 2129 2550">
    <p class='ocr_par' dir='ltr' id='par_1_25' title="bbox 552 2477 2129 2550">
     <span class='ocr_line' id='line_1_25' title="bbox 552 2477 2129 2550; baseline -0.002 -16"><span class='ocrx_word' id='word_1_184' title='bbox 552 2496 611 2534; x_wconf 78' lang='lat' dir='ltr'><strong>ra</strong></span> <span class='ocrx_word' id='word_1_185' title='bbox 657 2477 901 2534; x_wconf 83' lang='lat' dir='ltr'><strong>Sabbato</strong></span> <span class='ocrx_word' id='word_1_186' title='bbox 939 2480 1078 2547; x_wconf 89' lang='lat' dir='ltr'><strong>(erat</strong></span> <span class='ocrx_word' id='word_1_187' title='bbox 1138 2478 1285 2533; x_wconf 83' lang='lat' dir='ltr'><strong>enim</strong></span> <span class='ocrx_word' id='word_1_188' title='bbox 1327 2493 1556 2548; x_wconf 83' lang='lat' dir='ltr'><strong>magnus</strong></span> <span class='ocrx_word' id='word_1_189' title='bbox 1577 2477 1696 2532; x_wconf 90' lang='lat' dir='ltr'><strong>dies</strong></span> <span class='ocrx_word' id='word_1_190' title='bbox 1730 2479 1820 2533; x_wconf 87' lang='lat' dir='ltr'><strong>ille</strong></span> <span class='ocrx_word' id='word_1_191' title='bbox 1857 2477 2129 2550; x_wconf 78' lang='lat' dir='ltr'><strong>Sabhati),</strong></span> 
     </span>
    </p>
   </div>
   <div class='ocr_carea' id='block_1_26' title="bbox 555 2569 2128 2644">
    <p class='ocr_par' dir='ltr' id='par_1_26' title="bbox 555 2569 2128 2644">
     <span class='ocr_line' id='line_1_26' title="bbox 555 2569 2128 2644; baseline -0.002 -18"><span class='ocrx_word' id='word_1_192' title='bbox 555 2582 889 2644; x_wconf 77' lang='lat' dir='ltr'><strong>rogaverunt</strong></span> <span class='ocrx_word' id='word_1_193' title='bbox 940 2570 1201 2638; x_wconf 85' lang='lat' dir='ltr'><strong>Pilatum,</strong></span> <span class='ocrx_word' id='word_1_194' title='bbox 1224 2578 1284 2624; x_wconf 94' lang='lat' dir='ltr'><strong>ut</strong></span> <span class='ocrx_word' id='word_1_195' title='bbox 1323 2569 1709 2639; x_wconf 80' lang='lat' dir='ltr'><strong>frangerentur</strong></span> <span class='ocrx_word' id='word_1_196' title='bbox 1724 2584 1915 2623; x_wconf 92' lang='lat' dir='ltr'><strong>eorum</strong></span> <span class='ocrx_word' id='word_1_197' title='bbox 1941 2585 2128 2636; x_wconf 88' lang='lat' dir='ltr'><strong>crura,</strong></span> 
     </span>
    </p>
   </div>
   <div class='ocr_carea' id='block_1_27' title="bbox 554 2659 2129 2731">
    <p class='ocr_par' dir='ltr' id='par_1_27' title="bbox 554 2659 2129 2731">
     <span class='ocr_line' id='line_1_27' title="bbox 554 2659 2129 2731; baseline -0.001 -14"><span class='ocrx_word' id='word_1_198' title='bbox 554 2674 608 2717; x_wconf 90' lang='lat' dir='ltr'><strong>ct</strong></span> <span class='ocrx_word' id='word_1_199' title='bbox 670 2662 1010 2716; x_wconf 83' lang='lat' dir='ltr'><strong>tollerentur.</strong></span> <span class='ocrx_word' id='word_1_200' title='bbox 1066 2659 1349 2715; x_wconf 80' lang='lat' dir='ltr'><strong>Venerunt</strong></span> <span class='ocrx_word' id='word_1_201' title='bbox 1405 2675 1537 2731; x_wconf 87' lang='lat' dir='ltr'><strong>ergo</strong></span> <span class='ocrx_word' id='word_1_202' title='bbox 1566 2660 1768 2715; x_wconf 86' lang='lat' dir='ltr'><strong>milites</strong></span> <span class='ocrx_word' id='word_1_203' title='bbox 1794 2675 1815 2715; x_wconf 66' lang='grc' dir='ltr'><strong><em>τ</em></strong></span> <span class='ocrx_word' id='word_1_204' title='bbox 1858 2670 1912 2716; x_wconf 88' lang='lat' dir='ltr'><strong>et</strong></span> <span class='ocrx_word' id='word_1_205' title='bbox 1948 2663 2129 2730; x_wconf 69' lang='lat' dir='ltr'><strong>primi</strong></span> 
     </span>
    </p>
   </div>
   <div class='ocr_carea' id='block_1_28' title="bbox 554 2750 2133 2823">
    <p class='ocr_par' dir='ltr' id='par_1_28' title="bbox 554 2750 2133 2823">
     <span class='ocr_line' id='line_1_28' title="bbox 554 2750 2133 2823; baseline 0.001 -17"><span class='ocrx_word' id='word_1_206' title='bbox 554 2751 779 2823; x_wconf 90' lang='lat' dir='ltr'><strong>quidem</strong></span> <span class='ocrx_word' id='word_1_207' title='bbox 827 2750 1112 2822; x_wconf 74' lang='lat' dir='ltr'><strong>fregerunt</strong></span> <span class='ocrx_word' id='word_1_208' title='bbox 1148 2766 1333 2817; x_wconf 82' lang='lat' dir='ltr'><strong>crura,</strong></span> <span class='ocrx_word' id='word_1_209' title='bbox 1364 2750 1668 2806; x_wconf 82' lang='lat' dir='ltr'><strong>etalterius</strong></span> <span class='ocrx_word' id='word_1_210' title='bbox 1703 2751 1795 2821; x_wconf 89' lang='lat' dir='ltr'><strong>qui</strong></span> <span class='ocrx_word' id='word_1_211' title='bbox 1837 2752 2133 2807; x_wconf 78' lang='lat' dir='ltr'><strong>cruciﬁxus</strong></span> 
     </span>
    </p>
   </div>
   <div class='ocr_carea' id='block_1_29' title="bbox 553 2843 2135 2910">
    <p class='ocr_par' dir='ltr' id='par_1_29' title="bbox 553 2843 2135 2910">
     <span class='ocr_line' id='line_1_29' title="bbox 553 2843 2135 2910; baseline -0.002 -8"><span class='ocrx_word' id='word_1_212' title='bbox 553 2856 640 2903; x_wconf 85' lang='lat' dir='ltr'><strong>est</strong></span> <span class='ocrx_word' id='word_1_213' title='bbox 670 2862 790 2900; x_wconf 83' lang='lat' dir='ltr'><strong>cuni</strong></span> <span class='ocrx_word' id='word_1_214' title='bbox 847 2860 934 2899; x_wconf 87' lang='lat' dir='ltr'><strong>eo.</strong></span> <span class='ocrx_word' id='word_1_215' title='bbox 986 2843 1065 2898; x_wconf 77' lang='lat' dir='ltr'><strong>Ad</strong></span> <span class='ocrx_word' id='word_1_216' title='bbox 1106 2844 1297 2899; x_wconf 82' lang='lat' dir='ltr'><strong>Jesum</strong></span> <span class='ocrx_word' id='word_1_217' title='bbox 1336 2852 1517 2897; x_wconf 85' lang='lat' dir='ltr'><strong>autem</strong></span> <span class='ocrx_word' id='word_1_218' title='bbox 1584 2858 1707 2897; x_wconf 92' lang='lat' dir='ltr'><strong>cum</strong></span> <span class='ocrx_word' id='word_1_219' title='bbox 1739 2845 2040 2910; x_wconf 77' lang='lat' dir='ltr'><strong>venissent,</strong></span> <span class='ocrx_word' id='word_1_220' title='bbox 2074 2854 2135 2899; x_wconf 92' lang='lat' dir='ltr'><strong>ut</strong></span> 
     </span>
    </p>
   </div>
   <div class='ocr_carea' id='block_1_30' title="bbox 554 2933 2132 3005">
    <p class='ocr_par' dir='ltr' id='par_1_30' title="bbox 554 2933 2132 3005">
     <span class='ocr_line' id='line_1_30' title="bbox 554 2933 2132 3005; baseline -0.002 -14"><span class='ocrx_word' id='word_1_221' title='bbox 554 2938 817 2992; x_wconf 86' lang='lat' dir='ltr'><strong>viderunt</strong></span> <span class='ocrx_word' id='word_1_222' title='bbox 873 2950 998 2990; x_wconf 81' lang='lat' dir='ltr'><strong>eum</strong></span> <span class='ocrx_word' id='word_1_223' title='bbox 1039 2935 1143 3005; x_wconf 86' lang='lat' dir='ltr'><strong>jam</strong></span> <span class='ocrx_word' id='word_1_224' title='bbox 1202 2944 1503 2997; x_wconf 89' lang='lat' dir='ltr'><strong>mortuum,</strong></span> <span class='ocrx_word' id='word_1_225' title='bbox 1537 2949 1644 2988; x_wconf 91' lang='lat' dir='ltr'><strong>non</strong></span> <span class='ocrx_word' id='word_1_226' title='bbox 1702 2933 2132 3004; x_wconf 82' lang='lat' dir='ltr'><strong>fregeruntejus</strong></span> 
     </span>
    </p>
   </div>
   <div class='ocr_carea' id='block_1_31' title="bbox 556 3024 2130 3096">
    <p class='ocr_par' dir='ltr' id='par_1_31' title="bbox 556 3024 2130 3096">
     <span class='ocr_line' id='line_1_31' title="bbox 556 3024 2130 3096; baseline -0.003 -13"><span class='ocrx_word' id='word_1_227' title='bbox 556 3044 715 3083; x_wconf 90' lang='lat' dir='ltr'><strong>crura</strong></span> <span class='ocrx_word' id='word_1_228' title='bbox 749 3043 763 3080; x_wconf 91' lang='lat'>:</span> <span class='ocrx_word' id='word_1_229' title='bbox 801 3027 897 3082; x_wconf 89' lang='lat' dir='ltr'><strong>sed</strong></span> <span class='ocrx_word' id='word_1_230' title='bbox 931 3041 1076 3080; x_wconf 86' lang='lat' dir='ltr'><strong>unus</strong></span> <span class='ocrx_word' id='word_1_231' title='bbox 1104 3026 1338 3080; x_wconf 86' lang='lat' dir='ltr'><strong>militum</strong></span> <span class='ocrx_word' id='word_1_232' title='bbox 1370 3025 1555 3080; x_wconf 87' lang='lat' dir='ltr'><strong>lancea</strong></span> <span class='ocrx_word' id='word_1_233' title='bbox 1592 3025 1734 3079; x_wconf 86' lang='lat' dir='ltr'><strong>latus</strong></span> <span class='ocrx_word' id='word_1_234' title='bbox 1756 3024 1873 3092; x_wconf 87' lang='lat' dir='ltr'><strong>ejus</strong></span> <span class='ocrx_word' id='word_1_235' title='bbox 1895 3025 2130 3096; x_wconf 84' lang='lat' dir='ltr'><strong>aperuit,</strong></span> 
     </span>
    </p>
   </div>
   <div class='ocr_carea' id='block_1_32' title="bbox 2217 547 3721 619">
    <p class='ocr_par' dir='ltr' id='par_1_32' title="bbox 2217 547 3721 619">
     <span class='ocr_line' id='line_1_32' title="bbox 2217 547 3721 619; baseline 0.001 -17"><span class='ocrx_word' id='word_1_236' title='bbox 2217 550 2353 609; x_wconf 83' lang='lat' dir='ltr'><strong>alius</strong></span> <span class='ocrx_word' id='word_1_237' title='bbox 2403 550 2707 619; x_wconf 84' lang='lat' dir='ltr'><strong>discipulus</strong></span> <span class='ocrx_word' id='word_1_238' title='bbox 2734 550 3092 619; x_wconf 61' lang='lat' dir='ltr'><strong>prmcucurrit</strong></span> <span class='ocrx_word' id='word_1_239' title='bbox 3150 549 3311 605; x_wconf 86' lang='lat' dir='ltr'><strong>citius</strong></span> <span class='ocrx_word' id='word_1_240' title='bbox 3338 547 3506 611; x_wconf 86' lang='lat' dir='ltr'><strong>Petro,</strong></span> <span class='ocrx_word' id='word_1_241' title='bbox 3531 559 3581 602; x_wconf 89' lang='lat' dir='ltr'><strong>et</strong></span> <span class='ocrx_word' id='word_1_242' title='bbox 3609 552 3721 603; x_wconf 80' lang='lat' dir='ltr'><strong>venit</strong></span> 
     </span>
    </p>
   </div>
   <div class='ocr_carea' id='block_1_33' title="bbox 2217 639 3817 712">
    <p class='ocr_par' dir='ltr' id='par_1_33' title="bbox 2217 639 3817 712">
     <span class='ocr_line' id='line_1_33' title="bbox 2217 639 3817 712; baseline -0.001 -17"><span class='ocrx_word' id='word_1_243' title='bbox 2217 642 2426 712; x_wconf 89' lang='lat' dir='ltr'><strong>primus</strong></span> <span class='ocrx_word' id='word_1_244' title='bbox 2486 643 2552 695; x_wconf 88' lang='lat' dir='ltr'><strong>ad</strong></span> <span class='ocrx_word' id='word_1_245' title='bbox 2593 650 3033 694; x_wconf 87' lang='lat' dir='ltr'><strong>monumentum.</strong></span> <span class='ocrx_word' id='word_1_246' title='bbox 3102 639 3316 693; x_wconf 85' lang='lat' dir='ltr'><strong>Etcum</strong></span> <span class='ocrx_word' id='word_1_247' title='bbox 3352 654 3406 692; x_wconf 84' lang='lat' dir='ltr'><strong>se</strong></span> <span class='ocrx_word' id='word_1_248' title='bbox 3443 639 3724 699; x_wconf 80' lang='lat' dir='ltr'><strong>inclinasset.</strong></span> <span class='ocrx_word' id='word_1_249' title='bbox 3816 670 3817 687; x_wconf 74' lang='grc' dir='ltr'>ς</span> 
     </span>
    </p>
   </div>
   <div class='ocr_carea' id='block_1_34' title="bbox 2218 729 3727 801">
    <p class='ocr_par' dir='ltr' id='par_1_34' title="bbox 2218 729 3727 801">
     <span class='ocr_line' id='line_1_34' title="bbox 2218 729 3727 801; baseline -0.001 -16"><span class='ocrx_word' id='word_1_250' title='bbox 2218 733 2354 786; x_wconf 79' lang='lat' dir='ltr'><strong>vidit</strong></span> <span class='ocrx_word' id='word_1_251' title='bbox 2378 732 2550 801; x_wconf 77' lang='lat' dir='ltr'><strong>posita</strong></span> <span class='ocrx_word' id='word_1_252' title='bbox 2610 730 2951 793; x_wconf 90' lang='lat' dir='ltr'><strong>linteamina,</strong></span> <span class='ocrx_word' id='word_1_253' title='bbox 2996 747 3100 784; x_wconf 82' lang='lat' dir='ltr'><strong>non</strong></span> <span class='ocrx_word' id='word_1_254' title='bbox 3127 740 3305 784; x_wconf 89' lang='lat' dir='ltr'><strong>tamen</strong></span> <span class='ocrx_word' id='word_1_255' title='bbox 3334 730 3577 783; x_wconf 63' lang='lat' dir='ltr'><strong>introivit.</strong></span> <span class='ocrx_word' id='word_1_256' title='bbox 3603 729 3727 783; x_wconf 81' lang='lat' dir='ltr'><strong>Venit</strong></span> 
     </span>
    </p>
   </div>
   <div class='ocr_carea' id='block_1_35' title="bbox 2220 821 3725 893">
    <p class='ocr_par' dir='ltr' id='par_1_35' title="bbox 2220 821 3725 893">
     <span class='ocr_line' id='line_1_35' title="bbox 2220 821 3725 893; baseline -0.002 -15"><span class='ocrx_word' id='word_1_257' title='bbox 2220 841 2348 890; x_wconf 76' lang='lat' dir='ltr'><strong>ergo</strong></span> <span class='ocrx_word' id='word_1_258' title='bbox 2395 824 2582 878; x_wconf 85' lang='lat' dir='ltr'><strong>Simon</strong></span> <span class='ocrx_word' id='word_1_259' title='bbox 2637 824 2835 878; x_wconf 83' lang='lat' dir='ltr'><strong>Petrus</strong></span> <span class='ocrx_word' id='word_1_260' title='bbox 2894 837 3129 893; x_wconf 88' lang='lat' dir='ltr'><strong>sequens</strong></span> <span class='ocrx_word' id='word_1_261' title='bbox 3180 838 3324 886; x_wconf 89' lang='lat' dir='ltr'><strong>cum,</strong></span> <span class='ocrx_word' id='word_1_262' title='bbox 3353 821 3643 875; x_wconf 71' lang='lat' dir='ltr'><strong>etintroit’it</strong></span> <span class='ocrx_word' id='word_1_263' title='bbox 3687 822 3725 875; x_wconf 89' lang='lat' dir='ltr'><strong>in</strong></span> 
     </span>
    </p>
   </div>
   <div class='ocr_carea' id='block_1_36' title="bbox 2222 914 3727 983">
    <p class='ocr_par' dir='ltr' id='par_1_36' title="bbox 2222 914 3727 983">
     <span class='ocr_line' id='line_1_36' title="bbox 2222 914 3727 983; baseline -0.001 -15"><span class='ocrx_word' id='word_1_264' title='bbox 2222 925 2672 970; x_wconf 56' lang='lat' dir='ltr'><strong>monumentum;</strong></span> <span class='ocrx_word' id='word_1_265' title='bbox 2704 924 2759 969; x_wconf 93' lang='lat' dir='ltr'><strong>et</strong></span> <span class='ocrx_word' id='word_1_266' title='bbox 2786 915 3260 970; x_wconf 46' lang='lat' dir='ltr'><strong>vidit&#39;linteamina</strong></span> <span class='ocrx_word' id='word_1_267' title='bbox 3294 916 3478 983; x_wconf 83' lang='lat' dir='ltr'><strong>posita,</strong></span> <span class='ocrx_word' id='word_1_268' title='bbox 3515 927 3565 969; x_wconf 90' lang='lat' dir='ltr'><strong>et</strong></span> <span class='ocrx_word' id='word_1_269' title='bbox 3600 914 3727 968; x_wconf 80' lang='lat' dir='ltr'><strong>suda-</strong></span> 
     </span>
    </p>
   </div>
   <div class='ocr_carea' id='block_1_37' title="bbox 2213 1006 3729 1077">
    <p class='ocr_par' dir='ltr' id='par_1_37' title="bbox 2213 1006 3729 1077">
     <span class='ocr_line' id='line_1_37' title="bbox 2213 1006 3729 1077; baseline -0.001 -17"><span class='ocrx_word' id='word_1_270' title='bbox 2213 1009 2386 1069; x_wconf 74' lang='lat' dir='ltr'><strong>rium,</strong></span> <span class='ocrx_word' id='word_1_271' title='bbox 2419 1006 2775 1075; x_wconf 77' lang='lat' dir='ltr'><strong>quod‘fuerat</strong></span> <span class='ocrx_word' id='word_1_272' title='bbox 2822 1021 2988 1077; x_wconf 76' lang='lat' dir='ltr'><strong>Super</strong></span> <span class='ocrx_word' id='word_1_273' title='bbox 3018 1016 3181 1074; x_wconf 90' lang='lat' dir='ltr'><strong>caput</strong></span> <span class='ocrx_word' id='word_1_274' title='bbox 3227 1007 3362 1075; x_wconf 89' lang='lat' dir='ltr'><strong>ejus,</strong></span> <span class='ocrx_word' id='word_1_275' title='bbox 3392 1021 3492 1059; x_wconf 88' lang='lat' dir='ltr'><strong>non</strong></span> <span class='ocrx_word' id='word_1_276' title='bbox 3518 1021 3631 1059; x_wconf 88' lang='lat' dir='ltr'><strong>cum</strong></span> <span class='ocrx_word' id='word_1_277' title='bbox 3655 1006 3729 1058; x_wconf 87' lang='lat' dir='ltr'><strong>Iin-</strong></span> 
     </span>
    </p>
   </div>
   <div class='ocr_carea' id='block_1_38' title="bbox 2225 1096 3728 1167">
    <p class='ocr_par' dir='ltr' id='par_1_38' title="bbox 2225 1096 3728 1167">
     <span class='ocr_line' id='line_1_38' title="bbox 2225 1096 3728 1167; baseline -0.003 -15"><span class='ocrx_word' id='word_1_278' title='bbox 2225 1098 2556 1152; x_wconf 85' lang='lat' dir='ltr'><strong>teaminibns</strong></span> <span class='ocrx_word' id='word_1_279' title='bbox 2592 1098 2853 1167; x_wconf 83' lang='lat' dir='ltr'><strong>positum,</strong></span> <span class='ocrx_word' id='word_1_280' title='bbox 2917 1097 3011 1150; x_wconf 90' lang='lat' dir='ltr'><strong>sed</strong></span> <span class='ocrx_word' id='word_1_281' title='bbox 3041 1097 3332 1165; x_wconf 87' lang='lat' dir='ltr'><strong>separatim</strong></span> <span class='ocrx_word' id='word_1_282' title='bbox 3394 1096 3662 1148; x_wconf 83' lang='lat' dir='ltr'><strong>involutum</strong></span> <span class='ocrx_word' id='word_1_283' title='bbox 3692 1096 3728 1148; x_wconf 89' lang='lat' dir='ltr'><strong>in</strong></span> 
     </span>
    </p>
   </div>
   <div class='ocr_carea' id='block_1_39' title="bbox 2230 1186 3728 1255">
    <p class='ocr_par' dir='ltr' id='par_1_39' title="bbox 2230 1186 3728 1255">
     <span class='ocr_line' id='line_1_39' title="bbox 2230 1186 3728 1255; baseline -0.005 -12"><span class='ocrx_word' id='word_1_284' title='bbox 2230 1206 2397 1244; x_wconf 90' lang='lat' dir='ltr'><strong>unum</strong></span> <span class='ocrx_word' id='word_1_285' title='bbox 2433 1190 2634 1244; x_wconf 91' lang='lat' dir='ltr'><strong>locum.</strong></span> <span class='ocrx_word' id='word_1_286' title='bbox 2668 1190 2825 1243; x_wconf 85' lang='lat' dir='ltr'><strong>Tunc</strong></span> <span class='ocrx_word' id='word_1_287' title='bbox 2843 1204 2974 1255; x_wconf 79' lang='lat' dir='ltr'><strong>ergo</strong></span> <span class='ocrx_word' id='word_1_288' title='bbox 3003 1188 3245 1242; x_wconf 82' lang='lat' dir='ltr'><strong>introivit</strong></span> <span class='ocrx_word' id='word_1_289' title='bbox 3273 1200 3325 1241; x_wconf 90' lang='lat' dir='ltr'><strong>et</strong></span> <span class='ocrx_word' id='word_1_290' title='bbox 3352 1187 3436 1240; x_wconf 90' lang='lat' dir='ltr'><strong>ille</strong></span> <span class='ocrx_word' id='word_1_291' title='bbox 3465 1186 3728 1252; x_wconf 76' lang='lat' dir='ltr'><strong>discipulus,</strong></span> 
     </span>
    </p>
   </div>
   <div class='ocr_carea' id='block_1_40' title="bbox 2227 1278 3733 1351">
    <p class='ocr_par' dir='ltr' id='par_1_40' title="bbox 2227 1278 3733 1351">
     <span class='ocr_line' id='line_1_40' title="bbox 2227 1278 3733 1351; baseline 0 -18"><span class='ocrx_word' id='word_1_292' title='bbox 2227 1281 2317 1348; x_wconf 86' lang='lat' dir='ltr'><strong>qui</strong></span> <span class='ocrx_word' id='word_1_293' title='bbox 2360 1290 2586 1335; x_wconf 86' lang='lat' dir='ltr'><strong>venerat</strong></span> <span class='ocrx_word' id='word_1_294' title='bbox 2624 1282 2836 1351; x_wconf 91' lang='lat' dir='ltr'><strong>primus</strong></span> <span class='ocrx_word' id='word_1_295' title='bbox 2874 1282 2939 1336; x_wconf 91' lang='lat' dir='ltr'><strong>ad</strong></span> <span class='ocrx_word' id='word_1_296' title='bbox 2995 1289 3448 1334; x_wconf 70' lang='lat' dir='ltr'><strong>monumentum:</strong></span> <span class='ocrx_word' id='word_1_297' title='bbox 3472 1288 3521 1333; x_wconf 91' lang='lat' dir='ltr'><strong>et</strong></span> <span class='ocrx_word' id='word_1_298' title='bbox 3545 1278 3733 1343; x_wconf 78' lang='lat' dir='ltr'><strong>vidit,et</strong></span> 
     </span>
    </p>
   </div>
   <div class='ocr_carea' id='block_1_41' title="bbox 2228 1370 3732 1439">
    <p class='ocr_par' dir='ltr' id='par_1_41' title="bbox 2228 1370 3732 1439">
     <span class='ocr_line' id='line_1_41' title="bbox 2228 1370 3732 1439; baseline -0.002 -14"><span class='ocrx_word' id='word_1_299' title='bbox 2228 1371 2463 1426; x_wconf 82' lang='lat' dir='ltr'><strong>credidit</strong></span> <span class='ocrx_word' id='word_1_300' title='bbox 2501 1386 2517 1424; x_wconf 90' lang='lat'><strong>:</strong></span> <span class='ocrx_word' id='word_1_301' title='bbox 2554 1373 2975 1427; x_wconf 88' lang='lat' dir='ltr'><strong>nondumenim</strong></span> <span class='ocrx_word' id='word_1_302' title='bbox 3004 1371 3615 1439; x_wconf 60' lang='lat' dir='ltr'><strong>sciebant’Scripturam,</strong></span> <span class='ocrx_word' id='word_1_303' title='bbox 3638 1370 3732 1438; x_wconf 80' lang='lat' dir='ltr'><strong>quis</strong></span> 
     </span>
    </p>
   </div>
   <div class='ocr_carea' id='block_1_42' title="bbox 2227 1463 3735 1533">
    <p class='ocr_par' dir='ltr' id='par_1_42' title="bbox 2227 1463 3735 1533">
     <span class='ocr_line' id='line_1_42' title="bbox 2227 1463 3735 1533; baseline -0.002 -15"><span class='ocrx_word' id='word_1_304' title='bbox 2227 1466 2519 1533; x_wconf 80' lang='lat' dir='ltr'><strong>Oportebat</strong></span> <span class='ocrx_word' id='word_1_305' title='bbox 2546 1479 2669 1518; x_wconf 87' lang='lat' dir='ltr'><strong>eum</strong></span> <span class='ocrx_word' id='word_1_306' title='bbox 2719 1480 2747 1518; x_wconf 90' lang='lat' dir='ltr'><strong>a</strong></span> <span class='ocrx_word' id='word_1_307' title='bbox 2780 1464 3012 1519; x_wconf 89' lang='lat' dir='ltr'><strong>mortuis</strong></span> <span class='ocrx_word' id='word_1_308' title='bbox 3040 1479 3350 1531; x_wconf 75' lang='lat' dir='ltr'><strong>resurgere.</strong></span> <span class='ocrx_word' id='word_1_309' title='bbox 3381 1463 3617 1518; x_wconf 60' lang='lat' dir='ltr'><strong>Abierunt</strong></span> <span class='ocrx_word' id='word_1_310' title='bbox 3638 1477 3735 1529; x_wconf 59' lang='lat' dir='ltr'><strong>ergo</strong></span> 
     </span>
    </p>
   </div>
   <div class='ocr_carea' id='block_1_43' title="bbox 2232 1553 3735 1629">
    <p class='ocr_par' dir='ltr' id='par_1_43' title="bbox 2232 1553 3735 1629">
     <span class='ocr_line' id='line_1_43' title="bbox 2232 1553 3735 1629; baseline -0.003 -19"><span class='ocrx_word' id='word_1_311' title='bbox 2232 1559 2429 1610; x_wconf 83' lang='lat' dir='ltr'><strong>iterum</strong></span> <span class='ocrx_word' id='word_1_312' title='bbox 2485 1556 2736 1626; x_wconf 89' lang='lat' dir='ltr'><strong>discipuli</strong></span> <span class='ocrx_word' id='word_1_313' title='bbox 2796 1555 2863 1610; x_wconf 89' lang='lat' dir='ltr'><strong>ad</strong></span> <span class='ocrx_word' id='word_1_314' title='bbox 2918 1557 3260 1625; x_wconf 89' lang='lat' dir='ltr'><strong>semetipsos.</strong></span> <span class='ocrx_word' id='word_1_315' title='bbox 3292 1554 3455 1629; x_wconf 72' lang='grc' dir='ltr'><strong>[ει-ιι,</strong></span> <span class='ocrx_word' id='word_1_316' title='bbox 3490 1553 3557 1625; x_wconf 89' lang='lat'><strong>1.]</strong></span> <span class='ocrx_word' id='word_1_317' title='bbox 3607 1554 3735 1607; x_wconf 77' lang='lat' dir='ltr'><strong>Maris</strong></span> 
     </span>
    </p>
   </div>
   <div class='ocr_carea' id='block_1_44' title="bbox 2231 1644 3736 1715">
    <p class='ocr_par' dir='ltr' id='par_1_44' title="bbox 2231 1644 3736 1715">
     <span class='ocr_line' id='line_1_44' title="bbox 2231 1644 3736 1715; baseline -0.003 -12"><span class='ocrx_word' id='word_1_318' title='bbox 2231 1657 2411 1703; x_wconf 91' lang='lat' dir='ltr'><strong>autem</strong></span> <span class='ocrx_word' id='word_1_319' title='bbox 2438 1648 2615 1702; x_wconf 82' lang='lat' dir='ltr'><strong>stabat</strong></span> <span class='ocrx_word' id='word_1_320' title='bbox 2653 1647 3172 1701; x_wconf 73' lang='lat' dir='ltr'><strong>atlrmonumentum</strong></span> <span class='ocrx_word' id='word_1_321' title='bbox 3216 1647 3371 1709; x_wconf 79' lang='lat' dir='ltr'><strong>foris,</strong></span> <span class='ocrx_word' id='word_1_322' title='bbox 3402 1644 3736 1715; x_wconf 83' lang='lat' dir='ltr'><strong>plorans.Cum</strong></span> 
     </span>
    </p>
   </div>
   <div class='ocr_carea' id='block_1_45' title="bbox 2232 1737 3736 1810">
    <p class='ocr_par' dir='ltr' id='par_1_45' title="bbox 2232 1737 3736 1810">
     <span class='ocr_line' id='line_1_45' title="bbox 2232 1737 3736 1810; baseline -0.004 -16"><span class='ocrx_word' id='word_1_323' title='bbox 2232 1755 2363 1810; x_wconf 81' lang='lat' dir='ltr'><strong>ergo</strong></span> <span class='ocrx_word' id='word_1_324' title='bbox 2394 1738 2571 1802; x_wconf 80' lang='lat' dir='ltr'><strong>ﬂeret,</strong></span> <span class='ocrx_word' id='word_1_325' title='bbox 2594 1740 2876 1795; x_wconf 88' lang='lat' dir='ltr'><strong>inclinavit</strong></span> <span class='ocrx_word' id='word_1_326' title='bbox 2902 1754 2981 1802; x_wconf 89' lang='lat' dir='ltr'><strong>se,</strong></span> <span class='ocrx_word' id='word_1_327' title='bbox 3011 1740 3364 1808; x_wconf 83' lang='lat' dir='ltr'><strong>etprospexit</strong></span> <span class='ocrx_word' id='word_1_328' title='bbox 3399 1737 3448 1791; x_wconf 91' lang='lat' dir='ltr'><strong>in</strong></span> <span class='ocrx_word' id='word_1_329' title='bbox 3473 1752 3736 1791; x_wconf 82' lang='lat' dir='ltr'><strong>monumen-</strong></span> 
     </span>
    </p>
   </div>
   <div class='ocr_carea' id='block_1_46' title="bbox 2234 1829 3737 1904">
    <p class='ocr_par' dir='ltr' id='par_1_46' title="bbox 2234 1829 3737 1904">
     <span class='ocr_line' id='line_1_46' title="bbox 2234 1829 3737 1904; baseline -0.005 -14"><span class='ocrx_word' id='word_1_330' title='bbox 2234 1844 2396 1890; x_wconf 91' lang='lat' dir='ltr'><strong>tum:</strong></span> <span class='ocrx_word' id='word_1_331' title='bbox 2455 1842 2510 1887; x_wconf 91' lang='lat' dir='ltr'><strong>et</strong></span> <span class='ocrx_word' id='word_1_332' title='bbox 2546 1833 2679 1887; x_wconf 90' lang='lat' dir='ltr'><strong>vidit</strong></span> <span class='ocrx_word' id='word_1_333' title='bbox 2728 1833 2868 1887; x_wconf 91' lang='lat' dir='ltr'><strong>duos</strong></span> <span class='ocrx_word' id='word_1_334' title='bbox 2922 1832 3143 1904; x_wconf 88' lang='lat' dir='ltr'><strong>angelos</strong></span> <span class='ocrx_word' id='word_1_335' title='bbox 3180 1833 3242 1887; x_wconf 83' lang='lat' dir='ltr'><strong>in</strong></span> <span class='ocrx_word' id='word_1_336' title='bbox 3303 1830 3454 1895; x_wconf 84' lang='lat' dir='ltr'><strong>albis,</strong></span> <span class='ocrx_word' id='word_1_337' title='bbox 3516 1829 3737 1895; x_wconf 83' lang='lat' dir='ltr'><strong>sedentes,</strong></span> 
     </span>
    </p>
   </div>
   <div class='ocr_carea' id='block_1_47' title="bbox 2233 1923 3735 1995">
    <p class='ocr_par' dir='ltr' id='par_1_47' title="bbox 2233 1923 3735 1995">
     <span class='ocr_line' id='line_1_47' title="bbox 2233 1923 3735 1995; baseline -0.005 -14"><span class='ocrx_word' id='word_1_338' title='bbox 2233 1942 2403 1981; x_wconf 86' lang='lat' dir='ltr'><strong>unum</strong></span> <span class='ocrx_word' id='word_1_339' title='bbox 2444 1926 2507 1981; x_wconf 85' lang='lat' dir='ltr'><strong>ad</strong></span> <span class='ocrx_word' id='word_1_340' title='bbox 2569 1938 2753 1995; x_wconf 83' lang='lat' dir='ltr'><strong>caput,</strong></span> <span class='ocrx_word' id='word_1_341' title='bbox 2783 1934 2834 1980; x_wconf 92' lang='lat' dir='ltr'><strong>et</strong></span> <span class='ocrx_word' id='word_1_342' title='bbox 2860 1940 3035 1978; x_wconf 79' lang='lat' dir='ltr'><strong>unum</strong></span> <span class='ocrx_word' id='word_1_343' title='bbox 3092 1923 3159 1978; x_wconf 88' lang='lat' dir='ltr'><strong>ad</strong></span> <span class='ocrx_word' id='word_1_344' title='bbox 3224 1924 3408 1993; x_wconf 89' lang='lat' dir='ltr'><strong>pedes,</strong></span> <span class='ocrx_word' id='word_1_345' title='bbox 3444 1923 3523 1977; x_wconf 89' lang='lat' dir='ltr'><strong>ubi</strong></span> <span class='ocrx_word' id='word_1_346' title='bbox 3552 1925 3735 1990; x_wconf 70' lang='lat' dir='ltr'><strong>pos-tum</strong></span> 
     </span>
    </p>
   </div>
   <div class='ocr_carea' id='block_1_48' title="bbox 2232 2012 3737 2090">
    <p class='ocr_par' dir='ltr' id='par_1_48' title="bbox 2232 2012 3737 2090">
     <span class='ocr_line' id='line_1_48' title="bbox 2232 2012 3737 2090; baseline -0.005 -17"><span class='ocrx_word' id='word_1_347' title='bbox 2232 2021 2409 2076; x_wconf 79' lang='lat' dir='ltr'><strong>fuerat</strong></span> <span class='ocrx_word' id='word_1_348' title='bbox 2436 2035 2637 2089; x_wconf 86' lang='lat' dir='ltr'><strong>corpus</strong></span> <span class='ocrx_word' id='word_1_349' title='bbox 2665 2018 2817 2074; x_wconf 81' lang='lat' dir='ltr'><strong>Jesu.</strong></span> <span class='ocrx_word' id='word_1_350' title='bbox 2860 2017 3044 2090; x_wconf 62' lang='grc' dir='ltr'><strong>μαψ,</strong></span> <span class='ocrx_word' id='word_1_351' title='bbox 3073 2015 3186 2088; x_wconf 89' lang='lat'><strong>10.]</strong></span> <span class='ocrx_word' id='word_1_352' title='bbox 3224 2015 3413 2071; x_wconf 87' lang='lat' dir='ltr'><strong>Dicunt</strong></span> <span class='ocrx_word' id='word_1_353' title='bbox 3451 2015 3495 2070; x_wconf 88' lang='lat' dir='ltr'><strong>ei</strong></span> <span class='ocrx_word' id='word_1_354' title='bbox 3527 2015 3588 2068; x_wconf 89' lang='lat' dir='ltr'><strong>illi</strong></span> <span class='ocrx_word' id='word_1_355' title='bbox 3615 2012 3737 2068; x_wconf 77' lang='lat' dir='ltr'><strong>:llu-</strong></span> 
     </span>
    </p>
   </div>
   <div class='ocr_carea' id='block_1_49' title="bbox 2233 2104 3736 2180">
    <p class='ocr_par' dir='ltr' id='par_1_49' title="bbox 2233 2104 3736 2180">
     <span class='ocr_line' id='line_1_49' title="bbox 2233 2104 3736 2180; baseline -0.006 -15"><span class='ocrx_word' id='word_1_356' title='bbox 2233 2111 2352 2175; x_wconf 85' lang='lat' dir='ltr'><strong>lier,</strong></span> <span class='ocrx_word' id='word_1_357' title='bbox 2394 2109 2523 2180; x_wconf 87' lang='lat' dir='ltr'><strong>quid</strong></span> <span class='ocrx_word' id='word_1_358' title='bbox 2560 2109 2782 2178; x_wconf 79' lang='lat' dir='ltr'><strong>pioras?</strong></span> <span class='ocrx_word' id='word_1_359' title='bbox 2818 2109 2959 2163; x_wconf 88' lang='lat' dir='ltr'><strong>Dicit</strong></span> <span class='ocrx_word' id='word_1_360' title='bbox 2989 2109 3111 2164; x_wconf 91' lang='lat' dir='ltr'><strong>eis:</strong></span> <span class='ocrx_word' id='word_1_361' title='bbox 3150 2105 3291 2172; x_wconf 85' lang='lat' dir='ltr'><strong>Quia</strong></span> <span class='ocrx_word' id='word_1_362' title='bbox 3327 2107 3551 2160; x_wconf 86' lang='lat' dir='ltr'><strong>tulerunt</strong></span> <span class='ocrx_word' id='word_1_363' title='bbox 3601 2104 3736 2159; x_wconf 87' lang='lat' dir='ltr'><strong>Domi-</strong></span> 
     </span>
    </p>
   </div>
   <div class='ocr_carea' id='block_1_50' title="bbox 2232 2197 3735 2269">
    <p class='ocr_par' dir='ltr' id='par_1_50' title="bbox 2232 2197 3735 2269">
     <span class='ocr_line' id='line_1_50' title="bbox 2232 2197 3735 2269; baseline -0.005 -12"><span class='ocrx_word' id='word_1_364' title='bbox 2232 2219 2360 2257; x_wconf 88' lang='lat' dir='ltr'><strong>ntnn</strong></span> <span class='ocrx_word' id='word_1_365' title='bbox 2397 2219 2599 2267; x_wconf 91' lang='lat' dir='ltr'><strong>meum,</strong></span> <span class='ocrx_word' id='word_1_366' title='bbox 2631 2211 2685 2255; x_wconf 91' lang='lat' dir='ltr'><strong>et</strong></span> <span class='ocrx_word' id='word_1_367' title='bbox 2710 2200 2895 2256; x_wconf 87' lang='lat' dir='ltr'><strong>nescio</strong></span> <span class='ocrx_word' id='word_1_368' title='bbox 2921 2200 3011 2254; x_wconf 88' lang='lat' dir='ltr'><strong>ubi</strong></span> <span class='ocrx_word' id='word_1_369' title='bbox 3050 2210 3505 2269; x_wconf 88' lang='lat' dir='ltr'><strong>posuerunteutn.</strong></span> <span class='ocrx_word' id='word_1_370' title='bbox 3528 2197 3629 2251; x_wconf 71' lang='lat' dir='ltr'><strong>llaec</strong></span> <span class='ocrx_word' id='word_1_371' title='bbox 3646 2213 3735 2251; x_wconf 81' lang='lat' dir='ltr'><strong>cum</strong></span> 
     </span>
    </p>
   </div>
   <div class='ocr_carea' id='block_1_51' title="bbox 2233 2290 3734 2360">
    <p class='ocr_par' dir='ltr' id='par_1_51' title="bbox 2233 2290 3734 2360">
     <span class='ocr_line' id='line_1_51' title="bbox 2233 2290 3734 2360; baseline -0.006 -9"><span class='ocrx_word' id='word_1_372' title='bbox 2233 2296 2481 2360; x_wconf 76' lang='lat' dir='ltr'><strong>dixisset,</strong></span> <span class='ocrx_word' id='word_1_373' title='bbox 2535 2309 2799 2351; x_wconf 83' lang='lat' dir='ltr'><strong>conversa</strong></span> <span class='ocrx_word' id='word_1_374' title='bbox 2856 2302 2941 2347; x_wconf 84' lang='lat' dir='ltr'><strong>est</strong></span> <span class='ocrx_word' id='word_1_375' title='bbox 3000 2302 3327 2354; x_wconf 74' lang='lat' dir='ltr'><strong>retrorsum,</strong></span> <span class='ocrx_word' id='word_1_376' title='bbox 3361 2293 3559 2346; x_wconf 61' lang='lat' dir='ltr'><strong>etsidit</strong></span> <span class='ocrx_word' id='word_1_377' title='bbox 3594 2290 3734 2345; x_wconf 61' lang='lat' dir='ltr'><strong>desum</strong></span> 
     </span>
    </p>
   </div>
   <div class='ocr_carea' id='block_1_52' title="bbox 2226 2382 3738 2454">
    <p class='ocr_par' dir='ltr' id='par_1_52' title="bbox 2226 2382 3738 2454">
     <span class='ocr_line' id='line_1_52' title="bbox 2226 2382 3738 2454; baseline -0.007 -9"><span class='ocrx_word' id='word_1_378' title='bbox 2226 2399 2469 2445; x_wconf 81' lang='lat' dir='ltr'><strong>stantem</strong></span> <span class='ocrx_word' id='word_1_379' title='bbox 2501 2404 2515 2453; x_wconf 90' lang='lat'>;</span> <span class='ocrx_word' id='word_1_380' title='bbox 2546 2397 2601 2442; x_wconf 93' lang='lat' dir='ltr'><strong>et</strong></span> <span class='ocrx_word' id='word_1_381' title='bbox 2647 2403 2754 2454; x_wconf 75' lang='lat' dir='ltr'><strong>non</strong></span> <span class='ocrx_word' id='word_1_382' title='bbox 2818 2386 3026 2440; x_wconf 84' lang='lat' dir='ltr'><strong>sciebat</strong></span> <span class='ocrx_word' id='word_1_383' title='bbox 3076 2385 3209 2453; x_wconf 87' lang='lat' dir='ltr'><strong>quia</strong></span> <span class='ocrx_word' id='word_1_384' title='bbox 3270 2384 3425 2439; x_wconf 68' lang='lat' dir='ltr'><strong>Jesus</strong></span> <span class='ocrx_word' id='word_1_385' title='bbox 3449 2395 3541 2438; x_wconf 90' lang='lat' dir='ltr'><strong>est.</strong></span> <span class='ocrx_word' id='word_1_386' title='bbox 3571 2382 3738 2436; x_wconf 86' lang='lat' dir='ltr'><strong>Dicitei</strong></span> 
     </span>
    </p>
   </div>
   <div class='ocr_carea' id='block_1_53' title="bbox 2231 2476 3739 2547">
    <p class='ocr_par' dir='ltr' id='par_1_53' title="bbox 2231 2476 3739 2547">
     <span class='ocr_line' id='line_1_53' title="bbox 2231 2476 3739 2547; baseline -0.005 -12"><span class='ocrx_word' id='word_1_387' title='bbox 2231 2479 2427 2535; x_wconf 66' lang='lat' dir='ltr'><strong>Iesus:</strong></span> <span class='ocrx_word' id='word_1_388' title='bbox 2462 2480 2677 2540; x_wconf 79' lang='lat' dir='ltr'><strong>Mulier,</strong></span> <span class='ocrx_word' id='word_1_389' title='bbox 2712 2478 2839 2547; x_wconf 88' lang='lat' dir='ltr'><strong>quid</strong></span> <span class='ocrx_word' id='word_1_390' title='bbox 2868 2477 3083 2547; x_wconf 79' lang='lat' dir='ltr'><strong>ploras?</strong></span> <span class='ocrx_word' id='word_1_391' title='bbox 3116 2493 3284 2545; x_wconf 90' lang='lat' dir='ltr'><strong>quem</strong></span> <span class='ocrx_word' id='word_1_392' title='bbox 3319 2477 3538 2545; x_wconf 72' lang='lat' dir='ltr'><strong>quaeris?</strong></span> <span class='ocrx_word' id='word_1_393' title='bbox 3560 2477 3634 2530; x_wconf 85' lang='lat' dir='ltr'><strong>llla</strong></span> <span class='ocrx_word' id='word_1_394' title='bbox 3651 2476 3739 2529; x_wconf 80' lang='lat' dir='ltr'><strong>eti-</strong></span> 
     </span>
    </p>
   </div>
   <div class='ocr_carea' id='block_1_54' title="bbox 2228 2567 3737 2641">
    <p class='ocr_par' dir='ltr' id='par_1_54' title="bbox 2228 2567 3737 2641">
     <span class='ocr_line' id='line_1_54' title="bbox 2228 2567 3737 2641; baseline -0.005 -14"><span class='ocrx_word' id='word_1_395' title='bbox 2228 2574 2461 2627; x_wconf 86' lang='lat' dir='ltr'><strong>stimans</strong></span> <span class='ocrx_word' id='word_1_396' title='bbox 2491 2573 2616 2641; x_wconf 91' lang='lat' dir='ltr'><strong>quia</strong></span> <span class='ocrx_word' id='word_1_397' title='bbox 2651 2570 2975 2624; x_wconf 82' lang='lat' dir='ltr'><strong>hortulanus</strong></span> <span class='ocrx_word' id='word_1_398' title='bbox 3030 2578 3193 2634; x_wconf 89' lang='lat' dir='ltr'><strong>esset,</strong></span> <span class='ocrx_word' id='word_1_399' title='bbox 3243 2570 3374 2625; x_wconf 88' lang='lat' dir='ltr'><strong>dicit</strong></span> <span class='ocrx_word' id='word_1_400' title='bbox 3413 2570 3456 2624; x_wconf 92' lang='lat' dir='ltr'><strong>ei</strong></span> <span class='ocrx_word' id='word_1_401' title='bbox 3495 2567 3737 2631; x_wconf 80' lang='lat' dir='ltr'><strong>:Doniiue,</strong></span> 
     </span>
    </p>
   </div>
   <div class='ocr_carea' id='block_1_55' title="bbox 2233 2659 3735 2729">
    <p class='ocr_par' dir='ltr' id='par_1_55' title="bbox 2233 2659 3735 2729">
     <span class='ocr_line' id='line_1_55' title="bbox 2233 2659 3735 2729; baseline -0.003 -12"><span class='ocrx_word' id='word_1_402' title='bbox 2233 2663 2277 2717; x_wconf 84' lang='lat' dir='ltr'><strong>si</strong></span> <span class='ocrx_word' id='word_1_403' title='bbox 2310 2673 2364 2715; x_wconf 90' lang='lat' dir='ltr'><strong>tu</strong></span> <span class='ocrx_word' id='word_1_404' title='bbox 2395 2661 2664 2717; x_wconf 90' lang='lat' dir='ltr'><strong>sustulisti</strong></span> <span class='ocrx_word' id='word_1_405' title='bbox 2692 2676 2840 2725; x_wconf 86' lang='lat' dir='ltr'><strong>eum,</strong></span> <span class='ocrx_word' id='word_1_406' title='bbox 2873 2659 3037 2715; x_wconf 84' lang='lat' dir='ltr'><strong>dicito</strong></span> <span class='ocrx_word' id='word_1_407' title='bbox 3071 2660 3205 2714; x_wconf 89' lang='lat' dir='ltr'><strong>tnihi</strong></span> <span class='ocrx_word' id='word_1_408' title='bbox 3242 2661 3330 2715; x_wconf 91' lang='lat' dir='ltr'><strong>ubi</strong></span> <span class='ocrx_word' id='word_1_409' title='bbox 3365 2659 3567 2729; x_wconf 88' lang='lat' dir='ltr'><strong>posuisti</strong></span> <span class='ocrx_word' id='word_1_410' title='bbox 3593 2675 3692 2713; x_wconf 80' lang='lat' dir='ltr'><strong>eum</strong></span> <span class='ocrx_word' id='word_1_411' title='bbox 3721 2675 3735 2713; x_wconf 86' lang='lat'><strong>:</strong></span> 
     </span>
    </p>
   </div>
   <div class='ocr_carea' id='block_1_56' title="bbox 2236 2752 3739 2825">
    <p class='ocr_par' dir='ltr' id='par_1_56' title="bbox 2236 2752 3739 2825">
     <span class='ocr_line' id='line_1_56' title="bbox 2236 2752 3739 2825; baseline -0.003 -16"><span class='ocrx_word' id='word_1_412' title='bbox 2236 2765 2290 2810; x_wconf 86' lang='lat' dir='ltr'><strong>et</strong></span> <span class='ocrx_word' id='word_1_413' title='bbox 2324 2769 2427 2825; x_wconf 86' lang='lat' dir='ltr'><strong>ego</strong></span> <span class='ocrx_word' id='word_1_414' title='bbox 2472 2769 2594 2808; x_wconf 91' lang='lat' dir='ltr'><strong>eum</strong></span> <span class='ocrx_word' id='word_1_415' title='bbox 2631 2755 2835 2808; x_wconf 90' lang='lat' dir='ltr'><strong>lollatn.</strong></span> <span class='ocrx_word' id='word_1_416' title='bbox 2862 2753 3080 2808; x_wconf 87' lang='lat' dir='ltr'><strong>Dicitei</strong></span> <span class='ocrx_word' id='word_1_417' title='bbox 3117 2752 3283 2807; x_wconf 78' lang='lat' dir='ltr'><strong>Jesus</strong></span> <span class='ocrx_word' id='word_1_418' title='bbox 3312 2754 3518 2808; x_wconf 78' lang='lat' dir='ltr'><strong>:Maria.</strong></span> <span class='ocrx_word' id='word_1_419' title='bbox 3548 2753 3739 2808; x_wconf 75' lang='lat' dir='ltr'><strong>Conm-</strong></span> 
     </span>
    </p>
   </div>
   <div class='ocr_carea' id='block_1_57' title="bbox 2230 2841 3741 2919">
    <p class='ocr_par' dir='ltr' id='par_1_57' title="bbox 2230 2841 3741 2919">
     <span class='ocr_line' id='line_1_57' title="bbox 2230 2841 3741 2919; baseline -0.003 -15"><span class='ocrx_word' id='word_1_420' title='bbox 2230 2864 2295 2904; x_wconf 82' lang='lat' dir='ltr'><strong>sa</strong></span> <span class='ocrx_word' id='word_1_421' title='bbox 2326 2848 2437 2913; x_wconf 86' lang='lat' dir='ltr'><strong>illa,</strong></span> <span class='ocrx_word' id='word_1_422' title='bbox 2505 2847 2636 2902; x_wconf 89' lang='lat' dir='ltr'><strong>dicit</strong></span> <span class='ocrx_word' id='word_1_423' title='bbox 2661 2849 2722 2901; x_wconf 79' lang='lat' dir='ltr'><strong>~ei</strong></span> <span class='ocrx_word' id='word_1_424' title='bbox 2760 2861 2774 2901; x_wconf 86' lang='lat'><strong>:</strong></span> <span class='ocrx_word' id='word_1_425' title='bbox 2804 2841 3253 2919; x_wconf 65' lang='lat' dir='ltr'><strong>Rabbonimuod</strong></span> <span class='ocrx_word' id='word_1_426' title='bbox 3290 2850 3480 2904; x_wconf 88' lang='lat' dir='ltr'><strong>dicitur</strong></span> <span class='ocrx_word' id='word_1_427' title='bbox 3502 2847 3741 2917; x_wconf 73' lang='lat' dir='ltr'><strong>Magister).</strong></span> 
     </span>
    </p>
   </div>
   <div class='ocr_carea' id='block_1_58' title="bbox 2236 2936 3742 3008">
    <p class='ocr_par' dir='ltr' id='par_1_58' title="bbox 2236 2936 3742 3008">
     <span class='ocr_line' id='line_1_58' title="bbox 2236 2936 3742 3008; baseline -0.003 -14"><span class='ocrx_word' id='word_1_428' title='bbox 2236 2940 2377 2994; x_wconf 85' lang='lat' dir='ltr'><strong>Dicit</strong></span> <span class='ocrx_word' id='word_1_429' title='bbox 2408 2938 2457 2994; x_wconf 91' lang='lat' dir='ltr'><strong>ei</strong></span> <span class='ocrx_word' id='word_1_430' title='bbox 2487 2936 2684 2993; x_wconf 80' lang='lat' dir='ltr'><strong>Jesus:</strong></span> <span class='ocrx_word' id='word_1_431' title='bbox 2721 2938 2842 2992; x_wconf 82' lang='lat' dir='ltr'><strong>Noli</strong></span> <span class='ocrx_word' id='word_1_432' title='bbox 2896 2955 2985 2994; x_wconf 91' lang='lat' dir='ltr'><strong>me</strong></span> <span class='ocrx_word' id='word_1_433' title='bbox 3044 2948 3295 3008; x_wconf 80' lang='lat' dir='ltr'><strong>tangere,</strong></span> <span class='ocrx_word' id='word_1_434' title='bbox 3363 2941 3581 2994; x_wconf 87' lang='lat' dir='ltr'><strong>nondum</strong></span> <span class='ocrx_word' id='word_1_435' title='bbox 3630 2938 3742 2991; x_wconf 82' lang='lat' dir='ltr'><strong>enim</strong></span> 
     </span>
    </p>
   </div>
   <div class='ocr_carea' id='block_1_59' title="bbox 2236 3029 3744 3088">
    <p class='ocr_par' dir='ltr' id='par_1_59' title="bbox 2236 3029 3744 3088">
     <span class='ocr_line' id='line_1_59' title="bbox 2236 3029 3744 3088; baseline -0.003 -3"><span class='ocrx_word' id='word_1_436' title='bbox 2236 3030 2459 3085; x_wconf 88' lang='lat' dir='ltr'><strong>ascendi</strong></span> <span class='ocrx_word' id='word_1_437' title='bbox 2499 3032 2563 3085; x_wconf 88' lang='lat' dir='ltr'><strong>ad</strong></span> <span class='ocrx_word' id='word_1_438' title='bbox 2591 3029 2805 3086; x_wconf 83' lang='lat' dir='ltr'><strong>Patrem</strong></span> <span class='ocrx_word' id='word_1_439' title='bbox 2832 3047 3012 3085; x_wconf 80' lang='lat' dir='ltr'><strong>meum</strong></span> <span class='ocrx_word' id='word_1_440' title='bbox 3048 3048 3065 3088; x_wconf 68' lang='grc' dir='ltr'><strong>ξ</strong></span> <span class='ocrx_word' id='word_1_441' title='bbox 3115 3034 3255 3087; x_wconf 88' lang='lat' dir='ltr'><strong>vade</strong></span> <span class='ocrx_word' id='word_1_442' title='bbox 3289 3043 3461 3087; x_wconf 86' lang='lat' dir='ltr'><strong>autem</strong></span> <span class='ocrx_word' id='word_1_443' title='bbox 3517 3033 3571 3086; x_wconf 81' lang='lat' dir='ltr'><strong>ad</strong></span> <span class='ocrx_word' id='word_1_444' title='bbox 3592 3032 3744 3085; x_wconf 67' lang='lat' dir='ltr'><strong>fratres</strong></span> 
     </span>
    </p>
   </div>
   <div class='ocr_carea' id='block_1_60' title="bbox 555 3117 3746 3197">
    <p class='ocr_par' dir='ltr' id='par_1_60' title="bbox 555 3117 3746 3197">
     <span class='ocr_line' id='line_1_60' title="bbox 555 3117 3746 3197; baseline -0.001 -20"><span class='ocrx_word' id='word_1_445' title='bbox 555 3131 611 3177; x_wconf 91' lang='lat' dir='ltr'><strong>et</strong></span> <span class='ocrx_word' id='word_1_446' title='bbox 647 3121 907 3176; x_wconf 86' lang='lat' dir='ltr'><strong>continuo</strong></span> <span class='ocrx_word' id='word_1_447' title='bbox 941 3120 1114 3174; x_wconf 85' lang='lat' dir='ltr'><strong>exivit</strong></span> <span class='ocrx_word' id='word_1_448' title='bbox 1166 3119 1389 3190; x_wconf 76' lang='lat' dir='ltr'><strong>sanguis</strong></span> <span class='ocrx_word' id='word_1_449' title='bbox 1435 3124 1491 3172; x_wconf 82' lang='lat' dir='ltr'><strong>et</strong></span> <span class='ocrx_word' id='word_1_450' title='bbox 1541 3133 1704 3189; x_wconf 87' lang='lat' dir='ltr'><strong>aqua.</strong></span> <span class='ocrx_word' id='word_1_451' title='bbox 1730 3117 1795 3172; x_wconf 83' lang='lat' dir='ltr'><strong>Et</strong></span> <span class='ocrx_word' id='word_1_452' title='bbox 1825 3118 1918 3188; x_wconf 81' lang='lat' dir='ltr'><strong>qui</strong></span> <span class='ocrx_word' id='word_1_453' title='bbox 1971 3117 2129 3183; x_wconf 89' lang='lat' dir='ltr'><strong>vidit,</strong></span> <span class='ocrx_word' id='word_1_454' title='bbox 2148 3139 2205 3197; x_wconf 16' lang='lat' dir='ltr'><strong>ac</strong></span> <span class='ocrx_word' id='word_1_455' title='bbox 2238 3140 2412 3189; x_wconf 76' lang='lat' dir='ltr'><strong>meos,</strong></span> <span class='ocrx_word' id='word_1_456' title='bbox 2444 3134 2497 3178; x_wconf 81' lang='lat' dir='ltr'><strong>et</strong></span> <span class='ocrx_word' id='word_1_457' title='bbox 2529 3122 2617 3178; x_wconf 78' lang='lat' dir='ltr'><strong>dic</strong></span> <span class='ocrx_word' id='word_1_458' title='bbox 2666 3125 2745 3177; x_wconf 88' lang='lat' dir='ltr'><strong>eis</strong></span> <span class='ocrx_word' id='word_1_459' title='bbox 2781 3138 2803 3182; x_wconf 69' lang='grc' dir='ltr'>ς</span> <span class='ocrx_word' id='word_1_460' title='bbox 2850 3122 3103 3179; x_wconf 74' lang='lat' dir='ltr'><strong>Ascendo</strong></span> <span class='ocrx_word' id='word_1_461' title='bbox 3136 3128 3204 3178; x_wconf 70' lang='lat' dir='ltr'><strong>ad</strong></span> <span class='ocrx_word' id='word_1_462' title='bbox 3240 3126 3452 3179; x_wconf 70' lang='lat' dir='ltr'><strong>Patrem</strong></span> <span class='ocrx_word' id='word_1_463' title='bbox 3510 3140 3661 3179; x_wconf 78' lang='lat' dir='ltr'><strong>meum</strong></span> <span class='ocrx_word' id='word_1_464' title='bbox 3706 3131 3746 3176; x_wconf 86' lang='lat' dir='ltr'><strong>et</strong></span> 
     </span>
    </p>
   </div>
   <div class='ocr_carea' id='block_1_61' title="bbox 560 3210 2134 3280">
    <p class='ocr_par' dir='ltr' id='par_1_61' title="bbox 560 3210 2134 3280">
     <span class='ocr_line' id='line_1_61' title="bbox 560 3210 2134 3280; baseline -0.002 -14"><span class='ocrx_word' id='word_1_465' title='bbox 560 3211 936 3266; x_wconf 89' lang='lat' dir='ltr'><strong>testimonium</strong></span> <span class='ocrx_word' id='word_1_466' title='bbox 990 3210 1292 3280; x_wconf 88' lang='lat' dir='ltr'><strong>perhibuit,</strong></span> <span class='ocrx_word' id='word_1_467' title='bbox 1325 3219 1380 3264; x_wconf 88' lang='lat' dir='ltr'><strong>et</strong></span> <span class='ocrx_word' id='word_1_468' title='bbox 1409 3225 1598 3265; x_wconf 86' lang='lat' dir='ltr'><strong>verum</strong></span> <span class='ocrx_word' id='word_1_469' title='bbox 1649 3219 1733 3265; x_wconf 92' lang='lat' dir='ltr'><strong>est</strong></span> <span class='ocrx_word' id='word_1_470' title='bbox 1761 3210 2134 3266; x_wconf 89' lang='lat' dir='ltr'><strong>testimonium</strong></span> 
     </span>
    </p>
   </div>
   <div class='ocr_carea' id='block_1_62' title="bbox 558 3302 2135 3373">
    <p class='ocr_par' dir='ltr' id='par_1_62' title="bbox 558 3302 2135 3373">
     <span class='ocr_line' id='line_1_62' title="bbox 558 3302 2135 3373; baseline -0.001 -16"><span class='ocrx_word' id='word_1_471' title='bbox 558 3304 697 3373; x_wconf 84' lang='lat' dir='ltr'><strong>ejus.</strong></span> <span class='ocrx_word' id='word_1_472' title='bbox 736 3302 800 3355; x_wconf 84' lang='lat' dir='ltr'><strong>Et</strong></span> <span class='ocrx_word' id='word_1_473' title='bbox 826 3304 915 3357; x_wconf 90' lang='lat' dir='ltr'><strong>ille</strong></span> <span class='ocrx_word' id='word_1_474' title='bbox 936 3303 1040 3356; x_wconf 90' lang='lat' dir='ltr'><strong>scit</strong></span> <span class='ocrx_word' id='word_1_475' title='bbox 1067 3304 1193 3371; x_wconf 84' lang='lat' dir='ltr'><strong>quia</strong></span> <span class='ocrx_word' id='word_1_476' title='bbox 1239 3316 1367 3359; x_wconf 76' lang='lat' dir='ltr'><strong>vera</strong></span> <span class='ocrx_word' id='word_1_477' title='bbox 1407 3302 1540 3356; x_wconf 87' lang='lat' dir='ltr'><strong>dicit</strong></span> <span class='ocrx_word' id='word_1_478' title='bbox 1572 3312 1587 3356; x_wconf 87' lang='lat'><strong>:</strong></span> <span class='ocrx_word' id='word_1_479' title='bbox 1622 3310 1680 3355; x_wconf 92' lang='lat' dir='ltr'><strong>ut</strong></span> <span class='ocrx_word' id='word_1_480' title='bbox 1711 3311 1763 3355; x_wconf 92' lang='lat' dir='ltr'><strong>et</strong></span> <span class='ocrx_word' id='word_1_481' title='bbox 1791 3316 1885 3356; x_wconf 84' lang='lat' dir='ltr'><strong>vos</strong></span> <span class='ocrx_word' id='word_1_482' title='bbox 1945 3302 2135 3357; x_wconf 80' lang='lat' dir='ltr'><strong>creda-</strong></span> 
     </span>
    </p>
   </div>
   <div class='ocr_carea' id='block_1_63' title="bbox 562 3392 2134 3463">
    <p class='ocr_par' dir='ltr' id='par_1_63' title="bbox 562 3392 2134 3463">
     <span class='ocr_line' id='line_1_63' title="bbox 562 3392 2134 3463; baseline 0 -16"><span class='ocrx_word' id='word_1_483' title='bbox 562 3398 650 3449; x_wconf 92' lang='lat' dir='ltr'><strong>tis.</strong></span> <span class='ocrx_word' id='word_1_484' title='bbox 679 3393 841 3450; x_wconf 83' lang='lat' dir='ltr'><strong>Facta</strong></span> <span class='ocrx_word' id='word_1_485' title='bbox 872 3406 997 3448; x_wconf 90' lang='lat' dir='ltr'><strong>sunt</strong></span> <span class='ocrx_word' id='word_1_486' title='bbox 1022 3394 1164 3447; x_wconf 82' lang='lat' dir='ltr'><strong>enim</strong></span> <span class='ocrx_word' id='word_1_487' title='bbox 1198 3392 1334 3458; x_wconf 78' lang='lat' dir='ltr'><strong>ha-c,</strong></span> <span class='ocrx_word' id='word_1_488' title='bbox 1379 3403 1436 3447; x_wconf 93' lang='lat' dir='ltr'><strong>ut</strong></span> <span class='ocrx_word' id='word_1_489' title='bbox 1466 3393 1748 3463; x_wconf 88' lang='lat' dir='ltr'><strong>Scriptura</strong></span> <span class='ocrx_word' id='word_1_490' title='bbox 1774 3393 2134 3463; x_wconf 85' lang='lat' dir='ltr'><strong>impleretur:</strong></span> 
     </span>
    </p>
   </div>
   <div class='ocr_carea' id='block_1_64' title="bbox 555 3483 2135 3555">
    <p class='ocr_par' dir='ltr' id='par_1_64' title="bbox 555 3483 2135 3555">
     <span class='ocr_line' id='line_1_64' title="bbox 555 3483 2135 3555; baseline -0.002 -13"><span class='ocrx_word' id='word_1_491' title='bbox 555 3484 632 3542; x_wconf 73' lang='lat' dir='ltr'><strong>Os</strong></span> <span class='ocrx_word' id='word_1_492' title='bbox 663 3502 769 3539; x_wconf 86' lang='lat' dir='ltr'><strong>non</strong></span> <span class='ocrx_word' id='word_1_493' title='bbox 791 3483 1178 3540; x_wconf 84' lang='lat' dir='ltr'><strong>comminuetis</strong></span> <span class='ocrx_word' id='word_1_494' title='bbox 1207 3501 1270 3540; x_wconf 91' lang='lat' dir='ltr'><strong>cx</strong></span> <span class='ocrx_word' id='word_1_495' title='bbox 1294 3483 1679 3539; x_wconf 88' lang='lat' dir='ltr'><strong>eo.Etiterum</strong></span> <span class='ocrx_word' id='word_1_496' title='bbox 1711 3484 1811 3538; x_wconf 86' lang='lat' dir='ltr'><strong>alia</strong></span> <span class='ocrx_word' id='word_1_497' title='bbox 1853 3484 2135 3555; x_wconf 81' lang='lat' dir='ltr'><strong>Scriptura</strong></span> 
     </span>
    </p>
   </div>
   <div class='ocr_carea' id='block_1_65' title="bbox 561 3574 2137 3652">
    <p class='ocr_par' dir='ltr' id='par_1_65' title="bbox 561 3574 2137 3652">
     <span class='ocr_line' id='line_1_65' title="bbox 561 3574 2137 3652; baseline -0.001 -19"><span class='ocrx_word' id='word_1_498' title='bbox 561 3578 694 3633; x_wconf 88' lang='lat' dir='ltr'><strong>dicit</strong></span> <span class='ocrx_word' id='word_1_499' title='bbox 749 3590 764 3631; x_wconf 88' lang='lat'><strong>:</strong></span> <span class='ocrx_word' id='word_1_500' title='bbox 810 3574 1083 3629; x_wconf 79' lang='lat' dir='ltr'><strong>Videbunt</strong></span> <span class='ocrx_word' id='word_1_501' title='bbox 1112 3575 1166 3629; x_wconf 92' lang='lat' dir='ltr'><strong>in</strong></span> <span class='ocrx_word' id='word_1_502' title='bbox 1216 3591 1377 3645; x_wconf 89' lang='lat' dir='ltr'><strong>quem</strong></span> <span class='ocrx_word' id='word_1_503' title='bbox 1417 3578 1827 3631; x_wconf 87' lang='lat' dir='ltr'><strong>transtixerunt.</strong></span> <span class='ocrx_word' id='word_1_504' title='bbox 1861 3574 2025 3648; x_wconf 71' lang='lat' dir='ltr'><strong>locri,</strong></span> <span class='ocrx_word' id='word_1_505' title='bbox 2062 3574 2137 3652; x_wconf 92' lang='lat'><strong>1.]</strong></span> 
     </span>
    </p>
   </div>
   <div class='ocr_carea' id='block_1_66' title="bbox 563 3668 2138 3738">
    <p class='ocr_par' dir='ltr' id='par_1_66' title="bbox 563 3668 2138 3738">
     <span class='ocr_line' id='line_1_66' title="bbox 563 3668 2138 3738; baseline -0.001 -15"><span class='ocrx_word' id='word_1_506' title='bbox 563 3668 692 3723; x_wconf 84' lang='lat' dir='ltr'><strong>Post</strong></span> <span class='ocrx_word' id='word_1_507' title='bbox 719 3669 833 3723; x_wconf 61' lang='lat' dir='ltr'><strong>haec</strong></span> <span class='ocrx_word' id='word_1_508' title='bbox 863 3678 1044 3723; x_wconf 88' lang='lat' dir='ltr'><strong>autem</strong></span> <span class='ocrx_word' id='word_1_509' title='bbox 1080 3668 1288 3738; x_wconf 84' lang='lat' dir='ltr'><strong>rogavit</strong></span> <span class='ocrx_word' id='word_1_510' title='bbox 1320 3669 1555 3722; x_wconf 88' lang='lat' dir='ltr'><strong>Pilatum</strong></span> <span class='ocrx_word' id='word_1_511' title='bbox 1588 3668 1789 3738; x_wconf 71' lang='lat' dir='ltr'><strong>Ioseph</strong></span> <span class='ocrx_word' id='word_1_512' title='bbox 1818 3668 1887 3723; x_wconf 89' lang='lat' dir='ltr'><strong>ab</strong></span> <span class='ocrx_word' id='word_1_513' title='bbox 1925 3670 2138 3723; x_wconf 86' lang='lat' dir='ltr'><strong>Arima-</strong></span> 
     </span>
    </p>
   </div>
   <div class='ocr_carea' id='block_1_67' title="bbox 567 3756 2137 3832">
    <p class='ocr_par' dir='ltr' id='par_1_67' title="bbox 567 3756 2137 3832">
     <span class='ocr_line' id='line_1_67' title="bbox 567 3756 2137 3832; baseline -0.001 -15"><span class='ocrx_word' id='word_1_514' title='bbox 567 3763 705 3817; x_wconf 67' lang='lat' dir='ltr'><strong>thaaa</strong></span> <span class='ocrx_word' id='word_1_515' title='bbox 736 3763 824 3832; x_wconf 82' lang='lat' dir='ltr'><strong>(eo</strong></span> <span class='ocrx_word' id='word_1_516' title='bbox 876 3760 1020 3831; x_wconf 87' lang='lat' dir='ltr'><strong>quod</strong></span> <span class='ocrx_word' id='word_1_517' title='bbox 1062 3772 1207 3815; x_wconf 79' lang='lat' dir='ltr'><strong>esset</strong></span> <span class='ocrx_word' id='word_1_518' title='bbox 1239 3761 1545 3831; x_wconf 86' lang='lat' dir='ltr'><strong>discipulus</strong></span> <span class='ocrx_word' id='word_1_519' title='bbox 1570 3759 1721 3828; x_wconf 80' lang='lat' dir='ltr'><strong>Jesu,</strong></span> <span class='ocrx_word' id='word_1_520' title='bbox 1758 3756 2006 3815; x_wconf 65' lang='lat' dir='ltr'><strong>occultus</strong></span> <span class='ocrx_word' id='word_1_521' title='bbox 2036 3777 2137 3815; x_wconf 89' lang='lat' dir='ltr'><strong>au-</strong></span> 
     </span>
    </p>
   </div>
   <div class='ocr_carea' id='block_1_68' title="bbox 567 3854 2139 3927">
    <p class='ocr_par' dir='ltr' id='par_1_68' title="bbox 567 3854 2139 3927">
     <span class='ocr_line' id='line_1_68' title="bbox 567 3854 2139 3927; baseline 0.001 -19"><span class='ocrx_word' id='word_1_522' title='bbox 567 3866 673 3911; x_wconf 86' lang='lat' dir='ltr'><strong>tem</strong></span> <span class='ocrx_word' id='word_1_523' title='bbox 725 3863 948 3927; x_wconf 88' lang='lat' dir='ltr'><strong>propter</strong></span> <span class='ocrx_word' id='word_1_524' title='bbox 995 3864 1199 3907; x_wconf 89' lang='lat' dir='ltr'><strong>metum</strong></span> <span class='ocrx_word' id='word_1_525' title='bbox 1228 3854 1568 3919; x_wconf 78' lang='lat' dir='ltr'><strong>Judteorum)</strong></span> <span class='ocrx_word' id='word_1_526' title='bbox 1604 3863 1660 3908; x_wconf 90' lang='lat' dir='ltr'><strong>ut</strong></span> <span class='ocrx_word' id='word_1_527' title='bbox 1694 3854 1910 3908; x_wconf 90' lang='lat' dir='ltr'><strong>tolleret</strong></span> <span class='ocrx_word' id='word_1_528' title='bbox 1937 3869 2139 3924; x_wconf 87' lang='lat' dir='ltr'><strong>corpus</strong></span> 
     </span>
    </p>
   </div>
   <div class='ocr_carea' id='block_1_69' title="bbox 561 3944 2141 4017">
    <p class='ocr_par' dir='ltr' id='par_1_69' title="bbox 561 3944 2141 4017">
     <span class='ocr_line' id='line_1_69' title="bbox 561 3944 2141 4017; baseline -0.001 -12"><span class='ocrx_word' id='word_1_529' title='bbox 561 3949 714 4005; x_wconf 77' lang='lat' dir='ltr'><strong>Jcsu.</strong></span> <span class='ocrx_word' id='word_1_530' title='bbox 748 3947 810 4000; x_wconf 83' lang='lat' dir='ltr'><strong>Et</strong></span> <span class='ocrx_word' id='word_1_531' title='bbox 839 3948 1085 4017; x_wconf 88' lang='lat' dir='ltr'><strong>permisit</strong></span> <span class='ocrx_word' id='word_1_532' title='bbox 1126 3944 1349 4001; x_wconf 81' lang='lat' dir='ltr'><strong>Pilatus.</strong></span> <span class='ocrx_word' id='word_1_533' title='bbox 1389 3945 1547 4000; x_wconf 81' lang='lat' dir='ltr'><strong>Venit</strong></span> <span class='ocrx_word' id='word_1_534' title='bbox 1582 3962 1735 4017; x_wconf 85' lang='lat' dir='ltr'><strong>ergo,</strong></span> <span class='ocrx_word' id='word_1_535' title='bbox 1770 3956 1822 4001; x_wconf 86' lang='lat' dir='ltr'><strong>et</strong></span> <span class='ocrx_word' id='word_1_536' title='bbox 1858 3947 1982 4002; x_wconf 90' lang='lat' dir='ltr'><strong>tulit</strong></span> <span class='ocrx_word' id='word_1_537' title='bbox 2022 3963 2141 4003; x_wconf 86' lang='lat' dir='ltr'><strong>cor-</strong></span> 
     </span>
    </p>
   </div>
   <div class='ocr_carea' id='block_1_70' title="bbox 568 4035 2138 4111">
    <p class='ocr_par' dir='ltr' id='par_1_70' title="bbox 568 4035 2138 4111">
     <span class='ocr_line' id='line_1_70' title="bbox 568 4035 2138 4111; baseline 0.003 -19"><span class='ocrx_word' id='word_1_538' title='bbox 568 4057 673 4111; x_wconf 87' lang='lat' dir='ltr'><strong>pus</strong></span> <span class='ocrx_word' id='word_1_539' title='bbox 701 4039 851 4095; x_wconf 81' lang='lat' dir='ltr'><strong>Jcsu.</strong></span> <span class='ocrx_word' id='word_1_540' title='bbox 889 4038 1079 4111; x_wconf 61' lang='lat' dir='ltr'><strong>letavit,</strong></span> <span class='ocrx_word' id='word_1_541' title='bbox 1115 4035 1230 4110; x_wconf 93' lang='lat'><strong>10.]</strong></span> <span class='ocrx_word' id='word_1_542' title='bbox 1290 4035 1449 4094; x_wconf 90' lang='lat' dir='ltr'><strong>Venit</strong></span> <span class='ocrx_word' id='word_1_543' title='bbox 1492 4048 1675 4093; x_wconf 87' lang='lat' dir='ltr'><strong>autem</strong></span> <span class='ocrx_word' id='word_1_544' title='bbox 1706 4048 1760 4093; x_wconf 90' lang='lat' dir='ltr'><strong>et</strong></span> <span class='ocrx_word' id='word_1_545' title='bbox 1790 4037 2138 4106; x_wconf 85' lang='lat' dir='ltr'><strong>Nicodemus,</strong></span> 
     </span>
    </p>
   </div>
   <div class='ocr_carea' id='block_1_71' title="bbox 570 4128 2140 4203">
    <p class='ocr_par' dir='ltr' id='par_1_71' title="bbox 570 4128 2140 4203">
     <span class='ocr_line' id='line_1_71' title="bbox 570 4128 2140 4203; baseline 0 -16"><span class='ocrx_word' id='word_1_546' title='bbox 570 4135 661 4203; x_wconf 91' lang='lat' dir='ltr'><strong>qui</strong></span> <span class='ocrx_word' id='word_1_547' title='bbox 689 4142 910 4187; x_wconf 87' lang='lat' dir='ltr'><strong>venerat</strong></span> <span class='ocrx_word' id='word_1_548' title='bbox 946 4131 1011 4185; x_wconf 91' lang='lat' dir='ltr'><strong>ad</strong></span> <span class='ocrx_word' id='word_1_549' title='bbox 1059 4130 1243 4187; x_wconf 81' lang='lat' dir='ltr'><strong>Jesuin</strong></span> <span class='ocrx_word' id='word_1_550' title='bbox 1294 4138 1454 4185; x_wconf 90' lang='lat' dir='ltr'><strong>nocte</strong></span> <span class='ocrx_word' id='word_1_551' title='bbox 1487 4130 1742 4199; x_wconf 89' lang='lat' dir='ltr'><strong>primum,</strong></span> <span class='ocrx_word' id='word_1_552' title='bbox 1770 4128 1951 4186; x_wconf 80' lang='lat' dir='ltr'><strong>ferens</strong></span> <span class='ocrx_word' id='word_1_553' title='bbox 1999 4133 2140 4187; x_wconf 83' lang='lat' dir='ltr'><strong>mix-</strong></span> 
     </span>
    </p>
   </div>
   <div class='ocr_carea' id='block_1_72' title="bbox 574 4221 2137 4295">
    <p class='ocr_par' dir='ltr' id='par_1_72' title="bbox 574 4221 2137 4295">
     <span class='ocr_line' id='line_1_72' title="bbox 574 4221 2137 4295; baseline 0.001 -18"><span class='ocrx_word' id='word_1_554' title='bbox 574 4234 749 4277; x_wconf 84' lang='lat' dir='ltr'><strong>turam</strong></span> <span class='ocrx_word' id='word_1_555' title='bbox 771 4223 1063 4294; x_wconf 73' lang='lat' dir='ltr'><strong>myrrhieet</strong></span> <span class='ocrx_word' id='word_1_556' title='bbox 1086 4221 1252 4287; x_wconf 86' lang='lat' dir='ltr'><strong>aloes,</strong></span> <span class='ocrx_word' id='word_1_557' title='bbox 1287 4222 1441 4291; x_wconf 88' lang='lat' dir='ltr'><strong>quasi</strong></span> <span class='ocrx_word' id='word_1_558' title='bbox 1466 4221 1633 4276; x_wconf 90' lang='lat' dir='ltr'><strong>libras</strong></span> <span class='ocrx_word' id='word_1_559' title='bbox 1650 4232 1893 4277; x_wconf 85' lang='lat' dir='ltr'><strong>centum.</strong></span> <span class='ocrx_word' id='word_1_560' title='bbox 1931 4222 2137 4295; x_wconf 80' lang='lat' dir='ltr'><strong>[ccvnt,</strong></span> 
     </span>
    </p>
   </div>
   <div class='ocr_carea' id='block_1_73' title="bbox 570 4309 2144 4386">
    <p class='ocr_par' dir='ltr' id='par_1_73' title="bbox 570 4309 2144 4386">
     <span class='ocr_line' id='line_1_73' title="bbox 570 4309 2144 4386; baseline 0.003 -20"><span class='ocrx_word' id='word_1_561' title='bbox 570 4312 649 4386; x_wconf 89' lang='lat'><strong>1.]</strong></span> <span class='ocrx_word' id='word_1_562' title='bbox 684 4314 1029 4383; x_wconf 86' lang='lat' dir='ltr'><strong>Acceperunt</strong></span> <span class='ocrx_word' id='word_1_563' title='bbox 1046 4330 1177 4383; x_wconf 78' lang='lat' dir='ltr'><strong>ergo</strong></span> <span class='ocrx_word' id='word_1_564' title='bbox 1204 4328 1404 4382; x_wconf 90' lang='lat' dir='ltr'><strong>corpus</strong></span> <span class='ocrx_word' id='word_1_565' title='bbox 1428 4309 1587 4378; x_wconf 80' lang='lat' dir='ltr'><strong>Jesu,</strong></span> <span class='ocrx_word' id='word_1_566' title='bbox 1616 4322 1673 4368; x_wconf 90' lang='lat' dir='ltr'><strong>et</strong></span> <span class='ocrx_word' id='word_1_567' title='bbox 1713 4314 2020 4383; x_wconf 70' lang='lat' dir='ltr'><strong>ligaverunt</strong></span> <span class='ocrx_word' id='word_1_568' title='bbox 2077 4316 2144 4370; x_wconf 83' lang='lat' dir='ltr'><strong>il-</strong></span> 
     </span>
    </p>
   </div>
   <div class='ocr_carea' id='block_1_74' title="bbox 566 4404 2140 4471">
    <p class='ocr_par' dir='ltr' id='par_1_74' title="bbox 566 4404 2140 4471">
     <span class='ocr_line' id='line_1_74' title="bbox 566 4404 2140 4471; baseline 0.003 -12"><span class='ocrx_word' id='word_1_569' title='bbox 566 4406 654 4460; x_wconf 89' lang='lat' dir='ltr'><strong>lud</strong></span> <span class='ocrx_word' id='word_1_570' title='bbox 680 4406 861 4460; x_wconf 86' lang='lat' dir='ltr'><strong>linteis</strong></span> <span class='ocrx_word' id='word_1_571' title='bbox 889 4420 1015 4460; x_wconf 85' lang='lat' dir='ltr'><strong>eum</strong></span> <span class='ocrx_word' id='word_1_572' title='bbox 1064 4404 1434 4471; x_wconf 71' lang='lat' dir='ltr'><strong>tit-ornatibus,</strong></span> <span class='ocrx_word' id='word_1_573' title='bbox 1473 4406 1617 4459; x_wconf 83' lang='lat' dir='ltr'><strong>sicut</strong></span> <span class='ocrx_word' id='word_1_574' title='bbox 1673 4420 1791 4460; x_wconf 87' lang='lat' dir='ltr'><strong>mus</strong></span> <span class='ocrx_word' id='word_1_575' title='bbox 1812 4417 1898 4461; x_wconf 86' lang='lat' dir='ltr'><strong>est</strong></span> <span class='ocrx_word' id='word_1_576' title='bbox 1934 4405 2140 4463; x_wconf 62' lang='lat' dir='ltr'><strong>ludatis</strong></span> 
     </span>
    </p>
   </div>
   <div class='ocr_carea' id='block_1_75' title="bbox 565 4477 2222 4569">
    <p class='ocr_par' dir='ltr' id='par_1_75' title="bbox 565 4477 2222 4569">
     <span class='ocr_line' id='line_1_75' title="bbox 565 4477 2222 4569; baseline 0.001 -17"><span class='ocrx_word' id='word_1_577' title='bbox 565 4497 819 4569; x_wconf 72' lang='lat' dir='ltr'><strong>sepelire.</strong></span> <span class='ocrx_word' id='word_1_578' title='bbox 886 4495 1016 4552; x_wconf 86' lang='lat' dir='ltr'><strong>Erat</strong></span> <span class='ocrx_word' id='word_1_579' title='bbox 1073 4506 1256 4551; x_wconf 85' lang='lat' dir='ltr'><strong>autem</strong></span> <span class='ocrx_word' id='word_1_580' title='bbox 1289 4498 1343 4550; x_wconf 86' lang='lat' dir='ltr'><strong>in</strong></span> <span class='ocrx_word' id='word_1_581' title='bbox 1398 4497 1537 4561; x_wconf 90' lang='lat' dir='ltr'><strong>loco,</strong></span> <span class='ocrx_word' id='word_1_582' title='bbox 1574 4498 1677 4551; x_wconf 68' lang='lat' dir='ltr'><strong>ubi</strong></span> <span class='ocrx_word' id='word_1_583' title='bbox 1708 4496 2007 4554; x_wconf 73' lang='lat' dir='ltr'><strong>cruciﬁxus</strong></span> <span class='ocrx_word' id='word_1_584' title='bbox 2034 4508 2141 4564; x_wconf 74' lang='lat' dir='ltr'><strong>est,</strong></span> <span class='ocrx_word' id='word_1_585' title='bbox 2176 4477 2222 4531; x_wconf 66' lang='grc' dir='ltr'><strong>ί)</strong></span> 
     </span>
    </p>
   </div>
   <div class='ocr_carea' id='block_1_76' title="bbox 570 4590 2142 4665">
    <p class='ocr_par' dir='ltr' id='par_1_76' title="bbox 570 4590 2142 4665">
     <span class='ocr_line' id='line_1_76' title="bbox 570 4590 2142 4665; baseline 0.003 -20"><span class='ocrx_word' id='word_1_586' title='bbox 570 4592 760 4645; x_wconf 77' lang='lat' dir='ltr'><strong>hortus</strong></span> <span class='ocrx_word' id='word_1_587' title='bbox 790 4606 803 4643; x_wconf 90' lang='lat'><strong>:</strong></span> <span class='ocrx_word' id='word_1_588' title='bbox 830 4602 883 4645; x_wconf 90' lang='lat' dir='ltr'><strong>et</strong></span> <span class='ocrx_word' id='word_1_589' title='bbox 912 4591 964 4645; x_wconf 92' lang='lat' dir='ltr'><strong>in</strong></span> <span class='ocrx_word' id='word_1_590' title='bbox 998 4590 1159 4645; x_wconf 91' lang='lat' dir='ltr'><strong>horto</strong></span> <span class='ocrx_word' id='word_1_591' title='bbox 1194 4602 1607 4647; x_wconf 85' lang='lat' dir='ltr'><strong>monumentum</strong></span> <span class='ocrx_word' id='word_1_592' title='bbox 1664 4608 1889 4660; x_wconf 87' lang='lat' dir='ltr'><strong>novum,</strong></span> <span class='ocrx_word' id='word_1_593' title='bbox 1922 4595 1976 4649; x_wconf 89' lang='lat' dir='ltr'><strong>in</strong></span> <span class='ocrx_word' id='word_1_594' title='bbox 2033 4609 2142 4665; x_wconf 77' lang='lat' dir='ltr'><strong>quo</strong></span> 
     </span>
    </p>
   </div>
   <div class='ocr_carea' id='block_1_77' title="bbox 566 4681 2143 4757">
    <p class='ocr_par' dir='ltr' id='par_1_77' title="bbox 566 4681 2143 4757">
     <span class='ocr_line' id='line_1_77' title="bbox 566 4681 2143 4757; baseline 0.005 -24"><span class='ocrx_word' id='word_1_595' title='bbox 566 4681 813 4734; x_wconf 88' lang='lat' dir='ltr'><strong>nondum</strong></span> <span class='ocrx_word' id='word_1_596' title='bbox 844 4681 1136 4751; x_wconf 81' lang='lat' dir='ltr'><strong>quisquam</strong></span> <span class='ocrx_word' id='word_1_597' title='bbox 1185 4685 1396 4753; x_wconf 90' lang='lat' dir='ltr'><strong>positus</strong></span> <span class='ocrx_word' id='word_1_598' title='bbox 1442 4695 1582 4739; x_wconf 90' lang='lat' dir='ltr'><strong>erat.</strong></span> <span class='ocrx_word' id='word_1_599' title='bbox 1613 4684 1690 4739; x_wconf 83' lang='lat' dir='ltr'><strong>ibi</strong></span> <span class='ocrx_word' id='word_1_600' title='bbox 1731 4699 1863 4756; x_wconf 86' lang='lat' dir='ltr'><strong>ergo</strong></span> <span class='ocrx_word' id='word_1_601' title='bbox 1918 4699 2143 4757; x_wconf 84' lang='lat' dir='ltr'><strong>propter</strong></span> 
     </span>
    </p>
   </div>
   <div class='ocr_carea' id='block_1_78' title="bbox 568 4771 2141 4843">
    <p class='ocr_par' dir='ltr' id='par_1_78' title="bbox 568 4771 2141 4843">
     <span class='ocr_line' id='line_1_78' title="bbox 568 4771 2141 4843; baseline 0.008 -20"><span class='ocrx_word' id='word_1_602' title='bbox 568 4772 906 4826; x_wconf 83' lang='lat' dir='ltr'><strong>Parasceven</strong></span> <span class='ocrx_word' id='word_1_603' title='bbox 949 4771 1281 4837; x_wconf 68' lang='lat' dir='ltr'><strong>Judaaorum,</strong></span> <span class='ocrx_word' id='word_1_604' title='bbox 1321 4776 1447 4843; x_wconf 84' lang='lat' dir='ltr'><strong>quia</strong></span> <span class='ocrx_word' id='word_1_605' title='bbox 1494 4775 1643 4843; x_wconf 75' lang='lat' dir='ltr'><strong>juxta</strong></span> <span class='ocrx_word' id='word_1_606' title='bbox 1668 4786 1793 4832; x_wconf 84' lang='lat' dir='ltr'><strong>erat</strong></span> <span class='ocrx_word' id='word_1_607' title='bbox 1819 4792 2141 4836; x_wconf 79' lang='lat' dir='ltr'><strong>monumen-</strong></span> 
     </span>
    </p>
   </div>
   <div class='ocr_carea' id='block_1_79' title="bbox 572 4861 1277 4931">
    <p class='ocr_par' dir='ltr' id='par_1_79' title="bbox 572 4861 1277 4931">
     <span class='ocr_line' id='line_1_79' title="bbox 572 4861 1277 4931; baseline 0.004 -14"><span class='ocrx_word' id='word_1_608' title='bbox 572 4872 708 4927; x_wconf 89' lang='lat' dir='ltr'><strong>tum,</strong></span> <span class='ocrx_word' id='word_1_609' title='bbox 738 4872 1041 4931; x_wconf 85' lang='lat' dir='ltr'><strong>posuerunt</strong></span> <span class='ocrx_word' id='word_1_610' title='bbox 1067 4861 1277 4920; x_wconf 81' lang='lat' dir='ltr'><strong>Jesum.</strong></span> 
     </span>
    </p>
   </div>
   <div class='ocr_carea' id='block_1_80' title="bbox 641 4949 2141 5029">
    <p class='ocr_par' dir='ltr' id='par_1_80' title="bbox 641 4949 2141 5029">
     <span class='ocr_line' id='line_1_80' title="bbox 641 4949 2141 5029; baseline 0.01 -25"><span class='ocrx_word' id='word_1_611' title='bbox 641 4949 798 5022; x_wconf 73' lang='grc' dir='ltr'><strong>[ϐαρ.</strong></span> <span class='ocrx_word' id='word_1_612' title='bbox 832 4950 949 5006; x_wconf 69' lang='grc' dir='ltr'><strong>ΚΧ.</strong></span> <span class='ocrx_word' id='word_1_613' title='bbox 983 4968 1127 5019; x_wconf 82' lang='lat' dir='ltr'><strong>ceix,</strong></span> <span class='ocrx_word' id='word_1_614' title='bbox 1166 4954 1244 5028; x_wconf 91' lang='lat'><strong>1.]</strong></span> <span class='ocrx_word' id='word_1_615' title='bbox 1278 4954 1397 5011; x_wconf 87' lang='lat' dir='ltr'><strong>Una</strong></span> <span class='ocrx_word' id='word_1_616' title='bbox 1457 4965 1640 5015; x_wconf 85' lang='lat' dir='ltr'><strong>autem</strong></span> <span class='ocrx_word' id='word_1_617' title='bbox 1693 4960 1939 5029; x_wconf 85' lang='lat' dir='ltr'><strong>Sabbati,</strong></span> <span class='ocrx_word' id='word_1_618' title='bbox 1975 4962 2141 5019; x_wconf 83' lang='lat' dir='ltr'><strong>Maria</strong></span> 
     </span>
    </p>
   </div>
   <div class='ocr_carea' id='block_1_81' title="bbox 568 5043 2141 5119">
    <p class='ocr_par' dir='ltr' id='par_1_81' title="bbox 568 5043 2141 5119">
     <span class='ocr_line' id='line_1_81' title="bbox 568 5043 2141 5119; baseline 0.008 -22"><span class='ocrx_word' id='word_1_619' title='bbox 568 5043 882 5112; x_wconf 80' lang='lat' dir='ltr'><strong>Illagdalenc</strong></span> <span class='ocrx_word' id='word_1_620' title='bbox 907 5046 1050 5098; x_wconf 80' lang='lat' dir='ltr'><strong>venit</strong></span> <span class='ocrx_word' id='word_1_621' title='bbox 1077 5061 1261 5111; x_wconf 87' lang='lat' dir='ltr'><strong>mane,</strong></span> <span class='ocrx_word' id='word_1_622' title='bbox 1291 5061 1420 5101; x_wconf 87' lang='lat' dir='ltr'><strong>cum</strong></span> <span class='ocrx_word' id='word_1_623' title='bbox 1450 5048 1629 5104; x_wconf 90' lang='lat' dir='ltr'><strong>adhuc</strong></span> <span class='ocrx_word' id='word_1_624' title='bbox 1661 5053 1901 5107; x_wconf 68' lang='lat' dir='ltr'><strong>tenebrae</strong></span> <span class='ocrx_word' id='word_1_625' title='bbox 1933 5065 2141 5119; x_wconf 89' lang='lat' dir='ltr'><strong>essent,</strong></span> 
     </span>
    </p>
   </div>
   <div class='ocr_carea' id='block_1_82' title="bbox 568 5136 2142 5209">
    <p class='ocr_par' dir='ltr' id='par_1_82' title="bbox 568 5136 2142 5209">
     <span class='ocr_line' id='line_1_82' title="bbox 568 5136 2142 5209; baseline 0.004 -18"><span class='ocrx_word' id='word_1_626' title='bbox 568 5137 632 5191; x_wconf 85' lang='lat' dir='ltr'><strong>ad</strong></span> <span class='ocrx_word' id='word_1_627' title='bbox 665 5150 1076 5190; x_wconf 88' lang='lat' dir='ltr'><strong>monumentum</strong></span> <span class='ocrx_word' id='word_1_628' title='bbox 1110 5155 1124 5190; x_wconf 91' lang='lat'><strong>:</strong></span> <span class='ocrx_word' id='word_1_629' title='bbox 1154 5147 1209 5190; x_wconf 84' lang='lat' dir='ltr'><strong>et</strong></span> <span class='ocrx_word' id='word_1_630' title='bbox 1234 5136 1368 5192; x_wconf 82' lang='lat' dir='ltr'><strong>vidit</strong></span> <span class='ocrx_word' id='word_1_631' title='bbox 1401 5138 1633 5209; x_wconf 89' lang='lat' dir='ltr'><strong>lapidem</strong></span> <span class='ocrx_word' id='word_1_632' title='bbox 1664 5142 1937 5197; x_wconf 79' lang='lat' dir='ltr'><strong>sublatum</strong></span> <span class='ocrx_word' id='word_1_633' title='bbox 1962 5141 1994 5196; x_wconf 30' lang='lat' dir='ltr'><strong>a‘</strong></span> <span class='ocrx_word' id='word_1_634' title='bbox 2022 5158 2142 5197; x_wconf 88' lang='lat' dir='ltr'><strong>mo-</strong></span> 
     </span>
    </p>
   </div>
   <div class='ocr_carea' id='block_1_83' title="bbox 572 5226 2149 5302">
    <p class='ocr_par' dir='ltr' id='par_1_83' title="bbox 572 5226 2149 5302">
     <span class='ocr_line' id='line_1_83' title="bbox 572 5226 2149 5302; baseline 0.006 -22"><span class='ocrx_word' id='word_1_635' title='bbox 572 5237 853 5282; x_wconf 90' lang='lat' dir='ltr'><strong>numento.</strong></span> <span class='ocrx_word' id='word_1_636' title='bbox 885 5226 1025 5299; x_wconf 85' lang='lat' dir='ltr'><strong>[ccx,</strong></span> <span class='ocrx_word' id='word_1_637' title='bbox 1066 5226 1178 5299; x_wconf 90' lang='lat'><strong>10.]</strong></span> <span class='ocrx_word' id='word_1_638' title='bbox 1211 5227 1470 5285; x_wconf 86' lang='lat' dir='ltr'><strong>Cucurrit</strong></span> <span class='ocrx_word' id='word_1_639' title='bbox 1508 5247 1660 5302; x_wconf 84' lang='lat' dir='ltr'><strong>ergo,</strong></span> <span class='ocrx_word' id='word_1_640' title='bbox 1688 5244 1739 5285; x_wconf 88' lang='lat' dir='ltr'><strong>et</strong></span> <span class='ocrx_word' id='word_1_641' title='bbox 1772 5236 1917 5288; x_wconf 86' lang='lat' dir='ltr'><strong>venit</strong></span> <span class='ocrx_word' id='word_1_642' title='bbox 1971 5238 2039 5289; x_wconf 81' lang='lat' dir='ltr'><strong>ad</strong></span> <span class='ocrx_word' id='word_1_643' title='bbox 2065 5236 2149 5289; x_wconf 85' lang='lat' dir='ltr'><strong>Si-</strong></span> 
     </span>
    </p>
   </div>
   <div class='ocr_carea' id='block_1_84' title="bbox 572 5321 2148 5398">
    <p class='ocr_par' dir='ltr' id='par_1_84' title="bbox 572 5321 2148 5398">
     <span class='ocr_line' id='line_1_84' title="bbox 572 5321 2148 5398; baseline 0.006 -25"><span class='ocrx_word' id='word_1_644' title='bbox 572 5335 790 5375; x_wconf 87' lang='lat' dir='ltr'><strong>monem</strong></span> <span class='ocrx_word' id='word_1_645' title='bbox 852 5321 1096 5386; x_wconf 83' lang='lat' dir='ltr'><strong>Petrum,</strong></span> <span class='ocrx_word' id='word_1_646' title='bbox 1165 5332 1219 5375; x_wconf 90' lang='lat' dir='ltr'><strong>et</strong></span> <span class='ocrx_word' id='word_1_647' title='bbox 1252 5322 1320 5375; x_wconf 86' lang='lat' dir='ltr'><strong>ad</strong></span> <span class='ocrx_word' id='word_1_648' title='bbox 1370 5323 1534 5376; x_wconf 88' lang='lat' dir='ltr'><strong>alium</strong></span> <span class='ocrx_word' id='word_1_649' title='bbox 1574 5326 1921 5394; x_wconf 86' lang='lat' dir='ltr'><strong>discipulum,</strong></span> <span class='ocrx_word' id='word_1_650' title='bbox 1985 5342 2148 5398; x_wconf 90' lang='lat' dir='ltr'><strong>quem</strong></span> 
     </span>
    </p>
   </div>
   <div class='ocr_carea' id='block_1_85' title="bbox 571 5412 2149 5480">
    <p class='ocr_par' dir='ltr' id='par_1_85' title="bbox 571 5412 2149 5480">
     <span class='ocr_line' id='line_1_85' title="bbox 571 5412 2149 5480; baseline 0.006 -15"><span class='ocrx_word' id='word_1_651' title='bbox 571 5413 785 5467; x_wconf 89' lang='lat' dir='ltr'><strong>amabat</strong></span> <span class='ocrx_word' id='word_1_652' title='bbox 817 5412 997 5480; x_wconf 87' lang='lat' dir='ltr'><strong>Jesus,</strong></span> <span class='ocrx_word' id='word_1_653' title='bbox 1021 5422 1077 5467; x_wconf 87' lang='lat' dir='ltr'><strong>et</strong></span> <span class='ocrx_word' id='word_1_654' title='bbox 1103 5413 1234 5468; x_wconf 87' lang='lat' dir='ltr'><strong>dicit</strong></span> <span class='ocrx_word' id='word_1_655' title='bbox 1260 5414 1366 5467; x_wconf 92' lang='lat' dir='ltr'><strong>illis</strong></span> <span class='ocrx_word' id='word_1_656' title='bbox 1400 5430 1415 5471; x_wconf 88' lang='lat'><strong>:</strong></span> <span class='ocrx_word' id='word_1_657' title='bbox 1457 5415 1721 5472; x_wconf 85' lang='lat' dir='ltr'><strong>Tulerunt</strong></span> <span class='ocrx_word' id='word_1_658' title='bbox 1772 5419 2054 5474; x_wconf 89' lang='lat' dir='ltr'><strong>Dominum</strong></span> <span class='ocrx_word' id='word_1_659' title='bbox 2082 5421 2149 5475; x_wconf 89' lang='lat' dir='ltr'><strong>de</strong></span> 
     </span>
    </p>
   </div>
   <div class='ocr_carea' id='block_1_86' title="bbox 572 5507 2153 5578">
    <p class='ocr_par' dir='ltr' id='par_1_86' title="bbox 572 5507 2153 5578">
     <span class='ocr_line' id='line_1_86' title="bbox 572 5507 2153 5578; baseline 0.006 -21"><span class='ocrx_word' id='word_1_660' title='bbox 572 5517 943 5570; x_wconf 89' lang='lat' dir='ltr'><strong>monumento,</strong></span> <span class='ocrx_word' id='word_1_661' title='bbox 974 5516 1031 5561; x_wconf 89' lang='lat' dir='ltr'><strong>et</strong></span> <span class='ocrx_word' id='word_1_662' title='bbox 1064 5507 1341 5561; x_wconf 88' lang='lat' dir='ltr'><strong>nescimus</strong></span> <span class='ocrx_word' id='word_1_663' title='bbox 1366 5507 1459 5562; x_wconf 89' lang='lat' dir='ltr'><strong>ubi</strong></span> <span class='ocrx_word' id='word_1_664' title='bbox 1492 5521 1792 5578; x_wconf 87' lang='lat' dir='ltr'><strong>posuerunt</strong></span> <span class='ocrx_word' id='word_1_665' title='bbox 1822 5526 1970 5566; x_wconf 84' lang='lat' dir='ltr'><strong>eum.</strong></span> <span class='ocrx_word' id='word_1_666' title='bbox 2005 5513 2153 5567; x_wconf 82' lang='lat' dir='ltr'><strong>Exiit</strong></span> 
     </span>
    </p>
   </div>
   <div class='ocr_carea' id='block_1_87' title="bbox 573 5595 2149 5668">
    <p class='ocr_par' dir='ltr' id='par_1_87' title="bbox 573 5595 2149 5668">
     <span class='ocr_line' id='line_1_87' title="bbox 573 5595 2149 5668; baseline 0.005 -19"><span class='ocrx_word' id='word_1_667' title='bbox 573 5610 701 5665; x_wconf 82' lang='lat' dir='ltr'><strong>ergo</strong></span> <span class='ocrx_word' id='word_1_668' title='bbox 753 5595 954 5651; x_wconf 87' lang='lat' dir='ltr'><strong>Petrus</strong></span> <span class='ocrx_word' id='word_1_669' title='bbox 994 5606 1049 5651; x_wconf 92' lang='lat' dir='ltr'><strong>et</strong></span> <span class='ocrx_word' id='word_1_670' title='bbox 1079 5598 1170 5651; x_wconf 92' lang='lat' dir='ltr'><strong>ille</strong></span> <span class='ocrx_word' id='word_1_671' title='bbox 1203 5597 1345 5652; x_wconf 89' lang='lat' dir='ltr'><strong>alius</strong></span> <span class='ocrx_word' id='word_1_672' title='bbox 1370 5598 1693 5668; x_wconf 87' lang='lat' dir='ltr'><strong>discipulus,</strong></span> <span class='ocrx_word' id='word_1_673' title='bbox 1720 5613 1774 5655; x_wconf 89' lang='lat' dir='ltr'><strong>et</strong></span> <span class='ocrx_word' id='word_1_674' title='bbox 1798 5604 2149 5657; x_wconf 74' lang='lat' dir='ltr'><strong>veneruntad</strong></span> 
     </span>
    </p>
   </div>
   <div class='ocr_carea' id='block_1_88' title="bbox 2244 3212 3743 3270">
    <p class='ocr_par' dir='ltr' id='par_1_88' title="bbox 2244 3212 3743 3270">
     <span class='ocr_line' id='line_1_88' title="bbox 2244 3212 3743 3270; baseline -0.001 -3"><span class='ocrx_word' id='word_1_675' title='bbox 2244 3216 2456 3268; x_wconf 83' lang='lat' dir='ltr'><strong>Patrem</strong></span> <span class='ocrx_word' id='word_1_676' title='bbox 2489 3225 2732 3267; x_wconf 88' lang='lat' dir='ltr'><strong>vestrum</strong></span> <span class='ocrx_word' id='word_1_677' title='bbox 2766 3228 2782 3265; x_wconf 90' lang='lat'><strong>:</strong></span> <span class='ocrx_word' id='word_1_678' title='bbox 2820 3212 2987 3267; x_wconf 91' lang='lat' dir='ltr'><strong>Deum</strong></span> <span class='ocrx_word' id='word_1_679' title='bbox 3024 3229 3208 3268; x_wconf 90' lang='lat' dir='ltr'><strong>meum</strong></span> <span class='ocrx_word' id='word_1_680' title='bbox 3267 3226 3321 3269; x_wconf 87' lang='lat' dir='ltr'><strong>et</strong></span> <span class='ocrx_word' id='word_1_681' title='bbox 3354 3217 3509 3270; x_wconf 86' lang='lat' dir='ltr'><strong>Deum</strong></span> <span class='ocrx_word' id='word_1_682' title='bbox 3536 3224 3743 3268; x_wconf 82' lang='lat' dir='ltr'><strong>vestrum.</strong></span> 
     </span>
    </p>
   </div>
   <div class='ocr_carea' id='block_1_89' title="bbox 2240 3301 3743 3376">
    <p class='ocr_par' dir='ltr' id='par_1_89' title="bbox 2240 3301 3743 3376">
     <span class='ocr_line' id='line_1_89' title="bbox 2240 3301 3743 3376; baseline -0.005 -16"><span class='ocrx_word' id='word_1_683' title='bbox 2240 3304 2403 3360; x_wconf 68' lang='lat' dir='ltr'><strong>Venit</strong></span> <span class='ocrx_word' id='word_1_684' title='bbox 2427 3304 2594 3359; x_wconf 76' lang='lat' dir='ltr'><strong>Maria</strong></span> <span class='ocrx_word' id='word_1_685' title='bbox 2619 3305 2947 3376; x_wconf 81' lang='lat' dir='ltr'><strong>Magdalene.</strong></span> <span class='ocrx_word' id='word_1_686' title='bbox 2960 3307 3301 3362; x_wconf 86' lang='lat' dir='ltr'><strong>annuntians</strong></span> <span class='ocrx_word' id='word_1_687' title='bbox 3332 3306 3619 3375; x_wconf 87' lang='lat' dir='ltr'><strong>discipulis:</strong></span> <span class='ocrx_word' id='word_1_688' title='bbox 3644 3301 3743 3367; x_wconf 81' lang='lat' dir='ltr'><strong>Quia</strong></span> 
     </span>
    </p>
   </div>
   <div class='ocr_carea' id='block_1_90' title="bbox 2245 3395 3742 3470">
    <p class='ocr_par' dir='ltr' id='par_1_90' title="bbox 2245 3395 3742 3470">
     <span class='ocr_line' id='line_1_90' title="bbox 2245 3395 3742 3470; baseline -0.004 -18"><span class='ocrx_word' id='word_1_689' title='bbox 2245 3398 2349 3452; x_wconf 91' lang='lat' dir='ltr'><strong>vidi</strong></span> <span class='ocrx_word' id='word_1_690' title='bbox 2389 3399 2699 3463; x_wconf 79' lang='lat' dir='ltr'><strong>Dominum,</strong></span> <span class='ocrx_word' id='word_1_691' title='bbox 2735 3408 2787 3453; x_wconf 88' lang='lat' dir='ltr'><strong>et</strong></span> <span class='ocrx_word' id='word_1_692' title='bbox 2830 3399 2945 3453; x_wconf 82' lang='lat' dir='ltr'><strong>haec</strong></span> <span class='ocrx_word' id='word_1_693' title='bbox 2982 3398 3121 3453; x_wconf 87' lang='lat' dir='ltr'><strong>dixit</strong></span> <span class='ocrx_word' id='word_1_694' title='bbox 3146 3400 3303 3451; x_wconf 81' lang='lat' dir='ltr'><strong>mihi.</strong></span> <span class='ocrx_word' id='word_1_695' title='bbox 3340 3398 3529 3470; x_wconf 82' lang='lat' dir='ltr'><strong>[ccxtn,</strong></span> <span class='ocrx_word' id='word_1_696' title='bbox 3552 3396 3618 3468; x_wconf 85' lang='lat'><strong>9.}</strong></span> <span class='ocrx_word' id='word_1_697' title='bbox 3643 3395 3742 3450; x_wconf 83' lang='lat' dir='ltr'><strong>Cum</strong></span> 
     </span>
    </p>
   </div>
   <div class='ocr_carea' id='block_1_91' title="bbox 2242 3490 3741 3563">
    <p class='ocr_par' dir='ltr' id='par_1_91' title="bbox 2242 3490 3741 3563">
     <span class='ocr_line' id='line_1_91' title="bbox 2242 3490 3741 3563; baseline -0.005 -17"><span class='ocrx_word' id='word_1_698' title='bbox 2242 3508 2372 3563; x_wconf 81' lang='lat' dir='ltr'><strong>ergo</strong></span> <span class='ocrx_word' id='word_1_699' title='bbox 2409 3507 2532 3546; x_wconf 87' lang='lat' dir='ltr'><strong>sero</strong></span> <span class='ocrx_word' id='word_1_700' title='bbox 2563 3500 2710 3545; x_wconf 90' lang='lat' dir='ltr'><strong>esset</strong></span> <span class='ocrx_word' id='word_1_701' title='bbox 2745 3491 2832 3544; x_wconf 88' lang='lat' dir='ltr'><strong>die</strong></span> <span class='ocrx_word' id='word_1_702' title='bbox 2890 3491 3003 3555; x_wconf 85' lang='lat' dir='ltr'><strong>illo,</strong></span> <span class='ocrx_word' id='word_1_703' title='bbox 3046 3506 3154 3544; x_wconf 91' lang='lat' dir='ltr'><strong>una</strong></span> <span class='ocrx_word' id='word_1_704' title='bbox 3190 3492 3545 3554; x_wconf 85' lang='lat' dir='ltr'><strong>sabbatorum,</strong></span> <span class='ocrx_word' id='word_1_705' title='bbox 3569 3502 3617 3542; x_wconf 89' lang='lat' dir='ltr'><strong>et</strong></span> <span class='ocrx_word' id='word_1_706' title='bbox 3642 3490 3741 3541; x_wconf 68' lang='lat' dir='ltr'><strong>iores</strong></span> 
     </span>
    </p>
   </div>
   <div class='ocr_carea' id='block_1_92' title="bbox 2241 3581 3743 3652">
    <p class='ocr_par' dir='ltr' id='par_1_92' title="bbox 2241 3581 3743 3652">
     <span class='ocr_line' id='line_1_92' title="bbox 2241 3581 3743 3652; baseline -0.006 -13"><span class='ocrx_word' id='word_1_707' title='bbox 2241 3594 2430 3639; x_wconf 84' lang='lat' dir='ltr'><strong>essent</strong></span> <span class='ocrx_word' id='word_1_708' title='bbox 2485 3583 2704 3647; x_wconf 69' lang='lat' dir='ltr'><strong>clausae,</strong></span> <span class='ocrx_word' id='word_1_709' title='bbox 2751 3581 2842 3635; x_wconf 87' lang='lat' dir='ltr'><strong>ubi</strong></span> <span class='ocrx_word' id='word_1_710' title='bbox 2870 3592 3029 3635; x_wconf 89' lang='lat' dir='ltr'><strong>erant</strong></span> <span class='ocrx_word' id='word_1_711' title='bbox 3063 3583 3322 3652; x_wconf 87' lang='lat' dir='ltr'><strong>discipuli</strong></span> <span class='ocrx_word' id='word_1_712' title='bbox 3354 3582 3633 3650; x_wconf 71' lang='lat' dir='ltr'><strong>congregati</strong></span> <span class='ocrx_word' id='word_1_713' title='bbox 3656 3592 3743 3647; x_wconf 75' lang='lat' dir='ltr'><strong>pre~</strong></span> 
     </span>
    </p>
   </div>
   <div class='ocr_carea' id='block_1_93' title="bbox 2236 3674 3743 3747">
    <p class='ocr_par' dir='ltr' id='par_1_93' title="bbox 2236 3674 3743 3747">
     <span class='ocr_line' id='line_1_93' title="bbox 2236 3674 3743 3747; baseline -0.005 -18"><span class='ocrx_word' id='word_1_714' title='bbox 2236 3686 2364 3747; x_wconf 68' lang='lat' dir='ltr'><strong>.pter</strong></span> <span class='ocrx_word' id='word_1_715' title='bbox 2388 3684 2592 3729; x_wconf 89' lang='lat' dir='ltr'><strong>metum</strong></span> <span class='ocrx_word' id='word_1_716' title='bbox 2618 3674 2952 3738; x_wconf 59' lang='lat' dir='ltr'><strong>Juda’orutu,</strong></span> <span class='ocrx_word' id='word_1_717' title='bbox 2981 3677 3129 3727; x_wconf 82' lang='lat' dir='ltr'><strong>venit</strong></span> <span class='ocrx_word' id='word_1_718' title='bbox 3155 3674 3339 3740; x_wconf 80' lang='lat' dir='ltr'><strong>Jesus,</strong></span> <span class='ocrx_word' id='word_1_719' title='bbox 3373 3686 3426 3729; x_wconf 91' lang='lat' dir='ltr'><strong>et</strong></span> <span class='ocrx_word' id='word_1_720' title='bbox 3444 3676 3577 3728; x_wconf 89' lang='lat' dir='ltr'><strong>stetit</strong></span> <span class='ocrx_word' id='word_1_721' title='bbox 3599 3674 3641 3724; x_wconf 89' lang='lat' dir='ltr'><strong>in</strong></span> <span class='ocrx_word' id='word_1_722' title='bbox 3664 3684 3743 3721; x_wconf 83' lang='lat' dir='ltr'><strong>tne-</strong></span> 
     </span>
    </p>
   </div>
   <div class='ocr_carea' id='block_1_94' title="bbox 2244 3764 3740 3831">
    <p class='ocr_par' dir='ltr' id='par_1_94' title="bbox 2244 3764 3740 3831">
     <span class='ocr_line' id='line_1_94' title="bbox 2244 3764 3740 3831; baseline -0.003 -11"><span class='ocrx_word' id='word_1_723' title='bbox 2244 3769 2357 3831; x_wconf 88' lang='lat' dir='ltr'><strong>dio,</strong></span> <span class='ocrx_word' id='word_1_724' title='bbox 2390 3776 2445 3820; x_wconf 82' lang='lat' dir='ltr'><strong>et</strong></span> <span class='ocrx_word' id='word_1_725' title='bbox 2487 3767 2625 3820; x_wconf 80' lang='lat' dir='ltr'><strong>dixit</strong></span> <span class='ocrx_word' id='word_1_726' title='bbox 2656 3766 2734 3819; x_wconf 90' lang='lat' dir='ltr'><strong>eis</strong></span> <span class='ocrx_word' id='word_1_727' title='bbox 2767 3782 2781 3820; x_wconf 90' lang='lat'>:</span> <span class='ocrx_word' id='word_1_728' title='bbox 2808 3764 2918 3818; x_wconf 84' lang='lat' dir='ltr'><strong>Pax</strong></span> <span class='ocrx_word' id='word_1_729' title='bbox 2950 3766 3125 3819; x_wconf 89' lang='lat' dir='ltr'><strong>vobis.</strong></span> <span class='ocrx_word' id='word_1_730' title='bbox 3180 3768 3253 3820; x_wconf 82' lang='lat' dir='ltr'><strong>Et</strong></span> <span class='ocrx_word' id='word_1_731' title='bbox 3283 3783 3404 3821; x_wconf 90' lang='lat' dir='ltr'><strong>eum</strong></span> <span class='ocrx_word' id='word_1_732' title='bbox 3435 3766 3527 3819; x_wconf 84' lang='lat' dir='ltr'><strong>hoc.</strong></span> <span class='ocrx_word' id='word_1_733' title='bbox 3552 3765 3740 3823; x_wconf 79' lang='lat' dir='ltr'><strong>dixisset.</strong></span> 
     </span>
    </p>
   </div>
   <div class='ocr_carea' id='block_1_95' title="bbox 2244 3856 3743 3931">
    <p class='ocr_par' dir='ltr' id='par_1_95' title="bbox 2244 3856 3743 3931">
     <span class='ocr_line' id='line_1_95' title="bbox 2244 3856 3743 3931; baseline -0.005 -18"><span class='ocrx_word' id='word_1_734' title='bbox 2244 3858 2480 3914; x_wconf 80' lang='lat' dir='ltr'><strong>Ostendit</strong></span> <span class='ocrx_word' id='word_1_735' title='bbox 2503 3858 2583 3912; x_wconf 87' lang='lat' dir='ltr'><strong>eis</strong></span> <span class='ocrx_word' id='word_1_736' title='bbox 2607 3872 2803 3910; x_wconf 88' lang='lat' dir='ltr'><strong>manus</strong></span> <span class='ocrx_word' id='word_1_737' title='bbox 2842 3867 2896 3911; x_wconf 88' lang='lat' dir='ltr'><strong>et</strong></span> <span class='ocrx_word' id='word_1_738' title='bbox 2927 3858 3088 3912; x_wconf 82' lang='lat' dir='ltr'><strong>latus.</strong></span> <span class='ocrx_word' id='word_1_739' title='bbox 3112 3856 3627 3931; x_wconf 13' lang='lat' dir='ltr'><strong>71ccxtv,10.]Gavisi</strong></span> <span class='ocrx_word' id='word_1_740' title='bbox 3654 3860 3743 3908; x_wconf 73' lang='lat' dir='ltr'><strong>sunt</strong></span> 
     </span>
    </p>
   </div>
   <div class='ocr_carea' id='block_1_96' title="bbox 2218 3948 3743 4020">
    <p class='ocr_par' dir='ltr' id='par_1_96' title="bbox 2218 3948 3743 4020">
     <span class='ocr_line' id='line_1_96' title="bbox 2218 3948 3743 4020; baseline -0.007 -14"><span class='ocrx_word' id='word_1_741' title='bbox 2218 3948 2375 4020; x_wconf 82' lang='lat' dir='ltr'><strong>ergo</strong></span> <span class='ocrx_word' id='word_1_742' title='bbox 2401 3949 2651 4019; x_wconf 89' lang='lat' dir='ltr'><strong>discipuli</strong></span> <span class='ocrx_word' id='word_1_743' title='bbox 2688 3952 2801 4004; x_wconf 87' lang='lat' dir='ltr'><strong>viso</strong></span> <span class='ocrx_word' id='word_1_744' title='bbox 2833 3950 3085 4004; x_wconf 81' lang='lat' dir='ltr'><strong>Domino.</strong></span> <span class='ocrx_word' id='word_1_745' title='bbox 3135 3954 3284 4005; x_wconf 67' lang='lat' dir='ltr'><strong>Dixit</strong></span> <span class='ocrx_word' id='word_1_746' title='bbox 3315 3968 3438 4020; x_wconf 81' lang='lat' dir='ltr'><strong>ergo</strong></span> <span class='ocrx_word' id='word_1_747' title='bbox 3459 3952 3530 4005; x_wconf 81' lang='lat' dir='ltr'><strong>eis</strong></span> <span class='ocrx_word' id='word_1_748' title='bbox 3555 3950 3743 4003; x_wconf 72' lang='lat' dir='ltr'><strong>iterum:</strong></span> 
     </span>
    </p>
   </div>
   <div class='ocr_carea' id='block_1_97' title="bbox 2244 4040 3744 4113">
    <p class='ocr_par' dir='ltr' id='par_1_97' title="bbox 2244 4040 3744 4113">
     <span class='ocr_line' id='line_1_97' title="bbox 2244 4040 3744 4113; baseline -0.006 -16"><span class='ocrx_word' id='word_1_749' title='bbox 2244 4042 2354 4097; x_wconf 79' lang='lat' dir='ltr'><strong>Pax</strong></span> <span class='ocrx_word' id='word_1_750' title='bbox 2392 4042 2569 4096; x_wconf 82' lang='lat' dir='ltr'><strong>vobis.</strong></span> <span class='ocrx_word' id='word_1_751' title='bbox 2606 4040 2761 4095; x_wconf 89' lang='lat' dir='ltr'><strong>Sicut</strong></span> <span class='ocrx_word' id='word_1_752' title='bbox 2794 4043 2942 4097; x_wconf 83' lang='lat' dir='ltr'><strong>misit</strong></span> <span class='ocrx_word' id='word_1_753' title='bbox 2976 4059 3059 4096; x_wconf 90' lang='lat' dir='ltr'><strong>me</strong></span> <span class='ocrx_word' id='word_1_754' title='bbox 3089 4042 3280 4109; x_wconf 88' lang='lat' dir='ltr'><strong>Pater,</strong></span> <span class='ocrx_word' id='word_1_755' title='bbox 3308 4054 3363 4099; x_wconf 91' lang='lat' dir='ltr'><strong>et</strong></span> <span class='ocrx_word' id='word_1_756' title='bbox 3396 4060 3488 4113; x_wconf 85' lang='lat' dir='ltr'><strong>ego</strong></span> <span class='ocrx_word' id='word_1_757' title='bbox 3512 4043 3641 4095; x_wconf 86' lang='lat' dir='ltr'><strong>mitto</strong></span> <span class='ocrx_word' id='word_1_758' title='bbox 3661 4051 3744 4091; x_wconf 80' lang='lat' dir='ltr'><strong>vos.</strong></span> 
     </span>
    </p>
   </div>
   <div class='ocr_carea' id='block_1_98' title="bbox 2247 4127 3748 4201">
    <p class='ocr_par' dir='ltr' id='par_1_98' title="bbox 2247 4127 3748 4201">
     <span class='ocr_line' id='line_1_98' title="bbox 2247 4127 3748 4201; baseline -0.004 -14"><span class='ocrx_word' id='word_1_759' title='bbox 2247 4135 2373 4189; x_wconf 63' lang='lat' dir='ltr'><strong>Haec</strong></span> <span class='ocrx_word' id='word_1_760' title='bbox 2411 4149 2534 4189; x_wconf 94' lang='lat' dir='ltr'><strong>cum</strong></span> <span class='ocrx_word' id='word_1_761' title='bbox 2587 4134 2839 4199; x_wconf 82' lang='lat' dir='ltr'><strong>dixisset,</strong></span> <span class='ocrx_word' id='word_1_762' title='bbox 2891 4132 3211 4201; x_wconf 81' lang='lat' dir='ltr'><strong>insumavit,</strong></span> <span class='ocrx_word' id='word_1_763' title='bbox 3243 4147 3297 4190; x_wconf 87' lang='lat' dir='ltr'><strong>et</strong></span> <span class='ocrx_word' id='word_1_764' title='bbox 3330 4135 3464 4189; x_wconf 85' lang='lat' dir='ltr'><strong>dixit</strong></span> <span class='ocrx_word' id='word_1_765' title='bbox 3497 4134 3568 4187; x_wconf 84' lang='lat' dir='ltr'><strong>eis</strong></span> <span class='ocrx_word' id='word_1_766' title='bbox 3595 4147 3610 4187; x_wconf 70' lang='grc' dir='ltr'>ε</span> <span class='ocrx_word' id='word_1_767' title='bbox 3634 4127 3748 4185; x_wconf 60' lang='lat' dir='ltr'><strong>Acci</strong></span> 
     </span>
    </p>
   </div>
   <div class='ocr_carea' id='block_1_99' title="bbox 2216 4221 3747 4299">
    <p class='ocr_par' dir='ltr' id='par_1_99' title="bbox 2216 4221 3747 4299">
     <span class='ocr_line' id='line_1_99' title="bbox 2216 4221 3747 4299; baseline -0.006 -19"><span class='ocrx_word' id='word_1_768' title='bbox 2216 4236 2221 4239; x_wconf 83' lang='lat'>‘</span> <span class='ocrx_word' id='word_1_769' title='bbox 2249 4228 2356 4299; x_wconf 87' lang='lat' dir='ltr'><strong>pite</strong></span> <span class='ocrx_word' id='word_1_770' title='bbox 2389 4227 2651 4297; x_wconf 89' lang='lat' dir='ltr'><strong>Spiritum</strong></span> <span class='ocrx_word' id='word_1_771' title='bbox 2685 4235 2932 4280; x_wconf 86' lang='lat' dir='ltr'><strong>sanctum</strong></span> <span class='ocrx_word' id='word_1_772' title='bbox 2966 4238 2980 4276; x_wconf 89' lang='lat'>:</span> <span class='ocrx_word' id='word_1_773' title='bbox 3014 4223 3199 4297; x_wconf 84' lang='lat' dir='ltr'><strong>[ccxv,</strong></span> <span class='ocrx_word' id='word_1_774' title='bbox 3237 4224 3294 4297; x_wconf 86' lang='lat'><strong>7]</strong></span> <span class='ocrx_word' id='word_1_775' title='bbox 3345 4241 3554 4296; x_wconf 86' lang='lat' dir='ltr'><strong>quorum</strong></span> <span class='ocrx_word' id='word_1_776' title='bbox 3576 4221 3747 4275; x_wconf 76' lang='lat' dir='ltr'><strong>remise-</strong></span> 
     </span>
    </p>
   </div>
   <div class='ocr_carea' id='block_1_100' title="bbox 2248 4308 3749 4388">
    <p class='ocr_par' dir='ltr' id='par_1_100' title="bbox 2248 4308 3749 4388">
     <span class='ocr_line' id='line_1_100' title="bbox 2248 4308 3749 4388; baseline -0.009 -16"><span class='ocrx_word' id='word_1_777' title='bbox 2248 4320 2369 4373; x_wconf 90' lang='lat' dir='ltr'><strong>ritis</strong></span> <span class='ocrx_word' id='word_1_778' title='bbox 2400 4330 2642 4388; x_wconf 87' lang='lat' dir='ltr'><strong>peccata,</strong></span> <span class='ocrx_word' id='word_1_779' title='bbox 2664 4317 3018 4371; x_wconf 86' lang='lat' dir='ltr'><strong>remittuntur</strong></span> <span class='ocrx_word' id='word_1_780' title='bbox 3052 4316 3134 4370; x_wconf 84' lang='lat' dir='ltr'><strong>eis</strong></span> <span class='ocrx_word' id='word_1_781' title='bbox 3158 4331 3174 4371; x_wconf 88' lang='lat'><strong>:</strong></span> <span class='ocrx_word' id='word_1_782' title='bbox 3201 4325 3259 4372; x_wconf 89' lang='lat' dir='ltr'><strong>et</strong></span> <span class='ocrx_word' id='word_1_783' title='bbox 3280 4331 3501 4385; x_wconf 89' lang='lat' dir='ltr'><strong>quorum</strong></span> <span class='ocrx_word' id='word_1_784' title='bbox 3521 4308 3749 4367; x_wconf 82' lang='lat' dir='ltr'><strong>retinueri-</strong></span> 
     </span>
    </p>
   </div>
   <div class='ocr_carea' id='block_1_101' title="bbox 2251 4404 3749 4480">
    <p class='ocr_par' dir='ltr' id='par_1_101' title="bbox 2251 4404 3749 4480">
     <span class='ocr_line' id='line_1_101' title="bbox 2251 4404 3749 4480; baseline -0.011 -16"><span class='ocrx_word' id='word_1_785' title='bbox 2251 4416 2342 4471; x_wconf 85' lang='lat' dir='ltr'><strong>tis.</strong></span> <span class='ocrx_word' id='word_1_786' title='bbox 2376 4421 2584 4466; x_wconf 85' lang='lat' dir='ltr'><strong>retenta</strong></span> <span class='ocrx_word' id='word_1_787' title='bbox 2617 4418 2767 4464; x_wconf 85' lang='lat' dir='ltr'><strong>sunt.</strong></span> <span class='ocrx_word' id='word_1_788' title='bbox 2814 4404 3018 4478; x_wconf 84' lang='lat' dir='ltr'><strong>[ccxvt,</strong></span> <span class='ocrx_word' id='word_1_789' title='bbox 3052 4406 3166 4480; x_wconf 80' lang='lat'><strong>10.]</strong></span> <span class='ocrx_word' id='word_1_790' title='bbox 3201 4407 3435 4463; x_wconf 81' lang='lat' dir='ltr'><strong>Thomas</strong></span> <span class='ocrx_word' id='word_1_791' title='bbox 3472 4414 3623 4459; x_wconf 86' lang='lat' dir='ltr'><strong>autem</strong></span> <span class='ocrx_word' id='word_1_792' title='bbox 3646 4411 3749 4453; x_wconf 81' lang='lat' dir='ltr'><strong>unus</strong></span> 
     </span>
    </p>
   </div>
   <div class='ocr_carea' id='block_1_102' title="bbox 2250 4498 3746 4571">
    <p class='ocr_par' dir='ltr' id='par_1_102' title="bbox 2250 4498 3746 4571">
     <span class='ocr_line' id='line_1_102' title="bbox 2250 4498 3746 4571; baseline -0.011 -15"><span class='ocrx_word' id='word_1_793' title='bbox 2250 4520 2315 4557; x_wconf 82' lang='lat' dir='ltr'><strong>ex</strong></span> <span class='ocrx_word' id='word_1_794' title='bbox 2352 4502 2664 4564; x_wconf 88' lang='lat' dir='ltr'><strong>duodecim,</strong></span> <span class='ocrx_word' id='word_1_795' title='bbox 2706 4498 2800 4570; x_wconf 90' lang='lat' dir='ltr'><strong>qui</strong></span> <span class='ocrx_word' id='word_1_796' title='bbox 2830 4499 3037 4554; x_wconf 90' lang='lat' dir='ltr'><strong>dicitur</strong></span> <span class='ocrx_word' id='word_1_797' title='bbox 3089 4499 3373 4571; x_wconf 80' lang='lat' dir='ltr'><strong>Didymus,</strong></span> <span class='ocrx_word' id='word_1_798' title='bbox 3408 4512 3506 4553; x_wconf 90' lang='lat' dir='ltr'><strong>non</strong></span> <span class='ocrx_word' id='word_1_799' title='bbox 3534 4502 3746 4549; x_wconf 84' lang='lat' dir='ltr'><strong>eratcum</strong></span> 
     </span>
    </p>
   </div>
   <div class='ocr_carea' id='block_1_103' title="bbox 2252 4581 3747 4664">
    <p class='ocr_par' dir='ltr' id='par_1_103' title="bbox 2252 4581 3747 4664">
     <span class='ocr_line' id='line_1_103' title="bbox 2252 4581 3747 4664; baseline -0.011 -15"><span class='ocrx_word' id='word_1_800' title='bbox 2252 4597 2333 4649; x_wconf 92' lang='lat' dir='ltr'><strong>eis</strong></span> <span class='ocrx_word' id='word_1_801' title='bbox 2371 4592 2593 4664; x_wconf 86' lang='lat' dir='ltr'><strong>quando</strong></span> <span class='ocrx_word' id='word_1_802' title='bbox 2620 4593 2771 4649; x_wconf 74' lang='lat' dir='ltr'><strong>venit</strong></span> <span class='ocrx_word' id='word_1_803' title='bbox 2801 4589 2984 4647; x_wconf 62' lang='lat' dir='ltr'><strong>Iesus.</strong></span> <span class='ocrx_word' id='word_1_804' title='bbox 3008 4590 3285 4645; x_wconf 79' lang='lat' dir='ltr'><strong>Dixerunt</strong></span> <span class='ocrx_word' id='word_1_805' title='bbox 3307 4605 3435 4661; x_wconf 84' lang='lat' dir='ltr'><strong>ergo</strong></span> <span class='ocrx_word' id='word_1_806' title='bbox 3454 4589 3500 4645; x_wconf 79' lang='lat' dir='ltr'><strong>ei</strong></span> <span class='ocrx_word' id='word_1_807' title='bbox 3524 4586 3601 4641; x_wconf 83' lang='lat' dir='ltr'><strong>alii</strong></span> <span class='ocrx_word' id='word_1_808' title='bbox 3629 4581 3747 4638; x_wconf 83' lang='lat' dir='ltr'><strong>disci-</strong></span> 
     </span>
    </p>
   </div>
   <div class='ocr_carea' id='block_1_104' title="bbox 2201 4670 3744 4755">
    <p class='ocr_par' dir='ltr' id='par_1_104' title="bbox 2201 4670 3744 4755">
     <span class='ocr_line' id='line_1_104' title="bbox 2201 4670 3744 4755; baseline -0.012 -14"><span class='ocrx_word' id='word_1_809' title='bbox 2201 4747 2206 4752; x_wconf 42' lang='lat'><strong>,</strong></span> <span class='ocrx_word' id='word_1_810' title='bbox 2250 4686 2361 4755; x_wconf 89' lang='lat' dir='ltr'><strong>puli</strong></span> <span class='ocrx_word' id='word_1_811' title='bbox 2400 4701 2414 4738; x_wconf 90' lang='lat'><strong>:</strong></span> <span class='ocrx_word' id='word_1_812' title='bbox 2450 4684 2694 4740; x_wconf 84' lang='lat' dir='ltr'><strong>Vidimus</strong></span> <span class='ocrx_word' id='word_1_813' title='bbox 2726 4682 3034 4739; x_wconf 88' lang='lat' dir='ltr'><strong>Dominum.</strong></span> <span class='ocrx_word' id='word_1_814' title='bbox 3070 4682 3164 4737; x_wconf 79' lang='lat' dir='ltr'><strong>ille</strong></span> <span class='ocrx_word' id='word_1_815' title='bbox 3194 4692 3376 4739; x_wconf 78' lang='lat' dir='ltr'><strong>autem</strong></span> <span class='ocrx_word' id='word_1_816' title='bbox 3399 4678 3611 4735; x_wconf 82' lang='lat' dir='ltr'><strong>dixitcis</strong></span> <span class='ocrx_word' id='word_1_817' title='bbox 3633 4670 3744 4729; x_wconf 81' lang='lat' dir='ltr'><strong>:Nisi</strong></span> 
     </span>
    </p>
   </div>
   <div class='ocr_carea' id='block_1_105' title="bbox 2255 4765 3745 4845">
    <p class='ocr_par' dir='ltr' id='par_1_105' title="bbox 2255 4765 3745 4845">
     <span class='ocr_line' id='line_1_105' title="bbox 2255 4765 3745 4845; baseline -0.011 -14"><span class='ocrx_word' id='word_1_818' title='bbox 2255 4775 2442 4832; x_wconf 87' lang='lat' dir='ltr'><strong>videro</strong></span> <span class='ocrx_word' id='word_1_819' title='bbox 2463 4775 2517 4830; x_wconf 92' lang='lat' dir='ltr'><strong>in</strong></span> <span class='ocrx_word' id='word_1_820' title='bbox 2551 4775 2803 4831; x_wconf 78' lang='lat' dir='ltr'><strong>manibus</strong></span> <span class='ocrx_word' id='word_1_821' title='bbox 2830 4775 2949 4845; x_wconf 83' lang='lat' dir='ltr'><strong>ejus</strong></span> <span class='ocrx_word' id='word_1_822' title='bbox 2975 4776 3205 4829; x_wconf 74' lang='lat' dir='ltr'><strong>fixuram</strong></span> <span class='ocrx_word' id='word_1_823' title='bbox 3238 4775 3255 4834; x_wconf 53' lang='grc' dir='ltr'><strong>ε</strong></span> <span class='ocrx_word' id='word_1_824' title='bbox 3287 4776 3569 4836; x_wconf 86' lang='lat' dir='ltr'><strong>clavorum,</strong></span> <span class='ocrx_word' id='word_1_825' title='bbox 3594 4777 3637 4822; x_wconf 87' lang='lat' dir='ltr'><strong>et</strong></span> <span class='ocrx_word' id='word_1_826' title='bbox 3655 4765 3745 4819; x_wconf 82' lang='lat' dir='ltr'><strong>mit-</strong></span> 
     </span>
    </p>
   </div>
   <div class='ocr_carea' id='block_1_106' title="bbox 2254 4856 3743 4938">
    <p class='ocr_par' dir='ltr' id='par_1_106' title="bbox 2254 4856 3743 4938">
     <span class='ocr_line' id='line_1_106' title="bbox 2254 4856 3743 4938; baseline -0.011 -14"><span class='ocrx_word' id='word_1_827' title='bbox 2254 4879 2364 4924; x_wconf 89' lang='lat' dir='ltr'><strong>tam</strong></span> <span class='ocrx_word' id='word_1_828' title='bbox 2403 4869 2631 4938; x_wconf 76' lang='lat' dir='ltr'><strong>digitum</strong></span> <span class='ocrx_word' id='word_1_829' title='bbox 2654 4882 2837 4922; x_wconf 79' lang='lat' dir='ltr'><strong>meum</strong></span> <span class='ocrx_word' id='word_1_830' title='bbox 2870 4868 2926 4921; x_wconf 92' lang='lat' dir='ltr'><strong>in</strong></span> <span class='ocrx_word' id='word_1_831' title='bbox 2993 4866 3173 4921; x_wconf 87' lang='lat' dir='ltr'><strong>locum</strong></span> <span class='ocrx_word' id='word_1_832' title='bbox 3195 4865 3491 4929; x_wconf 82' lang='lat' dir='ltr'><strong>clavorum,</strong></span> <span class='ocrx_word' id='word_1_833' title='bbox 3519 4870 3568 4917; x_wconf 90' lang='lat' dir='ltr'><strong>et</strong></span> <span class='ocrx_word' id='word_1_834' title='bbox 3592 4856 3743 4911; x_wconf 81' lang='lat' dir='ltr'><strong>mittam</strong></span> 
     </span>
    </p>
   </div>
   <div class='ocr_carea' id='block_1_107' title="bbox 2255 4951 3746 5027">
    <p class='ocr_par' dir='ltr' id='par_1_107' title="bbox 2255 4951 3746 5027">
     <span class='ocr_line' id='line_1_107' title="bbox 2255 4951 3746 5027; baseline -0.005 -12"><span class='ocrx_word' id='word_1_835' title='bbox 2255 4975 2475 5015; x_wconf 89' lang='lat' dir='ltr'><strong>manum</strong></span> <span class='ocrx_word' id='word_1_836' title='bbox 2510 4974 2687 5013; x_wconf 88' lang='lat' dir='ltr'><strong>meam</strong></span> <span class='ocrx_word' id='word_1_837' title='bbox 2723 4960 2777 5013; x_wconf 90' lang='lat' dir='ltr'><strong>in</strong></span> <span class='ocrx_word' id='word_1_838' title='bbox 2806 4958 2948 5012; x_wconf 84' lang='lat' dir='ltr'><strong>latus</strong></span> <span class='ocrx_word' id='word_1_839' title='bbox 3004 4960 3144 5027; x_wconf 86' lang='lat' dir='ltr'><strong>ejus,</strong></span> <span class='ocrx_word' id='word_1_840' title='bbox 3181 4974 3294 5013; x_wconf 88' lang='lat' dir='ltr'><strong>non</strong></span> <span class='ocrx_word' id='word_1_841' title='bbox 3319 4958 3545 5012; x_wconf 87' lang='lat' dir='ltr'><strong>credam.</strong></span> <span class='ocrx_word' id='word_1_842' title='bbox 3567 4951 3746 5024; x_wconf 72' lang='lat' dir='ltr'><strong>[ccum</strong></span> 
     </span>
    </p>
   </div>
   <div class='ocr_carea' id='block_1_108' title="bbox 2256 5038 3750 5123">
    <p class='ocr_par' dir='ltr' id='par_1_108' title="bbox 2256 5038 3750 5123">
     <span class='ocr_line' id='line_1_108' title="bbox 2256 5038 3750 5123; baseline -0.014 -16"><span class='ocrx_word' id='word_1_843' title='bbox 2256 5051 2337 5123; x_wconf 91' lang='lat'><strong>9.]</strong></span> <span class='ocrx_word' id='word_1_844' title='bbox 2378 5051 2448 5106; x_wconf 89' lang='lat' dir='ltr'><strong>Et</strong></span> <span class='ocrx_word' id='word_1_845' title='bbox 2496 5060 2618 5121; x_wconf 88' lang='lat' dir='ltr'><strong>post</strong></span> <span class='ocrx_word' id='word_1_846' title='bbox 2662 5052 2778 5106; x_wconf 91' lang='lat' dir='ltr'><strong>dies</strong></span> <span class='ocrx_word' id='word_1_847' title='bbox 2807 5059 2957 5116; x_wconf 89' lang='lat' dir='ltr'><strong>octo,</strong></span> <span class='ocrx_word' id='word_1_848' title='bbox 3013 5052 3209 5105; x_wconf 86' lang='lat' dir='ltr'><strong>iterum</strong></span> <span class='ocrx_word' id='word_1_849' title='bbox 3235 5060 3394 5104; x_wconf 89' lang='lat' dir='ltr'><strong>erant</strong></span> <span class='ocrx_word' id='word_1_850' title='bbox 3424 5040 3645 5114; x_wconf 82' lang='lat' dir='ltr'><strong>discipuli</strong></span> <span class='ocrx_word' id='word_1_851' title='bbox 3664 5038 3750 5106; x_wconf 76' lang='lat' dir='ltr'><strong>ejus</strong></span> 
     </span>
    </p>
   </div>
   <div class='ocr_carea' id='block_1_109' title="bbox 2254 5131 3751 5209">
    <p class='ocr_par' dir='ltr' id='par_1_109' title="bbox 2254 5131 3751 5209">
     <span class='ocr_line' id='line_1_109' title="bbox 2254 5131 3751 5209; baseline -0.008 -12"><span class='ocrx_word' id='word_1_852' title='bbox 2254 5144 2403 5197; x_wconf 89' lang='lat' dir='ltr'><strong>intus</strong></span> <span class='ocrx_word' id='word_1_853' title='bbox 2428 5185 2442 5209; x_wconf 90' lang='lat'><strong>,</strong></span> <span class='ocrx_word' id='word_1_854' title='bbox 2476 5154 2529 5196; x_wconf 92' lang='lat' dir='ltr'><strong>et</strong></span> <span class='ocrx_word' id='word_1_855' title='bbox 2558 5141 2796 5196; x_wconf 86' lang='lat' dir='ltr'><strong>Thomas</strong></span> <span class='ocrx_word' id='word_1_856' title='bbox 2818 5157 2944 5196; x_wconf 86' lang='lat' dir='ltr'><strong>cum</strong></span> <span class='ocrx_word' id='word_1_857' title='bbox 2972 5144 3072 5197; x_wconf 83' lang='lat' dir='ltr'><strong>eis.</strong></span> <span class='ocrx_word' id='word_1_858' title='bbox 3108 5139 3270 5195; x_wconf 85' lang='lat' dir='ltr'><strong>Venit</strong></span> <span class='ocrx_word' id='word_1_859' title='bbox 3291 5140 3443 5196; x_wconf 84' lang='lat' dir='ltr'><strong>.lesus</strong></span> <span class='ocrx_word' id='word_1_860' title='bbox 3466 5136 3624 5205; x_wconf 81' lang='lat' dir='ltr'><strong>januis</strong></span> <span class='ocrx_word' id='word_1_861' title='bbox 3640 5131 3751 5185; x_wconf 78' lang='lat' dir='ltr'><strong>clau-</strong></span> 
     </span>
    </p>
   </div>
   <div class='ocr_carea' id='block_1_110' title="bbox 2255 5217 3751 5297">
    <p class='ocr_par' dir='ltr' id='par_1_110' title="bbox 2255 5217 3751 5297">
     <span class='ocr_line' id='line_1_110' title="bbox 2255 5217 3751 5297; baseline -0.009 -8"><span class='ocrx_word' id='word_1_862' title='bbox 2255 5235 2352 5296; x_wconf 83' lang='lat' dir='ltr'><strong>sis,</strong></span> <span class='ocrx_word' id='word_1_863' title='bbox 2382 5244 2437 5287; x_wconf 92' lang='lat' dir='ltr'><strong>et</strong></span> <span class='ocrx_word' id='word_1_864' title='bbox 2467 5232 2618 5287; x_wconf 83' lang='lat' dir='ltr'><strong>stetit</strong></span> <span class='ocrx_word' id='word_1_865' title='bbox 2654 5233 2706 5285; x_wconf 93' lang='lat' dir='ltr'><strong>in</strong></span> <span class='ocrx_word' id='word_1_866' title='bbox 2747 5232 2948 5297; x_wconf 87' lang='lat' dir='ltr'><strong>medio,</strong></span> <span class='ocrx_word' id='word_1_867' title='bbox 2978 5242 3032 5287; x_wconf 89' lang='lat' dir='ltr'><strong>et</strong></span> <span class='ocrx_word' id='word_1_868' title='bbox 3056 5219 3195 5287; x_wconf 83' lang='lat' dir='ltr'><strong>dixit</strong></span> <span class='ocrx_word' id='word_1_869' title='bbox 3230 5248 3246 5286; x_wconf 90' lang='lat'><strong>:</strong></span> <span class='ocrx_word' id='word_1_870' title='bbox 3279 5232 3381 5286; x_wconf 86' lang='lat' dir='ltr'><strong>Pax</strong></span> <span class='ocrx_word' id='word_1_871' title='bbox 3419 5230 3575 5283; x_wconf 84' lang='lat' dir='ltr'><strong>vobis.</strong></span> <span class='ocrx_word' id='word_1_872' title='bbox 3596 5217 3751 5278; x_wconf 72' lang='lat' dir='ltr'><strong>Deinde</strong></span> 
     </span>
    </p>
   </div>
   <div class='ocr_carea' id='block_1_111' title="bbox 2255 5309 3752 5394">
    <p class='ocr_par' dir='ltr' id='par_1_111' title="bbox 2255 5309 3752 5394">
     <span class='ocr_line' id='line_1_111' title="bbox 2255 5309 3752 5394; baseline -0.012 -15"><span class='ocrx_word' id='word_1_873' title='bbox 2255 5326 2389 5380; x_wconf 84' lang='lat' dir='ltr'><strong>dicit</strong></span> <span class='ocrx_word' id='word_1_874' title='bbox 2440 5326 2662 5379; x_wconf 71' lang='lat' dir='ltr'><strong>Thema:</strong></span> <span class='ocrx_word' id='word_1_875' title='bbox 2715 5341 2732 5379; x_wconf 88' lang='lat'><strong>:</strong></span> <span class='ocrx_word' id='word_1_876' title='bbox 2801 5324 2946 5379; x_wconf 78' lang='lat' dir='ltr'><strong>Inter</strong></span> <span class='ocrx_word' id='word_1_877' title='bbox 3011 5325 3245 5394; x_wconf 86' lang='lat' dir='ltr'><strong>digitum</strong></span> <span class='ocrx_word' id='word_1_878' title='bbox 3296 5334 3443 5378; x_wconf 89' lang='lat' dir='ltr'><strong>tuum</strong></span> <span class='ocrx_word' id='word_1_879' title='bbox 3471 5322 3584 5382; x_wconf 86' lang='lat' dir='ltr'><strong>huc,</strong></span> <span class='ocrx_word' id='word_1_880' title='bbox 3627 5322 3672 5370; x_wconf 87' lang='lat' dir='ltr'><strong>et</strong></span> <span class='ocrx_word' id='word_1_881' title='bbox 3693 5309 3752 5362; x_wconf 74' lang='lat' dir='ltr'><strong>vi-</strong></span> 
     </span>
    </p>
   </div>
   <div class='ocr_carea' id='block_1_112' title="bbox 2257 5405 3752 5483">
    <p class='ocr_par' dir='ltr' id='par_1_112' title="bbox 2257 5405 3752 5483">
     <span class='ocr_line' id='line_1_112' title="bbox 2257 5405 3752 5483; baseline -0.009 -12"><span class='ocrx_word' id='word_1_882' title='bbox 2257 5418 2325 5472; x_wconf 89' lang='lat' dir='ltr'><strong>de</strong></span> <span class='ocrx_word' id='word_1_883' title='bbox 2371 5433 2567 5472; x_wconf 87' lang='lat' dir='ltr'><strong>manus</strong></span> <span class='ocrx_word' id='word_1_884' title='bbox 2629 5433 2799 5483; x_wconf 84' lang='lat' dir='ltr'><strong>meas,</strong></span> <span class='ocrx_word' id='word_1_885' title='bbox 2831 5428 2886 5472; x_wconf 88' lang='lat' dir='ltr'><strong>ct</strong></span> <span class='ocrx_word' id='word_1_886' title='bbox 2920 5418 3055 5473; x_wconf 73' lang='lat' dir='ltr'><strong>aﬂ‘et&#39;</strong></span> <span class='ocrx_word' id='word_1_887' title='bbox 3085 5433 3306 5472; x_wconf 89' lang='lat' dir='ltr'><strong>tnauum</strong></span> <span class='ocrx_word' id='word_1_888' title='bbox 3342 5428 3499 5477; x_wconf 87' lang='lat' dir='ltr'><strong>tuam,</strong></span> <span class='ocrx_word' id='word_1_889' title='bbox 3543 5420 3589 5465; x_wconf 87' lang='lat' dir='ltr'><strong>et</strong></span> <span class='ocrx_word' id='word_1_890' title='bbox 3634 5405 3752 5461; x_wconf 74' lang='lat' dir='ltr'><strong>mille</strong></span> 
     </span>
    </p>
   </div>
   <div class='ocr_carea' id='block_1_113' title="bbox 2255 5498 3750 5575">
    <p class='ocr_par' dir='ltr' id='par_1_113' title="bbox 2255 5498 3750 5575">
     <span class='ocr_line' id='line_1_113' title="bbox 2255 5498 3750 5575; baseline -0.007 -10"><span class='ocrx_word' id='word_1_891' title='bbox 2255 5512 2309 5565; x_wconf 92' lang='lat' dir='ltr'><strong>in</strong></span> <span class='ocrx_word' id='word_1_892' title='bbox 2342 5514 2483 5565; x_wconf 85' lang='lat' dir='ltr'><strong>latus</strong></span> <span class='ocrx_word' id='word_1_893' title='bbox 2512 5527 2691 5565; x_wconf 90' lang='lat' dir='ltr'><strong>meum</strong></span> <span class='ocrx_word' id='word_1_894' title='bbox 2720 5527 2734 5566; x_wconf 89' lang='lat'><strong>:</strong></span> <span class='ocrx_word' id='word_1_895' title='bbox 2765 5523 2821 5566; x_wconf 84' lang='lat' dir='ltr'><strong>et</strong></span> <span class='ocrx_word' id='word_1_896' title='bbox 2848 5512 2959 5567; x_wconf 88' lang='lat' dir='ltr'><strong>noli</strong></span> <span class='ocrx_word' id='word_1_897' title='bbox 2987 5527 3107 5566; x_wconf 85' lang='lat' dir='ltr'><strong>esse</strong></span> <span class='ocrx_word' id='word_1_898' title='bbox 3140 5511 3466 5575; x_wconf 88' lang='lat' dir='ltr'><strong>incredulus,</strong></span> <span class='ocrx_word' id='word_1_899' title='bbox 3499 5508 3579 5562; x_wconf 86' lang='lat' dir='ltr'><strong>sed</strong></span> <span class='ocrx_word' id='word_1_900' title='bbox 3594 5498 3750 5569; x_wconf 65' lang='lat' dir='ltr'><strong>ﬁdelis-</strong></span> 
     </span>
    </p>
   </div>
   <div class='ocr_carea' id='block_1_114' title="bbox 2261 5591 3753 5676">
    <p class='ocr_par' dir='ltr' id='par_1_114' title="bbox 2261 5591 3753 5676">
     <span class='ocr_line' id='line_1_114' title="bbox 2261 5591 3753 5676; baseline -0.011 -18"><span class='ocrx_word' id='word_1_901' title='bbox 2261 5603 2501 5674; x_wconf 69' lang='lat' dir='ltr'><strong>[ccxvrm</strong></span> <span class='ocrx_word' id='word_1_902' title='bbox 2536 5604 2650 5676; x_wconf 86' lang='lat'><strong>10.]</strong></span> <span class='ocrx_word' id='word_1_903' title='bbox 2683 5605 2982 5674; x_wconf 82' lang='lat' dir='ltr'><strong>Respondit</strong></span> <span class='ocrx_word' id='word_1_904' title='bbox 3036 5602 3295 5669; x_wconf 84' lang='lat' dir='ltr'><strong>Thomas,</strong></span> <span class='ocrx_word' id='word_1_905' title='bbox 3335 5615 3389 5658; x_wconf 89' lang='lat' dir='ltr'><strong>et</strong></span> <span class='ocrx_word' id='word_1_906' title='bbox 3414 5602 3537 5656; x_wconf 85' lang='lat' dir='ltr'><strong>dixit</strong></span> <span class='ocrx_word' id='word_1_907' title='bbox 3574 5596 3647 5649; x_wconf 88' lang='lat' dir='ltr'><strong>ei:</strong></span> <span class='ocrx_word' id='word_1_908' title='bbox 3676 5591 3753 5642; x_wconf 82' lang='lat' dir='ltr'><strong>Do-</strong></span> 
     </span>
    </p>
   </div>
   <div class='ocr_carea' id='block_1_115' title="bbox 576 5782 2133 5864">
    <p class='ocr_par' dir='ltr' id='par_1_115' title="bbox 576 5782 2133 5863">
     <span class='ocr_line' id='line_1_115' title="bbox 576 5782 2133 5863; baseline 0.008 -32"><span class='ocrx_word' id='word_1_909' title='bbox 576 5860 583 5863; x_wconf 20' lang='lat'>”</span> <span class='ocrx_word' id='word_1_910' title='bbox 650 5782 665 5809; x_wconf 78' lang='grc' dir='ltr'>ί</span> <span class='ocrx_word' id='word_1_911' title='bbox 696 5782 944 5839; x_wconf 61' lang='lat' dir='ltr'><strong>Fortasse</strong></span> <span class='ocrx_word' id='word_1_912' title='bbox 979 5788 1348 5859; x_wconf 82' lang='lat' dir='ltr'><strong>rectiusjuxta</strong></span> <span class='ocrx_word' id='word_1_913' title='bbox 1373 5784 1753 5857; x_wconf 52' lang='lat' dir='ltr'><strong>Grmcumﬁov</strong></span> <span class='ocrx_word' id='word_1_914' title='bbox 1784 5787 2133 5851; x_wconf 57' lang='lat' dir='ltr'><strong>eiimmttostt</strong></span> 
     </span>
    </p>
   </div>
   <div class='ocr_carea' id='block_1_116' title="bbox 2236 5782 3438 5864">
    <p class='ocr_par' dir='ltr' id='par_1_116' title="bbox 2244 5791 3438 5864">
     <span class='ocr_line' id='line_1_116' title="bbox 2244 5791 3438 5864; baseline -0.002 -19"><span class='ocrx_word' id='word_1_915' title='bbox 2244 5792 2372 5846; x_wconf 72' lang='lat' dir='ltr'><strong>tiun</strong></span> <span class='ocrx_word' id='word_1_916' title='bbox 2402 5808 2533 5848; x_wconf 88' lang='lat' dir='ltr'><strong>mss.</strong></span> <span class='ocrx_word' id='word_1_917' title='bbox 2560 5792 2747 5863; x_wconf 72' lang='lat' dir='ltr'><strong>legunt</strong></span> <span class='ocrx_word' id='word_1_918' title='bbox 2783 5791 3032 5863; x_wconf 73' lang='lat' dir='ltr'><strong>ﬁguram,</strong></span> <span class='ocrx_word' id='word_1_919' title='bbox 3062 5808 3159 5864; x_wconf 86' lang='lat' dir='ltr'><strong>pro</strong></span> <span class='ocrx_word' id='word_1_920' title='bbox 3187 5794 3438 5862; x_wconf 71' lang='lat' dir='ltr'><strong>ﬁxuram.</strong></span> 
     </span>
    </p>
   </div>
   <div class='ocr_carea' id='block_1_117' title="bbox 2863 5911 2888 5930">
    <p class='ocr_par' dir='ltr' id='par_1_117' title="bbox 2863 5911 2888 5930">
     <span class='ocr_line' id='line_1_117' title="bbox 2863 5911 2888 5930; baseline 0 0"><span class='ocrx_word' id='word_1_921' title='bbox 2863 5911 2888 5930; x_wconf 71' lang='grc' dir='ltr'><strong>ιν</strong></span> 
     </span>
    </p>
   </div>
  </div>
