3880 6168
1475 338 1536 398 s.
1577 337 2017 405 HIERONYMI
2054 338 2329 405 DIVINA
2368 335 2898 399 BIBLIOTHECA.
2998 402 3001 405 ῆ
3642 351 3715 416 τρι

584 480 3716 531 mm

1106 615 1247 729 ε.
1328 612 2043 729 susum:
2120 611 3252 757 mancorum,

1622 814 2191 881 STBIDONENSIS
2231 814 2720 879 PRESBYTERI
2740 863 2757 889 ,

552 994 1593 1162 DIVINZE
1797 992 3731 1171 BIBLIOTHECAE

1484 1244 1966 1357 PARS
2077 1247 2870 1391 TERTIA,

1571 1447 2024 1501 COMI‘LECTENS
2043 1447 2262 1500 NOVUM
2287 1449 2780 1503 TESTAMENTUI.

471 1855 483 1943 ξ
1394 1748 1821 1857 ORDO
1942 1750 3000 1860 APOSTOLICUS

475 1954 491 2035 ξ
683 1945 766 2009 In
796 1961 918 2024 quo
948 1954 1092 2009 sunt
1125 1968 1149 2008 :
1175 1948 1367 2008 Actus
1402 1944 1873 2023 Apostolorum,
1914 1946 2218 2025 Epistulae
2255 1947 2464 2022 Pauli,
2501 1949 2802 2029 Epistola:
2833 1950 3184 2030 Canonicw,
3219 1952 3622 2035 Apocalypsis.

1938 2226 2413 2317 INCIPIT

468 2555 471 2559 ,
612 2403 1186 2562 LIBER
1281 2403 2069 2567 ACTUUM
2181 2410 3688 2618 APOSTOLORUM,

1394 2634 1566 2693 Juxta
1610 2636 1896 2709 Exemplar
1949 2639 2261 2695 Vaticanum
2319 2658 2527 2698 summa
2582 2642 2687 2712 ﬁde
2742 2643 2943 2699 editus.

601 2904 756 2977 [Cap.
790 2905 831 2961 l.
866 2903 886 2977 ]
935 2903 1179 2960 Primum
1233 2905 1453 2974 quidem
1521 2921 1831 2963 sermonem
1888 2909 1990 2964 feci
2048 2910 2115 2966 de
2152 2914 2201 2972 Δ
2229 2913 2386 2975 lotes,
2410 2912 2652 2967 etJudas
2673 2913 2887 2969 Jacobi.
2919 2911 2983 2966 Ili
3015 2926 3211 2967 omnes
3242 2920 3366 2966 erat
3395 2918 3755 2981 perseverantes

527 3003 803 3068 omnibus,
836 3016 869 3056 ο
906 3000 1250 3071 Theophila,
1292 3017 1413 3071 quae
1442 3001 1788 3072 cmpitJesus
1840 3002 2021 3059 facere
2065 3013 2121 3059 et

529 3093 751 3158 docere,
787 3108 962 3161 usque
990 3094 1043 3147 in
1077 3094 1250 3155 diem,
1300 3109 1408 3162 qua
1468 3094 1793 3163 praecipiens
1849 3096 2114 3164 apostolis

526 3201 626 3253 per
658 3185 916 3255 Spiritum
943 3200 1215 3251 sanctum,
1244 3201 1382 3255 quos
1416 3185 1597 3254 elegit,
1632 3196 1951 3254 assumptus
1979 3198 2064 3241 est
2103 3224 2117 3260 ε

527 3277 728 3346 quibus
755 3288 809 3330 et
842 3277 1075 3345 prmbuit
1106 3278 1349 3343 seipsurn
1394 3278 1575 3330 vivum
1619 3288 1742 3346 post
1806 3278 2117 3347 passionem

527 3380 684 3419 suam
716 3365 768 3417 in
813 3365 999 3418 multis
1026 3366 1387 3433 argumentis,
1430 3380 1525 3434 per
1579 3366 1697 3421 dies
1756 3367 2115 3436 quadraginta

526 3471 798 3526 apparens
846 3456 949 3520 eis,
986 3465 1041 3510 et
1066 3456 1298 3523 loquens
1326 3458 1393 3511 de
1428 3473 1593 3528 regno
1629 3457 1744 3512 Dei.
1808 3459 1875 3513 Et
1906 3474 2108 3514 conve-

525 3564 708 3614 scens,
728 3548 988 3620 praecepit
1010 3550 1088 3603 eis
1109 3548 1178 3602 ab
1224 3548 1614 3619 Hierosolymis
1663 3567 1730 3605 ne
1775 3551 2121 3606 discederent

530 3641 627 3695 sed
661 3649 1047 3710 exspectarent
1083 3640 1508 3709 promissionem
1548 3640 1743 3705 Patris,
1792 3658 1955 3712 quam
2016 3659 2116 3697 au-

528 3734 692 3789 distis
725 3732 948 3806 (inquit)
987 3749 1082 3801 per
1115 3749 1175 3787 os
1206 3748 1386 3788 meum
1418 3751 1433 3788 :
1462 3736 1589 3803 quia
1623 3735 1862 3790 Joannes
1894 3736 2115 3804 quidem

528 3827 829 3896 baptizavit
857 3842 1022 3896 aqua,
1081 3841 1178 3881 vos
1216 3836 1401 3881 autem
1453 3826 1864 3896 baptizabimini
1908 3828 2116 3899 Spiritu

529 3930 720 3974 sancto
751 3935 859 3974 non
893 3927 1015 3989 post
1041 3919 1245 3975 multos
1276 3919 1379 3974 hos
1412 3919 1548 3973 dies.
1593 3920 1764 3990 Igitur
1792 3921 1885 3990 qui
1912 3936 2115 3978 conve-

532 4020 754 4077 nerant,
789 4011 1210 4081 interrogabant
1238 4024 1388 4073 eum,
1444 4009 1689 4066 dicentes
1718 4023 1732 4064 :
1768 4012 2015 4076 Domine,
2072 4013 2117 4067 si

526 4104 585 4158 in
631 4114 881 4170 tempore
912 4102 1310 4157 boc'restitues
1335 4116 1564 4171 regnum
1596 4102 1809 4157 Israel?
1834 4104 1984 4158 Dixit
2012 4120 2111 4159 au-

533 4207 642 4252 tem
671 4197 752 4252 eis
784 4212 800 4246 ι
831 4195 947 4251 Non
986 4204 1073 4250 est
1103 4200 1346 4249 vestrum
1384 4207 1546 4248 nosse
1595 4205 1841 4265 tempora
1874 4196 1957 4251 vel
1992 4213 2113 4253 mo-

2228 3003 2560 3058 unanirniter
2595 3004 2648 3057 in
2685 3005 2934 3057 oratione
2969 3018 3089 3055 cum
3129 3002 3485 3067 mulieribus,
3535 3009 3584 3056 et
3620 2998 3756 3054 Maria

2223 3103 2397 3148 matre
2429 3093 2577 3159 Jesu,
2610 3103 2665 3148 et
2691 3094 2945 3149 fratribus
2974 3094 3110 3159 ejus.
3138 3094 3200 3148 In
3236 3094 3433 3149 diebus
3467 3094 3568 3147 illis
3604 3106 3759 3145 exsur-

2222 3201 2354 3255 gens
2382 3186 2577 3240 Petrus
2606 3186 2657 3239 in
2703 3186 2884 3240 medio
2940 3186 3169 3239 fratrum
3233 3186 3378 3241 dixit
3436 3188 3568 3251 (erat
3614 3192 3760 3236 autem

2225 3275 2381 3327 turba
2421 3276 2701 3329 hominum
2741 3276 2902 3330 simul
2958 3275 3079 3330 fere
3108 3288 3341 3330 centum
3398 3275 3601 3343 viginti)
3632 3289 3643 3327 :
3674 3269 3759 3323 Viri

2220 3365 2441 3430 fratres,
2481 3376 2699 3436 Oportet
2729 3367 2944 3437 impleri
2977 3366 3328 3435 Scripturam
3354 3382 3516 3436 quam
3558 3359 3761 3435 pnedisit

2222 3460 2458 3528 Spiritus
2487 3466 2706 3516 sanctus
2750 3477 2845 3530 per
2881 3476 2942 3515 os
2986 3461 3153 3514 David
3190 3461 3265 3516 de
3328 3459 3492 3527 Juda,
3552 3458 3634 3527 qui
3684 3454 3759 3507 fuit

2222 3551 2331 3604 dux
2360 3568 2550 3605 eorum
2586 3552 2675 3618 qui
2712 3551 3260 3620 comprehenderunt
3298 3551 3485 3606 Jesum
3518 3565 3531 3601 :
3561 3548 3643 3618 qui
3665 3560 3760 3599 con-

2225 3652 2542 3697 numeratus
2567 3655 2685 3697 erat
2714 3645 2766 3697 in
2804 3644 2982 3707 nobis,
3009 3654 3065 3697 et
3100 3646 3345 3698 sortitus
3372 3651 3457 3697 est
3479 3652 3661 3695 sortem
3692 3639 3765 3688 Ini-

2220 3734 2435 3787 nisterii
2474 3735 2657 3802 hujus.
2694 3734 2758 3787 Et
2795 3734 2880 3787 hic
2942 3735 3166 3803 quidem
3210 3733 3467 3803 possedit
3518 3743 3681 3799 agrum
3714 3724 3763 3775 de

2222 3826 2475 3880 mercede
2504 3827 2831 3894 iniquitatis,
2873 3835 2930 3879 et
2962 3840 3278 3895 suSpcnsus
3314 3824 3530 3894 erepnit
3562 3820 3765 3874 medius:

2218 3927 2276 3971 et
2330 3916 2527 3971 diﬂ‘usa
2591 3928 2716 3971 sunt
2774 3919 2955 3970 omnia
3017 3918 3235 3973 viscera
3296 3919 3442 3985 ejus.
3502 3916 3565 3969 Et
3615 3923 3766 3965 ttOlttI

2220 4007 2426 4061 factum
2483 4016 2566 4060 est
2613 4005 2869 4062 omnibus
2913 4006 3303 4060 habitantibus
3364 4006 3675 4063 Jerusalem,
3717 4001 3770 4052 ita

2224 4107 2283 4152 ut
2318 4098 2692 4167 appellaretur
2742 4114 2872 4168 ager
2929 4098 3040 4163 ille,
3087 4098 3283 4168 lingua
3351 4112 3565 4160 eorum,
3618 4090 3769 4145 Hace!-

2223 4190 2404 4253 dama,
2438 4189 2543 4245 hoc
2573 4201 2680 4253 est,
2718 4206 2847 4260 ager
2869 4190 3175 4259 sanguinis.
3218 4191 3507 4259 Scriptum
3544 4196 3620 4241 est
3654 4184 3771 4239 enim

532 4296 741 4355 menta,
765 4302 884 4357 quae
912 4285 1071 4342 Pater
1095 4286 1278 4356 posuit
1302 4285 1357 4339 in
1384 4298 1482 4340 sua
1508 4257 1774 4355 potestate
1806 4303 1820 4343 :
1853 4292 1946 4343 sed
1975 4289 2116 4345 acci-
2148 4257 2189 4312 Β
2220 4283 2273 4337 in
2301 4283 2443 4337 libro
2473 4257 2814 4337 Psalmoruill
2846 4300 2865 4338 :
2895 4257 3014 4337 Fiat
3032 4257 3419 4338 commoratio
3470 4294 3647 4336 eorum
3700 4277 3772 4326 δε·

533 4381 696 4449 pietis
731 4381 995 4435 virtutem
1031 4378 1469 4449 supervenientis
1518 4376 1761 4448 Spiritus
1819 4383 1997 4436 sancti
2055 4381 2109 4435 in

530 4488 650 4535 vos,
680 4481 736 4527 et
763 4470 919 4526 eritis
949 4470 1082 4526 mihi
1115 4479 1280 4526 testes
1312 4470 1367 4525 in
1401 4470 1726 4537 Jerusalem,
1768 4481 1823 4527 et
1852 4472 1907 4525 in
1960 4473 2110 4527 omni

2213 4382 2386 4437 serta,
2438 4382 2495 4428 et
2527 4390 2632 4428 non
2672 4375 2743 4429 sit
2771 4374 2868 4443 qui
2900 4374 3181 4428 inhabitet
3220 4376 3280 4429 in
3318 4390 3387 4430 ea
3422 4372 3774 4441 :etepiscopa-

2212 4475 2327 4518 tum
2365 4467 2483 4538 ejus
2509 4466 2743 4535 accipiat
2772 4466 2927 4520 alter.
2982 4465 3220 4533 Oportet
3253 4482 3393 4534 ergo
3429 4483 3493 4520 ex
3526 4464 3604 4516 bis
3649 4460 3770 4516 virlS.

526 4564 733 4627 Judaaa,
761 4572 817 4616 et
848 4563 1115 4626 Samaria,
1152 4573 1207 4618 et
1238 4579 1415 4632 usque
1450 4564 1515 4618 ad
1549 4564 1801 4620 ultimum
1837 4575 2019 4619 terrae.
2043 4565 2109 4622 Et
2208 4557 2305 4627 qui
2339 4558 2623 4612 nobiscum
2682 4566 2812 4612 sunt
2870 4559 3192 4629 congregati
3253 4560 3313 4611 in
3348 4559 3502 4612 omni
3555 4566 3773 4622 tempore.

531 4669 657 4707 cum
692 4653 807 4706 ha‘c
836 4651 1087 4712 dixisset,
1120 4652 1438 4707 videntibus
1491 4652 1618 4717 illis,
1674 4652 1919 4706 elevatus
1972 4661 2055 4706 est
2093 4669 2107 4707 :

526 4754 585 4798 et
613 4743 787 4797 nubes
821 4742 1065 4811 suscepit
1098 4757 1223 4797 eum
1260 4742 1329 4797 ab
1374 4742 1549 4798 oculis
1612 4758 1826 4798 eorum.
1860 4741 2106 4813 Cumque

530 4835 879 4887 intuerentur
913 4833 966 4887 in
1005 4833 1202 4887 coelum
1235 4844 1456 4888 euntem
1498 4833 1673 4901 illum,
1698 4848 1828 4889 ecce
1864 4834 1974 4889 duo
2005 4837 2109 4890 viri

539 4926 836 4979 astiterunt
865 4926 1016 4995 juxta
1049 4925 1172 4980 illos
1211 4925 1264 4978 in
1287 4924 1530 4979 vestibus
1561 4925 1720 4991 albis,
1761 4927 1852 4995 qui
1883 4936 1939 4982 et
1961 4928 2112 4982 dixe-

533 5029 660 5071 runt
683 5031 696 5070 :
718 5017 828 5071 Viri
848 5015 1076 5081 Galil-xi,
1117 5015 1249 5085 quid
1269 5015 1426 5071 statis
1449 5016 1776 5085 aspicientes
1798 5017 1853 5071 in
1874 5019 2114 5072 ccelum?

542 5112 633 5166 hic
667 5109 828 5164 .lesns
862 5112 953 5178 qui
976 5124 1295 5178 assumptus
1320 5119 1401 5163 est
1432 5126 1457 5161 a
1484 5109 1641 5165 vobis
1672 5111 1725 5164 in
1756 5111 1983 5175 «mlum,
2024 5112 2105 5165 sic

546 5204 755 5267 veniet,
783 5203 1241 5272 quemadmodum
1276 5201 1487 5256 vidistis
1506 5217 1632 5254 eum
1670 5214 1885 5257 euntem
1912 5206 1968 5257 in
1994 5219 2108 5258 caa-

531 5296 666 5352 lum.
697 5295 849 5349 Tunc
880 5294 1082 5347 reversi
1113 5306 1237 5347 sunt
1268 5292 1690 5363 Hierosolymam
1727 5310 1755 5349 a
1792 5306 1994 5359 monte,
2029 5298 2121 5359 qui

536 5398 770 5441 vocatur
798 5384 1020 5449 Olivcti,
1056 5385 1149 5449 qui
1181 5393 1263 5438 est
1302 5385 1452 5454 juxta
1512 5386 1835 5449 Jerusalem,
1897 5386 2117 5443 Sabbati

538 5480 748 5535 habens
782 5480 905 5533 iter.
951 5477 1019 5532 Et
1072 5492 1195 5532 cum
1265 5476 1585 5532 introissent
1646 5480 1701 5531 in
1727 5480 2115 5546 ﬁctenaculum,

535 5570 910 5626 ascenderunt
935 5568 1027 5622 ubi
1064 5567 1360 5621 manebant
1398 5568 1593 5622 Petrus
1626 5576 1682 5621 et
1709 5568 1968 5633 Joannes,
2026 5570 2115 5624 Ja-

536 5661 713 5716 cobos
748 5661 1091 5725 elAndreaS,
1133 5661 1415 5731 Philippus
1446 5668 1504 5716 et
1531 5659 1788 5723 Thomas,
1826 5660 2109 5716 Bartholo-

534 5766 707 5812 manus
741 5763 795 5810 et
825 5753 1130 5827 llatthzeus,
1158 5754 1395 5813 Jacobus
1423 5753 1657 5827 Alphazi,
1686 5763 1741 5810 et
1768 5752 1955 5810 Simon
2008 5754 2107 5810 Zo-

2206 4666 2318 4719 quo
2344 4650 2568 4704 intravit
2608 4659 2662 4703 et
2705 4651 2875 4704 exivit
2905 4653 3048 4705 inter
3078 4666 3182 4705 nos
3221 4650 3498 4704 Dominus
3521 4649 3680 4707 Jesus,
3711 4644 3773 4693 ius

2213 4744 2425 4813 cipiens
2453 4759 2482 4797 a
2525 4743 2853 4813 baptismate
2894 4743 3120 4799 Joannis
3181 4760 3371 4812 usque
3406 4744 3461 4797 in
3519 4742 3653 4795 diem
3694 4747 3773 4803 qua

2214 4846 2531 4906 assumptus
2562 4844 2645 4891 est
2669 4852 2696 4889 a
2726 4835 2886 4890 nobis
2916 4876 2930 4900 ,
2965 4844 3159 4889 testem
3214 4832 3642 4893 resurrectionis
3684 4827 3774 4893 ejus

2216 4928 2503 4982 nobiscum
2542 4927 2655 4981 ﬁeri
2689 4940 2861 4980 unum
2887 4942 2954 4980 ex
2992 4926 3134 4980 istis.
3170 4926 3249 4980 Et
3304 4933 3621 4982 statuerunt
3650 4920 3776 4976 duos,

2216 5017 2443 5087 Josepb,
2474 5021 2568 5088 qui
2599 5017 2899 5071 vocabatur
2937 5015 3237 5080 Barsabas,
3274 5018 3375 5086 qui
3408 5013 3780 5082 cognominatus

2219 5119 2304 5166 est
2332 5111 2545 5174 Justus.
2576 5121 2633 5165 et
2658 5109 2963 5163 Matthiam.
2988 5108 3054 5161 Et
3078 5117 3325 5164 orantes
3370 5112 3646 5163 dixerunt:
3698 5100 3781 5159 Tu.

2224 5205 2474 5262 Domine.
2504 5204 2597 5274 qui
2629 5202 2793 5259 corda
2836 5202 2975 5256 nosH
3004 5200 3292 5267 omnium,
3345 5204 3596 5263 ostende,
3650 5206 3781 5265 quem

2222 5297 2453 5367 elegeris
2482 5312 2545 5349 ex
2575 5297 2661 5350 his
2685 5295 2901 5351 duobus
2932 5309 3119 5359 unum,
3151 5294 3425 5364 accipere
3450 5294 3626 5349 locum
3654 5283 3781 5342 mini-

2218 5388 2374 5443 sterii
2401 5388 2563 5458 hujus
2613 5398 2666 5441 et
2740 5389 3097 5456 apostolatus,
3154 5386 3233 5440 de
3274 5402 3392 5456 quo
3437 5383 3782 5454 praevaricatus

2215 5490 2301 5535 est
2332 5479 2520 5545 Judas,
2558 5490 2617 5533 ut
2648 5480 2825 5534 abiret
2858 5479 2911 5533 in
2955 5479 3136 5533 locum
3187 5493 3391 5533 suum.
3422 5479 3489 5531 Et
3548 5473 3787 5531 dederunt

2215 5578 2390 5625 sortes
2415 5570 2516 5633 eis,
2550 5571 2839 5624 etcecidit
2866 5585 2988 5624 sors
3015 5583 3191 5637 super
3222 5568 3548 5623 Matthiam.
3568 5576 3620 5621 et
3638 5576 3789 5617 anno.

2219 5673 2460 5720 meratus
2487 5673 2569 5719 est
2605 5679 2728 5719 cum
2766 5663 3015 5719 undecim
3045 5663 3358 5727 apostolis.

2293 5753 2449 5827 [Cap.
2483 5753 2570 5829 IL]
2609 5756 2808 5813 Etcum
2843 5755 3269 5826 complerentur
3303 5757 3423 5813 dies
3451 5755 3783 5811 Pentecostcs,
