  <div class='ocr_page' id='page_1' title='image "/cluster/home/n/w/nwhite01/storage/ocr_20150623/29/hvd.32044096580519/378.png"; bbox 0 0 3920 6180; ppageno 0'>
   <div class='ocr_carea' id='block_1_1' title="bbox 290 299 391 359">
    <p class='ocr_par' dir='ltr' id='par_1_1' title="bbox 290 299 391 359">
     <span class='ocr_line' id='line_1_1' title="bbox 290 299 391 359; baseline 0 -1"><span class='ocrx_word' id='word_1_1' title='bbox 290 299 391 359; x_wconf 66' lang='grc' dir='ltr'><strong>7ἓέ</strong></span> 
     </span>
    </p>
   </div>
   <div class='ocr_carea' id='block_1_2' title="bbox 1467 315 2358 390">
    <p class='ocr_par' dir='ltr' id='par_1_2' title="bbox 1467 315 2358 390">
     <span class='ocr_line' id='line_1_2' title="bbox 1467 315 2358 390; baseline 0.015 -14"><span class='ocrx_word' id='word_1_2' title='bbox 1467 315 1697 380; x_wconf 75' lang='lat' dir='ltr'><strong>LIBER</strong></span> <span class='ocrx_word' id='word_1_3' title='bbox 1740 319 2057 384; x_wconf 84' lang='lat' dir='ltr'><strong>ACTUUM</strong></span> <span class='ocrx_word' id='word_1_4' title='bbox 2104 326 2358 390; x_wconf 76' lang='lat' dir='ltr'><strong>APOST.</strong></span> 
     </span>
    </p>
   </div>
   <div class='ocr_carea' id='block_1_3' title="bbox 3436 332 3547 394">
    <p class='ocr_par' dir='ltr' id='par_1_3' title="bbox 3436 332 3547 394">
     <span class='ocr_line' id='line_1_3' title="bbox 3436 332 3547 394; baseline 0.018 -2"><span class='ocrx_word' id='word_1_5' title='bbox 3436 332 3547 394; x_wconf 67' lang='lat'><strong>726‘</strong></span> 
     </span>
    </p>
   </div>
   <div class='ocr_carea' id='block_1_4' title="bbox 275 417 3545 512">
    <p class='ocr_par' dir='ltr' id='par_1_4' title="bbox 275 417 3545 512">
     <span class='ocr_line' id='line_1_4' title="bbox 275 417 3545 512; baseline 0.01 -46"><span class='ocrx_word' id='word_1_6' title='bbox 275 423 435 468; x_wconf 67' lang='lat' dir='ltr'><strong>erant</strong></span> <span class='ocrx_word' id='word_1_7' title='bbox 460 429 650 512; x_wconf 84' lang='lat' dir='ltr'><strong>omnes</strong></span> <span class='ocrx_word' id='word_1_8' title='bbox 681 417 887 512; x_wconf 87' lang='lat' dir='ltr'><strong>pariter</strong></span> <span class='ocrx_word' id='word_1_9' title='bbox 925 421 979 475; x_wconf 90' lang='lat' dir='ltr'><strong>in</strong></span> <span class='ocrx_word' id='word_1_10' title='bbox 1008 421 1202 477; x_wconf 87' lang='lat' dir='ltr'><strong>eodem</strong></span> <span class='ocrx_word' id='word_1_11' title='bbox 1245 427 1366 483; x_wconf 90' lang='lat' dir='ltr'><strong>loco</strong></span> <span class='ocrx_word' id='word_1_12' title='bbox 1390 447 1404 485; x_wconf 88' lang='lat'><strong>:</strong></span> <span class='ocrx_word' id='word_1_13' title='bbox 1431 442 1484 484; x_wconf 92' lang='lat' dir='ltr'><strong>et</strong></span> <span class='ocrx_word' id='word_1_14' title='bbox 1542 433 1716 488; x_wconf 80' lang='lat' dir='ltr'><strong>factus</strong></span> <span class='ocrx_word' id='word_1_15' title='bbox 1772 444 1855 490; x_wconf 92' lang='lat' dir='ltr'><strong>est</strong></span> <span class='ocrx_word' id='word_1_16' title='bbox 1885 439 1932 497; x_wconf 78' lang='grc' dir='ltr'>Α</span> <span class='ocrx_word' id='word_1_17' title='bbox 1961 439 2103 494; x_wconf 92' lang='lat' dir='ltr'><strong>niam</strong></span> <span class='ocrx_word' id='word_1_18' title='bbox 2137 440 2428 496; x_wconf 83' lang='lat' dir='ltr'><strong>defunctus</strong></span> <span class='ocrx_word' id='word_1_19' title='bbox 2463 449 2547 496; x_wconf 89' lang='lat' dir='ltr'><strong>est</strong></span> <span class='ocrx_word' id='word_1_20' title='bbox 2601 450 2656 496; x_wconf 90' lang='lat' dir='ltr'><strong>et</strong></span> <span class='ocrx_word' id='word_1_21' title='bbox 2689 442 2959 509; x_wconf 86' lang='lat' dir='ltr'><strong>sepultus,</strong></span> <span class='ocrx_word' id='word_1_22' title='bbox 2986 452 3036 497; x_wconf 87' lang='lat' dir='ltr'><strong>et</strong></span> <span class='ocrx_word' id='word_1_23' title='bbox 3068 443 3375 511; x_wconf 76' lang='lat' dir='ltr'><strong>sepulcrum</strong></span> <span class='ocrx_word' id='word_1_24' title='bbox 3410 446 3545 512; x_wconf 85' lang='lat' dir='ltr'><strong>eius-</strong></span> 
     </span>
    </p>
   </div>
   <div class='ocr_carea' id='block_1_5' title="bbox 277 510 1861 594">
    <p class='ocr_par' dir='ltr' id='par_1_5' title="bbox 277 510 1861 594">
     <span class='ocr_line' id='line_1_5' title="bbox 277 510 1861 594; baseline 0.014 -35"><span class='ocrx_word' id='word_1_25' title='bbox 277 522 501 575; x_wconf 80' lang='lat' dir='ltr'><strong>repente</strong></span> <span class='ocrx_word' id='word_1_26' title='bbox 536 510 600 561; x_wconf 89' lang='lat' dir='ltr'><strong>de</strong></span> <span class='ocrx_word' id='word_1_27' title='bbox 624 511 765 565; x_wconf 87' lang='lat' dir='ltr'><strong>coelo</strong></span> <span class='ocrx_word' id='word_1_28' title='bbox 803 525 993 577; x_wconf 89' lang='lat' dir='ltr'><strong>sonus,</strong></span> <span class='ocrx_word' id='word_1_29' title='bbox 1046 524 1302 586; x_wconf 85' lang='lat' dir='ltr'><strong>tanquam</strong></span> <span class='ocrx_word' id='word_1_30' title='bbox 1366 521 1711 580; x_wconf 74' lang='lat' dir='ltr'><strong>advenientis</strong></span> <span class='ocrx_word' id='word_1_31' title='bbox 1751 527 1861 594; x_wconf 89' lang='lat' dir='ltr'><strong>spi-</strong></span> 
     </span>
    </p>
   </div>
   <div class='ocr_carea' id='block_1_6' title="bbox 273 598 1864 682">
    <p class='ocr_par' dir='ltr' id='par_1_6' title="bbox 273 598 1864 682">
     <span class='ocr_line' id='line_1_6' title="bbox 273 598 1864 682; baseline 0.017 -35"><span class='ocrx_word' id='word_1_32' title='bbox 273 598 417 649; x_wconf 87' lang='lat' dir='ltr'><strong>ritus</strong></span> <span class='ocrx_word' id='word_1_33' title='bbox 449 599 812 667; x_wconf 74' lang='lat' dir='ltr'><strong>vehementis,</strong></span> <span class='ocrx_word' id='word_1_34' title='bbox 860 613 915 656; x_wconf 91' lang='lat' dir='ltr'><strong>et</strong></span> <span class='ocrx_word' id='word_1_35' title='bbox 976 605 1212 673; x_wconf 79' lang='lat' dir='ltr'><strong>replevit</strong></span> <span class='ocrx_word' id='word_1_36' title='bbox 1257 619 1421 665; x_wconf 88' lang='lat' dir='ltr'><strong>totam</strong></span> <span class='ocrx_word' id='word_1_37' title='bbox 1462 613 1707 682; x_wconf 91' lang='lat' dir='ltr'><strong>domum,</strong></span> <span class='ocrx_word' id='word_1_38' title='bbox 1769 618 1864 673; x_wconf 90' lang='lat' dir='ltr'><strong>ubi</strong></span> 
     </span>
    </p>
   </div>
   <div class='ocr_carea' id='block_1_7' title="bbox 270 691 1865 779">
    <p class='ocr_par' dir='ltr' id='par_1_7' title="bbox 270 691 1865 779">
     <span class='ocr_line' id='line_1_7' title="bbox 270 691 1865 779; baseline 0.016 -37"><span class='ocrx_word' id='word_1_39' title='bbox 270 699 389 743; x_wconf 86' lang='lat' dir='ltr'><strong>erat</strong></span> <span class='ocrx_word' id='word_1_40' title='bbox 425 691 695 747; x_wconf 80' lang='lat' dir='ltr'><strong>sedentes.</strong></span> <span class='ocrx_word' id='word_1_41' title='bbox 719 695 783 749; x_wconf 84' lang='lat' dir='ltr'><strong>Et</strong></span> <span class='ocrx_word' id='word_1_42' title='bbox 812 710 1183 765; x_wconf 85' lang='lat' dir='ltr'><strong>apparuerunt</strong></span> <span class='ocrx_word' id='word_1_43' title='bbox 1217 703 1323 759; x_wconf 83' lang='lat' dir='ltr'><strong>illis</strong></span> <span class='ocrx_word' id='word_1_44' title='bbox 1346 705 1644 778; x_wconf 71' lang='lat' dir='ltr'><strong>dispertita:</strong></span> <span class='ocrx_word' id='word_1_45' title='bbox 1668 710 1865 779; x_wconf 74' lang='lat' dir='ltr'><strong>lingua:</strong></span> 
     </span>
    </p>
   </div>
   <div class='ocr_carea' id='block_1_8' title="bbox 273 785 1862 867">
    <p class='ocr_par' dir='ltr' id='par_1_8' title="bbox 273 785 1862 867">
     <span class='ocr_line' id='line_1_8' title="bbox 273 785 1862 867; baseline 0.017 -34"><span class='ocrx_word' id='word_1_46' title='bbox 273 790 535 849; x_wconf 84' lang='lat' dir='ltr'><strong>tnquam</strong></span> <span class='ocrx_word' id='word_1_47' title='bbox 592 785 753 851; x_wconf 71' lang='lat' dir='ltr'><strong>ignis,</strong></span> <span class='ocrx_word' id='word_1_48' title='bbox 797 789 1049 858; x_wconf 88' lang='lat' dir='ltr'><strong>seditque</strong></span> <span class='ocrx_word' id='word_1_49' title='bbox 1098 808 1263 863; x_wconf 82' lang='lat' dir='ltr'><strong>supra</strong></span> <span class='ocrx_word' id='word_1_50' title='bbox 1314 797 1561 867; x_wconf 83' lang='lat' dir='ltr'><strong>singulos</strong></span> <span class='ocrx_word' id='word_1_51' title='bbox 1625 818 1862 860; x_wconf 84' lang='lat' dir='ltr'><strong>eorum:</strong></span> 
     </span>
    </p>
   </div>
   <div class='ocr_carea' id='block_1_9' title="bbox 269 875 1863 962">
    <p class='ocr_par' dir='ltr' id='par_1_9' title="bbox 269 875 1863 962">
     <span class='ocr_line' id='line_1_9' title="bbox 269 875 1863 962; baseline 0.017 -38"><span class='ocrx_word' id='word_1_52' title='bbox 269 882 325 924; x_wconf 89' lang='lat' dir='ltr'><strong>et</strong></span> <span class='ocrx_word' id='word_1_53' title='bbox 361 875 554 939; x_wconf 75' lang='lat' dir='ltr'><strong>repleti</strong></span> <span class='ocrx_word' id='word_1_54' title='bbox 579 889 706 929; x_wconf 90' lang='lat' dir='ltr'><strong>sunt</strong></span> <span class='ocrx_word' id='word_1_55' title='bbox 739 894 931 934; x_wconf 84' lang='lat' dir='ltr'><strong>omnes</strong></span> <span class='ocrx_word' id='word_1_56' title='bbox 973 881 1181 949; x_wconf 90' lang='lat' dir='ltr'><strong>Spiritu</strong></span> <span class='ocrx_word' id='word_1_57' title='bbox 1216 901 1427 954; x_wconf 89' lang='lat' dir='ltr'><strong>sancto,</strong></span> <span class='ocrx_word' id='word_1_58' title='bbox 1481 902 1536 946; x_wconf 90' lang='lat' dir='ltr'><strong>et</strong></span> <span class='ocrx_word' id='word_1_59' title='bbox 1578 906 1863 962; x_wconf 79' lang='lat' dir='ltr'><strong>cceperunt</strong></span> 
     </span>
    </p>
   </div>
   <div class='ocr_carea' id='block_1_10' title="bbox 284 965 1865 1046">
    <p class='ocr_par' dir='ltr' id='par_1_10' title="bbox 284 965 1865 1046">
     <span class='ocr_line' id='line_1_10' title="bbox 284 965 1865 1046; baseline 0.016 -29"><span class='ocrx_word' id='word_1_60' title='bbox 284 965 440 1032; x_wconf 81' lang='lat' dir='ltr'><strong>loqui</strong></span> <span class='ocrx_word' id='word_1_61' title='bbox 477 969 639 1021; x_wconf 85' lang='lat' dir='ltr'><strong>variis</strong></span> <span class='ocrx_word' id='word_1_62' title='bbox 669 972 889 1041; x_wconf 84' lang='lat' dir='ltr'><strong>linguis,</strong></span> <span class='ocrx_word' id='word_1_63' title='bbox 933 986 1097 1042; x_wconf 81' lang='lat' dir='ltr'><strong>prout</strong></span> <span class='ocrx_word' id='word_1_64' title='bbox 1153 977 1390 1046; x_wconf 88' lang='lat' dir='ltr'><strong>Spiritus</strong></span> <span class='ocrx_word' id='word_1_65' title='bbox 1423 995 1647 1040; x_wconf 87' lang='lat' dir='ltr'><strong>sanctus</strong></span> <span class='ocrx_word' id='word_1_66' title='bbox 1702 989 1865 1045; x_wconf 80' lang='lat' dir='ltr'><strong>dabat</strong></span> 
     </span>
    </p>
   </div>
   <div class='ocr_carea' id='block_1_11' title="bbox 270 1055 1864 1135">
    <p class='ocr_par' dir='ltr' id='par_1_11' title="bbox 270 1055 1864 1135">
     <span class='ocr_line' id='line_1_11' title="bbox 270 1055 1864 1135; baseline 0.018 -28"><span class='ocrx_word' id='word_1_67' title='bbox 270 1055 454 1124; x_wconf 89' lang='lat' dir='ltr'><strong>eloqui</strong></span> <span class='ocrx_word' id='word_1_68' title='bbox 506 1059 630 1114; x_wconf 86' lang='lat' dir='ltr'><strong>illis.</strong></span> <span class='ocrx_word' id='word_1_69' title='bbox 668 1062 837 1117; x_wconf 83' lang='lat' dir='ltr'><strong>Erant</strong></span> <span class='ocrx_word' id='word_1_70' title='bbox 868 1077 1048 1120; x_wconf 85' lang='lat' dir='ltr'><strong>autem</strong></span> <span class='ocrx_word' id='word_1_71' title='bbox 1084 1069 1140 1123; x_wconf 93' lang='lat' dir='ltr'><strong>in</strong></span> <span class='ocrx_word' id='word_1_72' title='bbox 1196 1070 1498 1128; x_wconf 76' lang='lat' dir='ltr'><strong>Jerusalem</strong></span> <span class='ocrx_word' id='word_1_73' title='bbox 1545 1077 1864 1135; x_wconf 79' lang='lat' dir='ltr'><strong>habitantes</strong></span> 
     </span>
    </p>
   </div>
   <div class='ocr_carea' id='block_1_12' title="bbox 272 1144 1864 1233">
    <p class='ocr_par' dir='ltr' id='par_1_12' title="bbox 272 1144 1864 1233">
     <span class='ocr_line' id='line_1_12' title="bbox 272 1144 1864 1233; baseline 0.017 -36"><span class='ocrx_word' id='word_1_74' title='bbox 272 1144 474 1212; x_wconf 67' lang='lat' dir='ltr'><strong>Judaei,</strong></span> <span class='ocrx_word' id='word_1_75' title='bbox 524 1150 624 1203; x_wconf 88' lang='lat' dir='ltr'><strong>viri</strong></span> <span class='ocrx_word' id='word_1_76' title='bbox 670 1155 907 1223; x_wconf 79' lang='lat' dir='ltr'><strong>religiosi</strong></span> <span class='ocrx_word' id='word_1_77' title='bbox 939 1172 1008 1212; x_wconf 81' lang='lat' dir='ltr'><strong>ex</strong></span> <span class='ocrx_word' id='word_1_78' title='bbox 1030 1163 1179 1215; x_wconf 89' lang='lat' dir='ltr'><strong>omni</strong></span> <span class='ocrx_word' id='word_1_79' title='bbox 1214 1162 1432 1217; x_wconf 85' lang='lat' dir='ltr'><strong>natione</strong></span> <span class='ocrx_word' id='word_1_80' title='bbox 1454 1181 1573 1233; x_wconf 67' lang='lat' dir='ltr'><strong>qua:</strong></span> <span class='ocrx_word' id='word_1_81' title='bbox 1593 1169 1696 1223; x_wconf 86' lang='lat' dir='ltr'><strong>sub</strong></span> <span class='ocrx_word' id='word_1_82' title='bbox 1724 1171 1864 1224; x_wconf 82' lang='lat' dir='ltr'><strong>cu-Io</strong></span> 
     </span>
    </p>
   </div>
   <div class='ocr_carea' id='block_1_13' title="bbox 272 1240 1865 1327">
    <p class='ocr_par' dir='ltr' id='par_1_13' title="bbox 272 1240 1865 1327">
     <span class='ocr_line' id='line_1_13' title="bbox 272 1240 1865 1327; baseline 0.014 -36"><span class='ocrx_word' id='word_1_83' title='bbox 272 1249 376 1292; x_wconf 87' lang='lat' dir='ltr'><strong>est.</strong></span> <span class='ocrx_word' id='word_1_84' title='bbox 413 1240 574 1295; x_wconf 86' lang='lat' dir='ltr'><strong>Facta</strong></span> <span class='ocrx_word' id='word_1_85' title='bbox 610 1252 791 1297; x_wconf 87' lang='lat' dir='ltr'><strong>autem</strong></span> <span class='ocrx_word' id='word_1_86' title='bbox 819 1248 919 1301; x_wconf 88' lang='lat' dir='ltr'><strong>hac</strong></span> <span class='ocrx_word' id='word_1_87' title='bbox 968 1265 1124 1314; x_wconf 89' lang='lat' dir='ltr'><strong>voce,</strong></span> <span class='ocrx_word' id='word_1_88' title='bbox 1157 1255 1413 1309; x_wconf 82' lang='lat' dir='ltr'><strong>convenit</strong></span> <span class='ocrx_word' id='word_1_89' title='bbox 1443 1257 1757 1327; x_wconf 83' lang='lat' dir='ltr'><strong>multitudo,</strong></span> <span class='ocrx_word' id='word_1_90' title='bbox 1809 1270 1865 1315; x_wconf 88' lang='lat' dir='ltr'><strong>et</strong></span> 
     </span>
    </p>
   </div>
   <div class='ocr_carea' id='block_1_14' title="bbox 270 1334 1863 1422">
    <p class='ocr_par' dir='ltr' id='par_1_14' title="bbox 270 1334 1863 1422">
     <span class='ocr_line' id='line_1_14' title="bbox 270 1334 1863 1422; baseline 0.016 -40"><span class='ocrx_word' id='word_1_91' title='bbox 270 1341 457 1384; x_wconf 85' lang='lat' dir='ltr'><strong>mente</strong></span> <span class='ocrx_word' id='word_1_92' title='bbox 478 1334 708 1390; x_wconf 82' lang='lat' dir='ltr'><strong>confusa</strong></span> <span class='ocrx_word' id='word_1_93' title='bbox 744 1347 849 1398; x_wconf 88' lang='lat' dir='ltr'><strong>est,</strong></span> <span class='ocrx_word' id='word_1_94' title='bbox 883 1342 1140 1407; x_wconf 89' lang='lat' dir='ltr'><strong>quoniam</strong></span> <span class='ocrx_word' id='word_1_95' title='bbox 1202 1344 1459 1401; x_wconf 81' lang='lat' dir='ltr'><strong>audiebat</strong></span> <span class='ocrx_word' id='word_1_96' title='bbox 1486 1352 1863 1422; x_wconf 81' lang='lat' dir='ltr'><strong>unusquisque</strong></span> 
     </span>
    </p>
   </div>
   <div class='ocr_carea' id='block_1_15' title="bbox 270 1418 1860 1501">
    <p class='ocr_par' dir='ltr' id='par_1_15' title="bbox 270 1418 1860 1501">
     <span class='ocr_line' id='line_1_15' title="bbox 270 1418 1860 1501; baseline 0.016 -30"><span class='ocrx_word' id='word_1_97' title='bbox 270 1418 458 1487; x_wconf 57' lang='lat' dir='ltr'><strong>lingua</strong></span> <span class='ocrx_word' id='word_1_98' title='bbox 482 1438 577 1475; x_wconf 90' lang='lat' dir='ltr'><strong>sua</strong></span> <span class='ocrx_word' id='word_1_99' title='bbox 598 1425 722 1479; x_wconf 87' lang='lat' dir='ltr'><strong>illos</strong></span> <span class='ocrx_word' id='word_1_100' title='bbox 749 1427 1058 1495; x_wconf 84' lang='lat' dir='ltr'><strong>loquentes.</strong></span> <span class='ocrx_word' id='word_1_101' title='bbox 1090 1432 1392 1501; x_wconf 87' lang='lat' dir='ltr'><strong>Stupebant</strong></span> <span class='ocrx_word' id='word_1_102' title='bbox 1434 1448 1616 1491; x_wconf 90' lang='lat' dir='ltr'><strong>autem</strong></span> <span class='ocrx_word' id='word_1_103' title='bbox 1648 1418 1860 1496; x_wconf 69' lang='lat' dir='ltr'><strong>omnes.</strong></span> 
     </span>
    </p>
   </div>
   <div class='ocr_carea' id='block_1_16' title="bbox 269 1510 1861 1587">
    <p class='ocr_par' dir='ltr' id='par_1_16' title="bbox 269 1510 1861 1587">
     <span class='ocr_line' id='line_1_16' title="bbox 269 1510 1861 1587; baseline 0.014 -24"><span class='ocrx_word' id='word_1_104' title='bbox 269 1522 327 1563; x_wconf 88' lang='lat' dir='ltr'><strong>et</strong></span> <span class='ocrx_word' id='word_1_105' title='bbox 353 1510 721 1576; x_wconf 82' lang='lat' dir='ltr'><strong>mirabantur,</strong></span> <span class='ocrx_word' id='word_1_106' title='bbox 752 1516 997 1572; x_wconf 85' lang='lat' dir='ltr'><strong>dicentes</strong></span> <span class='ocrx_word' id='word_1_107' title='bbox 1033 1533 1046 1573; x_wconf 88' lang='lat'>:</span> <span class='ocrx_word' id='word_1_108' title='bbox 1091 1519 1283 1576; x_wconf 86' lang='lat' dir='ltr'><strong>Nonne</strong></span> <span class='ocrx_word' id='word_1_109' title='bbox 1341 1540 1469 1580; x_wconf 90' lang='lat' dir='ltr'><strong>ecce</strong></span> <span class='ocrx_word' id='word_1_110' title='bbox 1510 1542 1702 1584; x_wconf 86' lang='lat' dir='ltr'><strong>omnes</strong></span> <span class='ocrx_word' id='word_1_111' title='bbox 1752 1531 1861 1587; x_wconf 57' lang='lat' dir='ltr'><strong>isti:</strong></span> 
     </span>
    </p>
   </div>
   <div class='ocr_carea' id='block_1_17' title="bbox 267 1602 1865 1685">
    <p class='ocr_par' dir='ltr' id='par_1_17' title="bbox 267 1602 1865 1685">
     <span class='ocr_line' id='line_1_17' title="bbox 267 1602 1865 1685; baseline 0.016 -33"><span class='ocrx_word' id='word_1_112' title='bbox 267 1602 364 1669; x_wconf 86' lang='lat' dir='ltr'><strong>qui</strong></span> <span class='ocrx_word' id='word_1_113' title='bbox 391 1602 708 1671; x_wconf 89' lang='lat' dir='ltr'><strong>loquuntur,</strong></span> <span class='ocrx_word' id='word_1_114' title='bbox 746 1604 950 1662; x_wconf 72' lang='lat' dir='ltr'><strong>Galilazi</strong></span> <span class='ocrx_word' id='word_1_115' title='bbox 982 1621 1130 1678; x_wconf 90' lang='lat' dir='ltr'><strong>sunt,</strong></span> <span class='ocrx_word' id='word_1_116' title='bbox 1170 1623 1224 1667; x_wconf 88' lang='lat' dir='ltr'><strong>ct</strong></span> <span class='ocrx_word' id='word_1_117' title='bbox 1262 1618 1536 1685; x_wconf 90' lang='lat' dir='ltr'><strong>quomodo</strong></span> <span class='ocrx_word' id='word_1_118' title='bbox 1564 1636 1663 1677; x_wconf 91' lang='lat' dir='ltr'><strong>nos</strong></span> <span class='ocrx_word' id='word_1_119' title='bbox 1712 1623 1865 1677; x_wconf 87' lang='lat' dir='ltr'><strong>audi-</strong></span> 
     </span>
    </p>
   </div>
   <div class='ocr_carea' id='block_1_18' title="bbox 270 1697 1855 1783">
    <p class='ocr_par' dir='ltr' id='par_1_18' title="bbox 270 1697 1855 1783">
     <span class='ocr_line' id='line_1_18' title="bbox 270 1697 1855 1783; baseline 0.015 -35"><span class='ocrx_word' id='word_1_120' title='bbox 270 1697 455 1750; x_wconf 85' lang='lat' dir='ltr'><strong>vimus</strong></span> <span class='ocrx_word' id='word_1_121' title='bbox 478 1700 857 1770; x_wconf 90' lang='lat' dir='ltr'><strong>unusquisque</strong></span> <span class='ocrx_word' id='word_1_122' title='bbox 894 1701 1130 1772; x_wconf 80' lang='lat' dir='ltr'><strong>linguam</strong></span> <span class='ocrx_word' id='word_1_123' title='bbox 1171 1715 1436 1775; x_wconf 87' lang='lat' dir='ltr'><strong>nostram,</strong></span> <span class='ocrx_word' id='word_1_124' title='bbox 1470 1710 1527 1766; x_wconf 90' lang='lat' dir='ltr'><strong>in</strong></span> <span class='ocrx_word' id='word_1_125' title='bbox 1583 1729 1689 1783; x_wconf 88' lang='lat' dir='ltr'><strong>qua</strong></span> <span class='ocrx_word' id='word_1_126' title='bbox 1738 1717 1855 1771; x_wconf 92' lang='lat' dir='ltr'><strong>nati</strong></span> 
     </span>
    </p>
   </div>
   <div class='ocr_carea' id='block_1_19' title="bbox 267 1777 1931 1874">
    <p class='ocr_par' dir='ltr' id='par_1_19' title="bbox 267 1777 1931 1874">
     <span class='ocr_line' id='line_1_19' title="bbox 267 1777 1931 1874; baseline 0.014 -34"><span class='ocrx_word' id='word_1_127' title='bbox 267 1788 746 1857; x_wconf 84' lang='lat' dir='ltr'><strong>sumus?Parllti,</strong></span> <span class='ocrx_word' id='word_1_128' title='bbox 785 1802 843 1847; x_wconf 86' lang='lat' dir='ltr'><strong>et</strong></span> <span class='ocrx_word' id='word_1_129' title='bbox 884 1791 1045 1855; x_wconf 86' lang='lat' dir='ltr'><strong>Medi.</strong></span> <span class='ocrx_word' id='word_1_130' title='bbox 1088 1806 1144 1850; x_wconf 77' lang='lat' dir='ltr'><strong>et</strong></span> <span class='ocrx_word' id='word_1_131' title='bbox 1170 1796 1462 1865; x_wconf 67' lang='grc' dir='ltr'><strong>Αῖιιειηίιεε.</strong></span> <span class='ocrx_word' id='word_1_132' title='bbox 1514 1816 1567 1857; x_wconf 80' lang='grc' dir='ltr'><strong>ει</strong></span> <span class='ocrx_word' id='word_1_133' title='bbox 1600 1777 1701 1874; x_wconf 75' lang='lat' dir='ltr'><strong>qui</strong></span> <span class='ocrx_word' id='word_1_134' title='bbox 1756 1807 1854 1862; x_wconf 87' lang='lat' dir='ltr'><strong>ha-</strong></span> <span class='ocrx_word' id='word_1_135' title='bbox 1891 1777 1931 1831; x_wconf 78' lang='grc'><strong>³</strong></span> 
     </span>
    </p>
   </div>
   <div class='ocr_carea' id='block_1_20' title="bbox 267 1877 1848 1965">
    <p class='ocr_par' dir='ltr' id='par_1_20' title="bbox 267 1877 1848 1965">
     <span class='ocr_line' id='line_1_20' title="bbox 267 1877 1848 1965; baseline 0.013 -34"><span class='ocrx_word' id='word_1_136' title='bbox 267 1878 451 1931; x_wconf 88' lang='lat' dir='ltr'><strong>bitant</strong></span> <span class='ocrx_word' id='word_1_137' title='bbox 476 1877 939 1951; x_wconf 77' lang='lat' dir='ltr'><strong>Mesopotamiam,</strong></span> <span class='ocrx_word' id='word_1_138' title='bbox 1014 1884 1259 1942; x_wconf 78' lang='lat' dir='ltr'><strong>Judaeam</strong></span> <span class='ocrx_word' id='word_1_139' title='bbox 1318 1900 1372 1945; x_wconf 90' lang='lat' dir='ltr'><strong>et</strong></span> <span class='ocrx_word' id='word_1_140' title='bbox 1425 1892 1848 1965; x_wconf 79' lang='lat' dir='ltr'><strong>Cappadociam,</strong></span> 
     </span>
    </p>
   </div>
   <div class='ocr_carea' id='block_1_21' title="bbox 270 1969 1853 2057">
    <p class='ocr_par' dir='ltr' id='par_1_21' title="bbox 270 1969 1853 2057">
     <span class='ocr_line' id='line_1_21' title="bbox 270 1969 1853 2057; baseline 0.014 -34"><span class='ocrx_word' id='word_1_141' title='bbox 270 1969 508 2024; x_wconf 80' lang='lat' dir='ltr'><strong>Pontum</strong></span> <span class='ocrx_word' id='word_1_142' title='bbox 564 1981 621 2028; x_wconf 85' lang='lat' dir='ltr'><strong>et</strong></span> <span class='ocrx_word' id='word_1_143' title='bbox 656 1972 868 2039; x_wconf 80' lang='lat' dir='ltr'><strong>Asiam,</strong></span> <span class='ocrx_word' id='word_1_144' title='bbox 907 1976 1199 2048; x_wconf 78' lang='lat' dir='ltr'><strong>Phrygiam</strong></span> <span class='ocrx_word' id='word_1_145' title='bbox 1248 1992 1301 2035; x_wconf 90' lang='lat' dir='ltr'><strong>et</strong></span> <span class='ocrx_word' id='word_1_146' title='bbox 1332 1981 1726 2057; x_wconf 84' lang='lat' dir='ltr'><strong>Pamphyliam,</strong></span> <span class='ocrx_word' id='word_1_147' title='bbox 1759 1987 1853 2045; x_wconf 68' lang='lat'><strong>£-</strong></span> 
     </span>
    </p>
   </div>
   <div class='ocr_carea' id='block_1_22' title="bbox 268 2067 1849 2151">
    <p class='ocr_par' dir='ltr' id='par_1_22' title="bbox 268 2067 1849 2151">
     <span class='ocr_line' id='line_1_22' title="bbox 268 2067 1849 2151; baseline 0.013 -35"><span class='ocrx_word' id='word_1_148' title='bbox 268 2072 519 2134; x_wconf 81' lang='lat' dir='ltr'><strong>gyptum,</strong></span> <span class='ocrx_word' id='word_1_149' title='bbox 558 2074 610 2119; x_wconf 91' lang='lat' dir='ltr'><strong>et</strong></span> <span class='ocrx_word' id='word_1_150' title='bbox 638 2076 821 2134; x_wconf 91' lang='lat' dir='ltr'><strong>partes</strong></span> <span class='ocrx_word' id='word_1_151' title='bbox 846 2067 1049 2138; x_wconf 70' lang='lat' dir='ltr'><strong>Libyae,</strong></span> <span class='ocrx_word' id='word_1_152' title='bbox 1105 2087 1228 2143; x_wconf 80' lang='lat' dir='ltr'><strong>quae</strong></span> <span class='ocrx_word' id='word_1_153' title='bbox 1259 2086 1343 2130; x_wconf 89' lang='lat' dir='ltr'><strong>est</strong></span> <span class='ocrx_word' id='word_1_154' title='bbox 1382 2076 1524 2133; x_wconf 91' lang='lat' dir='ltr'><strong>circa</strong></span> <span class='ocrx_word' id='word_1_155' title='bbox 1577 2080 1849 2151; x_wconf 77' lang='lat' dir='ltr'><strong>Cyrenen,</strong></span> 
     </span>
    </p>
   </div>
   <div class='ocr_carea' id='block_1_23' title="bbox 272 2158 1848 2246">
    <p class='ocr_par' dir='ltr' id='par_1_23' title="bbox 272 2158 1848 2246">
     <span class='ocr_line' id='line_1_23' title="bbox 272 2158 1848 2246; baseline 0.01 -35"><span class='ocrx_word' id='word_1_156' title='bbox 272 2170 332 2211; x_wconf 88' lang='lat' dir='ltr'><strong>et</strong></span> <span class='ocrx_word' id='word_1_157' title='bbox 361 2159 588 2212; x_wconf 67' lang='lat' dir='ltr'><strong>advenae</strong></span> <span class='ocrx_word' id='word_1_158' title='bbox 638 2158 891 2226; x_wconf 74' lang='lat' dir='ltr'><strong>Romani,</strong></span> <span class='ocrx_word' id='word_1_159' title='bbox 937 2160 1109 2217; x_wconf 59' lang='lat' dir='ltr'><strong>Judaei</strong></span> <span class='ocrx_word' id='word_1_160' title='bbox 1168 2181 1408 2236; x_wconf 90' lang='lat' dir='ltr'><strong>quoque,</strong></span> <span class='ocrx_word' id='word_1_161' title='bbox 1465 2182 1520 2225; x_wconf 88' lang='lat' dir='ltr'><strong>et</strong></span> <span class='ocrx_word' id='word_1_162' title='bbox 1565 2174 1848 2246; x_wconf 83' lang='lat' dir='ltr'><strong>proselyti,</strong></span> 
     </span>
    </p>
   </div>
   <div class='ocr_carea' id='block_1_24' title="bbox 269 2246 1851 2331">
    <p class='ocr_par' dir='ltr' id='par_1_24' title="bbox 269 2246 1851 2331">
     <span class='ocr_line' id='line_1_24' title="bbox 269 2246 1851 2331; baseline 0.015 -30"><span class='ocrx_word' id='word_1_163' title='bbox 269 2246 466 2305; x_wconf 78' lang='lat' dir='ltr'><strong>Cretes</strong></span> <span class='ocrx_word' id='word_1_164' title='bbox 531 2259 587 2305; x_wconf 91' lang='lat' dir='ltr'><strong>et</strong></span> <span class='ocrx_word' id='word_1_165' title='bbox 618 2251 826 2307; x_wconf 82' lang='lat' dir='ltr'><strong>Arabes</strong></span> <span class='ocrx_word' id='word_1_166' title='bbox 848 2270 861 2306; x_wconf 89' lang='lat'><strong>:</strong></span> <span class='ocrx_word' id='word_1_167' title='bbox 882 2254 1191 2312; x_wconf 81' lang='lat' dir='ltr'><strong>audivimus</strong></span> <span class='ocrx_word' id='word_1_168' title='bbox 1216 2274 1309 2313; x_wconf 89' lang='lat' dir='ltr'><strong>eos</strong></span> <span class='ocrx_word' id='word_1_169' title='bbox 1340 2260 1622 2331; x_wconf 72' lang='lat' dir='ltr'><strong>loquentes</strong></span> <span class='ocrx_word' id='word_1_170' title='bbox 1647 2268 1851 2324; x_wconf 75' lang='lat' dir='ltr'><strong>nostris</strong></span> 
     </span>
    </p>
   </div>
   <div class='ocr_carea' id='block_1_25' title="bbox 266 2340 1850 2419">
    <p class='ocr_par' dir='ltr' id='par_1_25' title="bbox 266 2340 1850 2419">
     <span class='ocr_line' id='line_1_25' title="bbox 266 2340 1850 2419; baseline 0.013 -26"><span class='ocrx_word' id='word_1_171' title='bbox 266 2340 477 2411; x_wconf 77' lang='lat' dir='ltr'><strong>linguis</strong></span> <span class='ocrx_word' id='word_1_172' title='bbox 511 2344 778 2412; x_wconf 89' lang='lat' dir='ltr'><strong>magnalia</strong></span> <span class='ocrx_word' id='word_1_173' title='bbox 810 2345 926 2400; x_wconf 91' lang='lat' dir='ltr'><strong>Dei.</strong></span> <span class='ocrx_word' id='word_1_174' title='bbox 966 2347 1267 2419; x_wconf 86' lang='lat' dir='ltr'><strong>Stupebant</strong></span> <span class='ocrx_word' id='word_1_175' title='bbox 1300 2365 1482 2410; x_wconf 89' lang='lat' dir='ltr'><strong>autem</strong></span> <span class='ocrx_word' id='word_1_176' title='bbox 1542 2371 1747 2413; x_wconf 55' lang='lat' dir='ltr'><strong>omnes.</strong></span> <span class='ocrx_word' id='word_1_177' title='bbox 1797 2367 1850 2414; x_wconf 92' lang='lat' dir='ltr'><strong>et</strong></span> 
     </span>
    </p>
   </div>
   <div class='ocr_carea' id='block_1_26' title="bbox 269 2434 1850 2510">
    <p class='ocr_par' dir='ltr' id='par_1_26' title="bbox 269 2434 1850 2510">
     <span class='ocr_line' id='line_1_26' title="bbox 269 2434 1850 2510; baseline 0.015 -26"><span class='ocrx_word' id='word_1_178' title='bbox 269 2434 615 2487; x_wconf 81' lang='lat' dir='ltr'><strong>mirabantur</strong></span> <span class='ocrx_word' id='word_1_179' title='bbox 638 2435 704 2489; x_wconf 88' lang='lat' dir='ltr'><strong>ad</strong></span> <span class='ocrx_word' id='word_1_180' title='bbox 737 2436 970 2493; x_wconf 84' lang='lat' dir='ltr'><strong>invicem</strong></span> <span class='ocrx_word' id='word_1_181' title='bbox 992 2439 1237 2495; x_wconf 83' lang='lat' dir='ltr'><strong>dicentes</strong></span> <span class='ocrx_word' id='word_1_182' title='bbox 1272 2461 1287 2503; x_wconf 83' lang='lat'><strong>;</strong></span> <span class='ocrx_word' id='word_1_183' title='bbox 1313 2444 1582 2510; x_wconf 86' lang='lat' dir='ltr'><strong>Quidnam</strong></span> <span class='ocrx_word' id='word_1_184' title='bbox 1607 2451 1722 2505; x_wconf 86' lang='lat' dir='ltr'><strong>vult</strong></span> <span class='ocrx_word' id='word_1_185' title='bbox 1744 2450 1850 2507; x_wconf 90' lang='lat' dir='ltr'><strong>hoc</strong></span> 
     </span>
    </p>
   </div>
   <div class='ocr_carea' id='block_1_27' title="bbox 265 2526 1863 2608">
    <p class='ocr_par' dir='ltr' id='par_1_27' title="bbox 265 2526 1863 2608">
     <span class='ocr_line' id='line_1_27' title="bbox 265 2526 1863 2608; baseline 0.014 -30"><span class='ocrx_word' id='word_1_186' title='bbox 265 2526 445 2578; x_wconf 81' lang='lat' dir='ltr'><strong>esse?</strong></span> <span class='ocrx_word' id='word_1_187' title='bbox 477 2526 578 2581; x_wconf 87' lang='lat' dir='ltr'><strong>Alii</strong></span> <span class='ocrx_word' id='word_1_188' title='bbox 617 2538 796 2582; x_wconf 88' lang='lat' dir='ltr'><strong>autem</strong></span> <span class='ocrx_word' id='word_1_189' title='bbox 839 2530 1132 2588; x_wconf 89' lang='lat' dir='ltr'><strong>irridentes</strong></span> <span class='ocrx_word' id='word_1_190' title='bbox 1153 2534 1409 2591; x_wconf 73' lang='lat' dir='ltr'><strong>dieebant</strong></span> <span class='ocrx_word' id='word_1_191' title='bbox 1450 2551 1465 2592; x_wconf 88' lang='lat'><strong>:</strong></span> <span class='ocrx_word' id='word_1_192' title='bbox 1498 2540 1636 2608; x_wconf 85' lang='lat' dir='ltr'><strong>Quia</strong></span> <span class='ocrx_word' id='word_1_193' title='bbox 1670 2553 1863 2599; x_wconf 12' lang='lat' dir='ltr'><strong>musto.</strong></span> 
     </span>
    </p>
   </div>
   <div class='ocr_carea' id='block_1_28' title="bbox 269 2615 1846 2699">
    <p class='ocr_par' dir='ltr' id='par_1_28' title="bbox 269 2615 1846 2699">
     <span class='ocr_line' id='line_1_28' title="bbox 269 2615 1846 2699; baseline 0.013 -31"><span class='ocrx_word' id='word_1_194' title='bbox 269 2615 420 2684; x_wconf 81' lang='lat' dir='ltr'><strong>pleni</strong></span> <span class='ocrx_word' id='word_1_195' title='bbox 450 2629 577 2671; x_wconf 91' lang='lat' dir='ltr'><strong>sunt</strong></span> <span class='ocrx_word' id='word_1_196' title='bbox 610 2619 725 2673; x_wconf 90' lang='lat' dir='ltr'><strong>isti.</strong></span> <span class='ocrx_word' id='word_1_197' title='bbox 757 2618 917 2677; x_wconf 89' lang='lat' dir='ltr'><strong>Stans</strong></span> <span class='ocrx_word' id='word_1_198' title='bbox 948 2631 1128 2677; x_wconf 88' lang='lat' dir='ltr'><strong>autem</strong></span> <span class='ocrx_word' id='word_1_199' title='bbox 1167 2626 1362 2683; x_wconf 86' lang='lat' dir='ltr'><strong>Petrus</strong></span> <span class='ocrx_word' id='word_1_200' title='bbox 1392 2644 1514 2685; x_wconf 81' lang='lat' dir='ltr'><strong>curn</strong></span> <span class='ocrx_word' id='word_1_201' title='bbox 1570 2634 1846 2699; x_wconf 89' lang='lat' dir='ltr'><strong>undecim,</strong></span> 
     </span>
    </p>
   </div>
   <div class='ocr_carea' id='block_1_29' title="bbox 265 2709 1859 2790">
    <p class='ocr_par' dir='ltr' id='par_1_29' title="bbox 265 2709 1859 2790">
     <span class='ocr_line' id='line_1_29' title="bbox 265 2709 1859 2790; baseline 0.013 -30"><span class='ocrx_word' id='word_1_202' title='bbox 265 2709 473 2762; x_wconf 77' lang='lat' dir='ltr'><strong>levavit</strong></span> <span class='ocrx_word' id='word_1_203' title='bbox 501 2725 686 2764; x_wconf 70' lang='lat' dir='ltr'><strong>vocem</strong></span> <span class='ocrx_word' id='word_1_204' title='bbox 720 2726 898 2779; x_wconf 88' lang='lat' dir='ltr'><strong>suam,</strong></span> <span class='ocrx_word' id='word_1_205' title='bbox 931 2723 985 2767; x_wconf 90' lang='lat' dir='ltr'><strong>et</strong></span> <span class='ocrx_word' id='word_1_206' title='bbox 1011 2714 1220 2774; x_wconf 86' lang='lat' dir='ltr'><strong>locutus</strong></span> <span class='ocrx_word' id='word_1_207' title='bbox 1245 2720 1425 2775; x_wconf 89' lang='lat' dir='ltr'><strong>esteis</strong></span> <span class='ocrx_word' id='word_1_208' title='bbox 1456 2737 1471 2775; x_wconf 89' lang='lat'><strong>:</strong></span> <span class='ocrx_word' id='word_1_209' title='bbox 1512 2721 1626 2777; x_wconf 86' lang='lat' dir='ltr'><strong>Viri</strong></span> <span class='ocrx_word' id='word_1_210' title='bbox 1652 2722 1859 2790; x_wconf 59' lang='grc' dir='ltr'><strong>διωθεῖ..</strong></span> 
     </span>
    </p>
   </div>
   <div class='ocr_carea' id='block_1_30' title="bbox 264 2800 1847 2875">
    <p class='ocr_par' dir='ltr' id='par_1_30' title="bbox 264 2800 1847 2875">
     <span class='ocr_line' id='line_1_30' title="bbox 264 2800 1847 2875; baseline 0.013 -22"><span class='ocrx_word' id='word_1_211' title='bbox 264 2810 323 2853; x_wconf 85' lang='lat' dir='ltr'><strong>et</strong></span> <span class='ocrx_word' id='word_1_212' title='bbox 355 2801 449 2868; x_wconf 90' lang='lat' dir='ltr'><strong>qui</strong></span> <span class='ocrx_word' id='word_1_213' title='bbox 481 2800 741 2856; x_wconf 81' lang='lat' dir='ltr'><strong>habitatis</strong></span> <span class='ocrx_word' id='word_1_214' title='bbox 766 2803 1071 2862; x_wconf 79' lang='lat' dir='ltr'><strong>Jerusalem</strong></span> <span class='ocrx_word' id='word_1_215' title='bbox 1117 2810 1383 2875; x_wconf 79' lang='lat' dir='ltr'><strong>universi,</strong></span> <span class='ocrx_word' id='word_1_216' title='bbox 1422 2812 1526 2868; x_wconf 92' lang='lat' dir='ltr'><strong>hoe</strong></span> <span class='ocrx_word' id='word_1_217' title='bbox 1565 2816 1719 2871; x_wconf 87' lang='lat' dir='ltr'><strong>vobis</strong></span> <span class='ocrx_word' id='word_1_218' title='bbox 1747 2834 1847 2873; x_wconf 59' lang='lat' dir='ltr'><strong>nov</strong></span> 
     </span>
    </p>
   </div>
   <div class='ocr_carea' id='block_1_31' title="bbox 267 2893 1845 2977">
    <p class='ocr_par' dir='ltr' id='par_1_31' title="bbox 267 2893 1845 2977">
     <span class='ocr_line' id='line_1_31' title="bbox 267 2893 1845 2977; baseline 0.011 -32"><span class='ocrx_word' id='word_1_219' title='bbox 267 2900 387 2945; x_wconf 88' lang='lat' dir='ltr'><strong>tum</strong></span> <span class='ocrx_word' id='word_1_220' title='bbox 419 2893 511 2954; x_wconf 91' lang='lat' dir='ltr'><strong>sit,</strong></span> <span class='ocrx_word' id='word_1_221' title='bbox 538 2904 591 2947; x_wconf 91' lang='lat' dir='ltr'><strong>et</strong></span> <span class='ocrx_word' id='word_1_222' title='bbox 617 2895 841 2949; x_wconf 88' lang='lat' dir='ltr'><strong>auribus</strong></span> <span class='ocrx_word' id='word_1_223' title='bbox 873 2898 1139 2968; x_wconf 90' lang='lat' dir='ltr'><strong>percipite</strong></span> <span class='ocrx_word' id='word_1_224' title='bbox 1171 2901 1330 2955; x_wconf 89' lang='lat' dir='ltr'><strong>verba</strong></span> <span class='ocrx_word' id='word_1_225' title='bbox 1362 2918 1504 2958; x_wconf 88' lang='lat' dir='ltr'><strong>mea.</strong></span> <span class='ocrx_word' id='word_1_226' title='bbox 1528 2903 1647 2961; x_wconf 84' lang='lat' dir='ltr'><strong>Non</strong></span> <span class='ocrx_word' id='word_1_227' title='bbox 1675 2909 1845 2977; x_wconf 89' lang='lat' dir='ltr'><strong>enim,</strong></span> 
     </span>
    </p>
   </div>
   <div class='ocr_carea' id='block_1_32' title="bbox 267 2984 1844 3058">
    <p class='ocr_par' dir='ltr' id='par_1_32' title="bbox 267 2984 1844 3058">
     <span class='ocr_line' id='line_1_32' title="bbox 267 2984 1844 3058; baseline 0.01 -22"><span class='ocrx_word' id='word_1_228' title='bbox 267 2985 415 3036; x_wconf 76' lang='lat' dir='ltr'><strong>sicut</strong></span> <span class='ocrx_word' id='word_1_229' title='bbox 449 2998 547 3036; x_wconf 89' lang='lat' dir='ltr'><strong>vos</strong></span> <span class='ocrx_word' id='word_1_230' title='bbox 571 2984 878 3048; x_wconf 73' lang='lat' dir='ltr'><strong>aestimatis,</strong></span> <span class='ocrx_word' id='word_1_231' title='bbox 916 2985 972 3040; x_wconf 87' lang='lat' dir='ltr'><strong>bi</strong></span> <span class='ocrx_word' id='word_1_232' title='bbox 1024 2989 1164 3044; x_wconf 90' lang='lat' dir='ltr'><strong>ebrii</strong></span> <span class='ocrx_word' id='word_1_233' title='bbox 1206 3002 1354 3058; x_wconf 83' lang='lat' dir='ltr'><strong>sunt,</strong></span> <span class='ocrx_word' id='word_1_234' title='bbox 1405 3008 1529 3049; x_wconf 91' lang='lat' dir='ltr'><strong>cum</strong></span> <span class='ocrx_word' id='word_1_235' title='bbox 1591 2997 1663 3051; x_wconf 89' lang='lat' dir='ltr'><strong>sit</strong></span> <span class='ocrx_word' id='word_1_236' title='bbox 1711 2998 1844 3052; x_wconf 88' lang='lat' dir='ltr'><strong>hora</strong></span> 
     </span>
    </p>
   </div>
   <div class='ocr_carea' id='block_1_33' title="bbox 1970 532 3549 604">
    <p class='ocr_par' dir='ltr' id='par_1_33' title="bbox 1970 532 3549 604">
     <span class='ocr_line' id='line_1_33' title="bbox 1970 532 3549 604; baseline 0.006 -21"><span class='ocrx_word' id='word_1_237' title='bbox 1970 541 2049 583; x_wconf 88' lang='lat' dir='ltr'><strong>est</strong></span> <span class='ocrx_word' id='word_1_238' title='bbox 2082 532 2222 601; x_wconf 90' lang='lat' dir='ltr'><strong>apud</strong></span> <span class='ocrx_word' id='word_1_239' title='bbox 2254 547 2354 587; x_wconf 93' lang='lat' dir='ltr'><strong>nos</strong></span> <span class='ocrx_word' id='word_1_240' title='bbox 2383 547 2556 601; x_wconf 87' lang='lat' dir='ltr'><strong>usque</strong></span> <span class='ocrx_word' id='word_1_241' title='bbox 2605 533 2660 588; x_wconf 92' lang='lat' dir='ltr'><strong>in</strong></span> <span class='ocrx_word' id='word_1_242' title='bbox 2709 532 3040 589; x_wconf 88' lang='lat' dir='ltr'><strong>hodiernum</strong></span> <span class='ocrx_word' id='word_1_243' title='bbox 3067 535 3231 590; x_wconf 91' lang='lat' dir='ltr'><strong>diem.</strong></span> <span class='ocrx_word' id='word_1_244' title='bbox 3270 534 3549 604; x_wconf 71' lang='lat' dir='ltr'><strong>Propheta</strong></span> 
     </span>
    </p>
   </div>
   <div class='ocr_carea' id='block_1_34' title="bbox 1971 624 3549 698">
    <p class='ocr_par' dir='ltr' id='par_1_34' title="bbox 1971 624 3549 698">
     <span class='ocr_line' id='line_1_34' title="bbox 1971 624 3549 698; baseline 0.003 -21"><span class='ocrx_word' id='word_1_245' title='bbox 1971 624 2139 695; x_wconf 77' lang='lat' dir='ltr'><strong>igitur</strong></span> <span class='ocrx_word' id='word_1_246' title='bbox 2176 641 2298 679; x_wconf 90' lang='lat' dir='ltr'><strong>cum</strong></span> <span class='ocrx_word' id='word_1_247' title='bbox 2332 634 2500 688; x_wconf 85' lang='lat' dir='ltr'><strong>esset,</strong></span> <span class='ocrx_word' id='word_1_248' title='bbox 2530 632 2587 679; x_wconf 88' lang='lat' dir='ltr'><strong>et</strong></span> <span class='ocrx_word' id='word_1_249' title='bbox 2616 625 2785 681; x_wconf 89' lang='lat' dir='ltr'><strong>sciret</strong></span> <span class='ocrx_word' id='word_1_250' title='bbox 2813 626 2943 695; x_wconf 90' lang='lat' dir='ltr'><strong>quia</strong></span> <span class='ocrx_word' id='word_1_251' title='bbox 2969 624 3332 696; x_wconf 88' lang='lat' dir='ltr'><strong>iureiurando</strong></span> <span class='ocrx_word' id='word_1_252' title='bbox 3357 628 3549 698; x_wconf 82' lang='lat' dir='ltr'><strong>iuras-</strong></span> 
     </span>
    </p>
   </div>
   <div class='ocr_carea' id='block_1_35' title="bbox 1966 715 3547 789">
    <p class='ocr_par' dir='ltr' id='par_1_35' title="bbox 1966 715 3547 789">
     <span class='ocr_line' id='line_1_35' title="bbox 1966 715 3547 789; baseline 0.003 -19"><span class='ocrx_word' id='word_1_253' title='bbox 1966 727 2045 771; x_wconf 87' lang='lat' dir='ltr'><strong>set</strong></span> <span class='ocrx_word' id='word_1_254' title='bbox 2076 716 2150 770; x_wconf 91' lang='lat' dir='ltr'><strong>illi</strong></span> <span class='ocrx_word' id='word_1_255' title='bbox 2181 716 2319 772; x_wconf 88' lang='lat' dir='ltr'><strong>Deus</strong></span> <span class='ocrx_word' id='word_1_256' title='bbox 2338 715 2406 773; x_wconf 89' lang='lat' dir='ltr'><strong>de</strong></span> <span class='ocrx_word' id='word_1_257' title='bbox 2422 716 2599 773; x_wconf 80' lang='lat' dir='ltr'><strong>fructu</strong></span> <span class='ocrx_word' id='word_1_258' title='bbox 2623 717 2793 773; x_wconf 90' lang='lat' dir='ltr'><strong>lumbi</strong></span> <span class='ocrx_word' id='word_1_259' title='bbox 2815 719 2933 789; x_wconf 91' lang='lat' dir='ltr'><strong>eius</strong></span> <span class='ocrx_word' id='word_1_260' title='bbox 2950 718 3143 773; x_wconf 85' lang='lat' dir='ltr'><strong>sedere</strong></span> <span class='ocrx_word' id='word_1_261' title='bbox 3173 734 3337 787; x_wconf 86' lang='lat' dir='ltr'><strong>super</strong></span> <span class='ocrx_word' id='word_1_262' title='bbox 3357 720 3547 775; x_wconf 83' lang='lat' dir='ltr'><strong>sedem</strong></span> 
     </span>
    </p>
   </div>
   <div class='ocr_carea' id='block_1_36' title="bbox 1944 809 3545 878">
    <p class='ocr_par' dir='ltr' id='par_1_36' title="bbox 1944 809 3545 878">
     <span class='ocr_line' id='line_1_36' title="bbox 1944 809 3545 878; baseline 0.001 -15"><span class='ocrx_word' id='word_1_263' title='bbox 1944 810 2085 877; x_wconf 78' lang='lat' dir='ltr'><strong>eius</strong></span> <span class='ocrx_word' id='word_1_264' title='bbox 2103 824 2118 863; x_wconf 84' lang='lat'><strong>:</strong></span> <span class='ocrx_word' id='word_1_265' title='bbox 2140 809 2434 877; x_wconf 87' lang='lat' dir='ltr'><strong>providens</strong></span> <span class='ocrx_word' id='word_1_266' title='bbox 2451 810 2667 865; x_wconf 90' lang='lat' dir='ltr'><strong>locutus</strong></span> <span class='ocrx_word' id='word_1_267' title='bbox 2696 817 2780 865; x_wconf 90' lang='lat' dir='ltr'><strong>est</strong></span> <span class='ocrx_word' id='word_1_268' title='bbox 2797 811 2865 865; x_wconf 91' lang='lat' dir='ltr'><strong>de</strong></span> <span class='ocrx_word' id='word_1_269' title='bbox 2885 813 3291 867; x_wconf 88' lang='lat' dir='ltr'><strong>resurrectione</strong></span> <span class='ocrx_word' id='word_1_270' title='bbox 3314 812 3545 878; x_wconf 84' lang='lat' dir='ltr'><strong>Christi,</strong></span> 
     </span>
    </p>
   </div>
   <div class='ocr_carea' id='block_1_37' title="bbox 1969 901 3547 971">
    <p class='ocr_par' dir='ltr' id='par_1_37' title="bbox 1969 901 3547 971">
     <span class='ocr_line' id='line_1_37' title="bbox 1969 901 3547 971; baseline 0.006 -20"><span class='ocrx_word' id='word_1_271' title='bbox 1969 901 2100 968; x_wconf 86' lang='lat' dir='ltr'><strong>quia</strong></span> <span class='ocrx_word' id='word_1_272' title='bbox 2127 916 2304 969; x_wconf 90' lang='lat' dir='ltr'><strong>neque</strong></span> <span class='ocrx_word' id='word_1_273' title='bbox 2337 901 2637 955; x_wconf 87' lang='lat' dir='ltr'><strong>derelictus</strong></span> <span class='ocrx_word' id='word_1_274' title='bbox 2655 909 2736 955; x_wconf 91' lang='lat' dir='ltr'><strong>est</strong></span> <span class='ocrx_word' id='word_1_275' title='bbox 2757 901 2810 955; x_wconf 92' lang='lat' dir='ltr'><strong>in</strong></span> <span class='ocrx_word' id='word_1_276' title='bbox 2829 902 3069 964; x_wconf 78' lang='lat' dir='ltr'><strong>inferno,</strong></span> <span class='ocrx_word' id='word_1_277' title='bbox 3087 918 3264 971; x_wconf 83' lang='lat' dir='ltr'><strong>neque</strong></span> <span class='ocrx_word' id='word_1_278' title='bbox 3280 918 3408 957; x_wconf 85' lang='lat' dir='ltr'><strong>caro</strong></span> <span class='ocrx_word' id='word_1_279' title='bbox 3424 905 3547 970; x_wconf 87' lang='lat' dir='ltr'><strong>eius</strong></span> 
     </span>
    </p>
   </div>
   <div class='ocr_carea' id='block_1_38' title="bbox 1973 988 3619 1061">
    <p class='ocr_par' dir='ltr' id='par_1_38' title="bbox 1973 988 3619 1061">
     <span class='ocr_line' id='line_1_38' title="bbox 1973 988 3619 1061; baseline 0.004 -16"><span class='ocrx_word' id='word_1_280' title='bbox 1973 994 2109 1045; x_wconf 82' lang='lat' dir='ltr'><strong>vidit</strong></span> <span class='ocrx_word' id='word_1_281' title='bbox 2144 995 2576 1061; x_wconf 86' lang='lat' dir='ltr'><strong>corruptionem.</strong></span> <span class='ocrx_word' id='word_1_282' title='bbox 2606 993 2762 1047; x_wconf 84' lang='lat' dir='ltr'><strong>Hunc</strong></span> <span class='ocrx_word' id='word_1_283' title='bbox 2795 993 2979 1048; x_wconf 91' lang='lat' dir='ltr'><strong>Jesum</strong></span> <span class='ocrx_word' id='word_1_284' title='bbox 3009 995 3542 1060; x_wconf 87' lang='lat' dir='ltr'><strong>rcsuscitavitDeus,</strong></span> <span class='ocrx_word' id='word_1_285' title='bbox 3612 988 3619 995; x_wconf 74' lang='grc'><strong>’</strong></span> 
     </span>
    </p>
   </div>
   <div class='ocr_carea' id='block_1_39' title="bbox 1969 1081 3545 1153">
    <p class='ocr_par' dir='ltr' id='par_1_39' title="bbox 1969 1081 3545 1153">
     <span class='ocr_line' id='line_1_39' title="bbox 1969 1081 3545 1153; baseline 0.004 -19"><span class='ocrx_word' id='word_1_286' title='bbox 1969 1081 2128 1148; x_wconf 88' lang='lat' dir='ltr'><strong>cuius</strong></span> <span class='ocrx_word' id='word_1_287' title='bbox 2165 1097 2357 1135; x_wconf 91' lang='lat' dir='ltr'><strong>omnes</strong></span> <span class='ocrx_word' id='word_1_288' title='bbox 2399 1095 2499 1135; x_wconf 88' lang='lat' dir='ltr'><strong>nos</strong></span> <span class='ocrx_word' id='word_1_289' title='bbox 2526 1091 2690 1135; x_wconf 87' lang='lat' dir='ltr'><strong>testes</strong></span> <span class='ocrx_word' id='word_1_290' title='bbox 2716 1097 2930 1137; x_wconf 85' lang='lat' dir='ltr'><strong>sumus.</strong></span> <span class='ocrx_word' id='word_1_291' title='bbox 2994 1083 3221 1137; x_wconf 78' lang='lat' dir='ltr'><strong>Dextera</strong></span> <span class='ocrx_word' id='word_1_292' title='bbox 3257 1085 3423 1153; x_wconf 83' lang='lat' dir='ltr'><strong>igitur</strong></span> <span class='ocrx_word' id='word_1_293' title='bbox 3452 1085 3545 1141; x_wconf 91' lang='lat' dir='ltr'><strong>Dei</strong></span> 
     </span>
    </p>
   </div>
   <div class='ocr_carea' id='block_1_40' title="bbox 1971 1167 3542 1245">
    <p class='ocr_par' dir='ltr' id='par_1_40' title="bbox 1971 1167 3542 1245">
     <span class='ocr_line' id='line_1_40' title="bbox 1971 1167 3542 1245; baseline 0.004 -24"><span class='ocrx_word' id='word_1_294' title='bbox 1971 1167 2267 1230; x_wconf 76' lang='lat' dir='ltr'><strong>evultatus,</strong></span> <span class='ocrx_word' id='word_1_295' title='bbox 2317 1178 2373 1222; x_wconf 76' lang='lat' dir='ltr'><strong>et</strong></span> <span class='ocrx_word' id='word_1_296' title='bbox 2421 1170 2783 1236; x_wconf 84' lang='lat' dir='ltr'><strong>promissione</strong></span> <span class='ocrx_word' id='word_1_297' title='bbox 2830 1170 3067 1239; x_wconf 89' lang='lat' dir='ltr'><strong>Spiritus</strong></span> <span class='ocrx_word' id='word_1_298' title='bbox 3107 1174 3278 1227; x_wconf 89' lang='lat' dir='ltr'><strong>sancti</strong></span> <span class='ocrx_word' id='word_1_299' title='bbox 3320 1184 3542 1245; x_wconf 88' lang='lat' dir='ltr'><strong>accepta</strong></span> 
     </span>
    </p>
   </div>
   <div class='ocr_carea' id='block_1_41' title="bbox 1970 1257 3543 1328">
    <p class='ocr_par' dir='ltr' id='par_1_41' title="bbox 1970 1257 3543 1328">
     <span class='ocr_line' id='line_1_41' title="bbox 1970 1257 3543 1328; baseline 0.005 -17"><span class='ocrx_word' id='word_1_300' title='bbox 1970 1274 1998 1311; x_wconf 90' lang='lat' dir='ltr'><strong>a</strong></span> <span class='ocrx_word' id='word_1_301' title='bbox 2032 1260 2215 1320; x_wconf 85' lang='lat' dir='ltr'><strong>Patre,</strong></span> <span class='ocrx_word' id='word_1_302' title='bbox 2245 1257 2436 1314; x_wconf 69' lang='lat' dir='ltr'><strong>eﬂ‘udit</strong></span> <span class='ocrx_word' id='word_1_303' title='bbox 2472 1259 2639 1323; x_wconf 87' lang='lat' dir='ltr'><strong>hunc,</strong></span> <span class='ocrx_word' id='word_1_304' title='bbox 2670 1276 2829 1328; x_wconf 87' lang='lat' dir='ltr'><strong>quem</strong></span> <span class='ocrx_word' id='word_1_305' title='bbox 2858 1276 2954 1315; x_wconf 85' lang='lat' dir='ltr'><strong>vos</strong></span> <span class='ocrx_word' id='word_1_306' title='bbox 2984 1261 3176 1319; x_wconf 81' lang='lat' dir='ltr'><strong>videtis</strong></span> <span class='ocrx_word' id='word_1_307' title='bbox 3226 1274 3282 1319; x_wconf 89' lang='lat' dir='ltr'><strong>et</strong></span> <span class='ocrx_word' id='word_1_308' title='bbox 3318 1266 3543 1320; x_wconf 89' lang='lat' dir='ltr'><strong>auditis.</strong></span> 
     </span>
    </p>
   </div>
   <div class='ocr_carea' id='block_1_42' title="bbox 1967 1352 3544 1413">
    <p class='ocr_par' dir='ltr' id='par_1_42' title="bbox 1967 1352 3544 1413">
     <span class='ocr_line' id='line_1_42' title="bbox 1967 1352 3544 1413; baseline 0.005 -8"><span class='ocrx_word' id='word_1_309' title='bbox 1967 1352 2082 1405; x_wconf 76' lang='lat' dir='ltr'><strong>Non</strong></span> <span class='ocrx_word' id='word_1_310' title='bbox 2136 1352 2279 1405; x_wconf 89' lang='lat' dir='ltr'><strong>enim</strong></span> <span class='ocrx_word' id='word_1_311' title='bbox 2332 1352 2499 1407; x_wconf 80' lang='lat' dir='ltr'><strong>David</strong></span> <span class='ocrx_word' id='word_1_312' title='bbox 2557 1353 2811 1408; x_wconf 87' lang='lat' dir='ltr'><strong>ascendit</strong></span> <span class='ocrx_word' id='word_1_313' title='bbox 2839 1353 2893 1408; x_wconf 89' lang='lat' dir='ltr'><strong>in</strong></span> <span class='ocrx_word' id='word_1_314' title='bbox 2923 1355 3119 1410; x_wconf 73' lang='lat' dir='ltr'><strong>cmlum</strong></span> <span class='ocrx_word' id='word_1_315' title='bbox 3158 1371 3172 1410; x_wconf 90' lang='lat'>:</span> <span class='ocrx_word' id='word_1_316' title='bbox 3205 1355 3341 1410; x_wconf 85' lang='lat' dir='ltr'><strong>dixit</strong></span> <span class='ocrx_word' id='word_1_317' title='bbox 3365 1367 3544 1413; x_wconf 79' lang='lat' dir='ltr'><strong>autem</strong></span> 
     </span>
    </p>
   </div>
   <div class='ocr_carea' id='block_1_43' title="bbox 1970 1441 3548 1511">
    <p class='ocr_par' dir='ltr' id='par_1_43' title="bbox 1970 1441 3548 1511">
     <span class='ocr_line' id='line_1_43' title="bbox 1970 1441 3548 1511; baseline 0.007 -17"><span class='ocrx_word' id='word_1_318' title='bbox 1970 1442 2082 1511; x_wconf 92' lang='lat' dir='ltr'><strong>ipse</strong></span> <span class='ocrx_word' id='word_1_319' title='bbox 2117 1460 2131 1497; x_wconf 73' lang='grc' dir='ltr'>ε</span> <span class='ocrx_word' id='word_1_320' title='bbox 2167 1441 2312 1498; x_wconf 82' lang='lat' dir='ltr'><strong>Dixit</strong></span> <span class='ocrx_word' id='word_1_321' title='bbox 2361 1443 2624 1499; x_wconf 89' lang='lat' dir='ltr'><strong>Dominus</strong></span> <span class='ocrx_word' id='word_1_322' title='bbox 2690 1444 2919 1500; x_wconf 87' lang='lat' dir='ltr'><strong>Domino</strong></span> <span class='ocrx_word' id='word_1_323' title='bbox 2969 1462 3127 1502; x_wconf 88' lang='lat' dir='ltr'><strong>meo:</strong></span> <span class='ocrx_word' id='word_1_324' title='bbox 3179 1447 3319 1504; x_wconf 87' lang='lat' dir='ltr'><strong>Sede</strong></span> <span class='ocrx_word' id='word_1_325' title='bbox 3349 1465 3377 1503; x_wconf 89' lang='lat' dir='ltr'><strong>a</strong></span> <span class='ocrx_word' id='word_1_326' title='bbox 3417 1450 3548 1505; x_wconf 87' lang='lat' dir='ltr'><strong>dex-</strong></span> 
     </span>
    </p>
   </div>
   <div class='ocr_carea' id='block_1_44' title="bbox 1969 1535 3542 1607">
    <p class='ocr_par' dir='ltr' id='par_1_44' title="bbox 1969 1535 3542 1607">
     <span class='ocr_line' id='line_1_44' title="bbox 1969 1535 3542 1607; baseline 0.006 -20"><span class='ocrx_word' id='word_1_327' title='bbox 1969 1535 2065 1588; x_wconf 80' lang='lat' dir='ltr'><strong>tris</strong></span> <span class='ocrx_word' id='word_1_328' title='bbox 2117 1538 2273 1598; x_wconf 90' lang='lat' dir='ltr'><strong>meis.</strong></span> <span class='ocrx_word' id='word_1_329' title='bbox 2327 1536 2504 1592; x_wconf 90' lang='lat' dir='ltr'><strong>donec</strong></span> <span class='ocrx_word' id='word_1_330' title='bbox 2557 1553 2752 1607; x_wconf 87' lang='lat' dir='ltr'><strong>ponam</strong></span> <span class='ocrx_word' id='word_1_331' title='bbox 2854 1538 3111 1594; x_wconf 89' lang='lat' dir='ltr'><strong>inimicos</strong></span> <span class='ocrx_word' id='word_1_332' title='bbox 3143 1550 3267 1595; x_wconf 90' lang='lat' dir='ltr'><strong>tuos</strong></span> <span class='ocrx_word' id='word_1_333' title='bbox 3328 1541 3542 1597; x_wconf 85' lang='lat' dir='ltr'><strong>scabel-</strong></span> 
     </span>
    </p>
   </div>
   <div class='ocr_carea' id='block_1_45' title="bbox 1969 1628 3546 1703">
    <p class='ocr_par' dir='ltr' id='par_1_45' title="bbox 1969 1628 3546 1703">
     <span class='ocr_line' id='line_1_45' title="bbox 1969 1628 3546 1703; baseline 0.006 -23"><span class='ocrx_word' id='word_1_334' title='bbox 1969 1628 2079 1681; x_wconf 88' lang='lat' dir='ltr'><strong>lum</strong></span> <span class='ocrx_word' id='word_1_335' title='bbox 2117 1628 2316 1697; x_wconf 90' lang='lat' dir='ltr'><strong>pedum</strong></span> <span class='ocrx_word' id='word_1_336' title='bbox 2366 1639 2609 1685; x_wconf 87' lang='lat' dir='ltr'><strong>tuorum.</strong></span> <span class='ocrx_word' id='word_1_337' title='bbox 2647 1630 2964 1687; x_wconf 89' lang='lat' dir='ltr'><strong>Certissimc</strong></span> <span class='ocrx_word' id='word_1_338' title='bbox 2999 1632 3136 1687; x_wconf 88' lang='lat' dir='ltr'><strong>sciat</strong></span> <span class='ocrx_word' id='word_1_339' title='bbox 3184 1648 3316 1703; x_wconf 85' lang='lat' dir='ltr'><strong>ergo</strong></span> <span class='ocrx_word' id='word_1_340' title='bbox 3362 1634 3546 1691; x_wconf 86' lang='lat' dir='ltr'><strong>omnis</strong></span> 
     </span>
    </p>
   </div>
   <div class='ocr_carea' id='block_1_46' title="bbox 1969 1719 3541 1789">
    <p class='ocr_par' dir='ltr' id='par_1_46' title="bbox 1969 1719 3541 1789">
     <span class='ocr_line' id='line_1_46' title="bbox 1969 1719 3541 1789; baseline 0.004 -15"><span class='ocrx_word' id='word_1_341' title='bbox 1969 1719 2167 1774; x_wconf 86' lang='lat' dir='ltr'><strong>domus</strong></span> <span class='ocrx_word' id='word_1_342' title='bbox 2202 1719 2389 1784; x_wconf 83' lang='lat' dir='ltr'><strong>Israel,</strong></span> <span class='ocrx_word' id='word_1_343' title='bbox 2414 1722 2541 1789; x_wconf 87' lang='lat' dir='ltr'><strong>quia</strong></span> <span class='ocrx_word' id='word_1_344' title='bbox 2579 1732 2635 1775; x_wconf 91' lang='lat' dir='ltr'><strong>et</strong></span> <span class='ocrx_word' id='word_1_345' title='bbox 2669 1720 2957 1776; x_wconf 85' lang='lat' dir='ltr'><strong>Dominum</strong></span> <span class='ocrx_word' id='word_1_346' title='bbox 3006 1738 3130 1777; x_wconf 88' lang='lat' dir='ltr'><strong>eum</strong></span> <span class='ocrx_word' id='word_1_347' title='bbox 3178 1731 3233 1778; x_wconf 88' lang='lat' dir='ltr'><strong>et</strong></span> <span class='ocrx_word' id='word_1_348' title='bbox 3260 1724 3541 1780; x_wconf 88' lang='lat' dir='ltr'><strong>Christum</strong></span> 
     </span>
    </p>
   </div>
   <div class='ocr_carea' id='block_1_47' title="bbox 1962 1810 3541 1883">
    <p class='ocr_par' dir='ltr' id='par_1_47' title="bbox 1962 1810 3541 1883">
     <span class='ocr_line' id='line_1_47' title="bbox 1962 1810 3541 1883; baseline 0.006 -19"><span class='ocrx_word' id='word_1_349' title='bbox 1962 1811 2090 1865; x_wconf 76' lang='lat' dir='ltr'><strong>fecit</strong></span> <span class='ocrx_word' id='word_1_350' title='bbox 2151 1812 2293 1866; x_wconf 89' lang='lat' dir='ltr'><strong>Deus</strong></span> <span class='ocrx_word' id='word_1_351' title='bbox 2354 1810 2503 1867; x_wconf 88' lang='lat' dir='ltr'><strong>hunc</strong></span> <span class='ocrx_word' id='word_1_352' title='bbox 2530 1812 2741 1873; x_wconf 88' lang='lat' dir='ltr'><strong>Jesum,</strong></span> <span class='ocrx_word' id='word_1_353' title='bbox 2799 1830 2961 1883; x_wconf 88' lang='lat' dir='ltr'><strong>quem</strong></span> <span class='ocrx_word' id='word_1_354' title='bbox 3013 1829 3112 1869; x_wconf 89' lang='lat' dir='ltr'><strong>vos</strong></span> <span class='ocrx_word' id='word_1_355' title='bbox 3167 1815 3541 1874; x_wconf 79' lang='lat' dir='ltr'><strong>cruciﬁxistis.</strong></span> 
     </span>
    </p>
   </div>
   <div class='ocr_carea' id='block_1_48' title="bbox 1964 1900 3544 1974">
    <p class='ocr_par' dir='ltr' id='par_1_48' title="bbox 1964 1900 3544 1974">
     <span class='ocr_line' id='line_1_48' title="bbox 1964 1900 3544 1974; baseline 0.006 -21"><span class='ocrx_word' id='word_1_356' title='bbox 1964 1900 2059 1957; x_wconf 89' lang='lat' dir='ltr'><strong>llis</strong></span> <span class='ocrx_word' id='word_1_357' title='bbox 2088 1913 2269 1956; x_wconf 89' lang='lat' dir='ltr'><strong>autem</strong></span> <span class='ocrx_word' id='word_1_358' title='bbox 2295 1902 2520 1970; x_wconf 91' lang='lat' dir='ltr'><strong>auditis,</strong></span> <span class='ocrx_word' id='word_1_359' title='bbox 2559 1908 2872 1974; x_wconf 90' lang='lat' dir='ltr'><strong>compuneti</strong></span> <span class='ocrx_word' id='word_1_360' title='bbox 2906 1915 3035 1960; x_wconf 88' lang='lat' dir='ltr'><strong>sunt</strong></span> <span class='ocrx_word' id='word_1_361' title='bbox 3068 1906 3257 1969; x_wconf 87' lang='lat' dir='ltr'><strong>corde,</strong></span> <span class='ocrx_word' id='word_1_362' title='bbox 3292 1917 3347 1959; x_wconf 87' lang='lat' dir='ltr'><strong>et</strong></span> <span class='ocrx_word' id='word_1_363' title='bbox 3391 1908 3544 1962; x_wconf 87' lang='lat' dir='ltr'><strong>dixe-</strong></span> 
     </span>
    </p>
   </div>
   <div class='ocr_carea' id='block_1_49' title="bbox 1962 1993 3544 2067">
    <p class='ocr_par' dir='ltr' id='par_1_49' title="bbox 1962 1993 3544 2067">
     <span class='ocr_line' id='line_1_49' title="bbox 1962 1993 3544 2067; baseline 0.003 -20"><span class='ocrx_word' id='word_1_364' title='bbox 1962 2003 2088 2048; x_wconf 90' lang='lat' dir='ltr'><strong>runt</strong></span> <span class='ocrx_word' id='word_1_365' title='bbox 2116 1995 2181 2048; x_wconf 91' lang='lat' dir='ltr'><strong>ad</strong></span> <span class='ocrx_word' id='word_1_366' title='bbox 2219 1993 2443 2050; x_wconf 81' lang='lat' dir='ltr'><strong>Petrum</strong></span> <span class='ocrx_word' id='word_1_367' title='bbox 2499 2004 2563 2051; x_wconf 80' lang='lat' dir='ltr'><strong>et</strong></span> <span class='ocrx_word' id='word_1_368' title='bbox 2586 1996 2922 2067; x_wconf 44' lang='lat' dir='ltr'><strong>ad‘reliquos</strong></span> <span class='ocrx_word' id='word_1_369' title='bbox 2952 1998 3225 2067; x_wconf 77' lang='lat' dir='ltr'><strong>apostolos</strong></span> <span class='ocrx_word' id='word_1_370' title='bbox 3252 2010 3266 2051; x_wconf 87' lang='lat'><strong>:</strong></span> <span class='ocrx_word' id='word_1_371' title='bbox 3294 1998 3437 2065; x_wconf 83' lang='lat' dir='ltr'><strong>Quid</strong></span> <span class='ocrx_word' id='word_1_372' title='bbox 3464 1998 3544 2053; x_wconf 85' lang='lat' dir='ltr'><strong>l&#39;a-</strong></span> 
     </span>
    </p>
   </div>
   <div class='ocr_carea' id='block_1_50' title="bbox 1960 2089 3542 2154">
    <p class='ocr_par' dir='ltr' id='par_1_50' title="bbox 1960 2089 3542 2154">
     <span class='ocr_line' id='line_1_50' title="bbox 1960 2089 3542 2154; baseline 0.002 -11"><span class='ocrx_word' id='word_1_373' title='bbox 1960 2090 2193 2154; x_wconf 88' lang='lat' dir='ltr'><strong>ciemus,</strong></span> <span class='ocrx_word' id='word_1_374' title='bbox 2221 2090 2321 2145; x_wconf 84' lang='lat' dir='ltr'><strong>viri</strong></span> <span class='ocrx_word' id='word_1_375' title='bbox 2366 2089 2563 2145; x_wconf 57' lang='lat' dir='ltr'><strong>lintres</strong></span> <span class='ocrx_word' id='word_1_376' title='bbox 2588 2090 2618 2143; x_wconf 83' lang='lat'><strong>?</strong></span> <span class='ocrx_word' id='word_1_377' title='bbox 2640 2089 2835 2145; x_wconf 88' lang='lat' dir='ltr'><strong>Petrus</strong></span> <span class='ocrx_word' id='word_1_378' title='bbox 2866 2105 3009 2145; x_wconf 87' lang='lat' dir='ltr'><strong>vero</strong></span> <span class='ocrx_word' id='word_1_379' title='bbox 3050 2089 3116 2143; x_wconf 88' lang='lat' dir='ltr'><strong>ad</strong></span> <span class='ocrx_word' id='word_1_380' title='bbox 3148 2090 3273 2146; x_wconf 81' lang='lat' dir='ltr'><strong>illos</strong></span> <span class='ocrx_word' id='word_1_381' title='bbox 3306 2103 3321 2143; x_wconf 88' lang='lat'><strong>:</strong></span> <span class='ocrx_word' id='word_1_382' title='bbox 3353 2090 3542 2147; x_wconf 76' lang='lat' dir='ltr'><strong>Pmui-</strong></span> 
     </span>
    </p>
   </div>
   <div class='ocr_carea' id='block_1_51' title="bbox 1964 2181 3543 2255">
    <p class='ocr_par' dir='ltr' id='par_1_51' title="bbox 1964 2181 3543 2255">
     <span class='ocr_line' id='line_1_51' title="bbox 1964 2181 3543 2255; baseline 0.001 -19"><span class='ocrx_word' id='word_1_383' title='bbox 1964 2181 2192 2236; x_wconf 89' lang='lat' dir='ltr'><strong>tentiam</strong></span> <span class='ocrx_word' id='word_1_384' title='bbox 2224 2182 2452 2254; x_wconf 86' lang='lat' dir='ltr'><strong>(inquit)</strong></span> <span class='ocrx_word' id='word_1_385' title='bbox 2480 2183 2643 2252; x_wconf 87' lang='lat' dir='ltr'><strong>agite,</strong></span> <span class='ocrx_word' id='word_1_386' title='bbox 2699 2193 2756 2239; x_wconf 90' lang='lat' dir='ltr'><strong>et</strong></span> <span class='ocrx_word' id='word_1_387' title='bbox 2799 2183 3113 2255; x_wconf 83' lang='lat' dir='ltr'><strong>baptizetur</strong></span> <span class='ocrx_word' id='word_1_388' title='bbox 3162 2182 3543 2253; x_wconf 77' lang='lat' dir='ltr'><strong>unusquisque</strong></span> 
     </span>
    </p>
   </div>
   <div class='ocr_carea' id='block_1_52' title="bbox 1964 2273 3545 2341">
    <p class='ocr_par' dir='ltr' id='par_1_52' title="bbox 1964 2273 3545 2341">
     <span class='ocr_line' id='line_1_52' title="bbox 1964 2273 3545 2341; baseline 0.003 -17"><span class='ocrx_word' id='word_1_389' title='bbox 1964 2281 2209 2326; x_wconf 87' lang='lat' dir='ltr'><strong>vestrum</strong></span> <span class='ocrx_word' id='word_1_390' title='bbox 2253 2273 2309 2327; x_wconf 89' lang='lat' dir='ltr'><strong>in</strong></span> <span class='ocrx_word' id='word_1_391' title='bbox 2346 2274 2569 2328; x_wconf 89' lang='lat' dir='ltr'><strong>nomine</strong></span> <span class='ocrx_word' id='word_1_392' title='bbox 2603 2273 2740 2329; x_wconf 85' lang='lat' dir='ltr'><strong>‘Jesu</strong></span> <span class='ocrx_word' id='word_1_393' title='bbox 2777 2273 3007 2341; x_wconf 85' lang='lat' dir='ltr'><strong>Christi,</strong></span> <span class='ocrx_word' id='word_1_394' title='bbox 3040 2274 3096 2329; x_wconf 91' lang='lat' dir='ltr'><strong>in</strong></span> <span class='ocrx_word' id='word_1_395' title='bbox 3157 2276 3545 2331; x_wconf 83' lang='lat' dir='ltr'><strong>remissionem</strong></span> 
     </span>
    </p>
   </div>
   <div class='ocr_carea' id='block_1_53' title="bbox 1961 2365 3544 2436">
    <p class='ocr_par' dir='ltr' id='par_1_53' title="bbox 1961 2365 3544 2436">
     <span class='ocr_line' id='line_1_53' title="bbox 1961 2365 3544 2436; baseline 0.002 -17"><span class='ocrx_word' id='word_1_396' title='bbox 1961 2372 2312 2432; x_wconf 89' lang='lat' dir='ltr'><strong>peccatorum</strong></span> <span class='ocrx_word' id='word_1_397' title='bbox 2348 2373 2659 2419; x_wconf 87' lang='lat' dir='ltr'><strong>vestrorum</strong></span> <span class='ocrx_word' id='word_1_398' title='bbox 2690 2381 2705 2418; x_wconf 86' lang='lat'><strong>:</strong></span> <span class='ocrx_word' id='word_1_399' title='bbox 2740 2372 2796 2418; x_wconf 89' lang='lat' dir='ltr'><strong>et</strong></span> <span class='ocrx_word' id='word_1_400' title='bbox 2826 2365 3113 2436; x_wconf 80' lang='lat' dir='ltr'><strong>accipietis</strong></span> <span class='ocrx_word' id='word_1_401' title='bbox 3158 2365 3364 2421; x_wconf 90' lang='lat' dir='ltr'><strong>donum</strong></span> <span class='ocrx_word' id='word_1_402' title='bbox 3418 2366 3544 2436; x_wconf 86' lang='lat' dir='ltr'><strong>Spi-</strong></span> 
     </span>
    </p>
   </div>
   <div class='ocr_carea' id='block_1_54' title="bbox 1961 2454 3541 2524">
    <p class='ocr_par' dir='ltr' id='par_1_54' title="bbox 1961 2454 3541 2524">
     <span class='ocr_line' id='line_1_54' title="bbox 1961 2454 3541 2524; baseline 0 -13"><span class='ocrx_word' id='word_1_403' title='bbox 1961 2456 2101 2511; x_wconf 88' lang='lat' dir='ltr'><strong>ritus</strong></span> <span class='ocrx_word' id='word_1_404' title='bbox 2127 2455 2326 2511; x_wconf 91' lang='lat' dir='ltr'><strong>sancti.</strong></span> <span class='ocrx_word' id='word_1_405' title='bbox 2383 2454 2554 2511; x_wconf 80' lang='lat' dir='ltr'><strong>Vobis</strong></span> <span class='ocrx_word' id='word_1_406' title='bbox 2589 2455 2738 2510; x_wconf 89' lang='lat' dir='ltr'><strong>enim</strong></span> <span class='ocrx_word' id='word_1_407' title='bbox 2772 2464 2858 2512; x_wconf 90' lang='lat' dir='ltr'><strong>est</strong></span> <span class='ocrx_word' id='word_1_408' title='bbox 2919 2456 3301 2524; x_wconf 89' lang='lat' dir='ltr'><strong>repromissio,</strong></span> <span class='ocrx_word' id='word_1_409' title='bbox 3331 2465 3387 2511; x_wconf 86' lang='lat' dir='ltr'><strong>et</strong></span> <span class='ocrx_word' id='word_1_410' title='bbox 3415 2457 3541 2513; x_wconf 82' lang='lat' dir='ltr'><strong>ﬁliis</strong></span> 
     </span>
    </p>
   </div>
   <div class='ocr_carea' id='block_1_55' title="bbox 1958 2544 3548 2617">
    <p class='ocr_par' dir='ltr' id='par_1_55' title="bbox 1958 2544 3548 2617">
     <span class='ocr_line' id='line_1_55' title="bbox 1958 2544 3548 2617; baseline 0.003 -20"><span class='ocrx_word' id='word_1_411' title='bbox 1958 2545 2162 2600; x_wconf 87' lang='lat' dir='ltr'><strong>vestris</strong></span> <span class='ocrx_word' id='word_1_412' title='bbox 2188 2553 2246 2599; x_wconf 89' lang='lat' dir='ltr'><strong>et</strong></span> <span class='ocrx_word' id='word_1_413' title='bbox 2308 2545 2566 2600; x_wconf 86' lang='lat' dir='ltr'><strong>omnibus</strong></span> <span class='ocrx_word' id='word_1_414' title='bbox 2618 2544 2712 2615; x_wconf 85' lang='lat' dir='ltr'><strong>qui</strong></span> <span class='ocrx_word' id='word_1_415' title='bbox 2770 2546 2930 2617; x_wconf 89' lang='lat' dir='ltr'><strong>longe</strong></span> <span class='ocrx_word' id='word_1_416' title='bbox 2977 2556 3127 2611; x_wconf 90' lang='lat' dir='ltr'><strong>sunt,</strong></span> <span class='ocrx_word' id='word_1_417' title='bbox 3181 2561 3548 2616; x_wconf 85' lang='lat' dir='ltr'><strong>quoscunque</strong></span> 
     </span>
    </p>
   </div>
   <div class='ocr_carea' id='block_1_56' title="bbox 1961 2633 3539 2689">
    <p class='ocr_par' dir='ltr' id='par_1_56' title="bbox 1961 2633 3539 2689">
     <span class='ocr_line' id='line_1_56' title="bbox 1961 2633 3539 2689; baseline 0.001 -2"><span class='ocrx_word' id='word_1_418' title='bbox 1961 2634 2317 2688; x_wconf 80' lang='lat' dir='ltr'><strong>advocaverit</strong></span> <span class='ocrx_word' id='word_1_419' title='bbox 2344 2633 2607 2688; x_wconf 88' lang='lat' dir='ltr'><strong>Dominus</strong></span> <span class='ocrx_word' id='word_1_420' title='bbox 2640 2634 2782 2688; x_wconf 87' lang='lat' dir='ltr'><strong>Deus</strong></span> <span class='ocrx_word' id='word_1_421' title='bbox 2812 2643 3019 2688; x_wconf 89' lang='lat' dir='ltr'><strong>noster.</strong></span> <span class='ocrx_word' id='word_1_422' title='bbox 3048 2633 3188 2689; x_wconf 90' lang='lat' dir='ltr'><strong>Aliis</strong></span> <span class='ocrx_word' id='word_1_423' title='bbox 3210 2634 3377 2689; x_wconf 89' lang='lat' dir='ltr'><strong>etiam</strong></span> <span class='ocrx_word' id='word_1_424' title='bbox 3410 2651 3539 2689; x_wconf 80' lang='lat' dir='ltr'><strong>ver-</strong></span> 
     </span>
    </p>
   </div>
   <div class='ocr_carea' id='block_1_57' title="bbox 1962 2722 3536 2795">
    <p class='ocr_par' dir='ltr' id='par_1_57' title="bbox 1962 2722 3536 2795">
     <span class='ocr_line' id='line_1_57' title="bbox 1962 2722 3536 2795; baseline 0.002 -19"><span class='ocrx_word' id='word_1_425' title='bbox 1962 2726 2045 2779; x_wconf 86' lang='lat' dir='ltr'><strong>bis</strong></span> <span class='ocrx_word' id='word_1_426' title='bbox 2068 2725 2318 2795; x_wconf 88' lang='lat' dir='ltr'><strong>plurimis</strong></span> <span class='ocrx_word' id='word_1_427' title='bbox 2349 2722 2675 2779; x_wconf 79' lang='lat' dir='ltr'><strong>testiﬁcatus</strong></span> <span class='ocrx_word' id='word_1_428' title='bbox 2703 2735 2808 2788; x_wconf 88' lang='lat' dir='ltr'><strong>est,</strong></span> <span class='ocrx_word' id='word_1_429' title='bbox 2860 2734 2915 2778; x_wconf 87' lang='lat' dir='ltr'><strong>et</strong></span> <span class='ocrx_word' id='word_1_430' title='bbox 2962 2724 3360 2779; x_wconf 77' lang='lat' dir='ltr'><strong>exhortabatur</strong></span> <span class='ocrx_word' id='word_1_431' title='bbox 3412 2740 3536 2788; x_wconf 89' lang='lat' dir='ltr'><strong>eos,</strong></span> 
     </span>
    </p>
   </div>
   <div class='ocr_carea' id='block_1_58' title="bbox 1962 2815 3537 2886">
    <p class='ocr_par' dir='ltr' id='par_1_58' title="bbox 1962 2815 3537 2886">
     <span class='ocr_line' id='line_1_58' title="bbox 1962 2815 3537 2886; baseline 0.001 -15"><span class='ocrx_word' id='word_1_432' title='bbox 1962 2819 2193 2873; x_wconf 88' lang='lat' dir='ltr'><strong>dicens:</strong></span> <span class='ocrx_word' id='word_1_433' title='bbox 2222 2815 2521 2873; x_wconf 88' lang='lat' dir='ltr'><strong>Salvamini</strong></span> <span class='ocrx_word' id='word_1_434' title='bbox 2572 2832 2603 2871; x_wconf 83' lang='lat' dir='ltr'><strong>a</strong></span> <span class='ocrx_word' id='word_1_435' title='bbox 2638 2817 2993 2885; x_wconf 72' lang='lat' dir='ltr'><strong>generatione</strong></span> <span class='ocrx_word' id='word_1_436' title='bbox 3031 2817 3133 2871; x_wconf 88' lang='lat' dir='ltr'><strong>ista</strong></span> <span class='ocrx_word' id='word_1_437' title='bbox 3189 2831 3374 2886; x_wconf 86' lang='lat' dir='ltr'><strong>prava.</strong></span> <span class='ocrx_word' id='word_1_438' title='bbox 3429 2817 3537 2883; x_wconf 84' lang='lat' dir='ltr'><strong>Qui</strong></span> 
     </span>
    </p>
   </div>
   <div class='ocr_carea' id='block_1_59' title="bbox 1960 2905 3539 2978">
    <p class='ocr_par' dir='ltr' id='par_1_59' title="bbox 1960 2905 3539 2978">
     <span class='ocr_line' id='line_1_59' title="bbox 1960 2905 3539 2978; baseline 0 -16"><span class='ocrx_word' id='word_1_439' title='bbox 1960 2923 2092 2978; x_wconf 89' lang='lat' dir='ltr'><strong>ergo</strong></span> <span class='ocrx_word' id='word_1_440' title='bbox 2121 2915 2452 2976; x_wconf 80' lang='lat' dir='ltr'><strong>receperunt</strong></span> <span class='ocrx_word' id='word_1_441' title='bbox 2476 2920 2786 2961; x_wconf 84' lang='lat' dir='ltr'><strong>sermonem</strong></span> <span class='ocrx_word' id='word_1_442' title='bbox 2820 2905 2964 2975; x_wconf 88' lang='lat' dir='ltr'><strong>eius,</strong></span> <span class='ocrx_word' id='word_1_443' title='bbox 2990 2906 3249 2976; x_wconf 84' lang='lat' dir='ltr'><strong>baptizati</strong></span> <span class='ocrx_word' id='word_1_444' title='bbox 3277 2916 3410 2962; x_wconf 90' lang='lat' dir='ltr'><strong>sunt</strong></span> <span class='ocrx_word' id='word_1_445' title='bbox 3441 2921 3457 2961; x_wconf 90' lang='lat'><strong>:</strong></span> <span class='ocrx_word' id='word_1_446' title='bbox 3481 2913 3539 2962; x_wconf 89' lang='lat' dir='ltr'><strong>et</strong></span> 
     </span>
    </p>
   </div>
   <div class='ocr_carea' id='block_1_60' title="bbox 1960 2996 3536 3071">
    <p class='ocr_par' dir='ltr' id='par_1_60' title="bbox 1960 2996 3536 3071">
     <span class='ocr_line' id='line_1_60' title="bbox 1960 2996 3536 3071; baseline -0.001 -16"><span class='ocrx_word' id='word_1_447' title='bbox 1960 3000 2223 3071; x_wconf 71' lang='lat' dir='ltr'><strong>appositae</strong></span> <span class='ocrx_word' id='word_1_448' title='bbox 2253 3007 2382 3056; x_wconf 87' lang='lat' dir='ltr'><strong>sunt</strong></span> <span class='ocrx_word' id='word_1_449' title='bbox 2414 2999 2466 3051; x_wconf 90' lang='lat' dir='ltr'><strong>in</strong></span> <span class='ocrx_word' id='word_1_450' title='bbox 2496 2998 2583 3052; x_wconf 88' lang='lat' dir='ltr'><strong>die</strong></span> <span class='ocrx_word' id='word_1_451' title='bbox 2611 2997 2701 3052; x_wconf 88' lang='lat' dir='ltr'><strong>illa</strong></span> <span class='ocrx_word' id='word_1_452' title='bbox 2738 2997 2935 3053; x_wconf 69' lang='lat' dir='ltr'><strong>anima:</strong></span> <span class='ocrx_word' id='word_1_453' title='bbox 2956 2997 3181 3053; x_wconf 87' lang='lat' dir='ltr'><strong>circiter</strong></span> <span class='ocrx_word' id='word_1_454' title='bbox 3213 2996 3313 3051; x_wconf 88' lang='lat' dir='ltr'><strong>tria</strong></span> <span class='ocrx_word' id='word_1_455' title='bbox 3338 2996 3536 3053; x_wconf 89' lang='lat' dir='ltr'><strong>millia.</strong></span> 
     </span>
    </p>
   </div>
   <div class='ocr_carea' id='block_1_61' title="bbox 269 3075 3535 3161">
    <p class='ocr_par' dir='ltr' id='par_1_61' title="bbox 269 3075 3535 3161">
     <span class='ocr_line' id='line_1_61' title="bbox 269 3075 3535 3161; baseline 0.005 -34"><span class='ocrx_word' id='word_1_456' title='bbox 269 3076 435 3127; x_wconf 89' lang='lat' dir='ltr'><strong>tertia</strong></span> <span class='ocrx_word' id='word_1_457' title='bbox 468 3092 484 3129; x_wconf 90' lang='lat'><strong>:</strong></span> <span class='ocrx_word' id='word_1_458' title='bbox 518 3075 610 3130; x_wconf 87' lang='lat' dir='ltr'><strong>sed</strong></span> <span class='ocrx_word' id='word_1_459' title='bbox 640 3076 740 3130; x_wconf 87' lang='lat' dir='ltr'><strong>hoc</strong></span> <span class='ocrx_word' id='word_1_460' title='bbox 776 3088 881 3143; x_wconf 91' lang='lat' dir='ltr'><strong>est,</strong></span> <span class='ocrx_word' id='word_1_461' title='bbox 912 3080 1055 3149; x_wconf 87' lang='lat' dir='ltr'><strong>quod</strong></span> <span class='ocrx_word' id='word_1_462' title='bbox 1096 3082 1300 3138; x_wconf 89' lang='lat' dir='ltr'><strong>dictum</strong></span> <span class='ocrx_word' id='word_1_463' title='bbox 1335 3094 1419 3140; x_wconf 88' lang='lat' dir='ltr'><strong>est</strong></span> <span class='ocrx_word' id='word_1_464' title='bbox 1471 3102 1568 3156; x_wconf 90' lang='lat' dir='ltr'><strong>per</strong></span> <span class='ocrx_word' id='word_1_465' title='bbox 1612 3093 1843 3160; x_wconf 82' lang='lat' dir='ltr'><strong>pruphe-</strong></span> <span class='ocrx_word' id='word_1_466' title='bbox 1872 3104 1915 3161; x_wconf 76' lang='grc' dir='ltr'>ο</span> <span class='ocrx_word' id='word_1_467' title='bbox 1951 3095 2118 3150; x_wconf 84' lang='lat' dir='ltr'><strong>Erant</strong></span> <span class='ocrx_word' id='word_1_468' title='bbox 2139 3102 2323 3147; x_wconf 86' lang='lat' dir='ltr'><strong>autem</strong></span> <span class='ocrx_word' id='word_1_469' title='bbox 2347 3100 2761 3161; x_wconf 87' lang='lat' dir='ltr'><strong>perseverantes</strong></span> <span class='ocrx_word' id='word_1_470' title='bbox 2781 3090 2836 3145; x_wconf 92' lang='lat' dir='ltr'><strong>in</strong></span> <span class='ocrx_word' id='word_1_471' title='bbox 2858 3090 3111 3147; x_wconf 86' lang='lat' dir='ltr'><strong>doctrina</strong></span> <span class='ocrx_word' id='word_1_472' title='bbox 3133 3090 3535 3161; x_wconf 87' lang='lat' dir='ltr'><strong>apostolorum,</strong></span> 
     </span>
    </p>
   </div>
   <div class='ocr_carea' id='block_1_62' title="bbox 267 3167 1856 3248">
    <p class='ocr_par' dir='ltr' id='par_1_62' title="bbox 267 3167 1856 3248">
     <span class='ocr_line' id='line_1_62' title="bbox 267 3167 1856 3248; baseline 0.01 -27"><span class='ocrx_word' id='word_1_473' title='bbox 267 3177 381 3222; x_wconf 77' lang='lat' dir='ltr'><strong>tam</strong></span> <span class='ocrx_word' id='word_1_474' title='bbox 404 3167 520 3224; x_wconf 87' lang='lat' dir='ltr'><strong>Joel</strong></span> <span class='ocrx_word' id='word_1_475' title='bbox 562 3186 578 3222; x_wconf 88' lang='lat'><strong>:</strong></span> <span class='ocrx_word' id='word_1_476' title='bbox 605 3169 791 3224; x_wconf 87' lang='lat' dir='ltr'><strong>Eterit</strong></span> <span class='ocrx_word' id='word_1_477' title='bbox 820 3171 873 3225; x_wconf 88' lang='lat' dir='ltr'><strong>in</strong></span> <span class='ocrx_word' id='word_1_478' title='bbox 900 3173 1214 3228; x_wconf 47' lang='lat' dir='ltr'><strong>novissimis</strong></span> <span class='ocrx_word' id='word_1_479' title='bbox 1269 3174 1460 3234; x_wconf 88' lang='lat' dir='ltr'><strong>diebus</strong></span> <span class='ocrx_word' id='word_1_480' title='bbox 1494 3179 1650 3248; x_wconf 78' lang='lat' dir='ltr'><strong>(dicit</strong></span> <span class='ocrx_word' id='word_1_481' title='bbox 1673 3180 1856 3237; x_wconf 89' lang='lat' dir='ltr'><strong>Domi-</strong></span> 
     </span>
    </p>
   </div>
   <div class='ocr_carea' id='block_1_63' title="bbox 270 3261 1857 3339">
    <p class='ocr_par' dir='ltr' id='par_1_63' title="bbox 270 3261 1857 3339">
     <span class='ocr_line' id='line_1_63' title="bbox 270 3261 1857 3339; baseline 0.009 -24"><span class='ocrx_word' id='word_1_482' title='bbox 270 3264 421 3332; x_wconf 89' lang='lat' dir='ltr'><strong>nus),</strong></span> <span class='ocrx_word' id='word_1_483' title='bbox 452 3261 723 3316; x_wconf 76' lang='lat' dir='ltr'><strong>edendam</strong></span> <span class='ocrx_word' id='word_1_484' title='bbox 762 3264 827 3318; x_wconf 89' lang='lat' dir='ltr'><strong>de</strong></span> <span class='ocrx_word' id='word_1_485' title='bbox 864 3261 1068 3333; x_wconf 87' lang='lat' dir='ltr'><strong>Spiritu</strong></span> <span class='ocrx_word' id='word_1_486' title='bbox 1099 3282 1221 3322; x_wconf 91' lang='lat' dir='ltr'><strong>meo</strong></span> <span class='ocrx_word' id='word_1_487' title='bbox 1246 3283 1413 3339; x_wconf 87' lang='lat' dir='ltr'><strong>super</strong></span> <span class='ocrx_word' id='word_1_488' title='bbox 1465 3286 1684 3328; x_wconf 88' lang='lat' dir='ltr'><strong>omnem</strong></span> <span class='ocrx_word' id='word_1_489' title='bbox 1735 3289 1857 3329; x_wconf 78' lang='lat' dir='ltr'><strong>car-</strong></span> 
     </span>
    </p>
   </div>
   <div class='ocr_carea' id='block_1_64' title="bbox 266 3362 1840 3432">
    <p class='ocr_par' dir='ltr' id='par_1_64' title="bbox 266 3362 1840 3432">
     <span class='ocr_line' id='line_1_64' title="bbox 266 3362 1840 3432; baseline 0.004 -17"><span class='ocrx_word' id='word_1_490' title='bbox 266 3376 397 3415; x_wconf 76' lang='lat' dir='ltr'><strong>nem</strong></span> <span class='ocrx_word' id='word_1_491' title='bbox 424 3375 437 3413; x_wconf 90' lang='lat'><strong>:</strong></span> <span class='ocrx_word' id='word_1_492' title='bbox 470 3371 525 3415; x_wconf 91' lang='lat' dir='ltr'><strong>et</strong></span> <span class='ocrx_word' id='word_1_493' title='bbox 541 3362 940 3432; x_wconf 86' lang='lat' dir='ltr'><strong>prophetabunt</strong></span> <span class='ocrx_word' id='word_1_494' title='bbox 969 3365 1061 3420; x_wconf 79' lang='lat' dir='ltr'><strong>lilii</strong></span> <span class='ocrx_word' id='word_1_495' title='bbox 1091 3370 1276 3432; x_wconf 86' lang='lat' dir='ltr'><strong>vestri,</strong></span> <span class='ocrx_word' id='word_1_496' title='bbox 1298 3378 1355 3423; x_wconf 90' lang='lat' dir='ltr'><strong>et</strong></span> <span class='ocrx_word' id='word_1_497' title='bbox 1384 3367 1506 3422; x_wconf 64' lang='lat' dir='ltr'><strong>(illis</strong></span> <span class='ocrx_word' id='word_1_498' title='bbox 1524 3374 1716 3423; x_wconf 69' lang='lat' dir='ltr'><strong>vestra</strong></span> <span class='ocrx_word' id='word_1_499' title='bbox 1746 3377 1840 3425; x_wconf 86' lang='lat' dir='ltr'><strong>:et</strong></span> 
     </span>
    </p>
   </div>
   <div class='ocr_carea' id='block_1_65' title="bbox 261 3456 1863 3526">
    <p class='ocr_par' dir='ltr' id='par_1_65' title="bbox 261 3456 1863 3526">
     <span class='ocr_line' id='line_1_65' title="bbox 261 3456 1863 3526; baseline 0.006 -19"><span class='ocrx_word' id='word_1_500' title='bbox 261 3456 507 3526; x_wconf 76' lang='lat' dir='ltr'><strong>juvenes</strong></span> <span class='ocrx_word' id='word_1_501' title='bbox 537 3456 705 3511; x_wconf 87' lang='lat' dir='ltr'><strong>vestri</strong></span> <span class='ocrx_word' id='word_1_502' title='bbox 733 3457 972 3514; x_wconf 83' lang='lat' dir='ltr'><strong>visiones</strong></span> <span class='ocrx_word' id='word_1_503' title='bbox 998 3458 1286 3526; x_wconf 89' lang='lat' dir='ltr'><strong>videbunt,</strong></span> <span class='ocrx_word' id='word_1_504' title='bbox 1319 3469 1376 3515; x_wconf 91' lang='lat' dir='ltr'><strong>et</strong></span> <span class='ocrx_word' id='word_1_505' title='bbox 1398 3462 1645 3516; x_wconf 86' lang='lat' dir='ltr'><strong>seniores</strong></span> <span class='ocrx_word' id='word_1_506' title='bbox 1687 3462 1863 3517; x_wconf 83' lang='lat' dir='ltr'><strong>vestri</strong></span> 
     </span>
    </p>
   </div>
   <div class='ocr_carea' id='block_1_66' title="bbox 267 3549 1854 3623">
    <p class='ocr_par' dir='ltr' id='par_1_66' title="bbox 267 3549 1854 3623">
     <span class='ocr_line' id='line_1_66' title="bbox 267 3549 1854 3623; baseline 0.005 -23"><span class='ocrx_word' id='word_1_507' title='bbox 267 3549 488 3600; x_wconf 86' lang='lat' dir='ltr'><strong>somnia</strong></span> <span class='ocrx_word' id='word_1_508' title='bbox 526 3549 896 3607; x_wconf 85' lang='lat' dir='ltr'><strong>sornniabunt.</strong></span> <span class='ocrx_word' id='word_1_509' title='bbox 931 3552 998 3606; x_wconf 87' lang='lat' dir='ltr'><strong>Et</strong></span> <span class='ocrx_word' id='word_1_510' title='bbox 1031 3553 1251 3622; x_wconf 88' lang='lat' dir='ltr'><strong>quidem</strong></span> <span class='ocrx_word' id='word_1_511' title='bbox 1276 3569 1438 3623; x_wconf 81' lang='lat' dir='ltr'><strong>supra</strong></span> <span class='ocrx_word' id='word_1_512' title='bbox 1467 3568 1656 3609; x_wconf 88' lang='lat' dir='ltr'><strong>servos</strong></span> <span class='ocrx_word' id='word_1_513' title='bbox 1681 3568 1854 3620; x_wconf 87' lang='lat' dir='ltr'><strong>meos,</strong></span> 
     </span>
    </p>
   </div>
   <div class='ocr_carea' id='block_1_67' title="bbox 268 3642 1859 3707">
    <p class='ocr_par' dir='ltr' id='par_1_67' title="bbox 268 3642 1859 3707">
     <span class='ocr_line' id='line_1_67' title="bbox 268 3642 1859 3707; baseline 0.005 -14"><span class='ocrx_word' id='word_1_514' title='bbox 268 3647 328 3693; x_wconf 85' lang='lat' dir='ltr'><strong>et</strong></span> <span class='ocrx_word' id='word_1_515' title='bbox 361 3654 524 3707; x_wconf 92' lang='lat' dir='ltr'><strong>super</strong></span> <span class='ocrx_word' id='word_1_516' title='bbox 549 3642 777 3695; x_wconf 88' lang='lat' dir='ltr'><strong>ancillas</strong></span> <span class='ocrx_word' id='word_1_517' title='bbox 806 3658 975 3707; x_wconf 87' lang='lat' dir='ltr'><strong>meas,</strong></span> <span class='ocrx_word' id='word_1_518' title='bbox 1006 3645 1059 3699; x_wconf 73' lang='lat' dir='ltr'><strong>in</strong></span> <span class='ocrx_word' id='word_1_519' title='bbox 1100 3645 1295 3701; x_wconf 84' lang='lat' dir='ltr'><strong>diebus</strong></span> <span class='ocrx_word' id='word_1_520' title='bbox 1324 3645 1434 3701; x_wconf 88' lang='lat' dir='ltr'><strong>illis</strong></span> <span class='ocrx_word' id='word_1_521' title='bbox 1480 3645 1859 3701; x_wconf 41' lang='lat' dir='ltr'><strong>eﬂ&#39;undam‘de</strong></span> 
     </span>
    </p>
   </div>
   <div class='ocr_carea' id='block_1_68' title="bbox 278 3730 1855 3806">
    <p class='ocr_par' dir='ltr' id='par_1_68' title="bbox 278 3730 1855 3806">
     <span class='ocr_line' id='line_1_68' title="bbox 278 3730 1855 3806; baseline 0.004 -21"><span class='ocrx_word' id='word_1_522' title='bbox 278 3730 491 3798; x_wconf 90' lang='lat' dir='ltr'><strong>Spiritu</strong></span> <span class='ocrx_word' id='word_1_523' title='bbox 529 3747 673 3796; x_wconf 84' lang='lat' dir='ltr'><strong>meo,</strong></span> <span class='ocrx_word' id='word_1_524' title='bbox 706 3745 760 3787; x_wconf 88' lang='lat' dir='ltr'><strong>et</strong></span> <span class='ocrx_word' id='word_1_525' title='bbox 787 3736 1196 3804; x_wconf 88' lang='lat' dir='ltr'><strong>prophetabunt</strong></span> <span class='ocrx_word' id='word_1_526' title='bbox 1236 3753 1251 3791; x_wconf 90' lang='lat'><strong>:</strong></span> <span class='ocrx_word' id='word_1_527' title='bbox 1278 3746 1332 3793; x_wconf 91' lang='lat' dir='ltr'><strong>et</strong></span> <span class='ocrx_word' id='word_1_528' title='bbox 1361 3737 1500 3792; x_wconf 89' lang='lat' dir='ltr'><strong>dabo</strong></span> <span class='ocrx_word' id='word_1_529' title='bbox 1531 3738 1775 3806; x_wconf 88' lang='lat' dir='ltr'><strong>prodigia</strong></span> <span class='ocrx_word' id='word_1_530' title='bbox 1801 3738 1855 3791; x_wconf 92' lang='lat' dir='ltr'><strong>in</strong></span> 
     </span>
    </p>
   </div>
   <div class='ocr_carea' id='block_1_69' title="bbox 270 3822 1851 3899">
    <p class='ocr_par' dir='ltr' id='par_1_69' title="bbox 270 3822 1851 3899">
     <span class='ocr_line' id='line_1_69' title="bbox 270 3822 1851 3899; baseline 0.004 -22"><span class='ocrx_word' id='word_1_531' title='bbox 270 3822 413 3877; x_wconf 68' lang='lat' dir='ltr'><strong>caelo</strong></span> <span class='ocrx_word' id='word_1_532' title='bbox 437 3837 671 3888; x_wconf 84' lang='lat' dir='ltr'><strong>sursum,</strong></span> <span class='ocrx_word' id='word_1_533' title='bbox 700 3834 756 3879; x_wconf 89' lang='lat' dir='ltr'><strong>et</strong></span> <span class='ocrx_word' id='word_1_534' title='bbox 783 3825 933 3895; x_wconf 90' lang='lat' dir='ltr'><strong>signa</strong></span> <span class='ocrx_word' id='word_1_535' title='bbox 957 3829 1009 3881; x_wconf 90' lang='lat' dir='ltr'><strong>in</strong></span> <span class='ocrx_word' id='word_1_536' title='bbox 1036 3837 1183 3881; x_wconf 90' lang='lat' dir='ltr'><strong>terra</strong></span> <span class='ocrx_word' id='word_1_537' title='bbox 1209 3829 1486 3894; x_wconf 87' lang='lat' dir='ltr'><strong>deorsum,</strong></span> <span class='ocrx_word' id='word_1_538' title='bbox 1508 3831 1851 3899; x_wconf 86' lang='lat' dir='ltr'><strong>sanguinem,</strong></span> 
     </span>
    </p>
   </div>
   <div class='ocr_carea' id='block_1_70' title="bbox 271 3914 1857 3986">
    <p class='ocr_par' dir='ltr' id='par_1_70' title="bbox 271 3914 1857 3986">
     <span class='ocr_line' id='line_1_70' title="bbox 271 3914 1857 3986; baseline 0.004 -18"><span class='ocrx_word' id='word_1_539' title='bbox 271 3923 331 3968; x_wconf 89' lang='lat' dir='ltr'><strong>et</strong></span> <span class='ocrx_word' id='word_1_540' title='bbox 360 3914 561 3983; x_wconf 57' lang='lat' dir='ltr'><strong>ignem,</strong></span> <span class='ocrx_word' id='word_1_541' title='bbox 585 3926 641 3970; x_wconf 92' lang='lat' dir='ltr'><strong>et</strong></span> <span class='ocrx_word' id='word_1_542' title='bbox 679 3930 935 3986; x_wconf 90' lang='lat' dir='ltr'><strong>vaporem</strong></span> <span class='ocrx_word' id='word_1_543' title='bbox 968 3916 1124 3971; x_wconf 80' lang='lat' dir='ltr'><strong>fumi.</strong></span> <span class='ocrx_word' id='word_1_544' title='bbox 1155 3918 1247 3975; x_wconf 92' lang='lat' dir='ltr'><strong>Sol</strong></span> <span class='ocrx_word' id='word_1_545' title='bbox 1280 3929 1631 3975; x_wconf 89' lang='lat' dir='ltr'><strong>convertetur</strong></span> <span class='ocrx_word' id='word_1_546' title='bbox 1672 3921 1725 3975; x_wconf 92' lang='lat' dir='ltr'><strong>in</strong></span> <span class='ocrx_word' id='word_1_547' title='bbox 1773 3929 1857 3975; x_wconf 83' lang='lat' dir='ltr'><strong>te-</strong></span> 
     </span>
    </p>
   </div>
   <div class='ocr_carea' id='block_1_71' title="bbox 273 4007 1857 4082">
    <p class='ocr_par' dir='ltr' id='par_1_71' title="bbox 273 4007 1857 4082">
     <span class='ocr_line' id='line_1_71' title="bbox 273 4007 1857 4082; baseline 0.004 -21"><span class='ocrx_word' id='word_1_548' title='bbox 273 4007 582 4072; x_wconf 88' lang='lat' dir='ltr'><strong>nebras,ct</strong></span> <span class='ocrx_word' id='word_1_549' title='bbox 638 4008 759 4062; x_wconf 90' lang='lat' dir='ltr'><strong>luna</strong></span> <span class='ocrx_word' id='word_1_550' title='bbox 817 4010 871 4064; x_wconf 92' lang='lat' dir='ltr'><strong>in</strong></span> <span class='ocrx_word' id='word_1_551' title='bbox 929 4012 1271 4081; x_wconf 81' lang='lat' dir='ltr'><strong>sanguinein,</strong></span> <span class='ocrx_word' id='word_1_552' title='bbox 1325 4022 1614 4082; x_wconf 88' lang='lat' dir='ltr'><strong>antequam</strong></span> <span class='ocrx_word' id='word_1_553' title='bbox 1672 4014 1857 4067; x_wconf 82' lang='lat' dir='ltr'><strong>veniat</strong></span> 
     </span>
    </p>
   </div>
   <div class='ocr_carea' id='block_1_72' title="bbox 272 4098 1854 4171">
    <p class='ocr_par' dir='ltr' id='par_1_72' title="bbox 272 4098 1854 4171">
     <span class='ocr_line' id='line_1_72' title="bbox 272 4098 1854 4171; baseline 0.005 -20"><span class='ocrx_word' id='word_1_554' title='bbox 272 4098 395 4152; x_wconf 80' lang='lat' dir='ltr'><strong>dies</strong></span> <span class='ocrx_word' id='word_1_555' title='bbox 418 4098 632 4154; x_wconf 88' lang='lat' dir='ltr'><strong>Domini</strong></span> <span class='ocrx_word' id='word_1_556' title='bbox 660 4116 888 4171; x_wconf 88' lang='lat' dir='ltr'><strong>magnus</strong></span> <span class='ocrx_word' id='word_1_557' title='bbox 916 4113 973 4157; x_wconf 91' lang='lat' dir='ltr'><strong>et</strong></span> <span class='ocrx_word' id='word_1_558' title='bbox 1003 4103 1345 4159; x_wconf 83' lang='lat' dir='ltr'><strong>manifestus.</strong></span> <span class='ocrx_word' id='word_1_559' title='bbox 1376 4104 1445 4159; x_wconf 89' lang='lat' dir='ltr'><strong>Et</strong></span> <span class='ocrx_word' id='word_1_560' title='bbox 1472 4104 1577 4160; x_wconf 90' lang='lat' dir='ltr'><strong>erit</strong></span> <span class='ocrx_word' id='word_1_561' title='bbox 1607 4122 1622 4159; x_wconf 89' lang='lat'><strong>:</strong></span> <span class='ocrx_word' id='word_1_562' title='bbox 1672 4105 1854 4160; x_wconf 88' lang='lat' dir='ltr'><strong>omnis</strong></span> 
     </span>
    </p>
   </div>
   <div class='ocr_carea' id='block_1_73' title="bbox 272 4192 1851 4261">
    <p class='ocr_par' dir='ltr' id='par_1_73' title="bbox 272 4192 1851 4261">
     <span class='ocr_line' id='line_1_73' title="bbox 272 4192 1851 4261; baseline 0.004 -19"><span class='ocrx_word' id='word_1_563' title='bbox 272 4192 594 4261; x_wconf 88' lang='lat' dir='ltr'><strong>quicunque</strong></span> <span class='ocrx_word' id='word_1_564' title='bbox 650 4193 984 4249; x_wconf 85' lang='lat' dir='ltr'><strong>invocaverit</strong></span> <span class='ocrx_word' id='word_1_565' title='bbox 1020 4209 1219 4251; x_wconf 85' lang='lat' dir='ltr'><strong>nomen</strong></span> <span class='ocrx_word' id='word_1_566' title='bbox 1252 4194 1487 4260; x_wconf 90' lang='lat' dir='ltr'><strong>Domini,</strong></span> <span class='ocrx_word' id='word_1_567' title='bbox 1511 4197 1696 4251; x_wconf 84' lang='lat' dir='ltr'><strong>salvus</strong></span> <span class='ocrx_word' id='word_1_568' title='bbox 1723 4196 1851 4251; x_wconf 91' lang='lat' dir='ltr'><strong>erit.</strong></span> 
     </span>
    </p>
   </div>
   <div class='ocr_carea' id='block_1_74' title="bbox 274 4279 1851 4353">
    <p class='ocr_par' dir='ltr' id='par_1_74' title="bbox 274 4279 1851 4353">
     <span class='ocr_line' id='line_1_74' title="bbox 274 4279 1851 4353; baseline 0.004 -20"><span class='ocrx_word' id='word_1_569' title='bbox 274 4279 388 4334; x_wconf 79' lang='lat' dir='ltr'><strong>Viri</strong></span> <span class='ocrx_word' id='word_1_570' title='bbox 417 4282 691 4345; x_wconf 57' lang='lat' dir='ltr'><strong>Israelita,</strong></span> <span class='ocrx_word' id='word_1_571' title='bbox 718 4284 902 4338; x_wconf 86' lang='lat' dir='ltr'><strong>audite</strong></span> <span class='ocrx_word' id='word_1_572' title='bbox 925 4285 1088 4339; x_wconf 89' lang='lat' dir='ltr'><strong>verba</strong></span> <span class='ocrx_word' id='word_1_573' title='bbox 1110 4285 1223 4341; x_wconf 70' lang='lat' dir='ltr'><strong>haec</strong></span> <span class='ocrx_word' id='word_1_574' title='bbox 1248 4303 1264 4340; x_wconf 88' lang='lat'><strong>:</strong></span> <span class='ocrx_word' id='word_1_575' title='bbox 1292 4287 1473 4341; x_wconf 87' lang='lat' dir='ltr'><strong>Jesum</strong></span> <span class='ocrx_word' id='word_1_576' title='bbox 1491 4286 1851 4353; x_wconf 81' lang='lat' dir='ltr'><strong>Nazarenum,</strong></span> 
     </span>
    </p>
   </div>
   <div class='ocr_carea' id='block_1_75' title="bbox 274 4372 1856 4443">
    <p class='ocr_par' dir='ltr' id='par_1_75' title="bbox 274 4372 1856 4443">
     <span class='ocr_line' id='line_1_75' title="bbox 274 4372 1856 4443; baseline 0.004 -18"><span class='ocrx_word' id='word_1_577' title='bbox 274 4372 458 4426; x_wconf 85' lang='lat' dir='ltr'><strong>virum</strong></span> <span class='ocrx_word' id='word_1_578' title='bbox 500 4374 857 4443; x_wconf 88' lang='lat' dir='ltr'><strong>approbatum</strong></span> <span class='ocrx_word' id='word_1_579' title='bbox 893 4390 921 4429; x_wconf 91' lang='lat' dir='ltr'><strong>a</strong></span> <span class='ocrx_word' id='word_1_580' title='bbox 955 4374 1066 4431; x_wconf 89' lang='lat' dir='ltr'><strong>Deo</strong></span> <span class='ocrx_word' id='word_1_581' title='bbox 1127 4379 1181 4431; x_wconf 90' lang='lat' dir='ltr'><strong>in</strong></span> <span class='ocrx_word' id='word_1_582' title='bbox 1212 4377 1388 4443; x_wconf 84' lang='lat' dir='ltr'><strong>vobis,</strong></span> <span class='ocrx_word' id='word_1_583' title='bbox 1438 4378 1751 4442; x_wconf 87' lang='lat' dir='ltr'><strong>virtutibus,</strong></span> <span class='ocrx_word' id='word_1_584' title='bbox 1801 4386 1856 4433; x_wconf 91' lang='lat' dir='ltr'><strong>et</strong></span> 
     </span>
    </p>
   </div>
   <div class='ocr_carea' id='block_1_76' title="bbox 1959 3183 3538 3254">
    <p class='ocr_par' dir='ltr' id='par_1_76' title="bbox 1959 3183 3538 3254">
     <span class='ocr_line' id='line_1_76' title="bbox 1959 3183 3538 3254; baseline -0.003 -11"><span class='ocrx_word' id='word_1_585' title='bbox 1959 3196 2015 3243; x_wconf 90' lang='lat' dir='ltr'><strong>et</strong></span> <span class='ocrx_word' id='word_1_586' title='bbox 2040 3185 2539 3241; x_wconf 87' lang='lat' dir='ltr'><strong>communicatione</strong></span> <span class='ocrx_word' id='word_1_587' title='bbox 2568 3183 2854 3239; x_wconf 86' lang='lat' dir='ltr'><strong>fractionis</strong></span> <span class='ocrx_word' id='word_1_588' title='bbox 2881 3183 3060 3254; x_wconf 89' lang='lat' dir='ltr'><strong>panis,</strong></span> <span class='ocrx_word' id='word_1_589' title='bbox 3086 3191 3142 3240; x_wconf 90' lang='lat' dir='ltr'><strong>et</strong></span> <span class='ocrx_word' id='word_1_590' title='bbox 3172 3183 3538 3244; x_wconf 84' lang='lat' dir='ltr'><strong>orationibus.</strong></span> 
     </span>
    </p>
   </div>
   <div class='ocr_carea' id='block_1_77' title="bbox 1960 3273 3539 3345">
    <p class='ocr_par' dir='ltr' id='par_1_77' title="bbox 1960 3273 3539 3345">
     <span class='ocr_line' id='line_1_77' title="bbox 1960 3273 3539 3345; baseline -0.002 -12"><span class='ocrx_word' id='word_1_591' title='bbox 1960 3277 2149 3333; x_wconf 75' lang='lat' dir='ltr'><strong>Flebat</strong></span> <span class='ocrx_word' id='word_1_592' title='bbox 2179 3287 2363 3330; x_wconf 87' lang='lat' dir='ltr'><strong>autem</strong></span> <span class='ocrx_word' id='word_1_593' title='bbox 2394 3273 2544 3329; x_wconf 89' lang='lat' dir='ltr'><strong>omni</strong></span> <span class='ocrx_word' id='word_1_594' title='bbox 2581 3273 2777 3329; x_wconf 69' lang='lat' dir='ltr'><strong>animai</strong></span> <span class='ocrx_word' id='word_1_595' title='bbox 2829 3275 3034 3330; x_wconf 89' lang='lat' dir='ltr'><strong>timor:</strong></span> <span class='ocrx_word' id='word_1_596' title='bbox 3091 3274 3261 3331; x_wconf 86' lang='lat' dir='ltr'><strong>multa</strong></span> <span class='ocrx_word' id='word_1_597' title='bbox 3315 3289 3539 3345; x_wconf 88' lang='lat' dir='ltr'><strong>quoque</strong></span> 
     </span>
    </p>
   </div>
   <div class='ocr_carea' id='block_1_78' title="bbox 1958 3365 3539 3440">
    <p class='ocr_par' dir='ltr' id='par_1_78' title="bbox 1958 3365 3539 3440">
     <span class='ocr_line' id='line_1_78' title="bbox 1958 3365 3539 3440; baseline -0.001 -16"><span class='ocrx_word' id='word_1_598' title='bbox 1958 3368 2205 3440; x_wconf 90' lang='lat' dir='ltr'><strong>prodigia</strong></span> <span class='ocrx_word' id='word_1_599' title='bbox 2241 3378 2300 3423; x_wconf 89' lang='lat' dir='ltr'><strong>et</strong></span> <span class='ocrx_word' id='word_1_600' title='bbox 2322 3369 2481 3438; x_wconf 85' lang='lat' dir='ltr'><strong>signa</strong></span> <span class='ocrx_word' id='word_1_601' title='bbox 2504 3382 2603 3437; x_wconf 87' lang='lat' dir='ltr'><strong>per</strong></span> <span class='ocrx_word' id='word_1_602' title='bbox 2643 3367 2922 3436; x_wconf 79' lang='lat' dir='ltr'><strong>apostolos</strong></span> <span class='ocrx_word' id='word_1_603' title='bbox 2962 3367 3019 3422; x_wconf 88' lang='lat' dir='ltr'><strong>in</strong></span> <span class='ocrx_word' id='word_1_604' title='bbox 3075 3365 3378 3423; x_wconf 80' lang='lat' dir='ltr'><strong>Jerusalem</strong></span> <span class='ocrx_word' id='word_1_605' title='bbox 3435 3366 3539 3422; x_wconf 81' lang='lat' dir='ltr'><strong>tle-</strong></span> 
     </span>
    </p>
   </div>
   <div class='ocr_carea' id='block_1_79' title="bbox 1958 3444 3538 3530">
    <p class='ocr_par' dir='ltr' id='par_1_79' title="bbox 1958 3444 3538 3530">
     <span class='ocr_line' id='line_1_79' title="bbox 1958 3444 3538 3530; baseline -0.001 -14"><span class='ocrx_word' id='word_1_606' title='bbox 1958 3444 2113 3528; x_wconf 85' lang='lat' dir='ltr'><strong>baut,</strong></span> <span class='ocrx_word' id='word_1_607' title='bbox 2154 3470 2210 3516; x_wconf 89' lang='lat' dir='ltr'><strong>et</strong></span> <span class='ocrx_word' id='word_1_608' title='bbox 2244 3469 2425 3515; x_wconf 87' lang='lat' dir='ltr'><strong>metus</strong></span> <span class='ocrx_word' id='word_1_609' title='bbox 2453 3467 2574 3515; x_wconf 87' lang='lat' dir='ltr'><strong>erat</strong></span> <span class='ocrx_word' id='word_1_610' title='bbox 2603 3472 2834 3530; x_wconf 85' lang='lat' dir='ltr'><strong>magnus</strong></span> <span class='ocrx_word' id='word_1_611' title='bbox 2883 3458 2941 3514; x_wconf 88' lang='lat' dir='ltr'><strong>in</strong></span> <span class='ocrx_word' id='word_1_612' title='bbox 2990 3458 3288 3516; x_wconf 86' lang='lat' dir='ltr'><strong>universis.</strong></span> <span class='ocrx_word' id='word_1_613' title='bbox 3331 3457 3538 3515; x_wconf 87' lang='lat' dir='ltr'><strong>Omnes</strong></span> 
     </span>
    </p>
   </div>
   <div class='ocr_carea' id='block_1_80' title="bbox 1956 3550 3539 3622">
    <p class='ocr_par' dir='ltr' id='par_1_80' title="bbox 1956 3550 3539 3622">
     <span class='ocr_line' id='line_1_80' title="bbox 1956 3550 3539 3622; baseline -0.003 -14"><span class='ocrx_word' id='word_1_614' title='bbox 1956 3553 2123 3609; x_wconf 86' lang='lat' dir='ltr'><strong>etiam</strong></span> <span class='ocrx_word' id='word_1_615' title='bbox 2152 3551 2247 3622; x_wconf 86' lang='lat' dir='ltr'><strong>qui</strong></span> <span class='ocrx_word' id='word_1_616' title='bbox 2277 3551 2597 3615; x_wconf 85' lang='lat' dir='ltr'><strong>credebant,</strong></span> <span class='ocrx_word' id='word_1_617' title='bbox 2634 3558 2792 3606; x_wconf 88' lang='lat' dir='ltr'><strong>erant</strong></span> <span class='ocrx_word' id='word_1_618' title='bbox 2844 3550 3051 3621; x_wconf 90' lang='lat' dir='ltr'><strong>pariter</strong></span> <span class='ocrx_word' id='word_1_619' title='bbox 3075 3589 3091 3614; x_wconf 93' lang='lat'><strong>,</strong></span> <span class='ocrx_word' id='word_1_620' title='bbox 3148 3559 3204 3606; x_wconf 93' lang='lat' dir='ltr'><strong>et</strong></span> <span class='ocrx_word' id='word_1_621' title='bbox 3259 3550 3539 3605; x_wconf 85' lang='lat' dir='ltr'><strong>habebant</strong></span> 
     </span>
    </p>
   </div>
   <div class='ocr_carea' id='block_1_81' title="bbox 1958 3641 3539 3701">
    <p class='ocr_par' dir='ltr' id='par_1_81' title="bbox 1958 3641 3539 3701">
     <span class='ocr_line' id='line_1_81' title="bbox 1958 3641 3539 3701; baseline -0.003 0"><span class='ocrx_word' id='word_1_622' title='bbox 1958 3647 2140 3701; x_wconf 91' lang='lat' dir='ltr'><strong>omnia</strong></span> <span class='ocrx_word' id='word_1_623' title='bbox 2171 3644 2506 3699; x_wconf 90' lang='lat' dir='ltr'><strong>communia.</strong></span> <span class='ocrx_word' id='word_1_624' title='bbox 2532 3641 2914 3699; x_wconf 87' lang='lat' dir='ltr'><strong>Possessiones</strong></span> <span class='ocrx_word' id='word_1_625' title='bbox 2939 3651 2995 3698; x_wconf 89' lang='lat' dir='ltr'><strong>et</strong></span> <span class='ocrx_word' id='word_1_626' title='bbox 3043 3643 3378 3700; x_wconf 83' lang='lat' dir='ltr'><strong>substantias</strong></span> <span class='ocrx_word' id='word_1_627' title='bbox 3401 3658 3539 3699; x_wconf 86' lang='lat' dir='ltr'><strong>ven-</strong></span> 
     </span>
    </p>
   </div>
   <div class='ocr_carea' id='block_1_82' title="bbox 1957 3733 3541 3805">
    <p class='ocr_par' dir='ltr' id='par_1_82' title="bbox 1957 3733 3541 3805">
     <span class='ocr_line' id='line_1_82' title="bbox 1957 3733 3541 3805; baseline -0.001 -13"><span class='ocrx_word' id='word_1_628' title='bbox 1957 3736 2180 3800; x_wconf 90' lang='lat' dir='ltr'><strong>debant,</strong></span> <span class='ocrx_word' id='word_1_629' title='bbox 2214 3743 2270 3789; x_wconf 91' lang='lat' dir='ltr'><strong>et</strong></span> <span class='ocrx_word' id='word_1_630' title='bbox 2302 3733 2620 3789; x_wconf 89' lang='lat' dir='ltr'><strong>dividebant</strong></span> <span class='ocrx_word' id='word_1_631' title='bbox 2643 3734 2734 3789; x_wconf 84' lang='lat' dir='ltr'><strong>illa</strong></span> <span class='ocrx_word' id='word_1_632' title='bbox 2781 3733 3063 3801; x_wconf 88' lang='lat' dir='ltr'><strong>omnibus,</strong></span> <span class='ocrx_word' id='word_1_633' title='bbox 3121 3746 3290 3805; x_wconf 87' lang='lat' dir='ltr'><strong>prout</strong></span> <span class='ocrx_word' id='word_1_634' title='bbox 3333 3738 3541 3805; x_wconf 84' lang='lat' dir='ltr'><strong>cuique</strong></span> 
     </span>
    </p>
   </div>
   <div class='ocr_carea' id='block_1_83' title="bbox 1956 3824 3533 3898">
    <p class='ocr_par' dir='ltr' id='par_1_83' title="bbox 1956 3824 3533 3898">
     <span class='ocr_line' id='line_1_83' title="bbox 1956 3824 3533 3898; baseline -0.001 -16"><span class='ocrx_word' id='word_1_635' title='bbox 1956 3842 2098 3898; x_wconf 86' lang='lat' dir='ltr'><strong>opus</strong></span> <span class='ocrx_word' id='word_1_636' title='bbox 2124 3835 2261 3881; x_wconf 88' lang='lat' dir='ltr'><strong>erat.</strong></span> <span class='ocrx_word' id='word_1_637' title='bbox 2286 3824 2541 3891; x_wconf 85' lang='lat' dir='ltr'><strong>Quotidie</strong></span> <span class='ocrx_word' id='word_1_638' title='bbox 2561 3839 2781 3894; x_wconf 87' lang='lat' dir='ltr'><strong>quoque</strong></span> <span class='ocrx_word' id='word_1_639' title='bbox 2804 3825 3168 3895; x_wconf 87' lang='lat' dir='ltr'><strong>perdurantes</strong></span> <span class='ocrx_word' id='word_1_640' title='bbox 3194 3826 3533 3882; x_wconf 74' lang='lat' dir='ltr'><strong>unanimiter</strong></span> 
     </span>
    </p>
   </div>
   <div class='ocr_carea' id='block_1_84' title="bbox 1957 3917 3535 3989">
    <p class='ocr_par' dir='ltr' id='par_1_84' title="bbox 1957 3917 3535 3989">
     <span class='ocr_line' id='line_1_84' title="bbox 1957 3917 3535 3989; baseline -0.001 -13"><span class='ocrx_word' id='word_1_641' title='bbox 1957 3921 2012 3976; x_wconf 88' lang='lat' dir='ltr'><strong>in</strong></span> <span class='ocrx_word' id='word_1_642' title='bbox 2050 3919 2272 3989; x_wconf 87' lang='lat' dir='ltr'><strong>templo,</strong></span> <span class='ocrx_word' id='word_1_643' title='bbox 2298 3927 2353 3974; x_wconf 91' lang='lat' dir='ltr'><strong>et</strong></span> <span class='ocrx_word' id='word_1_644' title='bbox 2384 3918 2697 3988; x_wconf 77' lang='lat' dir='ltr'><strong>frangentes</strong></span> <span class='ocrx_word' id='word_1_645' title='bbox 2722 3917 2867 3973; x_wconf 88' lang='lat' dir='ltr'><strong>circa</strong></span> <span class='ocrx_word' id='word_1_646' title='bbox 2890 3917 3083 3973; x_wconf 88' lang='lat' dir='ltr'><strong>domos</strong></span> <span class='ocrx_word' id='word_1_647' title='bbox 3106 3932 3323 3987; x_wconf 89' lang='lat' dir='ltr'><strong>panem,</strong></span> <span class='ocrx_word' id='word_1_648' title='bbox 3350 3933 3535 3974; x_wconf 80' lang='lat' dir='ltr'><strong>sume-</strong></span> 
     </span>
    </p>
   </div>
   <div class='ocr_carea' id='block_1_85' title="bbox 1957 4007 3533 4077">
    <p class='ocr_par' dir='ltr' id='par_1_85' title="bbox 1957 4007 3533 4077">
     <span class='ocr_line' id='line_1_85' title="bbox 1957 4007 3533 4077; baseline -0.003 -10"><span class='ocrx_word' id='word_1_649' title='bbox 1957 4013 2086 4067; x_wconf 91' lang='lat' dir='ltr'><strong>bant</strong></span> <span class='ocrx_word' id='word_1_650' title='bbox 2138 4010 2325 4066; x_wconf 89' lang='lat' dir='ltr'><strong>cibum</strong></span> <span class='ocrx_word' id='word_1_651' title='bbox 2353 4024 2478 4064; x_wconf 92' lang='lat' dir='ltr'><strong>cum</strong></span> <span class='ocrx_word' id='word_1_652' title='bbox 2532 4007 2895 4064; x_wconf 81' lang='lat' dir='ltr'><strong>exsultatione</strong></span> <span class='ocrx_word' id='word_1_653' title='bbox 2936 4018 2994 4063; x_wconf 85' lang='lat' dir='ltr'><strong>et</strong></span> <span class='ocrx_word' id='word_1_654' title='bbox 3040 4007 3389 4077; x_wconf 88' lang='lat' dir='ltr'><strong>simplicitate</strong></span> <span class='ocrx_word' id='word_1_655' title='bbox 3410 4024 3533 4064; x_wconf 85' lang='lat' dir='ltr'><strong>cor-</strong></span> 
     </span>
    </p>
   </div>
   <div class='ocr_carea' id='block_1_86' title="bbox 1956 4100 3534 4169">
    <p class='ocr_par' dir='ltr' id='par_1_86' title="bbox 1956 4100 3534 4169">
     <span class='ocr_line' id='line_1_86' title="bbox 1956 4100 3534 4169; baseline -0.001 -12"><span class='ocrx_word' id='word_1_656' title='bbox 1956 4104 2044 4159; x_wconf 87' lang='lat' dir='ltr'><strong>dis</strong></span> <span class='ocrx_word' id='word_1_657' title='bbox 2068 4141 2084 4168; x_wconf 97' lang='lat'><strong>,</strong></span> <span class='ocrx_word' id='word_1_658' title='bbox 2118 4101 2494 4158; x_wconf 89' lang='lat' dir='ltr'><strong>collaudantes</strong></span> <span class='ocrx_word' id='word_1_659' title='bbox 2523 4100 2689 4155; x_wconf 86' lang='lat' dir='ltr'><strong>Deum</strong></span> <span class='ocrx_word' id='word_1_660' title='bbox 2714 4140 2730 4166; x_wconf 94' lang='lat'><strong>,</strong></span> <span class='ocrx_word' id='word_1_661' title='bbox 2761 4112 2818 4155; x_wconf 88' lang='lat' dir='ltr'><strong>et</strong></span> <span class='ocrx_word' id='word_1_662' title='bbox 2874 4101 3138 4156; x_wconf 88' lang='lat' dir='ltr'><strong>habentes</strong></span> <span class='ocrx_word' id='word_1_663' title='bbox 3179 4100 3409 4169; x_wconf 89' lang='lat' dir='ltr'><strong>gratiam</strong></span> <span class='ocrx_word' id='word_1_664' title='bbox 3462 4101 3534 4155; x_wconf 85' lang='lat' dir='ltr'><strong>ad</strong></span> 
     </span>
    </p>
   </div>
   <div class='ocr_carea' id='block_1_87' title="bbox 1956 4190 3534 4263">
    <p class='ocr_par' dir='ltr' id='par_1_87' title="bbox 1956 4190 3534 4263">
     <span class='ocr_line' id='line_1_87' title="bbox 1956 4190 3534 4263; baseline -0.002 -14"><span class='ocrx_word' id='word_1_665' title='bbox 1956 4199 2176 4249; x_wconf 85' lang='lat' dir='ltr'><strong>omnem</strong></span> <span class='ocrx_word' id='word_1_666' title='bbox 2209 4192 2450 4263; x_wconf 90' lang='lat' dir='ltr'><strong>plebem.</strong></span> <span class='ocrx_word' id='word_1_667' title='bbox 2503 4191 2769 4248; x_wconf 89' lang='lat' dir='ltr'><strong>Dominus</strong></span> <span class='ocrx_word' id='word_1_668' title='bbox 2794 4199 2976 4247; x_wconf 87' lang='lat' dir='ltr'><strong>autem</strong></span> <span class='ocrx_word' id='word_1_669' title='bbox 3003 4190 3239 4263; x_wconf 88' lang='lat' dir='ltr'><strong>augebat</strong></span> <span class='ocrx_word' id='word_1_670' title='bbox 3271 4190 3365 4262; x_wconf 84' lang='lat' dir='ltr'><strong>qui</strong></span> <span class='ocrx_word' id='word_1_671' title='bbox 3395 4190 3534 4246; x_wconf 81' lang='lat' dir='ltr'><strong>salvi</strong></span> 
     </span>
    </p>
   </div>
   <div class='ocr_carea' id='block_1_88' title="bbox 1956 4283 2790 4355">
    <p class='ocr_par' dir='ltr' id='par_1_88' title="bbox 1956 4283 2790 4355">
     <span class='ocr_line' id='line_1_88' title="bbox 1956 4283 2790 4355; baseline -0.002 -13"><span class='ocrx_word' id='word_1_672' title='bbox 1956 4285 2150 4342; x_wconf 80' lang='lat' dir='ltr'><strong>tierent</strong></span> <span class='ocrx_word' id='word_1_673' title='bbox 2173 4284 2417 4355; x_wconf 89' lang='lat' dir='ltr'><strong>quotidie</strong></span> <span class='ocrx_word' id='word_1_674' title='bbox 2442 4283 2498 4339; x_wconf 93' lang='lat' dir='ltr'><strong>in</strong></span> <span class='ocrx_word' id='word_1_675' title='bbox 2526 4284 2790 4354; x_wconf 87' lang='lat' dir='ltr'><strong>ldipsum.</strong></span> 
     </span>
    </p>
   </div>
   <div class='ocr_carea' id='block_1_89' title="bbox 2032 4374 3534 4451">
    <p class='ocr_par' dir='ltr' id='par_1_89' title="bbox 2032 4374 3534 4451">
     <span class='ocr_line' id='line_1_89' title="bbox 2032 4374 3534 4451; baseline -0.003 -18"><span class='ocrx_word' id='word_1_676' title='bbox 2032 4376 2191 4451; x_wconf 78' lang='grc' dir='ltr'><strong>[ϐαρ.</strong></span> <span class='ocrx_word' id='word_1_677' title='bbox 2221 4374 2339 4449; x_wconf 81' lang='lat'><strong>[11.]</strong></span> <span class='ocrx_word' id='word_1_678' title='bbox 2370 4375 2568 4432; x_wconf 87' lang='lat' dir='ltr'><strong>Petrus</strong></span> <span class='ocrx_word' id='word_1_679' title='bbox 2597 4383 2781 4431; x_wconf 89' lang='lat' dir='ltr'><strong>autem</strong></span> <span class='ocrx_word' id='word_1_680' title='bbox 2812 4385 2869 4431; x_wconf 92' lang='lat' dir='ltr'><strong>et</strong></span> <span class='ocrx_word' id='word_1_681' title='bbox 2892 4374 3132 4432; x_wconf 81' lang='lat' dir='ltr'><strong>Joannes</strong></span> <span class='ocrx_word' id='word_1_682' title='bbox 3155 4375 3534 4431; x_wconf 74' lang='lat' dir='ltr'><strong>ascendebant</strong></span> 
     </span>
    </p>
   </div>
   <div class='ocr_carea' id='block_1_90' title="bbox 273 4460 3531 4539">
    <p class='ocr_par' dir='ltr' id='par_1_90' title="bbox 273 4460 3531 4539">
     <span class='ocr_line' id='line_1_90' title="bbox 273 4460 3531 4539; baseline 0.001 -22"><span class='ocrx_word' id='word_1_683' title='bbox 273 4466 563 4536; x_wconf 84' lang='lat' dir='ltr'><strong>prodigiis,</strong></span> <span class='ocrx_word' id='word_1_684' title='bbox 611 4477 666 4522; x_wconf 88' lang='lat' dir='ltr'><strong>et</strong></span> <span class='ocrx_word' id='word_1_685' title='bbox 726 4468 919 4539; x_wconf 85' lang='lat' dir='ltr'><strong>signis,</strong></span> <span class='ocrx_word' id='word_1_686' title='bbox 958 4484 1080 4539; x_wconf 64' lang='lat' dir='ltr'><strong>quae</strong></span> <span class='ocrx_word' id='word_1_687' title='bbox 1116 4468 1245 4524; x_wconf 77' lang='lat' dir='ltr'><strong>fecit</strong></span> <span class='ocrx_word' id='word_1_688' title='bbox 1273 4468 1415 4524; x_wconf 90' lang='lat' dir='ltr'><strong>Deus</strong></span> <span class='ocrx_word' id='word_1_689' title='bbox 1448 4485 1544 4538; x_wconf 88' lang='lat' dir='ltr'><strong>per</strong></span> <span class='ocrx_word' id='word_1_690' title='bbox 1600 4471 1752 4525; x_wconf 90' lang='lat' dir='ltr'><strong>illum</strong></span> <span class='ocrx_word' id='word_1_691' title='bbox 1792 4470 1847 4524; x_wconf 92' lang='lat' dir='ltr'><strong>in</strong></span> <span class='ocrx_word' id='word_1_692' title='bbox 1883 4460 1928 4516; x_wconf 74' lang='grc' dir='ltr'><strong><em>Β</em></strong></span> <span class='ocrx_word' id='word_1_693' title='bbox 1958 4466 2012 4520; x_wconf 84' lang='lat' dir='ltr'><strong>in</strong></span> <span class='ocrx_word' id='word_1_694' title='bbox 2043 4466 2331 4536; x_wconf 87' lang='lat' dir='ltr'><strong>templum,</strong></span> <span class='ocrx_word' id='word_1_695' title='bbox 2357 4465 2424 4520; x_wconf 89' lang='lat' dir='ltr'><strong>ad</strong></span> <span class='ocrx_word' id='word_1_696' title='bbox 2455 4464 2935 4521; x_wconf 82' lang='lat' dir='ltr'><strong>horam-orationis</strong></span> <span class='ocrx_word' id='word_1_697' title='bbox 2959 4479 3185 4520; x_wconf 90' lang='lat' dir='ltr'><strong>nonam.</strong></span> <span class='ocrx_word' id='word_1_698' title='bbox 3214 4464 3279 4520; x_wconf 82' lang='lat' dir='ltr'><strong>Et</strong></span> <span class='ocrx_word' id='word_1_699' title='bbox 3308 4465 3531 4534; x_wconf 90' lang='lat' dir='ltr'><strong>quidam</strong></span> 
     </span>
    </p>
   </div>
   <div class='ocr_carea' id='block_1_91' title="bbox 270 4558 1849 4623">
    <p class='ocr_par' dir='ltr' id='par_1_91' title="bbox 270 4558 1849 4623">
     <span class='ocr_line' id='line_1_91' title="bbox 270 4558 1849 4623; baseline 0.003 -12"><span class='ocrx_word' id='word_1_700' title='bbox 270 4558 457 4611; x_wconf 87' lang='lat' dir='ltr'><strong>medio</strong></span> <span class='ocrx_word' id='word_1_701' title='bbox 486 4560 674 4623; x_wconf 81' lang='lat' dir='ltr'><strong>vestri,</strong></span> <span class='ocrx_word' id='word_1_702' title='bbox 717 4561 860 4614; x_wconf 89' lang='lat' dir='ltr'><strong>sicut</strong></span> <span class='ocrx_word' id='word_1_703' title='bbox 894 4570 951 4616; x_wconf 90' lang='lat' dir='ltr'><strong>et</strong></span> <span class='ocrx_word' id='word_1_704' title='bbox 1003 4576 1100 4615; x_wconf 85' lang='lat' dir='ltr'><strong>vos</strong></span> <span class='ocrx_word' id='word_1_705' title='bbox 1154 4560 1311 4616; x_wconf 90' lang='lat' dir='ltr'><strong>scitis</strong></span> <span class='ocrx_word' id='word_1_706' title='bbox 1363 4576 1379 4617; x_wconf 89' lang='lat'><strong>:</strong></span> <span class='ocrx_word' id='word_1_707' title='bbox 1427 4561 1571 4617; x_wconf 88' lang='lat' dir='ltr'><strong>hunc</strong></span> <span class='ocrx_word' id='word_1_708' title='bbox 1625 4562 1849 4617; x_wconf 86' lang='lat' dir='ltr'><strong>delinito</strong></span> 
     </span>
    </p>
   </div>
   <div class='ocr_carea' id='block_1_92' title="bbox 269 4651 1849 4725">
    <p class='ocr_par' dir='ltr' id='par_1_92' title="bbox 269 4651 1849 4725">
     <span class='ocr_line' id='line_1_92' title="bbox 269 4651 1849 4725; baseline 0.003 -20"><span class='ocrx_word' id='word_1_709' title='bbox 269 4652 506 4705; x_wconf 91' lang='lat' dir='ltr'><strong>consilio</strong></span> <span class='ocrx_word' id='word_1_710' title='bbox 538 4661 593 4704; x_wconf 90' lang='lat' dir='ltr'><strong>et</strong></span> <span class='ocrx_word' id='word_1_711' title='bbox 627 4651 967 4721; x_wconf 65' lang='lat' dir='ltr'><strong>praescientia</strong></span> <span class='ocrx_word' id='word_1_712' title='bbox 1017 4651 1113 4707; x_wconf 89' lang='lat' dir='ltr'><strong>Dei</strong></span> <span class='ocrx_word' id='word_1_713' title='bbox 1169 4654 1430 4708; x_wconf 84' lang='lat' dir='ltr'><strong>traditum</strong></span> <span class='ocrx_word' id='word_1_714' title='bbox 1500 4670 1596 4725; x_wconf 87' lang='lat' dir='ltr'><strong>per</strong></span> <span class='ocrx_word' id='word_1_715' title='bbox 1655 4669 1849 4709; x_wconf 86' lang='lat' dir='ltr'><strong>manus</strong></span> 
     </span>
    </p>
   </div>
   <div class='ocr_carea' id='block_1_93' title="bbox 270 4741 1851 4815">
    <p class='ocr_par' dir='ltr' id='par_1_93' title="bbox 270 4741 1851 4815">
     <span class='ocr_line' id='line_1_93' title="bbox 270 4741 1851 4815; baseline 0.001 -19"><span class='ocrx_word' id='word_1_716' title='bbox 270 4741 585 4811; x_wconf 86' lang='lat' dir='ltr'><strong>iniquorum</strong></span> <span class='ocrx_word' id='word_1_717' title='bbox 617 4741 894 4812; x_wconf 78' lang='lat' dir='ltr'><strong>adigentes</strong></span> <span class='ocrx_word' id='word_1_718' title='bbox 922 4745 1273 4799; x_wconf 83' lang='lat' dir='ltr'><strong>intereinistis</strong></span> <span class='ocrx_word' id='word_1_719' title='bbox 1308 4761 1324 4798; x_wconf 90' lang='lat'><strong>:</strong></span> <span class='ocrx_word' id='word_1_720' title='bbox 1372 4759 1532 4815; x_wconf 89' lang='lat' dir='ltr'><strong>quem</strong></span> <span class='ocrx_word' id='word_1_721' title='bbox 1571 4748 1709 4799; x_wconf 88' lang='lat' dir='ltr'><strong>Deus</strong></span> <span class='ocrx_word' id='word_1_722' title='bbox 1757 4761 1851 4799; x_wconf 80' lang='lat' dir='ltr'><strong>su-</strong></span> 
     </span>
    </p>
   </div>
   <div class='ocr_carea' id='block_1_94' title="bbox 269 4834 1853 4908">
    <p class='ocr_par' dir='ltr' id='par_1_94' title="bbox 269 4834 1853 4908">
     <span class='ocr_line' id='line_1_94' title="bbox 269 4834 1853 4908; baseline 0.003 -21"><span class='ocrx_word' id='word_1_723' title='bbox 269 4835 510 4898; x_wconf 78' lang='lat' dir='ltr'><strong>scitavit,</strong></span> <span class='ocrx_word' id='word_1_724' title='bbox 540 4834 731 4888; x_wconf 85' lang='lat' dir='ltr'><strong>solutis</strong></span> <span class='ocrx_word' id='word_1_725' title='bbox 775 4835 1051 4891; x_wconf 82' lang='lat' dir='ltr'><strong>doloribus</strong></span> <span class='ocrx_word' id='word_1_726' title='bbox 1096 4837 1329 4901; x_wconf 80' lang='lat' dir='ltr'><strong>inferni,</strong></span> <span class='ocrx_word' id='word_1_727' title='bbox 1361 4839 1511 4907; x_wconf 80' lang='lat' dir='ltr'><strong>juxta</strong></span> <span class='ocrx_word' id='word_1_728' title='bbox 1564 4837 1711 4908; x_wconf 86' lang='lat' dir='ltr'><strong>quod</strong></span> <span class='ocrx_word' id='word_1_729' title='bbox 1754 4838 1853 4891; x_wconf 90' lang='lat' dir='ltr'><strong>im-</strong></span> 
     </span>
    </p>
   </div>
   <div class='ocr_carea' id='block_1_95' title="bbox 272 4925 1857 4995">
    <p class='ocr_par' dir='ltr' id='par_1_95' title="bbox 272 4925 1857 4995">
     <span class='ocr_line' id='line_1_95' title="bbox 272 4925 1857 4995; baseline 0.001 -14"><span class='ocrx_word' id='word_1_730' title='bbox 272 4925 536 4995; x_wconf 84' lang='lat' dir='ltr'><strong>possibile</strong></span> <span class='ocrx_word' id='word_1_731' title='bbox 569 4936 691 4981; x_wconf 90' lang='lat' dir='ltr'><strong>erat</strong></span> <span class='ocrx_word' id='word_1_732' title='bbox 720 4930 891 4983; x_wconf 89' lang='lat' dir='ltr'><strong>teneri</strong></span> <span class='ocrx_word' id='word_1_733' title='bbox 921 4929 1071 4983; x_wconf 91' lang='lat' dir='ltr'><strong>illum</strong></span> <span class='ocrx_word' id='word_1_734' title='bbox 1098 4933 1163 4983; x_wconf 88' lang='lat' dir='ltr'><strong>ab</strong></span> <span class='ocrx_word' id='word_1_735' title='bbox 1187 4944 1273 4985; x_wconf 91' lang='lat' dir='ltr'><strong>eo.</strong></span> <span class='ocrx_word' id='word_1_736' title='bbox 1307 4930 1476 4984; x_wconf 86' lang='lat' dir='ltr'><strong>David</strong></span> <span class='ocrx_word' id='word_1_737' title='bbox 1511 4931 1656 4985; x_wconf 89' lang='lat' dir='ltr'><strong>enim</strong></span> <span class='ocrx_word' id='word_1_738' title='bbox 1710 4929 1857 4984; x_wconf 89' lang='lat' dir='ltr'><strong>dicit</strong></span> 
     </span>
    </p>
   </div>
   <div class='ocr_carea' id='block_1_96' title="bbox 274 5018 1857 5092">
    <p class='ocr_par' dir='ltr' id='par_1_96' title="bbox 274 5018 1857 5092">
     <span class='ocr_line' id='line_1_96' title="bbox 274 5018 1857 5092; baseline 0.004 -21"><span class='ocrx_word' id='word_1_739' title='bbox 274 5018 331 5071; x_wconf 85' lang='lat' dir='ltr'><strong>in</strong></span> <span class='ocrx_word' id='word_1_740' title='bbox 355 5033 519 5073; x_wconf 89' lang='lat' dir='ltr'><strong>eum:</strong></span> <span class='ocrx_word' id='word_1_741' title='bbox 558 5020 914 5074; x_wconf 87' lang='lat' dir='ltr'><strong>Providebam</strong></span> <span class='ocrx_word' id='word_1_742' title='bbox 949 5021 1245 5076; x_wconf 88' lang='lat' dir='ltr'><strong>Dominum</strong></span> <span class='ocrx_word' id='word_1_743' title='bbox 1302 5022 1361 5076; x_wconf 87' lang='lat' dir='ltr'><strong>in</strong></span> <span class='ocrx_word' id='word_1_744' title='bbox 1397 5032 1693 5092; x_wconf 88' lang='lat' dir='ltr'><strong>conspectu</strong></span> <span class='ocrx_word' id='word_1_745' title='bbox 1724 5037 1857 5077; x_wconf 85' lang='lat' dir='ltr'><strong>meo</strong></span> 
     </span>
    </p>
   </div>
   <div class='ocr_carea' id='block_1_97' title="bbox 273 5113 1851 5179">
    <p class='ocr_par' dir='ltr' id='par_1_97' title="bbox 273 5113 1851 5179">
     <span class='ocr_line' id='line_1_97' title="bbox 273 5113 1851 5179; baseline 0.002 -14"><span class='ocrx_word' id='word_1_746' title='bbox 273 5125 497 5178; x_wconf 87' lang='lat' dir='ltr'><strong>semper</strong></span> <span class='ocrx_word' id='word_1_747' title='bbox 533 5124 549 5169; x_wconf 89' lang='lat'><strong>:</strong></span> <span class='ocrx_word' id='word_1_748' title='bbox 586 5114 853 5179; x_wconf 87' lang='lat' dir='ltr'><strong>quoniam</strong></span> <span class='ocrx_word' id='word_1_749' title='bbox 878 5128 906 5166; x_wconf 91' lang='lat' dir='ltr'><strong>a</strong></span> <span class='ocrx_word' id='word_1_750' title='bbox 941 5113 1153 5168; x_wconf 75' lang='lat' dir='ltr'><strong>dextris</strong></span> <span class='ocrx_word' id='word_1_751' title='bbox 1189 5124 1273 5168; x_wconf 90' lang='lat' dir='ltr'><strong>est</strong></span> <span class='ocrx_word' id='word_1_752' title='bbox 1304 5114 1439 5169; x_wconf 82' lang='lat' dir='ltr'><strong>mihi</strong></span> <span class='ocrx_word' id='word_1_753' title='bbox 1483 5129 1552 5169; x_wconf 84' lang='lat' dir='ltr'><strong>ne</strong></span> <span class='ocrx_word' id='word_1_754' title='bbox 1608 5129 1851 5169; x_wconf 90' lang='lat' dir='ltr'><strong>commo-</strong></span> 
     </span>
    </p>
   </div>
   <div class='ocr_carea' id='block_1_98' title="bbox 270 5200 1848 5271">
    <p class='ocr_par' dir='ltr' id='par_1_98' title="bbox 270 5200 1848 5271">
     <span class='ocr_line' id='line_1_98' title="bbox 270 5200 1848 5271; baseline 0.003 -18"><span class='ocrx_word' id='word_1_755' title='bbox 270 5216 423 5254; x_wconf 82' lang='lat' dir='ltr'><strong>vear.</strong></span> <span class='ocrx_word' id='word_1_756' title='bbox 447 5200 675 5271; x_wconf 88' lang='lat' dir='ltr'><strong>Propter</strong></span> <span class='ocrx_word' id='word_1_757' title='bbox 709 5202 813 5257; x_wconf 88' lang='lat' dir='ltr'><strong>hoc</strong></span> <span class='ocrx_word' id='word_1_758' title='bbox 850 5203 1088 5257; x_wconf 74' lang='lat' dir='ltr'><strong>laetatum</strong></span> <span class='ocrx_word' id='word_1_759' title='bbox 1119 5214 1203 5259; x_wconf 80' lang='lat' dir='ltr'><strong>est</strong></span> <span class='ocrx_word' id='word_1_760' title='bbox 1228 5221 1322 5259; x_wconf 81' lang='lat' dir='ltr'><strong>cor</strong></span> <span class='ocrx_word' id='word_1_761' title='bbox 1353 5219 1561 5270; x_wconf 86' lang='lat' dir='ltr'><strong>meum,</strong></span> <span class='ocrx_word' id='word_1_762' title='bbox 1586 5214 1640 5259; x_wconf 90' lang='lat' dir='ltr'><strong>et</strong></span> <span class='ocrx_word' id='word_1_763' title='bbox 1664 5204 1848 5260; x_wconf 75' lang='lat' dir='ltr'><strong>exsul-</strong></span> 
     </span>
    </p>
   </div>
   <div class='ocr_carea' id='block_1_99' title="bbox 279 5289 1850 5361">
    <p class='ocr_par' dir='ltr' id='par_1_99' title="bbox 279 5289 1850 5361">
     <span class='ocr_line' id='line_1_99' title="bbox 279 5289 1850 5361; baseline 0.004 -20"><span class='ocrx_word' id='word_1_764' title='bbox 279 5290 421 5341; x_wconf 81' lang='lat' dir='ltr'><strong>tavit</strong></span> <span class='ocrx_word' id='word_1_765' title='bbox 450 5289 635 5359; x_wconf 84' lang='lat' dir='ltr'><strong>lingua</strong></span> <span class='ocrx_word' id='word_1_766' title='bbox 673 5306 817 5357; x_wconf 85' lang='lat' dir='ltr'><strong>mea,</strong></span> <span class='ocrx_word' id='word_1_767' title='bbox 846 5291 1072 5361; x_wconf 79' lang='lat' dir='ltr'><strong>insuper</strong></span> <span class='ocrx_word' id='word_1_768' title='bbox 1095 5301 1151 5346; x_wconf 85' lang='lat' dir='ltr'><strong>et</strong></span> <span class='ocrx_word' id='word_1_769' title='bbox 1182 5308 1323 5349; x_wconf 89' lang='lat' dir='ltr'><strong>caro</strong></span> <span class='ocrx_word' id='word_1_770' title='bbox 1368 5308 1493 5347; x_wconf 82' lang='lat' dir='ltr'><strong>mea</strong></span> <span class='ocrx_word' id='word_1_771' title='bbox 1540 5294 1850 5361; x_wconf 88' lang='lat' dir='ltr'><strong>requiescet</strong></span> 
     </span>
    </p>
   </div>
   <div class='ocr_carea' id='block_1_100' title="bbox 270 5382 1846 5457">
    <p class='ocr_par' dir='ltr' id='par_1_100' title="bbox 270 5382 1846 5457">
     <span class='ocr_line' id='line_1_100' title="bbox 270 5382 1846 5457; baseline 0.004 -22"><span class='ocrx_word' id='word_1_772' title='bbox 270 5396 487 5447; x_wconf 80' lang='lat' dir='ltr'><strong>seniper</strong></span> <span class='ocrx_word' id='word_1_773' title='bbox 524 5382 826 5451; x_wconf 71' lang='lat' dir='ltr'><strong>:quoniaiu</strong></span> <span class='ocrx_word' id='word_1_774' title='bbox 864 5400 969 5439; x_wconf 91' lang='lat' dir='ltr'><strong>non</strong></span> <span class='ocrx_word' id='word_1_775' title='bbox 1004 5385 1355 5457; x_wconf 83' lang='lat' dir='ltr'><strong>derelinques</strong></span> <span class='ocrx_word' id='word_1_776' title='bbox 1389 5386 1621 5441; x_wconf 79' lang='lat' dir='ltr'><strong>animum</strong></span> <span class='ocrx_word' id='word_1_777' title='bbox 1673 5401 1846 5441; x_wconf 87' lang='lat' dir='ltr'><strong>meam</strong></span> 
     </span>
    </p>
   </div>
   <div class='ocr_carea' id='block_1_101' title="bbox 272 5470 1848 5534">
    <p class='ocr_par' dir='ltr' id='par_1_101' title="bbox 272 5470 1848 5534">
     <span class='ocr_line' id='line_1_101' title="bbox 272 5470 1848 5534; baseline 0.003 -12"><span class='ocrx_word' id='word_1_778' title='bbox 272 5473 327 5523; x_wconf 88' lang='lat' dir='ltr'><strong>in</strong></span> <span class='ocrx_word' id='word_1_779' title='bbox 362 5475 600 5534; x_wconf 84' lang='lat' dir='ltr'><strong>interno,</strong></span> <span class='ocrx_word' id='word_1_780' title='bbox 629 5487 728 5526; x_wconf 91' lang='lat' dir='ltr'><strong>nec</strong></span> <span class='ocrx_word' id='word_1_781' title='bbox 759 5476 913 5526; x_wconf 85' lang='lat' dir='ltr'><strong>dabis</strong></span> <span class='ocrx_word' id='word_1_782' title='bbox 951 5470 1210 5528; x_wconf 88' lang='lat' dir='ltr'><strong>Sanctum</strong></span> <span class='ocrx_word' id='word_1_783' title='bbox 1242 5483 1405 5527; x_wconf 88' lang='lat' dir='ltr'><strong>tuum</strong></span> <span class='ocrx_word' id='word_1_784' title='bbox 1440 5472 1629 5529; x_wconf 84' lang='lat' dir='ltr'><strong>videre</strong></span> <span class='ocrx_word' id='word_1_785' title='bbox 1653 5489 1848 5529; x_wconf 88' lang='lat' dir='ltr'><strong>corru-</strong></span> 
     </span>
    </p>
   </div>
   <div class='ocr_carea' id='block_1_102' title="bbox 272 5560 1851 5634">
    <p class='ocr_par' dir='ltr' id='par_1_102' title="bbox 272 5560 1851 5634">
     <span class='ocr_line' id='line_1_102' title="bbox 272 5560 1851 5634; baseline 0.006 -22"><span class='ocrx_word' id='word_1_786' title='bbox 272 5560 541 5630; x_wconf 84' lang='lat' dir='ltr'><strong>ptionem.</strong></span> <span class='ocrx_word' id='word_1_787' title='bbox 574 5561 743 5618; x_wconf 78' lang='lat' dir='ltr'><strong>Notas</strong></span> <span class='ocrx_word' id='word_1_788' title='bbox 774 5562 908 5617; x_wconf 90' lang='lat' dir='ltr'><strong>mihi</strong></span> <span class='ocrx_word' id='word_1_789' title='bbox 933 5562 1109 5620; x_wconf 79' lang='lat' dir='ltr'><strong>fecisti</strong></span> <span class='ocrx_word' id='word_1_790' title='bbox 1161 5565 1279 5620; x_wconf 88' lang='lat' dir='ltr'><strong>vias</strong></span> <span class='ocrx_word' id='word_1_791' title='bbox 1304 5564 1427 5620; x_wconf 63' lang='lat' dir='ltr'><strong>vita:</strong></span> <span class='ocrx_word' id='word_1_792' title='bbox 1458 5580 1475 5621; x_wconf 87' lang='lat'><strong>:</strong></span> <span class='ocrx_word' id='word_1_793' title='bbox 1505 5573 1562 5620; x_wconf 88' lang='lat' dir='ltr'><strong>et</strong></span> <span class='ocrx_word' id='word_1_794' title='bbox 1610 5564 1851 5634; x_wconf 75' lang='lat' dir='ltr'><strong>replebis</strong></span> 
     </span>
    </p>
   </div>
   <div class='ocr_carea' id='block_1_103' title="bbox 270 5651 1850 5724">
    <p class='ocr_par' dir='ltr' id='par_1_103' title="bbox 270 5651 1850 5724">
     <span class='ocr_line' id='line_1_103' title="bbox 270 5651 1850 5724; baseline 0.006 -18"><span class='ocrx_word' id='word_1_795' title='bbox 270 5666 360 5707; x_wconf 79' lang='lat' dir='ltr'><strong>me</strong></span> <span class='ocrx_word' id='word_1_796' title='bbox 392 5651 740 5722; x_wconf 78' lang='lat' dir='ltr'><strong>iucunditate</strong></span> <span class='ocrx_word' id='word_1_797' title='bbox 768 5669 892 5709; x_wconf 88' lang='lat' dir='ltr'><strong>cum</strong></span> <span class='ocrx_word' id='word_1_798' title='bbox 920 5654 1059 5712; x_wconf 73' lang='lat' dir='ltr'><strong>facie</strong></span> <span class='ocrx_word' id='word_1_799' title='bbox 1091 5666 1203 5712; x_wconf 85' lang='lat' dir='ltr'><strong>tua.</strong></span> <span class='ocrx_word' id='word_1_800' title='bbox 1236 5653 1351 5712; x_wconf 82' lang='lat' dir='ltr'><strong>Viri</strong></span> <span class='ocrx_word' id='word_1_801' title='bbox 1409 5654 1630 5724; x_wconf 79' lang='lat' dir='ltr'><strong>fratres,</strong></span> <span class='ocrx_word' id='word_1_802' title='bbox 1686 5658 1850 5715; x_wconf 82' lang='lat' dir='ltr'><strong>liceat</strong></span> 
     </span>
    </p>
   </div>
   <div class='ocr_carea' id='block_1_104' title="bbox 272 5741 1844 5825">
    <p class='ocr_par' dir='ltr' id='par_1_104' title="bbox 272 5741 1844 5825">
     <span class='ocr_line' id='line_1_104' title="bbox 272 5741 1844 5825; baseline 0.006 -27"><span class='ocrx_word' id='word_1_803' title='bbox 272 5741 758 5825; x_wconf 25' lang='lat' dir='ltr'><strong>audcnterodicere</strong></span> <span class='ocrx_word' id='word_1_804' title='bbox 787 5744 854 5802; x_wconf 86' lang='lat' dir='ltr'><strong>ad</strong></span> <span class='ocrx_word' id='word_1_805' title='bbox 879 5760 978 5804; x_wconf 85' lang='lat' dir='ltr'><strong>vos</strong></span> <span class='ocrx_word' id='word_1_806' title='bbox 999 5746 1065 5803; x_wconf 89' lang='lat' dir='ltr'><strong>de</strong></span> <span class='ocrx_word' id='word_1_807' title='bbox 1107 5746 1418 5822; x_wconf 84' lang='lat' dir='ltr'><strong>patriarcha</strong></span> <span class='ocrx_word' id='word_1_808' title='bbox 1452 5748 1646 5820; x_wconf 77' lang='lat' dir='ltr'><strong>David,</strong></span> <span class='ocrx_word' id='word_1_809' title='bbox 1707 5763 1844 5821; x_wconf 51' lang='lat' dir='ltr'><strong>qui»</strong></span> 
     </span>
    </p>
   </div>
   <div class='ocr_carea' id='block_1_105' title="bbox 1956 4555 3535 4627">
    <p class='ocr_par' dir='ltr' id='par_1_105' title="bbox 1956 4555 3535 4627">
     <span class='ocr_line' id='line_1_105' title="bbox 1956 4555 3535 4627; baseline 0 -15"><span class='ocrx_word' id='word_1_810' title='bbox 1956 4558 2060 4622; x_wconf 91' lang='lat' dir='ltr'><strong>vir,</strong></span> <span class='ocrx_word' id='word_1_811' title='bbox 2085 4558 2180 4627; x_wconf 87' lang='lat' dir='ltr'><strong>qui</strong></span> <span class='ocrx_word' id='word_1_812' title='bbox 2210 4566 2329 4612; x_wconf 85' lang='lat' dir='ltr'><strong>erat</strong></span> <span class='ocrx_word' id='word_1_813' title='bbox 2356 4555 2593 4621; x_wconf 35' lang='lat' dir='ltr'><strong>claudus,</strong></span> <span class='ocrx_word' id='word_1_814' title='bbox 2610 4571 2679 4611; x_wconf 85' lang='lat' dir='ltr'><strong>ex</strong></span> <span class='ocrx_word' id='word_1_815' title='bbox 2702 4565 2858 4611; x_wconf 87' lang='lat' dir='ltr'><strong>utero</strong></span> <span class='ocrx_word' id='word_1_816' title='bbox 2880 4555 3071 4611; x_wconf 70' lang='lat' dir='ltr'><strong>matris</strong></span> <span class='ocrx_word' id='word_1_817' title='bbox 3093 4571 3226 4621; x_wconf 68' lang='lat' dir='ltr'><strong>suae,</strong></span> <span class='ocrx_word' id='word_1_818' title='bbox 3256 4556 3535 4627; x_wconf 83' lang='lat' dir='ltr'><strong>baiulaba-</strong></span> 
     </span>
    </p>
   </div>
   <div class='ocr_carea' id='block_1_106' title="bbox 1956 4646 3526 4720">
    <p class='ocr_par' dir='ltr' id='par_1_106' title="bbox 1956 4646 3526 4720">
     <span class='ocr_line' id='line_1_106' title="bbox 1956 4646 3526 4720; baseline -0.003 -15"><span class='ocrx_word' id='word_1_819' title='bbox 1956 4658 2047 4705; x_wconf 90' lang='lat' dir='ltr'><strong>tur</strong></span> <span class='ocrx_word' id='word_1_820' title='bbox 2082 4665 2109 4707; x_wconf 53' lang='grc' dir='ltr'><strong>ιν.</strong></span> <span class='ocrx_word' id='word_1_821' title='bbox 2157 4663 2325 4720; x_wconf 80' lang='lat' dir='ltr'><strong>quem</strong></span> <span class='ocrx_word' id='word_1_822' title='bbox 2350 4649 2633 4719; x_wconf 75' lang='lat' dir='ltr'><strong>ponebant.</strong></span> <span class='ocrx_word' id='word_1_823' title='bbox 2677 4646 2927 4719; x_wconf 86' lang='lat' dir='ltr'><strong>quotidie</strong></span> <span class='ocrx_word' id='word_1_824' title='bbox 2950 4647 3019 4703; x_wconf 91' lang='lat' dir='ltr'><strong>ad</strong></span> <span class='ocrx_word' id='word_1_825' title='bbox 3056 4658 3266 4719; x_wconf 90' lang='lat' dir='ltr'><strong>portam</strong></span> <span class='ocrx_word' id='word_1_826' title='bbox 3300 4647 3526 4718; x_wconf 87' lang='lat' dir='ltr'><strong>templi,</strong></span> 
     </span>
    </p>
   </div>
   <div class='ocr_carea' id='block_1_107' title="bbox 1954 4738 3528 4812">
    <p class='ocr_par' dir='ltr' id='par_1_107' title="bbox 1954 4738 3528 4812">
     <span class='ocr_line' id='line_1_107' title="bbox 1954 4738 3528 4812; baseline -0.001 -17"><span class='ocrx_word' id='word_1_827' title='bbox 1954 4757 2075 4811; x_wconf 80' lang='lat' dir='ltr'><strong>quae</strong></span> <span class='ocrx_word' id='word_1_828' title='bbox 2125 4740 2331 4797; x_wconf 91' lang='lat' dir='ltr'><strong>dicitur</strong></span> <span class='ocrx_word' id='word_1_829' title='bbox 2357 4739 2640 4811; x_wconf 83' lang='lat' dir='ltr'><strong>Speciosa,</strong></span> <span class='ocrx_word' id='word_1_830' title='bbox 2667 4749 2735 4794; x_wconf 84' lang='lat' dir='ltr'><strong>ut</strong></span> <span class='ocrx_word' id='word_1_831' title='bbox 2779 4748 2996 4810; x_wconf 90' lang='lat' dir='ltr'><strong>peteret</strong></span> <span class='ocrx_word' id='word_1_832' title='bbox 3025 4740 3427 4812; x_wconf 78' lang='lat' dir='ltr'><strong>eleemosynam</strong></span> <span class='ocrx_word' id='word_1_833' title='bbox 3456 4738 3528 4795; x_wconf 89' lang='lat' dir='ltr'><strong>ab</strong></span> 
     </span>
    </p>
   </div>
   <div class='ocr_carea' id='block_1_108' title="bbox 1955 4830 3526 4900">
    <p class='ocr_par' dir='ltr' id='par_1_108' title="bbox 1955 4830 3526 4900">
     <span class='ocr_line' id='line_1_108' title="bbox 1955 4830 3526 4900; baseline 0.001 -15"><span class='ocrx_word' id='word_1_834' title='bbox 1955 4830 2365 4886; x_wconf 85' lang='lat' dir='ltr'><strong>introeuntibus</strong></span> <span class='ocrx_word' id='word_1_835' title='bbox 2389 4830 2445 4883; x_wconf 90' lang='lat' dir='ltr'><strong>in</strong></span> <span class='ocrx_word' id='word_1_836' title='bbox 2480 4831 2767 4900; x_wconf 85' lang='lat' dir='ltr'><strong>templum.</strong></span> <span class='ocrx_word' id='word_1_837' title='bbox 2798 4831 2850 4884; x_wconf 83' lang='lat' dir='ltr'><strong>Is</strong></span> <span class='ocrx_word' id='word_1_838' title='bbox 2881 4845 3006 4886; x_wconf 88' lang='lat' dir='ltr'><strong>cum</strong></span> <span class='ocrx_word' id='word_1_839' title='bbox 3034 4831 3266 4886; x_wconf 88' lang='lat' dir='ltr'><strong>vidisset</strong></span> <span class='ocrx_word' id='word_1_840' title='bbox 3303 4830 3526 4886; x_wconf 85' lang='lat' dir='ltr'><strong>Petrum</strong></span> 
     </span>
    </p>
   </div>
   <div class='ocr_carea' id='block_1_109' title="bbox 1952 4921 3526 4995">
    <p class='ocr_par' dir='ltr' id='par_1_109' title="bbox 1952 4921 3526 4995">
     <span class='ocr_line' id='line_1_109' title="bbox 1952 4921 3526 4995; baseline 0.003 -21"><span class='ocrx_word' id='word_1_841' title='bbox 1952 4932 2010 4975; x_wconf 82' lang='lat' dir='ltr'><strong>et</strong></span> <span class='ocrx_word' id='word_1_842' title='bbox 2038 4921 2306 4978; x_wconf 81' lang='lat' dir='ltr'><strong>Joannem</strong></span> <span class='ocrx_word' id='word_1_843' title='bbox 2336 4924 2663 4995; x_wconf 86' lang='lat' dir='ltr'><strong>incipientes</strong></span> <span class='ocrx_word' id='word_1_844' title='bbox 2692 4924 2921 4979; x_wconf 88' lang='lat' dir='ltr'><strong>introire</strong></span> <span class='ocrx_word' id='word_1_845' title='bbox 2958 4924 3015 4979; x_wconf 92' lang='lat' dir='ltr'><strong>in</strong></span> <span class='ocrx_word' id='word_1_846' title='bbox 3046 4924 3526 4995; x_wconf 74' lang='lat' dir='ltr'><strong>templum,.roga-</strong></span> 
     </span>
    </p>
   </div>
   <div class='ocr_carea' id='block_1_110' title="bbox 1956 5015 3527 5088">
    <p class='ocr_par' dir='ltr' id='par_1_110' title="bbox 1956 5015 3527 5088">
     <span class='ocr_line' id='line_1_110' title="bbox 1956 5015 3527 5088; baseline -0.001 -18"><span class='ocrx_word' id='word_1_847' title='bbox 1956 5017 2068 5080; x_wconf 90' lang='lat' dir='ltr'><strong>bat,</strong></span> <span class='ocrx_word' id='word_1_848' title='bbox 2106 5024 2169 5070; x_wconf 84' lang='lat' dir='ltr'><strong>ut</strong></span> <span class='ocrx_word' id='word_1_849' title='bbox 2191 5015 2595 5088; x_wconf 82' lang='lat' dir='ltr'><strong>eleemosynam</strong></span> <span class='ocrx_word' id='word_1_850' title='bbox 2626 5017 2922 5088; x_wconf 88' lang='lat' dir='ltr'><strong>acciperet.</strong></span> <span class='ocrx_word' id='word_1_851' title='bbox 2964 5016 3194 5073; x_wconf 88' lang='lat' dir='ltr'><strong>lntuens</strong></span> <span class='ocrx_word' id='word_1_852' title='bbox 3246 5027 3430 5072; x_wconf 87' lang='lat' dir='ltr'><strong>autem</strong></span> <span class='ocrx_word' id='word_1_853' title='bbox 3469 5016 3527 5070; x_wconf 89' lang='lat' dir='ltr'><strong>in</strong></span> 
     </span>
    </p>
   </div>
   <div class='ocr_carea' id='block_1_111' title="bbox 1952 5108 3530 5181">
    <p class='ocr_par' dir='ltr' id='par_1_111' title="bbox 1952 5108 3530 5181">
     <span class='ocr_line' id='line_1_111' title="bbox 1952 5108 3530 5181; baseline 0.002 -19"><span class='ocrx_word' id='word_1_854' title='bbox 1952 5124 2075 5162; x_wconf 91' lang='lat' dir='ltr'><strong>eum</strong></span> <span class='ocrx_word' id='word_1_855' title='bbox 2118 5110 2311 5165; x_wconf 81' lang='lat' dir='ltr'><strong>Petrus</strong></span> <span class='ocrx_word' id='word_1_856' title='bbox 2339 5125 2465 5164; x_wconf 92' lang='lat' dir='ltr'><strong>cum</strong></span> <span class='ocrx_word' id='word_1_857' title='bbox 2489 5108 2722 5174; x_wconf 86' lang='lat' dir='ltr'><strong>Joanne,</strong></span> <span class='ocrx_word' id='word_1_858' title='bbox 2745 5109 2885 5165; x_wconf 87' lang='lat' dir='ltr'><strong>dixit</strong></span> <span class='ocrx_word' id='word_1_859' title='bbox 2913 5126 2929 5166; x_wconf 86' lang='lat'><strong>:</strong></span> <span class='ocrx_word' id='word_1_860' title='bbox 2965 5109 3196 5181; x_wconf 79' lang='lat' dir='ltr'><strong>Respice</strong></span> <span class='ocrx_word' id='word_1_861' title='bbox 3229 5109 3284 5165; x_wconf 92' lang='lat' dir='ltr'><strong>in</strong></span> <span class='ocrx_word' id='word_1_862' title='bbox 3312 5125 3435 5165; x_wconf 89' lang='lat' dir='ltr'><strong>nos.</strong></span> <span class='ocrx_word' id='word_1_863' title='bbox 3458 5108 3530 5165; x_wconf 80' lang='lat' dir='ltr'><strong>At</strong></span> 
     </span>
    </p>
   </div>
   <div class='ocr_carea' id='block_1_112' title="bbox 1952 5198 3527 5272">
    <p class='ocr_par' dir='ltr' id='par_1_112' title="bbox 1952 5198 3527 5272">
     <span class='ocr_line' id='line_1_112' title="bbox 1952 5198 3527 5272; baseline -0.001 -19"><span class='ocrx_word' id='word_1_864' title='bbox 1952 5198 2043 5255; x_wconf 75' lang='lat' dir='ltr'><strong>ille</strong></span> <span class='ocrx_word' id='word_1_865' title='bbox 2068 5199 2380 5255; x_wconf 81' lang='lat' dir='ltr'><strong>intendebat</strong></span> <span class='ocrx_word' id='word_1_866' title='bbox 2413 5200 2469 5255; x_wconf 92' lang='lat' dir='ltr'><strong>in</strong></span> <span class='ocrx_word' id='word_1_867' title='bbox 2516 5216 2632 5267; x_wconf 90' lang='lat' dir='ltr'><strong>eos,</strong></span> <span class='ocrx_word' id='word_1_868' title='bbox 2662 5216 2891 5271; x_wconf 87' lang='lat' dir='ltr'><strong>sperans</strong></span> <span class='ocrx_word' id='word_1_869' title='bbox 2920 5216 2982 5258; x_wconf 88' lang='lat' dir='ltr'><strong>se</strong></span> <span class='ocrx_word' id='word_1_870' title='bbox 3010 5202 3214 5272; x_wconf 87' lang='lat' dir='ltr'><strong>aliquid</strong></span> <span class='ocrx_word' id='word_1_871' title='bbox 3268 5207 3527 5268; x_wconf 52' lang='lat' dir='ltr'><strong>acceptur</strong></span> 
     </span>
    </p>
   </div>
   <div class='ocr_carea' id='block_1_113' title="bbox 1952 5291 3525 5365">
    <p class='ocr_par' dir='ltr' id='par_1_113' title="bbox 1952 5291 3525 5365">
     <span class='ocr_line' id='line_1_113' title="bbox 1952 5291 3525 5365; baseline 0 -22"><span class='ocrx_word' id='word_1_872' title='bbox 1952 5305 2074 5343; x_wconf 87' lang='lat' dir='ltr'><strong>rum</strong></span> <span class='ocrx_word' id='word_1_873' title='bbox 2105 5293 2176 5346; x_wconf 89' lang='lat' dir='ltr'><strong>ab</strong></span> <span class='ocrx_word' id='word_1_874' title='bbox 2201 5291 2300 5346; x_wconf 90' lang='lat' dir='ltr'><strong>eis.</strong></span> <span class='ocrx_word' id='word_1_875' title='bbox 2334 5291 2535 5347; x_wconf 88' lang='lat' dir='ltr'><strong>Petrus</strong></span> <span class='ocrx_word' id='word_1_876' title='bbox 2559 5302 2740 5348; x_wconf 89' lang='lat' dir='ltr'><strong>autem</strong></span> <span class='ocrx_word' id='word_1_877' title='bbox 2772 5292 2915 5350; x_wconf 85' lang='lat' dir='ltr'><strong>dixit</strong></span> <span class='ocrx_word' id='word_1_878' title='bbox 2947 5312 2967 5349; x_wconf 85' lang='lat'><strong>:</strong></span> <span class='ocrx_word' id='word_1_879' title='bbox 3020 5295 3318 5365; x_wconf 66' lang='lat' dir='ltr'><strong>Argentum</strong></span> <span class='ocrx_word' id='word_1_880' title='bbox 3342 5299 3401 5346; x_wconf 90' lang='lat' dir='ltr'><strong>et</strong></span> <span class='ocrx_word' id='word_1_881' title='bbox 3425 5304 3525 5343; x_wconf 88' lang='lat' dir='ltr'><strong>au-</strong></span> 
     </span>
    </p>
   </div>
   <div class='ocr_carea' id='block_1_114' title="bbox 1951 5383 3528 5455">
    <p class='ocr_par' dir='ltr' id='par_1_114' title="bbox 1951 5383 3528 5455">
     <span class='ocr_line' id='line_1_114' title="bbox 1951 5383 3528 5455; baseline 0 -17"><span class='ocrx_word' id='word_1_882' title='bbox 1951 5398 2074 5438; x_wconf 79' lang='lat' dir='ltr'><strong>rum</strong></span> <span class='ocrx_word' id='word_1_883' title='bbox 2108 5398 2215 5438; x_wconf 91' lang='lat' dir='ltr'><strong>non</strong></span> <span class='ocrx_word' id='word_1_884' title='bbox 2248 5392 2336 5439; x_wconf 85' lang='lat' dir='ltr'><strong>est</strong></span> <span class='ocrx_word' id='word_1_885' title='bbox 2358 5383 2494 5438; x_wconf 90' lang='lat' dir='ltr'><strong>mihi</strong></span> <span class='ocrx_word' id='word_1_886' title='bbox 2525 5401 2542 5441; x_wconf 83' lang='lat'><strong>:</strong></span> <span class='ocrx_word' id='word_1_887' title='bbox 2602 5384 2751 5455; x_wconf 87' lang='lat' dir='ltr'><strong>quod</strong></span> <span class='ocrx_word' id='word_1_888' title='bbox 2794 5395 2979 5442; x_wconf 72' lang='lat' dir='ltr'><strong>auscm</strong></span> <span class='ocrx_word' id='word_1_889' title='bbox 3028 5385 3244 5449; x_wconf 73' lang='lat' dir='ltr'><strong>habeo,</strong></span> <span class='ocrx_word' id='word_1_890' title='bbox 3301 5384 3412 5439; x_wconf 89' lang='lat' dir='ltr'><strong>hoc-</strong></span> <span class='ocrx_word' id='word_1_891' title='bbox 3429 5383 3528 5439; x_wconf 89' lang='lat' dir='ltr'><strong>tibi</strong></span> 
     </span>
    </p>
   </div>
   <div class='ocr_carea' id='block_1_115' title="bbox 1949 5474 3531 5548">
    <p class='ocr_par' dir='ltr' id='par_1_115' title="bbox 1949 5474 3531 5548">
     <span class='ocr_line' id='line_1_115' title="bbox 1949 5474 3531 5548; baseline 0.002 -18"><span class='ocrx_word' id='word_1_892' title='bbox 1949 5474 2020 5530; x_wconf 78' lang='lat' dir='ltr'><strong>do</strong></span> <span class='ocrx_word' id='word_1_893' title='bbox 2050 5492 2068 5531; x_wconf 93' lang='lat'><strong>:</strong></span> <span class='ocrx_word' id='word_1_894' title='bbox 2099 5476 2159 5532; x_wconf 87' lang='lat' dir='ltr'><strong>In</strong></span> <span class='ocrx_word' id='word_1_895' title='bbox 2190 5477 2414 5532; x_wconf 89' lang='lat' dir='ltr'><strong>nomine</strong></span> <span class='ocrx_word' id='word_1_896' title='bbox 2438 5474 2569 5532; x_wconf 86' lang='lat' dir='ltr'><strong>Jesu</strong></span> <span class='ocrx_word' id='word_1_897' title='bbox 2587 5476 2796 5534; x_wconf 83' lang='lat' dir='ltr'><strong>Christi</strong></span> <span class='ocrx_word' id='word_1_898' title='bbox 2816 5476 3097 5533; x_wconf 66' lang='grc' dir='ltr'><strong>Νεωηυὶ</strong></span> <span class='ocrx_word' id='word_1_899' title='bbox 3125 5492 3309 5548; x_wconf 75' lang='lat' dir='ltr'><strong>surge,</strong></span> <span class='ocrx_word' id='word_1_900' title='bbox 3334 5486 3391 5533; x_wconf 89' lang='lat' dir='ltr'><strong>et</strong></span> <span class='ocrx_word' id='word_1_901' title='bbox 3414 5492 3531 5533; x_wconf 88' lang='lat' dir='ltr'><strong>sm-</strong></span> 
     </span>
    </p>
   </div>
   <div class='ocr_carea' id='block_1_116' title="bbox 1951 5567 3529 5641">
    <p class='ocr_par' dir='ltr' id='par_1_116' title="bbox 1951 5567 3529 5641">
     <span class='ocr_line' id='line_1_116' title="bbox 1951 5567 3529 5641; baseline 0.003 -19"><span class='ocrx_word' id='word_1_902' title='bbox 1951 5567 2105 5626; x_wconf 88' lang='lat' dir='ltr'><strong>bula.</strong></span> <span class='ocrx_word' id='word_1_903' title='bbox 2154 5568 2223 5624; x_wconf 72' lang='lat' dir='ltr'><strong>Et</strong></span> <span class='ocrx_word' id='word_1_904' title='bbox 2242 5570 2595 5641; x_wconf 19' lang='lat' dir='ltr'><strong>apprehensa.</strong></span> <span class='ocrx_word' id='word_1_905' title='bbox 2618 5584 2780 5625; x_wconf 86' lang='lat' dir='ltr'><strong>manu</strong></span> <span class='ocrx_word' id='word_1_906' title='bbox 2812 5571 2933 5639; x_wconf 91' lang='lat' dir='ltr'><strong>eius</strong></span> <span class='ocrx_word' id='word_1_907' title='bbox 2962 5570 3226 5637; x_wconf 84' lang='lat' dir='ltr'><strong>dextera,</strong></span> <span class='ocrx_word' id='word_1_908' title='bbox 3273 5570 3529 5626; x_wconf 85' lang='lat' dir='ltr'><strong>allevavlt</strong></span> 
     </span>
    </p>
   </div>
   <div class='ocr_carea' id='block_1_117' title="bbox 1948 5660 3529 5735">
    <p class='ocr_par' dir='ltr' id='par_1_117' title="bbox 1948 5660 3529 5735">
     <span class='ocr_line' id='line_1_117' title="bbox 1948 5660 3529 5735; baseline 0.002 -18"><span class='ocrx_word' id='word_1_909' title='bbox 1948 5676 2075 5717; x_wconf 89' lang='lat' dir='ltr'><strong>eum</strong></span> <span class='ocrx_word' id='word_1_910' title='bbox 2097 5700 2114 5728; x_wconf 95' lang='lat'><strong>,</strong></span> <span class='ocrx_word' id='word_1_911' title='bbox 2150 5671 2207 5718; x_wconf 79' lang='lat' dir='ltr'><strong>et</strong></span> <span class='ocrx_word' id='word_1_912' title='bbox 2264 5664 2513 5733; x_wconf 83' lang='lat' dir='ltr'><strong>protinus</strong></span> <span class='ocrx_word' id='word_1_913' title='bbox 2543 5660 2903 5718; x_wconf 69' lang='lat' dir='ltr'><strong>consolidatae</strong></span> <span class='ocrx_word' id='word_1_914' title='bbox 2924 5671 3054 5717; x_wconf 89' lang='lat' dir='ltr'><strong>sunt</strong></span> <span class='ocrx_word' id='word_1_915' title='bbox 3099 5663 3261 5718; x_wconf 83' lang='lat' dir='ltr'><strong>bases</strong></span> <span class='ocrx_word' id='word_1_916' title='bbox 3320 5666 3438 5735; x_wconf 89' lang='lat' dir='ltr'><strong>eius</strong></span> <span class='ocrx_word' id='word_1_917' title='bbox 3469 5673 3529 5720; x_wconf 85' lang='lat' dir='ltr'><strong>et</strong></span> 
     </span>
    </p>
   </div>
   <div class='ocr_carea' id='block_1_118' title="bbox 1951 5751 3525 5824">
    <p class='ocr_par' dir='ltr' id='par_1_118' title="bbox 1951 5751 3525 5824">
     <span class='ocr_line' id='line_1_118' title="bbox 1951 5751 3525 5824; baseline 0.005 -18"><span class='ocrx_word' id='word_1_918' title='bbox 1951 5751 2169 5824; x_wconf 66' lang='lat' dir='ltr'><strong>plantae,</strong></span> <span class='ocrx_word' id='word_1_919' title='bbox 2194 5751 2260 5809; x_wconf 74' lang='lat' dir='ltr'><strong>Et</strong></span> <span class='ocrx_word' id='word_1_920' title='bbox 2291 5751 2551 5810; x_wconf 80' lang='lat' dir='ltr'><strong>exsiliens</strong></span> <span class='ocrx_word' id='word_1_921' title='bbox 2602 5752 2775 5821; x_wconf 79' lang='lat' dir='ltr'><strong>stetit,</strong></span> <span class='ocrx_word' id='word_1_922' title='bbox 2800 5761 2856 5809; x_wconf 90' lang='lat' dir='ltr'><strong>et</strong></span> <span class='ocrx_word' id='word_1_923' title='bbox 2880 5751 3199 5809; x_wconf 81' lang='lat' dir='ltr'><strong>ambulabat</strong></span> <span class='ocrx_word' id='word_1_924' title='bbox 3228 5769 3246 5811; x_wconf 70' lang='grc' dir='ltr'>ι</span> <span class='ocrx_word' id='word_1_925' title='bbox 3273 5760 3331 5811; x_wconf 87' lang='lat' dir='ltr'><strong>et</strong></span> <span class='ocrx_word' id='word_1_926' title='bbox 3352 5752 3525 5813; x_wconf 78' lang='lat' dir='ltr'><strong>intra-</strong></span> 
     </span>
    </p>
   </div>
  </div>
