3880 6168
430 284 535 346 727

1342 290 1402 352 S.
1440 289 1880 351 lIIERONYMI
1924 290 2186 352 DlVlNA
2232 292 2767 352 BIBLIOTHECA.
3558 290 3647 354 728

427 396 506 449 vit
534 410 657 450 cum
690 394 799 453 illis
826 396 879 451 in
916 398 1177 469 templum
1213 398 1519 463 ambulans,
1547 410 1600 454 et
1629 400 1911 467 exsilieus,
1944 410 1999 456 et
2032 409 2073 462 Α
2108 404 2520 474 interrogabant
2558 422 2571 460 :
2606 404 2664 458 In
2694 419 2797 473 qua
2830 403 3050 464 virtute,
3079 413 3173 456 aut
3204 401 3256 455 in
3305 414 3413 470 quo
3462 405 3650 458 nomine

425 486 657 542 laudans
686 486 877 543 Deum.
907 490 973 544 Et
1006 489 1141 544 vidit
1163 490 1342 545 omnis
1393 491 1627 559 populus
1660 507 1784 546 eum
1810 494 2000 547 ambu-

426 577 654 643 lantem,
685 590 740 634 et
764 581 1079 635 laudantem
1106 581 1296 636 Deum.
1352 581 1767 653 Cugnoscebant
1820 596 2000 638 autem

428 667 603 731 illum,
638 670 781 738 quod
816 670 929 739 ipse
955 678 1093 732 erat,
1126 668 1219 739 qui
1250 670 1316 725 ad
1345 670 1745 740 eleemosynam
1775 670 2003 725 sedebat

424 762 492 813 ad
524 761 835 828 Speciosam
876 773 1089 831 portam
1122 763 1305 832 templi
1336 780 1351 819 :
1379 773 1435 817 et
1464 762 1674 831 impleti
1707 774 1835 816 sunt
1888 772 1999 816 stu-

424 867 559 918 pore
589 860 644 905 et
678 853 903 917 exstasi,
934 854 987 907 in
1017 869 1083 907 eo
1107 854 1249 923 quod
1273 854 1576 924 contigerat
1608 854 1705 908 illi.
1740 853 1876 909 Cum
1921 862 2002 906 te-

424 956 583 998 neret
609 956 796 999 autem
830 946 1053 1000 Petrum
1110 956 1164 1001 et
1195 946 1485 1008 Joannem,
1544 946 1792 999 cucurrit
1822 946 2001 999 omnis

424 1036 660 1105 populus
694 1037 761 1090 ad
793 1052 908 1099 eos,
938 1038 1003 1091 ad
1038 1037 1311 1107 porticum
1348 1054 1471 1107 quae
1506 1038 1810 1107 appellatur
1847 1037 1999 1091 Salo-

422 1127 626 1192 monis,
661 1139 964 1198 stupentes.
998 1129 1200 1184 V’idens
1254 1137 1438 1185 autem
1469 1128 1683 1194 Petrus,
1721 1130 2001 1197 respondit

420 1218 489 1275 ad
523 1220 783 1289 populum
816 1238 830 1275 ε
870 1222 982 1277 Viri
1018 1222 1293 1285 lsraelitae,
1320 1222 1449 1291 quid
1478 1221 1751 1275 miramini
1783 1223 1833 1274 in
1874 1223 1996 1285 hoc,

420 1319 517 1366 aut
545 1327 643 1365 nos
673 1312 803 1381 quid
837 1313 1147 1379 intuemini,
1172 1315 1326 1384 quasi
1353 1324 1535 1367 nostra
1567 1313 1768 1367 virtute
1796 1325 1887 1367 aut
1913 1330 2000 1382 po-

422 1412 619 1457 testate
646 1404 940 1460 fecerimus
972 1405 1117 1460 hunc
1143 1406 1427 1461 ambulare
1456 1406 1483 1458 ?
1512 1405 1653 1460 Deus
1696 1406 1994 1470 Abraham,

418 1502 475 1548 et
509 1494 652 1549 Deus
681 1495 852 1561 Isaac,
882 1504 935 1550 et
962 1497 1103 1551 Deus
1126 1498 1314 1565 Jacob,
1351 1498 1497 1552 Deus
1526 1505 1741 1567 patrum
1776 1506 1996 1553 nostro-

417 1600 562 1646 rum,
596 1585 918 1655 glorificavit
952 1586 1150 1643 Filium
1204 1603 1363 1645 suum
1415 1589 1626 1652 Jesum,
1678 1603 1840 1659 quem
1898 1604 1995 1643 vos

418 1677 641 1746 quidem
673 1679 990 1743 tradidistis,
1015 1691 1069 1737 et
1088 1683 1324 1751 negastis
1346 1691 1471 1736 ante
1550 1681 1741 1736 faciem
1786 1680 1941 1734 Pilati
1975 1722 1990 1744 ,

412 1766 700 1835 judicaute
724 1769 817 1823 illo
843 1769 1064 1824 dimitti.
1090 1768 1200 1823 Vos
1221 1780 1402 1823 autem
1429 1780 1678 1824 sanctum
1703 1778 1757 1822 et
1783 1769 1988 1838 justum

420 1859 683 1927 negastis,
710 1871 763 1913 et
783 1861 997 1929 petistis
1019 1863 1193 1915 virum
1226 1860 1556 1915 homicidam
1578 1862 1768 1914 donari
1794 1860 1948 1915 vobis
1975 1879 1987 1912 :

419 1958 698 2004 auctorem
734 1967 862 2007 vero
894 1952 1018 2007 vita:
1048 1952 1423 2020 interfecistis,
1449 1968 1610 2022 quem
1654 1952 1795 2007 Deos
1821 1956 1992 2007 susci-

421 2041 553 2094 tavit
588 2057 617 2096 a
645 2043 904 2109 mortuis,
945 2045 1104 2115 cujus
1139 2060 1243 2100 nos
1275 2055 1435 2101 testes
1468 2061 1678 2099 sumus.
1713 2046 1779 2097 Et
1803 2046 1855 2097 in
1887 2045 1989 2098 title

415 2132 655 2187 nominis
676 2135 814 2204 ejus,
847 2135 1014 2201 hunc,
1052 2151 1217 2203 quem
1257 2152 1352 2190 vos
1421 2137 1643 2201 vidistis,
1689 2146 1742 2191 et
1791 2138 1984 2200 nostis,

415 2224 765 2280 confirmavit
802 2241 1000 2280 nomen
1026 2227 1146 2297 ejus
1181 2243 1194 2278 :
1235 2237 1290 2281 et
1344 2227 1498 2293 fides,
1533 2244 1653 2296 qua:
1720 2241 1816 2296 per
1862 2243 1985 2281 eum

414 2324 520 2378 est,
548 2316 699 2371 dedit
730 2318 998 2388 integram
1031 2320 1320 2375 sanitatem
1368 2318 1525 2373 istaut
1583 2321 1637 2373 in
1685 2329 1984 2389 conspectu

414 2408 660 2463 omnium
694 2422 956 2466 vestrum.
993 2412 1061 2465 Et
1101 2427 1267 2476 nunc,
1307 2411 1522 2475 fratres,
1556 2413 1673 2466 scio
1712 2413 1835 2480 quia
1891 2429 1986 2481 per

415 2498 781 2568 ignorantiam
826 2502 1052 2568 fecistis,
1076 2505 1219 2557 sicut
1246 2513 1301 2565 et
1324 2505 1601 2573 principes
1624 2504 1810 2558 vestri.
1845 2503 1986 2558 Dens

414 2601 766 2662 autem,quae
805 2594 1197 2662 praenuntiavit
1224 2610 1322 2664 per
1366 2609 1428 2648 os
1475 2594 1719 2648 omnium
1755 2599 1984 2664 prephe—

413 2691 614 2749 tarum,
654 2684 765 2754 pati
804 2685 1084 2739 Christum
1127 2700 1308 2750 suum,
1345 2687 1424 2738 sic
1474 2685 1740 2753 implevit.
1796 2684 1982 2738 Poeni-

411 2778 605 2832 temini
635 2778 798 2847 igitur
825 2788 882 2834 et
930 2778 1338 2842 convertimini,
1395 2786 1453 2831 ut
1520 2777 1807 2832 deleantur
1856 2792 1981 2848 pee-

412 2876 533 2923 cata
573 2877 757 2925 vestra
792 2887 806 2923 :
845 2880 908 2923 ut
936 2883 1062 2924 cum
1087 2868 1337 2922 venerint
1367 2877 1609 2938 tempora
1661 2868 1926 2938 refrigerii
1953 2884 1984 2922 a

410 2972 711 3031 conspectu
746 2961 984 3027 Domini,
1012 2973 1067 3016 et
1098 2961 1311 3015 miserit
1334 2976 1481 3027 eum,
1521 2960 1614 3029 qui
1660 2960 1983 3031 praedicatus

2108 497 2283 549 fecisti
2309 496 2413 549 boe
2445 511 2539 550 vos
2566 495 2589 547 ?
2620 495 2775 548 Tune
2804 494 3041 563 repletus
3066 494 3274 562 Spiritu
3334 505 3519 547 sancto
3570 494 3650 550 Pe-

2108 598 2245 651 trus,
2279 584 2417 638 dixit
2450 584 2516 637 ad
2543 599 2681 639 eos:
2746 584 3027 652 Principes
3080 584 3288 653 populi,
3338 592 3392 636 et
3442 586 3653 641 seniores

2104 680 2311 734 audite.
2392 678 2445 733 Si
2495 688 2597 727 nos
2652 676 2813 731 hodie
2867 675 3230 745 dijudicamur
3281 673 3335 727 in
3400 674 3651 731 benefacta

2107 772 2345 826 hominis
2378 771 2605 835 infirmi,
2633 771 2685 824 in
2718 784 2827 835 quo
2862 769 2965 822 iste
2993 767 3179 821 salvus
3216 767 3395 818 factus
3424 774 3526 828 est,
3570 783 3650 819 no-

2105 874 2218 919 tqu
2255 867 2327 920 sit
2367 866 2625 920 erunibus
2661 862 2833 923 vobis,
2857 869 2913 915 et
2949 859 3098 913 omni
3132 858 3276 928 plebi
3306 857 3469 910 Israel
3515 860 3650 923 ,quia

2103 958 2158 1011 in
2199 959 2417 1011 nomine
2450 956 2663 1010 Domini
2715 953 2887 1008 nostri
2926 952 3053 1007 Jesu
3102 949 3303 1003 Christi
3377 948 3650 1015 Nazareni,

2103 1065 2265 1119 quem
2307 1064 2400 1103 vos
2431 1046 2783 1102 crucifixistis
2844 1086 2858 1109 ,
2911 1060 3073 1113 quem
3135 1043 3275 1095 Deus
3323 1041 3596 1093 suscitavit
3628 1059 3650 1094 a

2102 1134 2355 1194 mortuis,
2412 1137 2463 1185 in
2485 1132 2586 1185 hoc
2613 1132 2714 1185 iste
2750 1129 2931 1184 adstat
2961 1143 3144 1181 coram
3171 1126 3325 1179 vobis
3353 1140 3544 1177 sanus.
3575 1124 3652 1178 ilic

2100 1235 2183 1281 est
2212 1225 2369 1294 lapis.
2402 1225 2493 1293 qui
2534 1222 2859 1292 reprobatus
2897 1229 2981 1273 est
3008 1235 3036 1271 a
3069 1217 3226 1270 vobis
3256 1215 3649 1279 ambiit-antibus,

2099 1319 2191 1388 qui
2223 1318 2399 1372 factus
2428 1325 2513 1370 est
2544 1316 2595 1368 in
2624 1321 2786 1382 caput
2817 1310 2997 1380 anguli
3035 1326 3057 1365 :
3086 1317 3140 1362 et
3171 1323 3277 1362 non
3332 1316 3417 1361 est
3471 1308 3523 1359 iu
3563 1306 3651 1359 alio

2099 1412 2283 1483 aliquo
2311 1411 2477 1464 salus.
2507 1408 2618 1461 Nec
2643 1405 2792 1461 enim
2822 1402 2968 1457 aliud
3017 1417 3215 1455 nomen
3250 1410 3331 1454 est
3383 1400 3490 1453 sub
3537 1401 3650 1452 coelo

2098 1503 2284 1557 datum
2307 1501 2640 1563 hominibus,
2680 1500 2731 1551 in
2756 1512 2865 1567 quo
2899 1505 3148 1565 oporteat
3176 1510 3274 1547 nos
3312 1493 3493 1546 salvos
3536 1490 3650 1543 ﬁeri.

2102 1596 2360 1649 Videntes
2390 1602 2570 1647 autem
2605 1590 2749 1644 Petri
2783 1588 3150 1644 constantiam
3188 1584 3654 1643 ctJoanuis.com-

2098 1697 2254 1757 perto
2284 1686 2429 1756 quod
2461 1685 2711 1739 homines
2738 1674 2923 1738 essent
2951 1681 3068 1735 sine
3120 1678 3315 1733 lizteris
3376 1687 3429 1730 et
3480 1676 3651 1739 idiotze,

2098 1780 2535 1844 admirabantur,
2565 1787 2619 1831 et
2651 1774 3057 1844 cognoscebant
3118 1788 3213 1826 eos
3252 1774 3513 1839 quoniam
3550 1785 3651 1832 cum

2097 1868 2224 1923 Jesu
2259 1868 2479 1923 fuerant
2512 1884 2525 1923 :
2553 1867 2830 1923 bcminem
2888 1879 3106 1934 quoque
3138 1863 3387 1916 videntes
3438 1868 3651 1913 stantem

2095 1977 2218 2015 eum
2250 1962 2353 2025 eis,
2386 1960 2478 2030 qui
2503 1970 2728 2015 curatus
2755 1959 2951 2024 fuerat,
2983 1956 3117 2009 nihil
3173 1961 3425 2024 poterant
3456 1962 3652 2006 contra-

2094 2056 2298 2110 dicere.
2331 2055 2623 2109 Jusserunt
2653 2062 2837 2107 autem
2868 2066 2964 2104 eos
3000 2048 3143 2103 foras
3192 2057 3347 2101 extra
3376 2046 3651 2099 concilium

2093 2143 2353 2198 secedere
2389 2157 2409 2196 :
2434 2152 2490 2196 et
2537 2141 2895 2196 conferebant
2930 2140 2996 2192 ad
3061 2138 3321 2199 invicem,
3374 2136 3652 2188 dicentes:

2091 2235 2230 2303 Quid
2262 2235 2524 2288 faciemus
2549 2232 2863 2287 hominibus
2921 2230 3092 2285 istis?
3144 2230 3398 2300 quoniam
3458 2226 3652 2294 quidem

2091 2339 2280 2380 notum
2331 2329 2548 2396 signum
2583 2325 2785 2379 factum
2820 2333 2905 2378 est
2936 2338 3033 2392 per
3063 2336 3159 2376 eos
3222 2322 3487 2375 omnibus
3517 2318 3655 2370 babi-

2091 2418 2333 2471 tantibus
2360 2416 2659 2471 Jerusalem
2707 2433 2720 2468 :
2758 2412 3102 2468 manifestum
3131 2420 3235 2472 est,
3286 2420 3341 2464 et
3377 2424 3489 2461 non
3542 2421 3653 2476 pos-

2090 2522 2280 2563 sumus
2313 2522 2531 2577 negare.
2563 2504 2670 2560 Sed
2698 2520 2766 2559 ne
2809 2504 3045 2574 amplius
3071 2501 3382 2571 divulgetur
3410 2503 3471 2552 in
3503 2512 3653 2566 pnpuo

2089 2600 2222 2664 lum,
2252 2599 2649 2652 comminemur
2675 2597 2776 2659 eis,
2808 2611 2875 2649 ne
2933 2594 3072 2646 ultra
3110 2593 3408 2661 loquantur
3457 2591 3511 2642 in
3568 2604 3652 2639 uo-

2089 2691 2236 2742 mine
2272 2691 2374 2741 hoc
2426 2689 2520 2741 ulli
2551 2688 2859 2741 hominum.
2905 2686 2970 2740 Et
3021 2693 3277 2738 vocantes
3304 2698 3425 2747 eos,
3455 2682 3653 2735 detrun-

2090 2783 2386 2843 tiaverunt,
2419 2795 2483 2835 ue
2512 2783 2738 2833 omnino
2771 2778 3131 2847 loquerentur
3193 2788 3372 2843 neque
3409 2773 3653 2825 docerent

2088 2877 2139 2930 in
2172 2879 2394 2931 nomine
2425 2876 2575 2931 Jesu.
2608 2877 2802 2931 Petrus
2835 2888 2962 2929 vero
3027 2881 3082 2926 et
3138 2870 3381 2925 Joannes
3438 2882 3653 2935 respon-

2085 2971 2300 3033 dentes,
2334 2970 2587 3024 dixerunt
2619 2969 2685 3021 ad
2712 2983 2803 3021 eos
2833 2984 2849 3023 ι
2899 2967 2954 3020 Si
2975 2965 3183 3033 justum
3214 2971 3298 3017 est
3330 2963 3383 3015 in
3441 2974 3656 3026 conspeo

411 3066 497 3110 cst
519 3054 701 3121 vobis,
740 3055 926 3110 Jesum
964 3053 1269 3118 Christum,
1305 3068 1467 3122 quem
1498 3062 1713 3123 oportet
1758 3054 1979 3123 quidem

2089 3071 2178 3115 ctu
2210 3061 2326 3122 Dei,
2361 3076 2455 3115 vos
2481 3061 2661 3129 potius
2692 3059 2881 3112 audire
2925 3070 3084 3125 quam
3139 3055 3333 3113 Deum,
3381 3050 3654 3122 judieate:

410 3154 613 3209 calum
635 3152 1153 3221 suscipere.usque
1210 3149 1263 3205 in
1316 3160 1564 3218 tempora
1612 3149 1980 3205 restitutionis

408 3248 678 3309 omnium,
711 3260 833 3315 qua:
866 3246 1086 3299 loeutus
1108 3252 1192 3297 est
1241 3243 1382 3296 Deus
1424 3258 1522 3311 per
1545 3258 1608 3298 os
1665 3254 1979 3299 sanctorum

409 3353 636 3394 suorum
660 3352 693 3391 a
722 3337 921 3391 accido
947 3336 1358 3405 prophetarum.
1404 3334 1615 3405 Moyses
1641 3336 1863 3405 quidem
1900 3336 1980 3391 di-

406 3432 485 3485 xit
526 3448 542 3485 :
581 3428 848 3494 Quoniam
896 3426 1225 3495 Propbetam
1253 3425 1542 3480 suscitahit
1604 3426 1760 3481 vobis
1799 3427 1982 3481 Domi-

409 3521 699 3577 nus'Deus
749 3528 931 3573 vester
986 3518 1054 3571 de
1102 3516 1366 3570 fratribus
1428 3518 1653 3582 vestris,
1717 3529 1977 3588 tanquam

408 3615 681 3681 nteipsutn
711 3609 947 3664 audietis
972 3611 1127 3680 juxta
1165 3608 1349 3665 omnia
1387 3624 1730 3679 quaecunque
1761 3609 1981 3666 locutus

404 3705 575 3762 fuerit
604 3704 782 3760 vobis.
816 3703 1139 3763 Eritautem
1171 3720 1185 3757 :
1224 3702 1402 3757 omnis
1460 3702 1641 3755 anima
1691 3717 1814 3772 quae
1870 3721 1979 3758 non

408 3798 649 3854 audierit
694 3797 1016 3867 praphetam
1049 3794 1229 3858 illum,
1277 3792 1735 3848 exterminabitur
1763 3792 1830 3849 de
1864 3794 1978 3863 ple-

406 3892 501 3948 he.
532 3892 595 3946 Et
622 3905 817 3945 omnes
841 3888 1117 3957 prophetae
1157 3901 1187 3940 a
1226 3885 1467 3951 Samuel,
1490 3896 1547 3939 et
1571 3884 1853 3954 deinceps,
1882 3886 1976 3954 qui

409 3984 575 4039 locuti
610 3991 760 4045 sunt,
798 3979 1273 4033 auuuntiaverunt
1315 3978 1430 4031 dies
1464 3978 1621 4033 istos.
1689 3975 1796 4032 Vos
1847 3983 1981 4035 estis

406 4077 505 4132 ﬁlii
541 4074 962 4145 prophetarum,
995 4080 1054 4125 et
1117 4071 1453 4135 testamenti,
1505 4070 1650 4138 quod
1708 4070 1981 4141 disposuit

404 4167 550 4222 Deus
581 4166 649 4220 ad
680 4166 872 4219 Patres
900 4173 1141 4228 nostros,
1172 4162 1365 4217 dicens
1419 4160 1486 4214 ad
1544 4160 1813 4215 Abraham
1845 4177 1859 4217 :
1913 4159 1979 4218 Et

402 4264 461 4318 in
493 4261 702 4317 semine
731 4268 823 4315 tuo
858 4257 1259 4313 benedicentur
1315 4270 1510 4310 omnes
1540 4255 1758 4312 familia:
1820 4265 1979 4311 terra:

401 4352 571 4409 Vobis
604 4352 837 4421 primum
877 4350 1023 4404 Deus
1046 4346 1321 4403 suscitans
1343 4344 1551 4403 Filium,
1594 4360 1779 4412 suum,
1829 4345 1977 4401 misit

2088 3167 2197 3206 non
2229 3152 2376 3207 enim
2407 3165 2698 3221 possumus
2756 3161 2879 3218 qua
2932 3147 3172 3203 vidimus
3228 3154 3283 3197 et
3334 3144 3654 3201 audivimus,

2084 3242 2384 3311 nonloqui.
2434 3244 2501 3296 At
2563 3242 2639 3295 illi
2695 3241 3091 3297 coinmiuantcs
3134 3238 3469 3293 dimiserunt
3528 3246 3655 3286 cos:

2082 3352 2197 3391 non
2223 3335 2570 3390 invenientes
2631 3333 2907 3401 quomodo
2960 3331 3220 3402 punirent
3266 3344 3386 3391 eos,
3446 3335 3656 3395 propter

2084 3430 2371 3499 populum,
2403 3429 2534 3499 quia
2556 3443 2749 3483 omnes
2778 3423 3153 3482 clarificabant
3182 3423 3232 3477 id
3267 3420 3411 3491 quod
3460 3419 3658 3473 factum

2084 3524 2264 3578 fuerat
2294 3524 2346 3576 in
2385 3538 2474 3586 eo,
2507 3520 2650 3590 quod
2681 3519 2974 3574 acciderat.
3013 3520 3292 3570 Annorum
3337 3515 3493 3568 enim
3549 3522 3656 3566 erat

2081 3614 2314 3683 amplius
2343 3612 2700 3683 quadraginta
2738 3612 2919 3673 homo,
2955 3609 3007 3662 in
3056 3623 3165 3677 quo
3220 3608 3429 3662 factum
3491 3606 3655 3661 fuerat

2080 3709 2297 3777 signum
2333 3707 2477 3762 istud
2509 3706 2779 3761 sanitatis.
2823 3703 3044 3760 Dimissi
3070 3712 3251 3757 autem
3277 3709 3556 3754 venerunt
3596 3698 3656 3749 ad

2081 3812 2232 3861 suos,
2263 3805 2316 3852 et
2360 3796 2829 3849 annuntiaverunt
2871 3794 2972 3857 eis,
3014 3802 3217 3861 quanta
3269 3790 3338 3844 ad
3389 3806 3490 3843 eos
3517 3789 3654 3859 prin-

2081 3888 2229 3956 cipes
2260 3886 2601 3942 sacerdotum
2635 3896 2689 3941 et
2735 3885 2982 3940 seniores
3028 3883 3318 3938 dixissent.
3361 3882 3470 3947 Qui
3531 3896 3654 3956 cum

2080 3981 2385 4042 audissent,
2432 3978 2765 4034 unanimiter
2805 3979 3119 4034 levaverunt
3157 3991 3346 4030 vocem
3385 3975 3456 4029 ad
3490 3950 3654 4028 Deum

2081 4080 2136 4126 et
2171 4071 2424 4129 dixerunt
2461 4087 2474 4125 :
2508 4070 2757 4133 Domine,
2809 4080 2865 4123 tu
2893 4084 2972 4139 es.
3009 4068 3100 4138 qui
3146 4067 3325 4122 fecisti
3370 4068 3578 4121 caelum
3608 4072 3659 4117 et

2082 4174 2306 4228 terram,
2342 4177 2491 4217 mare
2557 4172 2615 4218 ct
2643 4162 2825 4216 omnia
2851 4176 2971 4230 qua
3005 4162 3057 4214 in
3096 4159 3176 4213 eis
3206 4169 3336 4213 sunt
3371 4175 3388 4211 :
3421 4158 3520 4227 qui
3547 4156 3659 4224 Spi~

2081 4254 2186 4307 ritu
2208 4262 2398 4306 sancto
2423 4267 2515 4321 per
2539 4267 2600 4308 os
2632 4252 2803 4321 patris
2842 4251 3017 4305 nostri
3074 4250 3265 4315 David,
3327 4250 3502 4319 pueri
3566 4250 3657 4311 tui,

2078 4343 2259 4399 dixisti
2304 4360 2317 4396 :
2349 4342 2527 4411 Quare
2566 4344 2905 4399 fremuerunt
2940 4352 3150 4414 gentes,
3183 4353 3240 4397 et
3265 4343 3460 4413 populi
3498 4340 3660 4395 medi-

399 4462 524 4502 cum
572 4443 985 4498 heusdieentom
1032 4438 1206 4507 vobis,
1271 4447 1334 4495 ut
1385 4446 1671 4495 convertat
1691 4452 1751 4495 se
1804 4453 1974 4493 unus-
2006 4438 2054 4496 ο
2088 4434 2182 4488 tati
2213 4445 2340 4489 sunt
2370 4434 2549 4489 inania
2580 4435 2936 4490 ?Astitcrunt
2958 4450 3111 4505 reges
3143 4444 3297 4489 terrae
3329 4443 3393 4488 et
3452 4435 3660 4503 princi-
3698 4444 3701 4445 '

398 4536 633 4608 quisque
662 4550 693 4589 a
721 4533 962 4604 nequitia
995 4546 1093 4588 sua
1131 4548 1146 4586 :

477 4626 637 4698 [ϐιῳ.
670 4624 785 4696 IV.)
845 4622 1218 4691 Loquentibus
1253 4633 1435 4679 autem
1467 4622 1573 4677 illis
1598 4620 1664 4675 ad
1688 4621 1970 4689 populum,

397 4724 839 4784 supervenerunt
873 4712 1211 4775 sacerdotes,
1246 4723 1301 4767 et
1347 4713 1704 4781 magistratus
1762 4712 1970 4781 templi,

396 4819 453 4863 et
489 4806 795 4869 Sadduezei,
821 4804 1071 4859 dolentes
1134 4807 1279 4873 quod
1340 4803 1604 4860 docerent
1660 4805 1919 4874 populum
1951 4845 1966 4870 ,

394 4909 451 4955 et
477 4896 1075 4954 annuntiarentiuJesu
1109 4895 1568 4953 resurrectionem
1596 4910 1664 4951 ex
1694 4899 1925 4953 mortuis
1955 4914 1969 4955 :

397 5001 455 5048 et
483 4991 790 5060 injecerunt
821 4990 877 5043 in
899 5002 993 5043 eos
1025 5004 1237 5052 manus,
1275 4995 1333 5044 et
1389 5000 1694 5057 posuerunt
1762 5005 1860 5046 eos
1915 4993 1968 5047 in

394 5083 703 5140 custodiam
731 5083 785 5137 in
826 5083 1123 5137 crastinum
1155 5097 1171 5134 :
1223 5090 1346 5136 erat
1375 5082 1523 5137 enim
1570 5083 1681 5152 jam
1718 5099 1969 5152 vespera.

397 5176 552 5232 Multi
587 5186 767 5230 autem
801 5189 1016 5237 eorum,
1050 5173 1147 5241 qui
1188 5173 1477 5228 audierant
1511 5176 1760 5239 verbum,
1795 5176 1972 5230 credi-

395 5268 597 5323 derunt
634 5281 649 5322 ξ
698 5272 754 5319 et
783 5263 965 5319 factus
994 5272 1077 5320 est
1115 5278 1375 5318 numerus
1427 5265 1673 5321 virorum
1730 5266 1970 5335 quinque

393 5360 587 5416 millia.
619 5357 845 5414 Factqu
872 5366 957 5413 est
996 5358 1052 5412 in
1080 5355 1404 5421 crastinum,
1448 5369 1507 5415 ut
1563 5374 1967 5428 congregaren-

397 5464 486 5507 tur
538 5449 821 5519 principes
860 5465 1082 5513 eorum,
1121 5462 1178 5505 et
1227 5450 1497 5514 seniores,
1559 5460 1618 5505 et
1665 5450 1859 5513 scribae
1914 5451 1969 5505 in

391 5540 719 5605 Jerusalem;
747 5552 801 5596 et
831 5542 1018 5595 Aonas
1053 5539 1309 5610 princeps
1340 5539 1706 5604 sacerdotum,
1750 5550 1807 5593 et
1847 5540 1970 5596 Cai-

389 5632 551 5702 phas,
591 5644 644 5684 et
674 5632 933 5695 Joannes,
966 5640 1021 5685 et
1046 5632 1374 5695 Alexander,
1411 5641 1469 5684 et
1496 5641 1762 5700 quntquot
1811 5640 1969 5687 erant

394 5723 465 5779 de
488 5737 690 5794 genere
722 5722 1072 5780 sacerdotali.
1097 5724 1167 5781 Et
1206 5729 1511 5783 statuentes
1535 5736 1629 5780 eos
1657 5722 1735 5792 ius
1760 5722 1962 5792 medio,

2071 4540 2169 4595 pes
2197 4535 2573 4580 convenerunt
2614 4526 2665 4579 in
2708 4541 2899 4589 unum,
2936 4526 3197 4579 adversus
3240 4525 3571 4590 Dominum;
3610 4530 3661 4575 et

2073 4619 2335 4672 adversus
2363 4618 2643 4673 Christum
2670 4619 2835 4689 ejus?
2866 4618 3418 4672 conveneruntenim
3456 4632 3587 4671 vere
3611 4616 3659 4668 in

2072 4710 2292 4765 civitate
2322 4712 2426 4765 ista
2454 4714 2719 4767 adversus
2736 4721 2980 4765 sanctum
3007 4725 3235 4779 puerum
3259 4718 3425 4762 tuum
3454 4709 3659 4771 Jesum,

2073 4819 2239 4874 quem
2274 4805 2497 4869 unxisti,
2541 4805 2785 4860 Herodes
2847 4814 2900 4860 et
2946 4804 3173 4859 Pontius
3233 4803 3484 4869 Pilatus,
3543 4816 3661 4855 cum

2073 4896 2326 4965 gentibus
2377 4904 2434 4950 et
2476 4896 2689 4965 populis
2732 4896 2914 4960 Israel,
2961 4895 3140 4949 facere
3165 4909 3283 4964 qua:
3308 4911 3527 4951 manus
3577 4903 3660 4945 tua

2071 5002 2127 5043 et
2202 4990 2491 5067 consilium
2565 4999 2719 5043 tuum
2770 4987 3133 5044 decreverunt
3177 4988 3313 5043 fieri.
3378 4991 3453 5045 Et
3497 5006 3659 5052 nunc,

2072 5082 2323 5146 Domine,
2346 5081 2555 5150 respice
2586 5081 2639 5134 in
2672 5081 2847 5136 minas
2900 5096 3117 5143 eorum,
3149 5094 3205 5136 et
3238 5082 3300 5136 da
3338 5084 3531 5137 servis
3562 5084 3661 5135 tuis

2071 5189 2194 5227 cum
2225 5174 2370 5228 omni
2404 5174 2601 5230 fiducia
2642 5174 2790 5244 loqui
2829 5175 3053 5229 verbum
3087 5184 3262 5240 tuum,
3316 5175 3380 5229 in
3418 5193 3491 5231 eo
3520 5176 3658 5245 quod

2072 5281 2294 5320 manum
2381 5277 2528 5321 tuam
2580 5269 2841 5322 extendas
2898 5268 2964 5322 ad
3023 5270 3304 5333 sanitates,
3371 5282 3438 5324 et
3514 5274 3657 5338 signa

2072 5369 2127 5412 et
2192 5358 2443 5428 prodigia
2519 5359 2637 5414 fieri
2720 5376 2819 5429 per
2888 5376 3083 5415 nomen
3147 5362 3321 5417 sancti
3389 5362 3529 5418 Filii
3586 5363 3655 5417 tui

2068 5449 2219 5503 Jesu.
2286 5448 2353 5503 Et
2413 5464 2536 5503 cum
2563 5457 2836 5514 orassent,
2870 5460 3048 5507 motus
3088 5461 3172 5505 est
3197 5454 3383 5516 locus,
3449 5455 3504 5506 in
3556 5469 3659 5521 quo

2069 5548 2228 5595 erant
2258 5542 2617 5611 congregati;
2664 5551 2720 5598 et
2763 5543 2954 5613 repleti
3000 5552 3125 5597 sunt
3182 5559 3386 5597 omnes
3451 5546 3657 5616 Spiritu

2068 5643 2284 5696 sancto,
2314 5647 2369 5687 et
2390 5633 2757 5702 loquebantur
2813 5636 3036 5689 verbum
3096 5637 3186 5690 Dei
3239 5652 3375 5689 etun
3439 5642 3656 5693 fiducia.

2082 5722 2447 5783 Multitudinis
2475 5735 2661 5783 autem
2685 5728 3027 5784 credentium
3053 5737 3172 5785 erat
3234 5744 3335 5783 cor
3369 5746 3554 5787 unum
3606 5738 3658 5787 et
