3920 6180
217 302 349 365 ’7ἑ9

1406 308 1637 367 LIBER
1683 307 2005 372 ACTUUM
2048 310 2091 366 A
2107 306 2314 369 POST.

3377 306 3507 367 7301

223 419 409 475 anima
441 432 544 468 una
581 432 720 472 :nec
758 419 1047 487 quisquam
1076 437 1294 485 eorum,
1318 440 1435 493 qua:
1470 427 1806 494 possidebat.
1838 431 1882 487 Α
1914 428 2228 483 Adveniens
2254 436 2437 482 autem
2474 429 2728 498 princeps
2765 428 3210 490 sacerdotum,et
3238 438 3329 493 qut
3361 439 3487 480 cum

224 508 435 578 aliquid
473 525 633 561 suum
665 524 786 562 esse
808 512 1045 570 dicebat.
1102 514 1199 568 sed
1255 525 1415 569 erant
1465 517 1569 570 illis
1604 519 1807 574 tomnia

224 600 567 655 communia.
606 598 669 652 Et
698 600 901 654 virtute
967 619 1159 673 magna
1226 607 1527 660 reddehant
1577 611 1805 677 apostoli

232 692 621 747 testinmninm
655 694 1075 750 resurrectionis
1091 695 1217 752 Jesu
1238 698 1441 753 Christi
1468 701 1677 753 Dotnini
1713 716 1810 755 no-

220 784 326 841 stri
411 794 467 839 et
494 786 671 849 gratia
702 801 895 855 magna
928 800 1047 844 erat
1076 790 1130 843 in
1163 793 1420 845 omnibus
1454 794 1585 848 illis.
1620 793 1806 863 Neque

218 875 372 927 enim
409 876 700 944 quisquam
745 892 916 947 egens
963 891 1084 935 erat
1130 882 1273 936 inter
1322 884 1467 937 illos.
1528 885 1826 953 Quotquot’

210 967 370 1021 enim
398 984 738 1037 possessores
752 986 1005 1041 agrorum
1030 982 1125 1027 aut
1156 976 1441 1029 domorum
1468 989 1647 1042 erant,
1676 993 1805 1032 vcn-

210 1058 417 1114 dentes
453 1059 755 1117 afferebaut
787 1065 963 1132 pretia
993 1080 1186 1119 eorum
1243 1084 1365 1137 qua:
1397 1071 1726 1133 vendebant,
1748 1079 1805 1123 ct

212 1150 506 1216 ponebant
537 1165 663 1208 ante
695 1156 861 1224 pedes
889 1160 1281 1225 apostolorum.
1322 1162 1673 1216 Dividebatur
1703 1178 1802 1215 au-

212 1245 329 1293 tem
349 1240 581 1311 singulis
607 1254 770 1312 prout
789 1247 988 1314 cuique
1015 1265 1154 1317 opus
1185 1262 1322 1305 erat.
1353 1252 1551 1318 Joseph
1591 1263 1797 1315 autem,

214 1330 313 1398 qui
334 1336 766 1401 cognominatus
792 1349 877 1393 est
901 1339 1183 1395 Barnabas
1213 1342 1283 1397 ab
1312 1344 1582 1410 apostolis
1632 1344 1798 1413 {mind

207 1431 297 1474 est
365 1425 785 1494 interpretatum
844 1430 1016 1486 Filius
1061 1435 1480 1503 consolationis)
1537 1434 1795 1499 Levites.

209 1510 451 1581 Cyprius
481 1531 700 1584 genere,
731 1535 853 1573 cum
888 1523 1116 1578 haberet
1138 1542 1352 1596 agrutn,
1377 1527 1622 1581 vendidit
1647 1542 1795 1592 cum,

206 1611 264 1656 et
294 1606 479 1658 attulit
500 1609 760 1678 pretium,
784 1621 838 1665 et
865 1615 1042 1680 posuit
1073 1629 1195 1671 ante
1219 1620 1384 1686 pedes
1403 1621 1795 1688 apustolornm.

290 1693 453 1765 [Cap.
500 1692 585 1768 li.)
624 1700 714 1754 Vir
764 1716 947 1757 autem
985 1708 1204 1773 quidam
1256 1711 1475 1764 nomine
1520 1711 1788 1775 Anztnias,

209 1799 341 1839 eum
368 1788 599 1858 Saphira
629 1807 799 1846 uxore
824 1810 943 1856 sua,
962 1796 1410 1868 vendiditagrum
1437 1810 1493 1854 et
1512 1799 1788 1854 fraudavit

219 1881 292 1938 de
331 1882 511 1949 pretio
562 1886 700 1953 agri,
753 1888 974 1941 conscia
1028 1902 1199 1945 uxore
1247 1907 1348 1946 sua
1398 1908 1413 1946 :
1462 1902 1518 1947 et
1557 1893 1793 1948 alierens

228 1987 441 2042 partem
493 1980 808 2045 quamdam,
857 1979 924 2033 ad
972 1982 1140 2049 pedes
1173 1984 1548 2052 apostolorum
1583 1988 1788 2057 posuit.

216 2068 367 2124 Dixit
401 2081 585 2124 autem
623 2072 822 2126 Petrus
852 2091 867 2128 :
898 2073 1134 2141 Anania,
1167 2093 1266 2132 cur
1299 2080 1527 2134 tentavit
1560 2081 1791 2136 Satanas

208 2178 308 2217 cor
336 2173 516 2224 tuum,
555 2164 773 2219 mentiri
825 2176 876 2221 te
906 2168 1141 2236 Spiritui
1197 2180 1414 2236 sancto,
1440 2183 1493 2226 et
1526 2172 1788 2228 fraudare

207 2254 277 2308 de
316 2254 499 2323 pretio
546 2256 715 2325 agri?
767 2256 958 2313 Nonne
1007 2274 1234 2314 manens
1269 2262 1365 2315 tibi
1417 2263 1696 2327 manebat,
1733 2272 1789 2319 et

206 2347 606 2402 venumdatam
637 2350 814 2403 indue
844 2360 963 2404 erat
993 2352 1310 2421 potestate?
1340 2354 1521 2420 Quare
1554 2358 1786 2424 posuisti

203 2440 265 2496 iu
284 2443 453 2497 corde
472 2449 566 2495 tuo
586 2443 727 2497 hanc
749 2445 908 2498 rem?
934 2460 1045 2498 non
1066 2460 1124 2499 es
1146 2448 1408 2502 mentitus
1448 2450 1779 2513 hominibus,

204 2535 306 2589 sed
336 2534 471 2588 Deo.
500 2533 747 2590 Audiens
773 2545 960 2590 autem
987 2538 1229 2593 Ananias
1256 2539 1374 2593 huic
1401 2540 1561 2594 verba
1591 2543 1785 2596 cecidit

204 2634 265 2682 et
315 2627 640 2695 exspiravit.
678 2625 743 2681 Et
794 2627 972 2683 factus
1005 2639 1089 2684 est
1142 2631 1305 2685 timor
1339 2648 1567 2702 magnus
1618 2649 1785 2701 super

204 2735 403 2775 omnes
435 2720 527 2789 qui
576 2720 890 2776 audierunt.
962 2721 1271 2793 Surgentes
1298 2733 1480 2778 autem
1525 2724 1778 2792 juvenes,

197 2817 536 2862 amaverunt
566 2823 715 2874 eum,
751 2819 807 2864 et
831 2811 1124 2867 efferentes
1154 2813 1514 2880 sepelierunt.
1552 2813 1778 2869 Factum

195 2908 285 2954 est
309 2908 498 2954 autem
548 2901 704 2969 quasi
740 2902 1000 2957 horarum
1039 2905 1205 2957 trium
1257 2906 1518 2973 spatium,
1554 2916 1609 2960 et
1644 2922 1780 2960 uxor

196 2991 398 3061 ipsius,
432 2993 687 3048 nesciens
708 2993 857 3062 quod
880 2995 1084 3049 factum
1111 2996 1308 3061 fuerat,
1338 2998 1606 3053 introivit.
1632 2998 1777 3052 Dixit

1914 538 1980 577 eo
2006 533 2183 586 erant,
2209 530 2591 575 convenerunt
2610 522 2928 589 concilium,
2953 532 3008 576 et
3028 533 3221 574 omnes
3243 517 3491 572 seniores

1918 616 2154 669 liliormn
2212 614 2376 672 lsrael
2431 629 2447 669 :
2506 624 2562 667 et
2618 615 2892 668 miserunt
2946 612 3014 666 ad
3067 624 3371 671 carcerem,
3431 615 3492 661 ut

1911 707 2342 761 adducerentur.
2378 705 2516 761 Cum
2569 715 2755 761 autem
2805 708 3085 761 venissent
3137 701 3401 765 ministri,
3434 708 3492 753 et

1910 803 2107 864 aperto
2162 809 2385 848 carcere
2413 835 2428 857 .
2492 810 2601 849 non
2630 856 2633 861 λ
2662 795 3005 850 invenissent
3060 794 3181 848 illos
3206 832 3221 857 ,
3278 789 3487 845 reversi

1913 887 2342 949 nuntiaverunt,
2373 887 2617 942 dicentes
2644 905 2661 944 :
2689 885 2976 942 Carcerem
3013 886 3237 955 quidem
3273 881 3489 937 inveni-

1911 995 2034 1034 mus
2056 980 2305 1034 clausum
2330 995 2455 1033 cum
2486 980 2634 1033 omni
2659 978 2967 1050 diligentia,
2983 986 3035 1032 ct
3057 976 3313 1032 custodes
3333 983 3484 1028 stan-

1911 1082 1992 1126 tes
2023 1081 2152 1129 ante
2180 1073 2379 1142 januas
2415 1092 2428 1127 :
2468 1073 2780 1142 aperientes
2811 1079 2993 1125 autem
3030 1070 3302 1124 nominent
3334 1067 3482 1121 intus

1907 1165 2247 1221 invenimus.
2271 1163 2343 1219 Ut
2361 1173 2541 1218 autem
2566 1162 2859 1216 audierunt
2884 1161 2985 1214 hos
3012 1172 3293 1213 sermones
3313 1157 3478 1222 magi-

1905 1265 2110 1312 stratus
2133 1257 2318 1326 templi
2375 1266 2430 1310 et
2453 1255 2729 1325 principes
2749 1253 3114 1317 sacerdotum,
3134 1249 3483 1319 ambigebant

1905 1349 1975 1404 de
2022 1349 2133 1403 illis
2160 1348 2423 1418 quidnam
2464 1347 2638 1402 lieret.
2671 1346 2982 1400 Adveniens
3016 1352 3197 1397 autem
3253 1338 3478 1409 quidam

1905 1440 2202 1505 nuntiavit,
2234 1440 2314 1493 eis
2349 1455 2362 1490 :
2400 1438 2539 1503 Quia
2588 1451 2720 1490 ecce
2772 1435 2873 1489 viri
2935 1448 3075 1503 quos
3124 1428 3383 1500 posuistis
3420 1427 3475 1481 in

1903 1544 2206 1596 carcerem,
2271 1538 2402 1584 sunt
2455 1530 2509 1584 in
2564 1528 2765 1599 templo
2820 1535 3053 1588 stantes,
3108 1532 3166 1578 et
3216 1522 3475 1576 docentes

1903 1623 2188 1693 populum.
2233 1622 2392 1675 'l‘unc
2443 1621 2583 1676 abiit
2636 1621 2988 1689 magistratus
3022 1632 3146 1671 eum
3184 1611 3473 1671 ministris.

1900 1725 1957 1770 et
1985 1714 2216 1770 adduxit
2248 1714 2372 1767 illos
2408 1715 2529 1767 sine
2565 1712 2616 1767 vi
2655 1729 2670 1767 ε
2707 1711 2972 1765 timebant
3004 1710 3152 1763 enim
3187 1703 3472 1775 populum,

1899 1821 1965 1860 ne
1998 1804 2417 1874 lapidarentur;
2451 1813 2654 1874 etcum
2688 1800 3045 1856 adduxissent
3082 1798 3226 1862 illos,
3258 1803 3473 1851 statue-

1895 1904 2023 1950 runt
2072 1895 2125 1949 in
2186 1894 2423 1948 concilio
2481 1908 2494 1945 :
2549 1873 2611 1947 et
2657 1890 3020 1959 interrogavit
3069 1904 3165 1943 eos
3212 1886 3469 1956 princeps
3562 1954 3565 1957 _

1891 1988 2282 2049 sacerdotum,
2349 1986 2536 2040 dicens
2592 2000 2608 2037 :
2673 1981 3047 2053 Praecipieudo
3103 1979 3465 2051 praecepimus

1891 2081 2071 2146 vobis,
2109 2096 2178 2134 ne
2212 2079 2486 2134 doceretis
2519 2080 2573 2133 in
2610 2077 2830 2132 nomine
2854 2077 2999 2131 isto:
3034 2085 3089 2128 et
3117 2086 3243 2127 ecce
3285 2071 3464 2139 reple~

1888 2175 1989 2229 stis
2017 2171 2318 2227 Jerusalem
2373 2171 2618 2226 doctrina
2656 2178 2861 2232 vestra,
2898 2177 2954 2222 et
3000 2165 3168 2221 vultis
3199 2164 3463 2218 inducere

1886 2278 2056 2333 super
2085 2277 2189 2317 nos
2229 2261 2551 2330 sanguinem
2588 2258 2826 2314 hominis
2874 2258 3052 2313 istius.
3106 2253 3465 2323 Respondeas

1886 2364 2069 2408 autem
2160 2350 2357 2406 Petrus
2431 2359 2487 2404 et
2539 2349 2818 2420 apostoli:
2842 2347 3154 2402 dixerunt:
3222 2341 3462 2399 Obedire

1886 2455 2107 2517 oportet
2140 2443 2251 2499 Deo
2282 2442 2456 2513 magis
2492 2457 2655 2512 quam
2691 2441 3026 2497 hominibus.
3060 2439 3206 2493 Deus
3244 2444 3459 2505 patrum

1884 2546 2206 2594 nostrorum
2231 2534 2522 2589 suscitavit
2539 2532 2750 2598 lesum,
2771 2547 2932 2602 quem
2959 2543 3055 2583 vos
3078 2524 3459 2587 interemistis,

1883 2627 2287 2700 suspendentes
2320 2625 2374 2680 in
2411 2625 2582 2693 ligno.
2612 2624 2771 2679 Hunc
2800 2622 3104 2693 principem
3136 2628 3193 2675 et
3217 2618 3459 2674 salvato-

1883 2740 1998 2778 rem
2030 2722 2174 2776 Deus
2204 2719 2468 2774 exaltavit
2497 2716 2717 2771 dextera
2749 2729 2873 2779 sua,
2903 2714 2967 2768 ad
3004 2712 3237 2765 dandam
3275 2709 3457 2776 paeni.

1826 2822 1827 2825 “
1882 2815 2106 2871 tentiam
2138 2810 2341 2875 Israeli,
2366 2817 2422 2864 et
2451 2808 2827 2864 remissionem
2858 2816 3233 2877 peccatorum.
3266 2803 3329 2857 Et
3357 2813 3461 2856 nos

1881 2922 2074 2963 sumus
2105 2915 2270 2960 testes
2298 2904 2494 2958 horum
2518 2903 2840 2963 verborum,
2863 2910 2919 2954 et
2943 2898 3183 2968 Spiritus
3211 2906 3456 2957 sanctus,

1880 3014 2045 3072 quem
2077 2999 2229 3054 dedit
2262 2998 2406 3053 Deus
2440 2996 2694 3052 omnibus
2743 2992 3133 3050 obedientibus
3162 2988 3289 3044 sibi.
3327 2987 3454 3040 llaec

195 3094 384 3139 autem
417 3085 466 3139 ei
493 3085 688 3142 Petrus
718 3103 735 3141 :
773 3087 868 3143 Die
899 3089 1060 3154 mihi,
1084 3090 1303 3155 mulier,
1336 3090 1381 3143 si
1417 3091 1551 3144 tanti
1582 3107 1771 3161 agrum
1803 3111 1845 3169 ο
1882 3108 2005 3148 cum
2037 3091 2341 3159 audissent,
2380 3088 2826 3148 dissecabantur.
2856 3094 2911 3139 et
2936 3082 3251 3153 cogitabant
3280 3080 3450 3132 inter-

195 3178 551 3233 vendidisti?
600 3181 671 3233 At
708 3180 798 3234 illa
853 3182 990 3236 dixit
1044 3200 1058 3236 :
1121 3182 1295 3237 Etiam
1361 3185 1518 3237 tanti.
1576 3184 1772 3238 Petrus

197 3278 385 3324 autem
410 3270 475 3323 ad
504 3285 624 3325 eam
654 3288 667 3325 :
697 3270 838 3336 Quid
867 3274 1058 3342 utique
1081 3273 1343 3328 convenit
1368 3274 1524 3328 vobis
1559 3284 1774 3328 tentare

194 3360 467 3431 Spiritum
484 3362 742 3432 Domini}
760 3364 898 3418 Ecce
912 3363 1080 3434 pedes
1093 3379 1303 3429 eorum,
1325 3365 1418 3433 qui
1439 3366 1774 3431 sepelierunt

196 3456 381 3507 virum
418 3462 595 3518 tuum,
627 3454 693 3508 ad
727 3456 931 3509 ostium
960 3471 975 3519 ;
1007 3466 1065 3509 et
1101 3453 1335 3510 ederent
1366 3464 1440 3510 te.
1466 3454 1768 3510 Confestim

192 3544 397 3601 cecidit
445 3556 572 3599 ante
630 3544 799 3614 pedes
848 3544 972 3614 ejus
999 3584 1016 3610 ,
1049 3555 1106 3600 et
1137 3545 1461 3616 exspiravit.
1498 3544 1771 3600 Intrantes

192 3646 377 3692 autem
433 3637 665 3705 juvenes
733 3638 1066 3693 invenerunt
1139 3639 1287 3693 illam
1343 3646 1656 3705 mortuam,
1712 3646 1769 3691 et

195 3729 541 3792 extulerunt,
570 3739 625 3783 et
651 3729 988 3799 sepelierunt
1012 3730 1078 3785 ad
1101 3732 1278 3785 virum
1297 3746 1475 3786 suum.
1504 3731 1571 3785 Et
1593 3730 1770 3784 iactus

197 3831 283 3876 est
317 3821 485 3876 timor
503 3835 731 3891 magnus
760 3821 815 3875 in
842 3820 1095 3877 universa
1118 3821 1380 3886 Ecclesia,
1403 3831 1458 3876 et
1487 3821 1543 3875 in
1577 3836 1769 3875 omnes

191 3918 286 3982 qui
323 3916 621 3971 audierunt
656 3915 791 3971 hac.
827 3915 933 3970 Per
962 3929 1160 3971 manus
1184 3924 1364 3970 autem
1394 3914 1766 3985 apostolorum

191 4008 397 4062 ﬁebant
430 4005 583 4076 signa
621 4015 678 4061 et
710 4006 957 4076 prodigia
994 4006 1162 4062 multa
1198 4007 1253 4061 in
1286 4006 1465 4076 plebe.
1508 4006 1579 4061 Et
1607 4015 1768 4061 erant

193 4100 533 4155 unanimiter
549 4114 745 4153 omnes
760 4099 816 4153 in
838 4100 1053 4169 porticu
1073 4098 1405 4155 Salomonis.
1429 4098 1764 4155 Caeterorum

189 4203 376 4247 autem
436 4206 600 4246 nemo
659 4192 899 4247 audebat
953 4206 1013 4247 se
1064 4192 1402 4261 conjungere
1458 4191 1619 4246 illis:
1666 4190 1763 4245 sed

189 4284 583 4353 magniﬁcabat
613 4298 710 4340 eos
741 4284 1003 4354 populus.
1039 4282 1208 4353 Magis
1240 4292 1422 4338 autem
1460 4281 1764 4352 angebatur

184 4378 538 4435 credentium
597 4376 653 4430 in
712 4376 946 4431 Domino
1012 4375 1306 4430 multitudo
1369 4375 1611 4429 virorum
1697 4389 1761 4429 ac

188 4472 507 4536 mulierum,
540 4470 614 4525 ita
646 4470 789 4524 utin
837 4466 1050 4539 plateas
1098 4467 1364 4536 ejicerent
1398 4467 1666 4529 iullrmos,
1702 4478 1757 4522 et
1794 4441 1840 4500 θ

188 4571 460 4634 ponerent
485 4562 541 4615 in
564 4560 777 4615 lectulis
803 4573 868 4614 ae
891 4560 1160 4631 grabatis,
1180 4570 1262 4626 ut,
1288 4559 1541 4614 veniente
1572 4557 1754 4622 Petro,

188 4657 384 4710 saltem
404 4652 600 4706 umbra
620 4650 770 4706 illius
789 4650 1147 4706 obumbraret
1166 4665 1501 4720 quemquam
1518 4650 1760 4715 illorum,

186 4757 241 4803 et
273 4747 647 4802 liberarentur
672 4746 743 4799 ab
776 4744 1195 4800 inﬁrmitatibus
1218 4745 1352 4801 suis.
1385 4744 1764 4800 Coneurrebat

186 4850 370 4895 autem
392 4848 451 4893 et
478 4837 772 4892 multitudo
796 4836 1103 4891 vicinarum
1128 4838 1409 4891 Civitatum
1432 4835 1759 4898 Jerusalem,

184 4934 482 4989 allerentes
501 4945 679 5001 aegros
726 4940 783 4986 et
804 4939 1029 4985 vexatos
1049 4946 1080 4984 a
1106 4929 1396 4998 spiritibus
1427 4927 1756 4982 immundis:

183 5025 275 5095 qui
308 5022 650 5077 curabantur
681 5036 895 5076 omnes.
933 5021 1247 5090 Exsurgens
1281 5031 1465 5074 autem
1505 5020 1760 5087 princeps

181 5115 558 5177 sacerdotum,
591 5123 650 5170 et
677 5128 870 5167 omnes
897 5114 987 5182 qui
1020 5129 1145 5168 cum
1181 5113 1275 5167 illo
1307 5121 1466 5168 erant
1497 5115 1639 5180 (qum
1673 5120 1760 5165 est

184 5207 420 5263 haeresis
482 5203 956 5275 Sadducaaorum),
1017 5206 1212 5272 repleti
1271 5214 1403 5258 sunt
1455 5205 1573 5257 zelo
1630 5223 1642 5256 :
1704 5211 1759 5255 et

181 5298 494 5370 injecerunt
522 5313 716 5352 manus
745 5298 797 5351 in
828 5298 1129 5367 apostolos,
1165 5307 1218 5351 et
1245 5304 1549 5366 posuerunt
1572 5311 1665 5350 eos
1703 5297 1755 5347 in

180 5391 433 5445 custodia
499 5390 739 5458 publica.
811 5390 1052 5460 Angelus
1111 5399 1294 5443 autem
1367 5388 1584 5442 Domini
1659 5403 1757 5455 per

182 5492 409 5538 noctem
440 5482 698 5552 aperiens
727 5481 927 5549 jannas
957 5482 1221 5546 carceris,
1274 5490 1330 5534 et
1360 5482 1605 5534 educens
1632 5496 1751 5540 eos.

181 5576 319 5629 dixit
378 5588 393 5627 :
444 5574 544 5637 Ite,
596 5582 652 5629 et
685 5583 894 5628 stantes
949 5573 1239 5642 loquimini
1270 5572 1562 5640 iwtemplo
1610 5571 1755 5641 plebi

178 5670 362 5722 omnia
431 5667 596 5719 verba
650 5667 776 5720 vita:
836 5668 1021 5737 hujus.
1084 5665 1187 5730 Qui
1242 5679 1367 5719 cum
1431 5664 1752 5728 audissem.

181 5764 529 5818 intraverunt
584 5756 826 5814 diluculo
883 5759 939 5814 iu
999 5758 1303 5830 templum,
1355 5766 1409 5813 et
1460 5758 1750 5815 decebant.

1878 3186 2039 3239 ﬁcere
2101 3184 2243 3238 illos.
2299 3181 2542 3250 Surgens
2602 3189 2787 3233 autem
2836 3176 3057 3246 quidam
3110 3175 3163 3228 in
3215 3171 3451 3228 COIlCillO

1880 3278 2216 3341 Pharismus,
2252 3274 2476 3329 nomine
2506 3271 2789 3334 Gamaliel,
2830 3270 2963 3340 legis
2994 3271 3186 3324 doctor
3216 3267 3449 3320 honora-

1876 3370 2001 3424 bilis
2035 3369 2304 3422 universa:
2336 3364 2499 3434 plebi,
2528 3364 2692 3433 jussit
2725 3363 2870 3416 foras
2896 3361 2961 3414 ad
2999 3360 3164 3414 breve
3200 3358 3455 3411 homines

1874 3461 2013 3516 ﬁeri.
2051 3459 2305 3528 Dixitque
2342 3458 2408 3512 ad
2460 3456 2584 3510 illos
2625 3471 2640 3511 :
2695 3453 2809 3508 Viri
2864 3452 3144 3509 lsraelitze.
3181 3448 3451 3504 attendite

1872 3553 2030 3607 vobis
2063 3566 2228 3619 super
2261 3549 2580 3603 hominibus
2611 3547 2730 3601 istis
2758 3546 2891 3614 quid
2928 3546 3105 3599 acturi
3137 3544 3280 3597 sitis.
3306 3542 3447 3594 Ante

1874 3644 1976 3699 hos
2027 3644 2175 3698 enim
2207 3642 2322 3695 dies
2376 3638 2589 3694 exstitit
2626 3636 2901 3700 Thcodas,
2954 3637 3162 3697 dicens,
3216 3648 3276 3687 se
3325 3647 3449 3686 esse

1874 3737 2116 3805 aliquem
2146 3776 2161 3799 ,
2193 3734 2281 3788 cui
2316 3730 2609 3786 consensit
2645 3743 2911 3783 numerus
2944 3730 3191 3782 virorum
3226 3727 3450 3781 circiter

1872 3827 2405 3897 quadringentorum
2446 3839 2462 3880 :
2499 3821 2592 3892 qui
2628 3821 2847 3875 occisus
2882 3828 2966 3873 est
3004 3822 3018 3871 ἑ
3054 3828 3109 3872 et
3140 3831 3332 3872 omnes
3356 3818 3447 3885 qui

1872 3919 2171 3975 credebant
2204 3916 2277 3981 ei,
2315 3914 2561 3983 dissipati
2599 3922 2725 3967 sunt
2774 3922 2832 3967 et
2866 3910 3067 3965 redacti
3096 3909 3163 3964 ad
3190 3909 3448 3963 nihilum.

1870 4010 2004 4065 Post
2038 4010 2183 4064 hunc
2211 4006 2424 4062 exstitit
2445 4005 2614 4062 ludas
2643 4004 2901 4083 Galilazus
2924 4004 2980 4058 in
3013 4004 3207 4059 diebus
3233 4002 3446 4075 proles-

1868 4106 2063 4169 sionis,
2095 4102 2369 4156 etavertit
2400 4100 2664 4170 populum
2716 4107 2840 4169 post
2870 4113 2948 4164 se,
3001 4106 3059 4153 et
3088 4097 3204 4168 ipse
3236 4095 3396 4166 periit
3428 4110 3446 4152 :

1867 4207 1921 4253 et
1955 4210 2148 4251 omnes
2182 4200 2455 4263 quotquot
2483 4199 2886 4249 consenserunt
2918 4190 2993 4256 ei,
3025 4190 3258 4259 dispersi
3289 4196 3442 4242 sunt.

1868 4288 1936 4341 Et
1965 4303 2110 4342 nunc
2149 4287 2334 4355 itaque
2372 4285 2497 4339 dico
2528 4284 2709 4348 vobis,
2733 4282 2997 4338 discedite
3029 4280 3097 4335 ab
3127 4280 3445 4334 hominibus

1871 4380 2017 4445 istis,
2045 4387 2102 4434 et
2129 4380 2295 4436 sinite
2324 4379 2450 4434 illos
2479 4395 2493 4433 :
2526 4378 2789 4448 quoniam
2824 4378 2870 4433 si
2895 4384 3072 4431 estex
3125 4374 3444 4428 hominibus

1867 4474 2159 4530 consilium
2192 4474 2316 4536 hoc,
2352 4480 2449 4528 aut
2497 4487 2661 4543 opus.
2697 4471 3034 4527 dissolvetur
3072 4485 3090 4524 :
3123 4469 3170 4523 si
3207 4458 3339 4523 vero
3375 4483 3439 4520 ex

1869 4566 1983 4622 Deo
2013 4574 2117 4629 est,
2156 4580 2265 4620 non
2297 4564 2551 4634 poteritis
2579 4564 2881 4620 dissolvere
2913 4562 3070 4627 illud,
3105 4576 3173 4616 ne
3208 4560 3350 4615 forte
3385 4568 3439 4611 et

1868 4661 1981 4715 Deo
2031 4673 2335 4727 repugnare
2386 4657 2767 4717 inveniamini.
2803 4655 3216 4710 Consenserunt
3248 4665 3434 4706 autem

1865 4750 1962 4804 illi.
1981 4748 2047 4802 Et
2070 4761 2439 4804 convocautes
2462 4748 2762 4818 apostolos,
2792 4747 2949 4802 caesis
2970 4745 3437 4800 denuntiaverth

1864 4858 1933 4897 ne
1967 4843 2195 4897 omnino
2222 4842 2582 4911 loquerentur
2614 4845 2669 4895 in
2706 4839 2925 4895 nomine
2956 4838 3108 4902 Jesu,
3138 4838 3436 4895 etditnise-

1864 4944 2126 4989 runteos.
2153 4934 2216 4988 Et
2242 4934 2318 4988 illi
2337 4934 2558 5003 quidem
2584 4933 2735 4987 ibant
2758 4932 3058 5001 gaudentes
3079 4946 3108 4984 a
3136 4945 3433 5000 conspectu

1862 5028 2105 5090 concilii,
2127 5027 2387 5095 quoniam
2416 5025 2565 5094 digni
2594 5024 2763 5078 habiti
2789 5031 2916 5079 sunt
2940 5038 3041 5093 pro
3063 5024 3283 5078 nomine
3306 5025 3430 5078 Jesu

1864 5118 2256 5176 contumeliam
2287 5118 2418 5187 pati.
2453 5117 2612 5170 Utnni
2645 5125 2826 5169 autem
2858 5114 2946 5169 die
2978 5130 3088 5169 non
3118 5116 3429 5173 cessabant,

1863 5211 1916 5263 in
1952 5208 2156 5276 templo
2179 5217 2235 5262 et
2265 5207 2412 5259 circa
2441 5206 2635 5259 domos
2661 5204 2924 5259 docentes
2979 5213 3034 5259 et
3056 5206 3434 5274 evangelizan-

1864 5310 1947 5355 tes
1978 5300 2259 5354 Christum
2299 5298 2510 5353 lesum.

1934 5390 2087 5462 [Cap.
2146 5389 2256 5461 VL]
2294 5390 2350 5444 In
2386 5390 2582 5445 diebus
2617 5402 2799 5446 autem
2840 5392 2967 5457 illis,
3006 5399 3289 5445 crescente
3324 5406 3429 5441 nuo

1861 5499 2011 5537 mero
2038 5482 2456 5552 discipulorum,
2489 5484 2691 5537 factum
2726 5492 2807 5538 est
2840 5499 3090 5537 murmur
3114 5481 3441 5536 Graecorum

1859 5574 2123 5627 adversus
2155 5571 2437 5637 Hebraeos,
2467 5588 2534 5627 eo
2560 5575 2705 5643 quod
2732 5573 3156 5643 despicerentur
3182 5572 3233 5626 in
3263 5572 3426 5625 mini-

1861 5665 2030 5720 sterio
2049 5665 2375 5734 quotidiano
2398 5666 2575 5720 vidua:
2600 5682 2810 5721 eormn.
2842 5664 3217 5719 Convocantes
3238 5675 3423 5718 autem

1856 5758 2148 5815 duodecim
2206 5759 2611 5816 multitudinem
2649 5757 3072 5829 discipulorum,
3107 5758 3367 5814 dixerunt
3410 5773 3426 5813 :
