3880 6168
455 325 560 391 τπι

1371 322 1434 382 S.
1477 318 1911 380 HIERONYMI
1953 320 2221 381 DIVINA
2264 320 2791 382 BIBLIOTHECA.
3539 323 3636 384 'm‘

456 435 576 492 Non
613 447 692 490 est
730 450 945 502 aequum
983 450 1082 488 nos
1121 431 1504 500 derelinquere
1556 431 1784 486 verbum
1819 431 1939 496 Dei,
1973 440 2028 484 et
2059 435 2102 491 Δ
2131 447 2309 488 suam.
2343 433 2502 488 Venit
2555 443 2737 489 autem
2779 431 2951 487 iantes
2978 429 3032 484 in
3068 430 3360 485 universam
3387 432 3626 505 Egyptum

460 530 776 584 ministrare
809 510 1033 580 mensis:
1055 524 1416 580 Considerate
1453 538 1604 593 ergo,
1635 523 1851 588 iratres,
1884 523 2030 576 viros

459 639 524 674 ex
559 620 715 674 vobis
773 619 898 672 boni
959 615 1257 670 testimonii
1303 625 1535 683 septem,
1600 615 1786 683 plenos
1819 613 2028 682 Spiritu

458 721 650 767 sancto
706 723 759 764 et.
791 708 1080 778 sapientia,
1109 723 1245 777 quos
1303 707 1702 761 constituamus
1732 721 1898 774 super
1928 707 2032 762 hoc

460 818 618 872 opus.
652 800 761 854 Nos
784 813 910 852 vero
939 799 1175 852 orationi
1231 809 1282 852 et
1304 799 1613 852 ministerio
1637 797 1786 852 verbi
1825 799 2032 852 instan-

462 903 543 945 tes
575 893 803 946 erimus.
839 890 906 948 Et
937 891 1140 959 placuit
1171 905 1353 944 sermo
1389 906 1573 944 coram
1603 890 1750 942 omni
1785 889 2034 943 multitu-

462 983 610 1036 dine.
651 981 714 1035 Et
743 981 1420 1051 elegerunt'Stephanum,
1459 983 1637 1035 virum
1672 983 1890 1050 plenum
1933 982 2035 1035 fide

459 1083 515 1126 et
544 1072 746 1138 Spiritu
780 1085 990 1133 sancto,
1027 1084 1081 1126 et
1116 1073 1451 1142 Philippum,
1488 1081 1544 1125 et
1576 1071 1940 1130 Prochorutn.
1979 1081 2034 1124 et

459 1163 807 1222 Nicanorem.
854 1171 910 1216 et
974 1161 1284 1225 Timonem,
1313 1171 1367 1217 et
1420 1161 2036 1222 Parmenatn.etNico-

463 1258 608 1311 laum
636 1259 902 1312 advenam
943 1259 1375 1314 Autiochenum.
1413 1257 1520 1312 llos
1566 1269 1880 1312 statuerunt
1911 1266 2037 1311 ante

461 1361 820 1420 Conspectum
856 1349 1229 1420 apostolorum
1269 1368 1282 1405 :
1315 1361 1366 1404 et
1395 1361 1617 1404 orantes
1649 1351 2038 1419 imposuerunt

462 1444 544 1496 eis
574 1459 788 1498 manus.
831 1441 897 1497 Et
953 1443 1183 1497 verbum
1224 1442 1439 1496 Domini
1472 1443 1777 1504 crescebat,
1811 1452 1866 1494 et
1898 1443 2038 1496 mul-

469 1532 838 1601 tiplicabatur,‘
867 1547 1134 1587 numerus
1189 1533 1586 1601 discipulorum
1637 1532 1690 1586 in
1732 1533 2037 1588 Jerusalem

472 1624 675 1676 valde:
713 1623 884 1676 multa
916 1624 1079 1677 etiam
1137 1624 1294 1678 turba
1345 1623 1689 1678 sacerdotum
1747 1623 2042 1678 obediebat

467 1713 612 1768 ﬁdei.
645 1711 956 1782 Stephanus
982 1725 1188 1779 autem,
1215 1714 1408 1784 plenus
1425 1716 1594 1780 gratia
1625 1723 1677 1770 et
1699 1715 2038 1777 fortitudine.

468 1806 707 1860 faciebat
745 1807 990 1876 prodigia
1022 1818 1077 1861 et
1107 1807 1260 1876 signa
1303 1822 1496 1877 magna
1540 1809 1591 1860 in
1633 1809 1861 1876 populo.
1902 1808 2040 1861 Sur-

473 1909 736 1952 rexerunt
770 1908 950 1954 autem
980 1899 1202 1969 quidam
1237 1898 1305 1952 de
1337 1914 1627 1968 synagoga,
1661 1914 1779 1968 qum
1805 1899 2044 1968 appella-

479 1999 568 2041 tur
600 1989 1033 2057 Libertinorum,
1077 2002 1141 2045 et
1172 1992 1594 2061 Cyrenensium.
1635 2000 1690 2044 et
1719 1991 2045 2044 Alexandri-

474 2095 668 2133 norum
699 2118 715 2144 ,
772 2088 826 2134 et
857 2096 1052 2136 eorum
1105 2082 1197 2149 qui
1257 2091 1414 2134 erant
1445 2096 1473 2134 a
1503 2079 1692 2134 Cilicia
1725 2121 1737 2142 ,
1788 2089 1841 2133 et
1893 2079 2044 2142 Asia,

474 2167 820 2238 disputantes
877 2186 1000 2225 cum
1056 2170 1336 2238 Stephano
1373 2187 1386 2223 :
1429 2180 1482 2224 et
1516 2186 1626 2224 non
1663 2179 1916 2240 poterant
1966 2168 2049 2223 re-

472 2261 670 2314 sistere
689 2262 969 2331 sapientite
1017 2270 1073 2316 et
1100 2261 1354 2330 Spiritui,
1387 2262 1480 2330 qui
1511 2262 1860 2330 loquebatur.
1894 2260 2049 2315 Tune

472 2353 870 2407 suunniserunt
899 2355 1066 2417 viros,
1105 2354 1198 2422 qui
1233 2353 1480 2407 dicerent
1516 2368 1575 2406 se
1611 2352 1890 2405 audivisse
1919 2366 2046 2405 eum

473 2442 748 2496 dicentem
776 2443 939 2496 verba
963 2443 1313 2512 blasphemia
1344 2443 1396 2496 in
1422 2443 1639 2514 Moysen
1691 2452 1746 2496 et
1771 2442 1823 2494 in
1857 2441 2048 2496 Deum.

472 2534 901 2588 Commoverunt
943 2535 1126 2603 itaque
1162 2531 1402 2605 plebem,
1435 2545 1491 2590 et
1527 2538 1793 2597 seniores,
1830 2547 1882 2590 et
1915 2537 2051 2591 scri-

473 2627 576 2682 bas
602 2647 614 2684 :
637 2639 689 2682 et
714 2638 1108 2682 concurrentes
1130 2637 1597 2697 rapuerunteum,
1621 2635 1674 2682 et
1700 2629 2053 2682 adduxerunt

473 2722 529 2776 in
567 2722 886 2782 concilium,
923 2730 976 2775 et
1007 2730 1319 2775 statuerunt
1355 2721 1516 2776 falsos
1553 2731 1738 2787 testrs,
1775 2722 1870 2791 qui
1899 2723 2050 2777 dice-

475 2828 640 2867 rent:
681 2812 854 2868 Homo
887 2813 989 2869 iste
1043 2829 1152 2868 non
1184 2824 1363 2868 cessat
1409 2813 1558 2881 loqui
1595 2815 1755 2869 verba
1788 2815 2053 2870 adversus

477 2906 656 2959 locum
696 2917 943 2961 sanctum
1007 2917 1061 2960 et
1109 2907 1305 2976 legem.
1359 2907 1687 2961 Audivimus
1719 2907 1867 2961 enim
1926 2922 2051 2960 eum

478 2997 752 3051 dicentem
789 3015 802 3051 :
837 2998 1105 3063 Quoniam
1137 2997 1296 3052 Iesus
1325 2997 1656 3052 Nazaraenus
1691 2998 1782 3052 hic
1812 2999 2055 3052 destruet

2134 532 2191 577 et
2225 522 2509 583 Chanaan.
2537 532 2594 578 et
2631 522 2913 577 tribulatio
2962 534 3154 589 magna
3190 534 3204 575 :
3239 529 3286 573 et
3312 535 3405 574 non
3431 523 3636 580 invenie-

2137 616 2264 669 bant
2287 617 2438 670 cibos
2465 623 2649 685 patres
2677 615 2873 670 nostri.
2903 613 3041 669 Cum
3070 610 3474 667 audissetautem
3495 614 3631 671 Iacob

2135 720 2258 761 esse
2295 706 2630 761 frumentum
2663 706 2716 760 in
2748 705 3005 775 Egypto,
3059 703 3216 757 misit
3239 713 3418 772 patres
3461 720 3636 761 nostros

2136 800 2371 875 primum
2408 815 2423 854 :
2460 809 2517 855 et
2547 800 2599 853 in
2629 798 2878 854 secundo
2910 798 3164 863 cognitus
3193 804 3272 849 est
3299 795 3477 863 Ioseph
3501 813 3525 850 a
3549 797 3636 851 fra-

2137 889 2307 943 tribus
2364 889 2498 954 suis,
2547 897 2604 944 et
2634 887 3040 943 manifestatum
3077 895 3161 941 est
3210 885 3455 940 Pharaoni
3501 903 3640 955 genus

2137 981 2276 1050 ejus.
2300 979 2519 1035 Mittens
2545 989 2727 1035 autem
2755 978 2962 1048 Ioseph
2995 975 3283 1032 accersivit
3302 976 3452 1031 Iacob
3470 989 3640 1046 patrem

2138 1085 2320 1134 suum,
2358 1083 2413 1128 et
2445 1087 2663 1126 omnem
2711 1071 3087 1141 cognationem
3122 1083 3272 1123 suam
3317 1067 3371 1122 in
3401 1069 3641 1123 animabus

2139 1165 2485 1233 septuaginta
2535 1165 2802 1232 quinque.
2835 1163 2901 1217 Et
2925 1159 3208 1216 descendit
3250 1156 3404 1214 Iacob
3434 1159 3482 1213 in
3512 1158 3644 1227 ΑΕΗ-

2141 1268 2318 1326 p-tum,
2371 1264 2426 1310 et
2448 1279 2450 1282 τ
2473 1256 2768 1310 defunctus
2800 1263 2884 1309 est
2918 1254 3056 1324 ipse,
3095 1262 3150 1307 et
3181 1260 3353 1321 patres
3381 1253 3553 1306 nostri.
3592 1251 3646 1305 Et

2142 1347 2386 1401 translati
2420 1357 2546 1401 sunt
2576 1349 2628 1401 in
2656 1345 2898 1409 Sichem.
2927 1357 2982 1400 et
3009 1345 3170 1415 positi
3191 1351 3317 1398 sunt
3341 1343 3390 1396 in
3415 1343 3642 1410 sepulcro,

2141 1439 2285 1507 quod
2318 1438 2452 1491 emit
2485 1437 2758 1491 Abraham
2795 1438 2973 1505 pretio
3009 1434 3217 1503 argenti
3261 1449 3289 1486 a
3332 1433 3446 1488 filiis
3486 1431 3647 1485 llemor

2145 1530 2238 1583 filii
2274 1528 2515 1584 Sichem.
2552 1529 2689 1584 Cum
2737 1538 2918 1582 autem
2967 1524 3423 1596 appropinquaret
3473 1533 3647 1591 tempus

2145 1620 2557 1688 promissionis,
2589 1632 2750 1688 quam
2785 1616 3074 1672 confessus
3117 1625 3237 1669 erat
3263 1615 3397 1669 Deus
3440 1613 3647 1676 Abrahaa,

2145 1712 2318 1765 crevit
2348 1711 2605 1780 populus,
2635 1717 2692 1764 et
2723 1707 3116 1777 multiplicatus
3167 1714 3250 1760 est
3279 1706 3331 1759 in
3357 1703 3583 1775 Egypto,
3609 1713 3652 1758 et

2145 1803 2506 1872 quoadusque
2532 1801 2773 1856 surrexit
2798 1799 2939 1853 alius
2990 1814 3085 1852 rex
3121 1797 3177 1851 'rn
3207 1795 3442 1866 .‘Egypto,
3465 1796 3544 1864 qui
3569 1812 3652 1849 non

2145 1893 2347 1947 sciebat
2381 1891 2607 1960 Ioseph.
2641 1891 2738 1944 Hic
2768 1887 3212 1944 circumveniens
3233 1900 3396 1955 genus
3429 1893 3651 1948 nostrum,

2145 1983 2332 2038 aﬂlixit
2367 1993 2549 2053 patres
2578 1991 2823 2046 nostros,
2859 1990 2918 2035 ut
2946 1965 3288 2048 exponerent
3323 1976 3534 2031 infantes
3557 1991 3657 2030 suos

2149 2091 2216 2129 ne
2240 2075 2666 2130 vivifica—rentur.
2695 2073 2892 2127 Eodem
2920 2081 3166 2139 tempore
3191 2075 3349 2122 natus
3373 2078 3452 2121 est
3471 2067 3656 2135 Moyses,

2147 2179 2201 2223 et
2233 2168 2330 2221 fuit
2364 2175 2548 2237 gratus
2581 2167 2693 2220 Deo
2719 2205 2735 2229 ,
2785 2164 2881 2233 qui
2919 2163 3169 2216 nutritus
3201 2168 3284 2214 est
3312 2159 3473 2212 tribus
3500 2157 3661 2210 mensi-

2151 2261 2250 2314 bus
2302 2261 2354 2313 in
2379 2259 2542 2313 domo
2562 2257 2731 2326 patris
2748 2255 2853 2309 sui.
2879 2251 3144 2323 Exposita
3163 2260 3341 2305 autem
3365 2250 3468 2312 illo,
3487 2247 3665 2302 sustulit

2149 2370 2272 2407 eum
2304 2353 2413 2406 illia
2439 2349 2765 2411 Pharaonis,
2799 2357 2856 2402 et
2885 2344 3117 2400 nutrivit
3149 2357 3272 2398 eum
3307 2342 3406 2396 sibi
3436 2343 3482 2396 in
3509 2340 3659 2394 ﬁlium.

2153 2447 2218 2500 Et
2239 2444 2491 2498 eruditus
2512 2451 2596 2496 est
2621 2439 2833 2511 Moyses
2857 2439 3003 2492 omni
3024 2436 3294 2505 sapientia
3321 2433 3666 2504 Egyptiorum.

2151 2547 2208 2591 et
2234 2545 2354 2590 erat
2384 2544 2576 2604 potens
2613 2533 2666 2586 in
2700 2530 2884 2585 verbis
2935 2539 2989 2582 et
3018 2529 3072 2581 in
3117 2527 3378 2597 Operibus
3413 2524 3530 2579 suis.
3562 2520 3674 2576 Cum-

2153 2636 2340 2681 autem
2375 2625 2700 2694 impleretur
2723 2621 2772 2675 ei
2797 2619 3164 2691 quadraginta
3191 2630 3449 2669 annorum
3474 2621 3669 2680 tempus,

2155 2719 2402 2772 ascendit
2440 2719 2492 2770 in
2529 2730 2625 2769 cor
2660 2715 2800 2783 ejus,
2833 2723 2894 2767 ut
2919 2711 3171 2766 visitaret
3202 2709 3392 2762 fratres
3421 2719 3534 2759 suos
3559 2701 3669 2754 lilios

2154 2809 2342 2863 l~rael.
2383 2809 2448 2862 Et
2478 2823 2600 2860 cum
2626 2806 2850 2860 vidisset
2883 2802 3179 2874 quemdam
3222 2796 3467 2864 injuriam
3496 2791 3672 2862 patien-

2161 2909 2291 2962 tem,
2330 2897 2626 2951 vindicavit
2654 2896 2804 2949 illum
2854 2911 2865 2948 '.
2903 2902 2954 2947 et
2983 2891 3113 2946 fecit
3149 2890 3406 2945 ultionem
3434 2886 3477 2941 ei
3509 2883 3587 2954 qui
3611 2883 3678 2935 in-

2153 2993 2351 3061 juriam
2387 2990 2710 3049 sustinebat,
2743 3000 3002 3056 percusso
3052 2983 3334 3054 Egyptio.
3371 2975 3680 3034 Existimabat

478 3090 662 3143 locum
697 3089 888 3156 istum,
925 3098 981 3142 et
1012 3089 1246 3143 mutabit
1279 3090 1625 3153 traditiones,
1663 3105 1797 3158 quas
1830 3089 2054 3145 tradidit
2081 3101 2124 3159 ο
2157 3095 2339 3137 aulum
2373 3083 2675 3151 intelligere
2707 3080 2924 3142 ΐτειῑτθεν
2981 3080 3252 3147 quoniam
3284 3074 3421 3129 Deus
3476 3085 3559 3140 Per
3584 3083 3676 3121 "'3'

480 3180 640 3233 nobis
674 3178 904 3250 Moyses.
942 3178 1005 3233 Et
1041 3179 1319 3234 intuentes
1355 3196 1481 3234 eum
1518 3195 1732 3246 omnes,
1769 3183 1864 3250 qui
1896 3182 2054 3236 sede-

481 3271 618 3324 bant
670 3269 723 3324 iu
776 3271 1035 3340 concilio,
1092 3272 1350 3326 viderunt
1406 3272 1602 3326 facient
1636 3274 1758 3341 ejus
1795 3282 2050 3343 tauquam

457 3363 673 3415 'faciem
697 3361 895 3431 angeli.

557 3451 715 3524 [Cap.
748 3451 884 3524 γη]
918 3453 1061 3507 Dixit
1087 3461 1270 3507 autem
1304 3455 1564 3524 princeps
1585 3455 1931 3510 sacerdotum
1958 3471 1971 3508 :
1997 3457 2057 3513 Si

485 3544 604 3597 inec
635 3546 704 3597 ita
738 3559 797 3600 se
829 3544 1078 3602 habent?
1100 3546 1203 3612 Qui
1230 3548 1303 3600 ait
1338 3565 1352 3604 ;
1390 3547 1498 3600 Viri
1520 3547 1745 3612 fratres,
1771 3559 1826 3602 et
1856 3559 2055 3614 patres,

487 3635 713 3692 audite:
750 3638 892 3692 Deus
918 3639 1103 3708 glorise
1143 3641 1398 3708 apparuit
1431 3643 1574 3710 patri
1608 3650 1799 3696 nostro
1824 3641 2059 3694 Abrahae

487 3744 610 3782 cum
648 3738 791 3783 esset
825 3729 878 3783 in
911 3729 1326 3800 Mesopotamia,
1362 3734 1514 3802 prius
1554 3748 1715 3802 quam
1755 3739 2060 3786 moraretur

489 3821 543 3876 in
577 3820 811 3885 Charan,
837 3831 890 3875 et
926 3823 1063 3876 dixit
1096 3822 1162 3876 ad
1195 3823 1345 3876 illum
1383 3839 1398 3877 :
1435 3823 1530 3878 Exi
1596 3825 1662 3878 de
1695 3834 1838 3879 terra
1868 3834 1959 3878 tua
2003 3835 2060 3878 et

489 3915 558 3967 de
591 3916 917 3983 cognatione
955 3925 1067 3979 tua,
1102 3927 1157 3969 et
1209 3916 1334 3970 veni
1368 3917 1422 3970 in
1459 3925 1682 3978 terram,
1715 3933 1877 3986 quam
1913 3932 2064 3970 mon-

491 4021 735 4063 Stravero
785 4008 903 4062 tibi.
939 4007 1093 4061 Tunc
1120 4008 1255 4061 exiit
1283 4008 1350 4062 de
1384 4017 1530 4062 terra
1566 4007 1968 4072 Chaldzeorum,
2011 4015 2064 4061 et

491 4103 756 4156 habitavit
787 4102 844 4155 iu
895 4100 1134 4154 Charan.
1167 4100 1236 4154 Et
1281 4101 1429 4164 inde,
1482 4109 1776 4170 postquam
1813 4110 2066 4154 mortuus

491 4203 574 4248 est
598 4204 754 4263 pater
782 4195 925 4265 ejus,
957 4192 1235 4247 transtulit
1264 4191 1416 4245 illum
1451 4191 1505 4245 in
1538 4202 1743 4246 terram
1797 4191 1982 4254 istam,
2012 4193 2065 4246 iu

495 4307 601 4360 qua
634 4307 780 4345 nunc
811 4306 908 4345 vos
938 4290 1222 4344 habitatis.
1271 4289 1338 4343 Et
1364 4304 1472 4342 non
1502 4289 1654 4342 dedit
1707 4287 1785 4341 illi
1836 4287 2067 4342 haeredi-

495 4393 660 4436 tatetn
701 4384 752 4437 in
778 4397 862 4447 ea,
888 4397 990 4436 nec
1012 4397 1233 4451 passum
1263 4382 1438 4451 pedis,
1499 4381 1594 4435 sed
1630 4381 1880 4450 promisit
1937 4379 2066 4434 dare

2159 3193 2286 3230 num
2313 3175 2483 3243 ipsius
2504 3175 2660 3227 daret
2690 3172 2920 3225 saiutem
2940 3170 3048 3223 illis
3083 3186 3098 3222 :
3132 3177 3189 3222 at
3217 3166 3293 3220 illi
3319 3179 3420 3218 non
3440 3160 3680 3215 intellexe-

2158 3283 2304 3324 runt.
2334 3266 2594 3337 Sequenti
2619 3279 2749 3319 vero
2789 3263 2877 3318 die
2906 3258 3310 3332 apparuit'illis
3341 3253 3671 3324 litigantibus:

2159 3376 2212 3416 et
2245 3359 2636 3416 reconciliabat
2666 3372 2764 3412 eos
2793 3357 2846 3410 i-n
2877 3369 3008 3425 pace
3058 3354 3253 3408 dicens
3280 3367 3295 3406 :
3358 3347 3483 3410 Viri,
3527 3345 3688 3397 fratres

2159 3459 2310 3519 csris,
2336 3465 2393 3509 ut
2423 3454 2552 3524 quid
2586 3451 2794 3505 nocetis
2822 3449 3153 3503 alterutrum
3186 3445 3210 3498 ?
3242 3442 3342 3510 Qui
3382 3447 3547 3493 autem
3570 3433 3684 3524 inju-

2162 3551 2295 3601 riam
2333 3522 2567 3599 faciebat
2599 3542 2869 3612 proximo,
2910 3537 3112 3608 repulit
3145 3551 3296 3598 eum,
3332 3532 3510 3585 dicens
3540 3543 3551 3579 :
3576 3522 3680 3588 Quis

2165 3651 2216 3692 te
2273 3635 2564 3691 constituit
2620 3632 2919 3701 principem
2971 3637 3028 3684 et
3070 3627 3316 3699 judicetn
3377 3635 3529 3690 super
3573 3612 3692 3669 nos?-

2165 3727 2433 3797 numquid
2467 3727 2774 3784 interficere
2807 3738 2890 3776 me
2917 3731 2973 3775 tu
3005 3721 3115 3783 vis,
3151 3713 3588 3788 quemadmodum
3626 3705 3687 3797 in-

2166 3796 2425 3874 terfecisti
2462 3817 2580 3871 heri
2618 3814 2926 3884 Egyptium
2953 3812 2985 3864 τ
3024 3811 3190 3880 Fugit
3223 3818 3406 3864 autem
3437 3803 3620 3871 Moyse!
3646 3796 3690 3847 il

2165 3913 2335 3965 verbo
2372 3913 2524 3964 isto:
2561 3917 2617 3962 et
2647 3909 2824 3961 factus
2871 3913 2954 3959 est
2987 3904 3206 3958 advena
3240 3904 3301 3954 in
3329 3908 3467 3953 terra
3502 3890 3693 3949 Madian.

2170 4004 2258 4057 ubi
2283 4002 2560 4073 generavit
2582 4001 2724 4054 filios
2752 3999 2910 4052 duos.
2944 3997 3010 4050 Et
3039 3996 3282 4064 expletis
3317 3991 3470 4048 annis
3494 3983 3693 4073 quadra-

2169 4071 2341 4167 ginta,
2381 4094 2638 4163 apparuit
2674 4092 2749 4146 illi
2783 4091 2836 4145 in
2865 4090 3089 4144 deserto
3127 4086 3334 4141 montis
3365 4082 3488 4136 Sina
3513 4071 3698 4167 angelus

2171 4165 2224 4242 in
2250 4189 2370 4257 igne
2400 4185 2633 4238 ﬂammae
2670 4181 2815 4236 rubi.
2855 4181 3070 4249 Moyses
3099 4189 3293 4233 autem
3328 4174 3527 4232 videns,
3557 4165 3699 4220 admi-

2173 4288 2326 4332 ratus
2356 4284 2440 4331 est
2462 4275 2662 4330 visum.
2696 4273 2762 4326 Et
2786 4270 3088 4325 accedente
3121 4267 3239 4332 illo,
3269 4273 3327 4319 ut
3357 4257 3698 4318 consideraret,

2175 4369 2316 4423 facta
2348 4377 2432 4422 est
2461 4365 2528 4420 ad
2563 4379 2693 4419 eum
2744 4377 2848 4416 vox
2907 4359 3152 4424 Domini,
3205 4357 3400 4411 dicens
3434 4367 3449 4406 :
3481 4349 3578 4418 Ego
3607 4354 3702 4398 sum

497 4435 572 4525 illi
605 4435 727 4524 eam
749 4435 805 4524 in
825 4435 1326 4538 possessionem,'et
1350 4435 1545 4522 semini
1569 4435 1687 4538 ejus
1714 4475 1836 4536 post
1867 4466 2066 4534 ipsum,
2103 4475 2148 4530 τι
2183 4463 2323 4516 Deus
2351 4468 2566 4531 patrum
2596 4465 2838 4520 tuorum,
2875 4453 3022 4506 Deus
3056 4443 3541 4538 Abraham,_DeuS
3565 4435 3700 4538 Ηυξ

495 4581 620 4620 cum
645 4581 751 4619 non
783 4564 1007 4618 haberet
1034 4563 1224 4616 lilium.
1251 4562 1491 4616 Locutus
1507 4569 1591 4614 est
1611 4570 1791 4615 autem
1813 4560 1862 4614 ei
1885 4559 2067 4615 Deus:

496 4655 632 4720 Quia
661 4655 762 4708 erit
787 4669 972 4708 semen
1005 4654 1122 4721 ejus
1151 4653 1336 4708 accola
1372 4652 1425 4704 in
1461 4660 1605 4705 terra
1635 4649 1831 4710 aliena,
1859 4657 1915 4703 et
1951 4663 2071 4703 ser-

496 4748 657 4801 vituti
694 4763 789 4801 eos
822 4745 1133 4814 subjicient,
1175 4752 1232 4799 et
1262 4745 1402 4798 male
1436 4742 1750 4796 tracrabunt
1786 4755 1883 4794 eos
1908 4739 2067 4793 annis

501 4836 918 4906 quadringentis
955 4852 968 4888 :
999 4843 1053 4889 et
1102 4843 1317 4904 gentem
1356 4833 1441 4886 cui
1469 4831 1787 4896 servierint,
1813 4831 2071 4900 judicabo

499 4944 625 5000 ego,
661 4929 799 4982 dixit
832 4927 1097 4980 Dominus
1147 4942 1162 4986 ;
1197 4935 1253 4979 et
1288 4936 1410 4995 post
1437 4927 1553 4979 haac
1582 4923 1831 4985 exibunt,
1864 4933 1918 4978 et
1957 4939 2074 4978 ser-

500 5023 654 5076 vient
688 5021 820 5074 mihi
859 5021 909 5073 in
951 5020 1070 5075 loco
1119 5020 1247 5076 isto.
1283 5018 1348 5074 Et
1399 5016 1550 5073 dedit
1581 5017 1655 5071 illi
1687 5025 2070 5078 testamentqu

503 5113 950 5169 circumcisionis
987 5131 1000 5181 ;
1035 5122 1091 5167 et
1119 5114 1197 5166 sic
1231 5111 1419 5180 genuit
1441 5110 1609 5173 lsaac,
1645 5121 1699 5165 et
1729 5109 2073 5165 circumcidit

499 5220 626 5260 eum
657 5205 746 5259 die
781 5214 976 5258 octavo
1009 5221 1022 5261 :
1060 5213 1116 5257 et
1145 5203 1322 5268 Isaac,
1374 5201 1540 5256 Iacob
1576 5217 1591 5257 :
1622 5210 1675 5254 et
1709 5198 1899 5265 Iacob,
1932 5199 2074 5253 duo-

501 5301 679 5354 decim
718 5300 1075 5368 patriarchas.
1109 5297 1175 5351 Et
1242 5299 1566 5365 patriarchae
1599 5295 1940 5356 munulantes,
1984 5289 2074 5346 Io-

505 5393 640 5460 seph
677 5393 1042 5447 rcudiderunt
1086 5392 1139 5444 in
1189 5389 1510 5462 Egyptum,
1537 5399 1594 5444 et
1623 5399 1742 5442 erat
1771 5389 1914 5442 Deus
1949 5401 2071 5439 cum

501 5500 570 5541 eo
612 5504 627 5540 :
678 5497 734 5541 et
788 5487 990 5556 eripuit
1024 5465 1156 5538 eum.
1195 5499 1261 5538 ex
1315 5481 1571 5536 omnibus
1625 5476 2075 5533 tribulationibus

503 5579 624 5648 ejus
653 5594 667 5636 :
694 5577 914 5634 etdedit
934 5577 983 5631 ei
1009 5576 1235 5647 gratiam
1260 5582 1315 5629 et
1344 5571 1664 5642 sapientiam
1694 5571 1749 5624 in
1777 5575 2075 5638 conspectu

507 5670 814 5726 Pharaonis
844 5672 990 5741 regis
1019 5669 1258 5742 A‘ngpti,
1293 5677 1348 5723 et
1375 5665 1664 5722 constituit
1691 5677 1816 5719 eum
1855 5676 2071 5733 praepo-

507 5764 674 5820 situm
722 5780 885 5836 super
943 5763 1258 5835 Egyptum,
1289 5770 1342 5819 et
1376 5774 1541 5830 super
1569 5771 1790 5816 omnem
1840 5753 2070 5810 domum

2170 4565 2224 4612 et
2272 4554 2417 4608 Deus
2447 4550 2638 4608 Iacob.
2696 4545 3077 4604 Tremefactus
3128 4551 3321 4596 autem
3356 4535 3552 4604 Moyses
3616 4535 3703 4578 non

2171 4646 2408 4701 audebat
2463 4641 2840 4698 considerare.
2893 4636 3039 4691 Dixit
3075 4641 3273 4688 autem
3325 4627 3402 4682 illi
3440 4620 3701 4715 Dominus:

2175 4737 2338 4792 Solve
2363 4735 2798 4792 calceamentutn
2832 4728 3036 4798 pedum
3081 4735 3312 4779 tuorum
3349 4736 3365 4772 :
3420 4716 3703 4807 ιοευξεεξιω

2173 4832 2227 4886 in
2260 4845 2368 4899 quo
2405 4837 2540 4891 stas,
2571 4835 2716 4880 terra
2747 4829 2938 4878 sancta
2975 4827 3085 4875 est.
3117 4816 3330 4872 Videns
3362 4809 3469 4865 vidi
3497 4803 3702 4904 afﬂictio-

2173 4937 2298 4976 nem
2344 4919 2528 4990 populi
2565 4917 2693 4982 mei,
2724 4914 2818 4984 qui
2868 4921 2954 4967 est
2999 4911 3058 4964 in
3093 4906 3371 4978 IEgypto,
3405 4912 3456 4958 et
3487 4901 3702 4970 gemitum

2174 5027 2363 5067 eorum
2417 5007 2628 5073 audivi,
2657 5016 2713 5061 et
2739 5001 3025 5068 descendi;
3053 5000 3307 5054 liberare
3356 5010 3472 5051 eos.
3517 4990 3574 5044 Et
3595 4993 3704 5038 nunc

2175 5107 2325 5168 veni,
2367 5113 2420 5159 et
2464 5102 2677 5158 mittam
2731 5109 2783 5154 te
2837 5099 2890 5152 in
2929 5093 3268 5165 Egyptum.
3320 5088 3472 5144 Hunc
3506 5082 3702 5173 Ἀψειῇ

2177 5211 2337 5266 quem
2391 5199 2753 5264 negaverunt,
2807 5188 3065 5243 dicentes
3113 5201 3130 5238 :
3195 5183 3334 5248 Quis
3387 5186 3440 5233 te
3471 5171 3709 5266 constituit

2178 5264 2480 5358 principem
2531 5292 2588 5339 et
2612 5278 2904 5352 judicem?
2959 5278 3113 5331 hunc
3152 5272 3304 5328 Deus
3351 5266 3626 5342 principem

2181 5355 2775 5446 redemptoremmisit,
2805 5384 2927 5424 cum
2959 5383 3129 5421 manu
3157 5365 3366 5434 angeli,
3388 5359 3477 5431 qui
3498 5355 3710 5446 apparuit

2181 5471 2255 5525 illi
2293 5470 2349 5522 in
2372 5443 2547 5522 rubo.
2599 5463 2698 5518 Hic
2746 5460 2936 5516 eduxit
2982 5458 3114 5512 illos
3141 5495 3159 5521 ,
3192 5455 3403 5510 faciens
3432 5443 3645 5521 prodigia
3669 5445 3713 5490 et

2179 5564 2339 5631 signa
2375 5559 2430 5613 in
2457 5567 2600 5614 terra
2634 5552 2870 5626 Egypti,
2905 5557 2961 5605 et
2985 5549 3042 5604 in
3075 5548 3278 5603 Rubro
3307 5544 3461 5609 mari,
3489 5531 3708 5633 et

2180 5627 2331 5711 serto
2373 5652 2531 5709 annis
2557 5646 2937 5720 quadraginta.
2972 5640 3076 5697 llic
3111 5651 3200 5697 est
3237 5640 3466 5710 Moyses,
3493 5631 3573 5704 qui
3597 5627 3708 5720 dixit

2185 5751 2314 5806 filiis
2348 5745 2511 5805 Israel
2542 5718 2918 5811 :l’ropltetatn
2967 5733 3273 5792 suScitabit
3323 5731 3470 5787 vobis
3501 5727 3620 5781 Deus
3653 5718 3711 5772 de
