3880 6168
293 261 406 326 ’Πῗῖ
499 315 503 321 .

1483 261 1723 326 uasa
1783 242 2423 328 ACTUUM'APOST.

3463 262 3570 327 731

289 375 560 429 fratribus
582 369 815 424 vestris:
849 379 1105 438 tanquam
1135 387 1242 434 me.
1270 373 1451 443 ipsum
1478 372 1735 428 audietis.
1777 371 1880 424 Hic
1919 371 1965 425 Α
1997 384 2164 442 super
2202 389 2352 428 eum.
2396 374 2602 429 Saulus
2645 381 2828 428 autem
2881 373 3199 430 devastabat
3241 372 3567 436 Ecclesiam.

289 475 399 527 est,
440 465 535 532 qui
572 461 756 518 fuitin
791 463 1034 517 Ecclesia
1074 464 1128 516 in
1183 463 1484 518 solitudine
1515 478 1640 517 cum
1674 461 1888 532 angelo,

197 583 208 593 -
286 555 386 622 qui
425 555 754 618 loquebatur
786 554 835 606 ei
868 553 921 606 in
950 561 1140 607 monte
1177 552 1337 619 Sina,
1385 562 1440 605 et
1470 568 1593 605 cum
1626 549 1884 619 patrihus

288 649 506 701 nostris
545 663 558 701 :
595 647 689 716 qui
738 647 953 715 accepit
1001 647 1168 700 verba
1203 646 1329 700 vita:
1384 646 1518 699 dare
1556 643 1735 698 nobis.
1790 639 1890 694 Cui

281 739 593 792 noluerunt
620 737 845 792 obedire
873 746 1054 807 patres
1082 737 1253 791 nostri
1287 754 1300 790 :
1333 738 1425 791 sed
1464 736 1805 805 repulerunt.
1837 745 1890 787 et

284 833 476 885 aversi
501 841 626 885 sunt
651 831 702 884 in
719 830 983 884 cordibus
999 832 1113 884 suis
1136 831 1192 884 in
1213 821 1527 898 :Egyptum,
1552 827 1800 879 dicentes
1825 824 1889 876 ad

285 920 484 971 Aaron
510 935 525 969 :
550 918 657 971 Fac
688 918 848 970 nobis
869 916 1022 977 deos.
1051 917 1144 987 qui
1174 917 1490 984 praecedant
1510 930 1609 968 nus
1636 932 1648 967 :
1676 914 1889 984 Moyses

283 1009 447 1061 enim
481 1007 595 1067 hic.
638 1008 730 1076 qui
781 1007 976 1061 eduxit
1017 1022 1119 1060 nos
1149 1007 1215 1059 de
1245 1015 1390 1059 terra
1427 1003 1672 1074 Egypti,
1703 1000 1886 1054 nesci-

285 1115 426 1153 mus
447 1101 580 1166 quid
608 1099 808 1153 factum
836 1100 907 1152 sit
936 1099 1011 1153 ei.
1042 1099 1112 1154 Et
1139 1098 1369 1151 vitulum
1402 1096 1654 1151 fecerunt
1689 1096 1741 1147 in
1767 1093 1887 1146 die-

286 1189 404 1244 bus
442 1189 573 1250 illis,
603 1198 660 1242 et
689 1188 1012 1242 obtulerunt
1038 1187 1272 1242 hostiam
1301 1186 1624 1247 simulacro.
1658 1195 1712 1239 et
1733 1187 1885 1239 laeta-

285 1281 504 1334 bantur
555 1280 609 1333 in
646 1280 908 1349 operibus
969 1293 1229 1333 manuum
1283 1294 1532 1334 suarum.
1593 1277 1886 1333 Convertit

286 1383 497 1433 autem,
511 1373 676 1438 Deus,
693 1380 746 1426 et
766 1371 990 1426 tradidit
1005 1386 1102 1426 eos
1119 1371 1328 1426 servire
1347 1371 1555 1426 militiae
1571 1371 1693 1427 εωιὶ
1707 1412 1720 1436 ,
1742 1372 1886 1426 sicut

285 1465 576 1531 scriptum
601 1472 688 1516 est
720 1464 771 1516 in
800 1463 943 1518 libro
969 1463 1362 1533 prophetarum
1391 1479 1405 1515 :
1430 1460 1706 1531 Numquid
1733 1462 1890 1516 victi-

287 1569 418 1607 mas
440 1561 496 1606 et
531 1555 733 1608 hostias
763 1553 1042 1608 ohlulistis
1069 1555 1203 1609 mihi
1235 1556 1395 1609 annis
1428 1555 1792 1624 quadraginta
1828 1554 1884 1607 in

288 1647 549 1712 deserto,
576 1646 770 1701 domus
793 1645 961 1700 lsrael
983 1646 1007 1698 ?
1031 1645 1095 1700 Et
1117 1645 1440 1715 suscepistis
1464 1644 1879 1699 tabernaculum

1998 480 2096 534 per
2127 463 2318 520 domos
2351 467 2564 521 intrans
2589 506 2602 528 .
2652 474 2708 520 et
2751 466 2974 518 trahens
3015 467 3162 519 viros
3195 481 3256 519 ac
3287 467 3567 528 mulieres,

1998 555 2246 609 tradebat
2303 556 2356 608 in
2409 557 2742 611 custodiam.
2805 556 2976 625 Igitur
3008 558 3099 625 qui
3126 556 3358 624 dispersi
3387 565 3567 617 erant,

1998 649 2436 717 pertransibant.
2473 650 2922 719 evangelizantcs
2957 651 3180 703 verbum
3216 650 3332 705 Dei.
3365 648 3573 718 Philip-

1994 755 2097 807 pus
2133 749 2313 794 autem
2345 740 2690 796 descendens
2727 745 2778 796 in
2803 745 3079 797 civitatem
3116 742 3399 804 Samarise,
3433 757 3571 812 prte-

1993 831 2219 887 dicabat
2254 833 2362 887 illis
2396 833 2701 890 Christum.
2750 837 3117 890 Intendehant
3156 845 3339 889 autem
3396 833 3569 886 turbze

1991 923 2080 977 his
2116 939 2237 992 quae
2279 940 2307 978 a
2361 924 2616 994 Philippo
2675 927 3006 982 dicebantur
3033 968 3047 990 ,
3089 928 3424 984 unanimiter
3474 941 3569 979 au-

1990 1014 2206 1068 dientes
2275 1024 2329 1070 et
2388 1017 2642 1072 videntes
2703 1019 2855 1086 signa
2940 1035 3063 1088 qua:
3103 1019 3360 1073 iaciebat.
3411 1019 3563 1073 Multi

1994 1107 2144 1160 enim
2170 1122 2390 1172 eorum,
2419 1109 2511 1177 qui
2539 1109 2816 1163 habebant
2843 1111 3073 1178 spiritus
3097 1110 3429 1170 immundos.
3456 1110 3564 1163 cla~

1991 1209 2207 1254 mantes
2240 1216 2374 1253 voce
2419 1217 2614 1270 magna
2651 1203 2898 1258 exibant.
2956 1202 3107 1256 Multi
3140 1212 3319 1258 autem
3348 1204 3567 1274 paraly-

1991 1290 2079 1344 tici
2133 1301 2186 1343 et
2222 1291 2406 1344 claudi
2457 1293 2636 1346 curati
2672 1301 2821 1345 sunt.
2875 1293 3099 1346 Factum
3133 1306 3217 1348 est
3259 1309 3389 1364 ergo
3434 1310 3566 1363 gau-

1987 1379 2140 1433 dium
2193 1395 2452 1450 magnum
2489 1381 2540 1435 in
2581 1383 2669 1437 illa
2705 1384 2952 1439 civitate.
2991 1382 3089 1437 Vir
3123 1394 3304 1439 autem
3339 1385 3563 1455 quidam

1987 1471 2211 1526 nomine
2244 1471 2458 1536 Simon,
2485 1476 2577 1542 qui
2628 1486 2757 1528 ante
2790 1474 2970 1528 fuerat
3005 1477 3058 1530 in
3101 1477 3323 1529 civitate
3355 1492 3562 1544 magus,

1988 1563 2262 1619 seducens
2288 1575 2508 1636 gentem
2541 1565 2826 1630 Samariaa,
2853 1568 3047 1636 dicens
3078 1583 3136 1622 se
3170 1583 3292 1622 esse
3319 1568 3560 1632 aliquem

1990 1671 2246 1725 magnum
2272 1669 2290 1708 :
2327 1659 2413 1712 cui
2443 1659 2833 1714 auscultabant
2857 1675 3047 1714 omnes
3078 1675 3107 1714 a
3133 1660 3363 1714 minimo
3389 1675 3563 1729 usque

289 1737 542 1799 Moloch.
572 1749 627 1792 et
657 1737 810 1791 sidus
835 1739 930 1792 Dei
957 1737 1122 1791 vestri
1149 1737 1475 1805 Rempham,
1510 1736 1709 1805 ﬁguras
1741 1751 1882 1805 quas
1916 1720 1960 1777 Β
1988 1746 2054 1800 ad
2081 1720 2426 1810 niaximum,
2466 1747 2755 1803 dicentes:
2793 1749 2891 1803 Hic
2922 1759 3008 1803 est
3060 1753 3233 1806 virtus
3267 1750 3402 1814 Dei,
3443 1720 3564 1819 qua:

289 1829 542 1889 fecistis,
579 1830 809 1882 adorare
832 1843 946 1883 eas.
995 1829 1063 1882 Et
1093 1826 1420 1881 transferam
1459 1841 1558 1880 vos
1593 1837 1742 1880 trans
1777 1826 1884 1878 Ba-

293 1922 590 1991 bylonem.
628 1919 1071 1973 Tabernaculum
1111 1917 1413 1973 testimonii
1471 1915 1575 1970 luit
1620 1930 1743 1969 cum
1783 1931 1880 1984 pa-

296 2018 484 2070 tribus
518 2015 788 2068 nostrisin
821 2014 1061 2077 deserto,
1092 2015 1239 2068 sicut
1271 2012 1544 2081 disposuit
1580 2010 1688 2064 illis
1715 2009 1879 2073 Deus,

293 2110 542 2177 loquens
585 2107 652 2160 ad
705 2105 970 2175 Moysen',
1023 2114 1084 2159 ut
1131 2105 1343 2159 faceret
1392 2103 1525 2158 illud
1577 2101 1879 2157 secundum

291 2199 538 2253 fortnam
567 2214 729 2268 quam
761 2198 991 2251 viderat.
1021 2197 1176 2262 Quod
1213 2207 1266 2250 et
1318 2196 1676 2256 induxerunt,
1710 2191 1884 2247 susci-

293 2294 524 2363 pientes
562 2299 749 2361 patres
798 2291 970 2344 nostri
1023 2286 1311 2354 cum‘lesu
1363 2289 1419 2343 in
1473 2285 1879 2357 possessionem

293 2389 576 2456 gentium,
605 2398 740 2453 quas
764 2384 977 2450 expulit
1012 2383 1160 2437 Deus
1189 2399 1219 2436 a
1251 2381 1389 2436 facie
1421 2388 1632 2449 patrum
1666 2385 1882 2432 nostro-

201 2501 204 2504 ·
293 2493 452 2542 rum,
489 2491 662 2545 usque
694 2477 749 2530 in
788 2476 981 2530 diebus
1013 2474 1220 2540 David,
1268 2473 1362 2544 qui
1396 2473 1607 2528 invenit
1651 2471 1879 2541 gratiam

289 2580 432 2625 ante
464 2570 632 2623 Deum
662 2607 676 2629 ,
714 2576 771 2622 et
817 2566 977 2636 petiit
1028 2575 1090 2620 ut
1136 2565 1412 2621 inveniret
1464 2562 1879 2619 tabernaculum

291 2661 416 2716 Deo
446 2658 640 2714 Iacob.
678 2657 936 2714 Salomon
975 2669 1157 2711 autem
1189 2655 1479 2711 aediﬁcavit
1519 2655 1598 2710 illi
1632 2654 1880 2708 domum.

293 2755 412 2809 Sed
443 2768 555 2807 non
585 2753 837 2807 excelsus
869 2753 924 2806 in
956 2751 1282 2806 manni'actis
1313 2749 1548 2814 habitat,
1570 2751 1714 2802 sicut
1743 2747 1882 2801 Pro-

290 2851 468 2919 pheta
489 2847 638 2901 dicit:
669 2847 878 2902 Caelum
900 2845 1033 2900 mihi
1059 2845 1218 2900 sedes
1240 2854 1325 2900 est
1349 2860 1366 2898 :
1391 2853 1534 2896 terra
1558 2851 1740 2894 autem
1763 2854 1884 2894 sca-

290 2941 513 2996 bellum
547 2940 746 3009 pedum
779 2953 1045 2994 meorum.
1078 2937 1252 3002 Quam
1287 2935 1511 2990 domum
1541 2932 1882 2988 aadiilcabitis

291 3033 484 3093 mihi,
516 3032 650 3085 dicit
681 3029 969 3092 Dominus,
1013 3039 1109 3084 aut
1136 3029 1264 3098 quis
1309 3027 1467 3082 locus
1509 3025 1874 3094 requietionis

468 3075 484 3093 ,
517 3075 649 3085 -.-η
681 3075 969 3092 "mm--.
1013 3075 1109 3084 .._-
1138 3075 1263 3098 η-.-
1309 3075 1464 3082 η---
1509 3075 1798 3094 --Ἰπηηπ
1826 3075 1869 3078 _-

293 3139 446 3178 mete
499 3123 630 3178 est?
677 3120 872 3177 Nonne
919 3137 1116 3176 manus
1167 3135 1286 3175 mea
1334 3119 1465 3174 fecit
1511 3119 1626 3172 haec
1659 3115 1886 3172 omnia?
1914 3075 1963 3138 ε

289 3217 450 3272 Dura
485 3216 702 3270 cervice
728 3257 742 3278 ,
785 3223 843 3270 et
895 3215 1297 3269 incircumcisis
1335 3211 1599 3267 cordibus
1637 3219 1695 3264 et
1731 3207 1886 3264 auri-

291 3311 407 3364 bus
436 3349 452 3370 .
491 3323 593 3361 vos
617 3322 835 3376 semper
864 3307 1098 3374 Spiritui
1149 3313 1341 3361 sancto
1387 3303 1650 3360 resistitis
1674 3345 1687 3369 ,
1741 3296 1886 3356 sicut

291 3414 493 3476 patres
511 3402 698 3464 vestri,
721 3401 793 3454 ita
812 3409 868 3454 et
884 3416 1000 3456 vos.
1021 3400 1192 3468 Quem
1213 3397 1605 3470 prophetarum
1632 3410 1739 3449 non
1757 3401 1888 3448 sunt

291 3495 582 3567 persecuti
609 3503 784 3564 patres
802 3495 1011 3549 vestri?
1032 3494 1099 3548 Et
1130 3493 1451 3549 occiderunt
1479 3505 1594 3555 eos,
1626 3490 1719 3560 qui
1749 3505 1889 3559 pras-

291 3586 640 3644 nuntiabant
669 3586 738 3642 de
767 3586 1002 3641 adventu
1031 3583 1198 3652 Justi,
1227 3585 1385 3654 cujus
1411 3599 1508 3638 vos
1529 3598 1678 3637 nunc
1706 3582 1889 3652 prodi-

293 3689 454 3735 tores
473 3685 532 3734 et
557 3677 840 3732 homicidae
869 3677 1048 3733 fuistis
1075 3693 1090 3730 :
1117 3679 1209 3746 qui
1229 3677 1520 3746 accepistis
1547 3674 1717 3743 legem
1739 3673 1791 3728 in
1809 3673 1894 3725 di-

296 3773 615 3844 spositione
631 3772 970 3842 angelorum,
996 3779 1050 3826 et
1070 3786 1180 3826 non
1213 3769 1556 3826 custodistis.
1587 3767 1887 3824 Audientes

303 3881 497 3926 autem
516 3871 652 3935 haec,
669 3869 1087 3924 dissecabantur
1098 3866 1354 3922 cordibus
1366 3868 1501 3933 suis,
1515 3873 1567 3919 et
1584 3865 1889 3919 stridebant

302 3964 571 4018 dentibus
591 3963 644 4016 in
659 3977 805 4016 eum.
825 3960 960 4015 Cum
981 3970 1162 4015 autem
1180 3969 1320 4014 esset
1339 3959 1532 4028 plenus
1545 3957 1749 4026 Spiritu
1767 3972 1890 4012 san-

302 4067 422 4125 eto,
451 4055 743 4110 intendens
765 4056 820 4109 in
838 4053 1060 4116 cmlum,
1079 4053 1212 4106 vidit
1239 4053 1464 4122 gloriam
1486 4053 1602 4112 Dei.
1627 4061 1683 4106 et
1699 4051 1885 4107 Jesum

302 4161 553 4207 Stantem
582 4164 609 4202 a
667 4147 874 4202 dextris
908 4147 1023 4200 Dei.
1070 4145 1134 4200 Et
1165 4147 1242 4200 ait
1275 4161 1288 4200 :
1319 4144 1460 4199 Ecce
1521 4143 1677 4197 video
1717 4142 1888 4198 caelos

297 4253 552 4312 apertos,
587 4249 644 4295 et
673 4239 877 4293 Filium
911 4238 1149 4293 hominis
1182 4246 1413 4293 stantem
1442 4252 1470 4290 a
1501 4235 1711 4290 dextris
1768 4234 1884 4289 Dei.

296 4337 692 4392 Exclamantes
731 4342 913 4389 autem
945 4349 1078 4388 voce
1109 4349 1300 4402 magna
1342 4331 1734 4388 continuerunt
1771 4345 1872 4382 au-

1987 1848 2213 1892 vocatur
2247 1855 2460 1908 magna.
2511 1840 2883 1894 Attendebant
2922 1857 3102 1895 autem
3128 1858 3254 1896 eum
3279 1879 3297 1906 ,
3337 1852 3564 1912 propter

1985 1930 2130 1999 quod
2166 1930 2339 1984 multo
2369 1940 2615 1998 tempore
2667 1932 2860 2000 magiis
2894 1935 3009 1988 suis
3046 1934 3415 1988 detnentasset
3445 1950 3563 1988 eos.

1984 2023 2122 2078 Cum
2161 2039 2292 2078 vero
2326 2024 2697 2079 credidissent
2747 2025 3008 2095 Philippo
3064 2027 3464 2096 evangelizanti
3496 2027 3566 2081 de

1986 2134 2156 2188 regno
2190 2117 2303 2180 Dei,
2345 2119 2396 2171 in
2433 2119 2657 2172 nomine
2694 2118 2824 2173 Jesn
2882 2119 3088 2173 Christi
3142 2120 3564 2188 baptizabantur

1987 2213 2090 2267 viri
2140 2228 2204 2267 ac
2246 2212 2529 2266 mulieres.
2581 2211 2738 2266 Tunc
2791 2212 2982 2267 Simon
3029 2224 3083 2268 et
3119 2213 3236 2283 ipse
3281 2214 3564 2274 credidit:

1984 2315 2192 2361 etcum
2232 2306 2544 2374 baptizatus
2575 2314 2754 2370 esset,
2805 2305 3120 2360 adhaerebat
3165 2307 3437 2377 Philippo.
3476 2306 3568 2361 Vi.

1985 2399 2121 2452 deus
2148 2397 2314 2452 etiam
2341 2397 2494 2465 signa
2524 2405 2576 2450 et
2608 2397 2840 2449 virtutes
2870 2399 3134 2451 maximas
3166 2397 3304 2462 lieri,
3338 2408 3565 2467 stupens

1990 2487 2396 2541 admirabatur.
2426 2485 2782 2554 Cuni_autem
2813 2486 3096 2541 audissent
3155 2487 3386 2556 apostoli
3415 2529 3429 2552 ,
3469 2489 3562 2556 qui

1985 2587 2144 2632 erant
2175 2574 2536 2648 Jerosolymis
2561 2618 2576 2643 ,
2627 2581 2774 2648 quod
2814 2584 3118 2652 recepisset
3154 2583 3398 2638 Samaria
3436 2599 3561 2636 ver-

1985 2671 2114 2726 bum
2132 2669 2251 2734 Dei,
2276 2671 2544 2725 miserunt
2569 2672 2633 2724 ad
2665 2687 2762 2727 eos
2795 2672 3013 2728 Petrum
3048 2683 3102 2729 et
3129 2675 3421 2731 Joannem.
3458 2673 3562 2740 Qui

1985 2777 2110 2818 cum
2142 2765 2459 2829 venissent,
2497 2773 2798 2818 oravernnt
2833 2780 2932 2834 pro
2961 2765 3094 2834 ipsis
3114 2805 3127 2832 ,
3166 2775 3222 2820 ut
3251 2767 3565 2834 acciperent

1990 2855 2255 2925 Spiritum
2288 2865 2541 2911 sanctum
2589 2870 2606 2913 :
2657 2859 2899 2910 nondum
2949 2861 3094 2912 enim
3139 2861 3190 2912 in
3231 2874 3563 2927 quemquam

1986 2948 2207 3003 illorum
2261 2956 2523 3014 venerat,
2576 2947 2672 3002 sed
2721 2947 2985 3018 baptizati
3042 2959 3254 3003 tantum
3309 2959 3468 3004 erant
3503 2951 3558 3002 in

1995 3040 2216 3100 nomine
2271 3040 2489 3096 Domini
2538 3039 2692 3098 Jesu.
2748 3040 2903 3095 Tunc
2955 3042 3317 3111 imponebant
3370 3057 3565 3096 manus

1994 3147 2159 3203 super
2187 3133 2329 3196 illos,
2361 3143 2413 3187 et
2435 3134 2779 3202 accipiebant
2815 3131 3082 3202 Spiritum
3115 3144 3389 3187 sanctum.
3424 3132 3559 3186 Cum

1988 3224 2219 3278 vidisset
2251 3235 2435 3278 autem
2473 3223 2688 3288 Simon,
2720 3225 2848 3294 quia
2885 3241 2982 3292 per
3013 3224 3414 3295 impositionem
3447 3239 3564 3276 ma-

1988 3329 2096 3370 nus
2126 3315 2506 3384 apostolorum
2548 3315 2777 3370 daretur
2813 3312 3058 3384 Spiritus
3089 3324 3336 3378 sanctus,
3365 3313 3568 3367 obtulit

1989 3407 2069 3460 eis
2101 3406 2420 3474 pecuniam,
2451 3405 2644 3460 dicens
2671 3423 2684 3458 :
2725 3405 2856 3460 Date
2886 3415 2939 3460 et
2971 3406 3103 3459 mihi
3139 3405 3278 3460 hanc
3324 3412 3566 3475 potesta-

1994 3508 2107 3549 tem
2137 3536 2152 3560 ,
2212 3505 2271 3549 ut
2309 3497 2625 3564 cuicunque
2687 3496 3006 3566 imposuero
3061 3512 3256 3551 manus
3284 3535 3299 3558 .
3333 3496 3566 3565 accipiat

1993 3587 2260 3656 Spiritum
2313 3597 2588 3643 sanctum.
2641 3587 2838 3643 Petrus
2887 3599 3068 3642 autem
3104 3588 3244 3642 dixit
3291 3587 3356 3640 ad
3387 3603 3511 3641 eum
3549 3603 3563 3639 :

1990 3677 2236 3733 Pecunia
2291 3687 2379 3732 tua
2423 3689 2603 3734 tecum
2638 3679 2712 3734 sit
2765 3681 2818 3732 in
2853 3679 3220 3749 perditionem
3255 3695 3274 3733 :
3306 3679 3565 3747 quoniaru

1991 3772 2197 3826 donum
2233 3771 2330 3826 Dei
2357 3772 2684 3826 existimasti
2719 3773 2951 3840 pecunia
2985 3771 3276 3843 possideri.
3326 3769 3447 3824 Non
3479 3777 3566 3823 est

1992 3867 2093 3921 tibi
2157 3882 2287 3936 pars
2359 3882 2538 3934 neque
2569 3882 2690 3921 sors
2723 3866 2777 3920 in
2829 3881 3086 3920 sermone
3123 3869 3247 3920 isto.
3279 3866 3384 3920 Cor
3414 3865 3564 3919 enim

1993 3971 2149 4014 tuum
2204 3971 2320 4012 "non
2371 3970 2454 4013 est
2491 3966 2702 4013 rectum
2751 3974 2936 4012 coram
2986 3957 3118 4013 Deo.
3172 3956 3562 4013 Paenitentiam

1993 4053 2179 4120 itaque
2205 4068 2302 4121 age
2331 4053 2399 4105 ab
2431 4053 2531 4105 hac
2562 4050 2803 4119 nequitia
2834 4059 2924 4104 tua
2959 4067 2972 4102 :
3003 4058 3058 4104 et
3089 4065 3216 4120 roga
3265 4050 3471 4112 Deum,
3517 4048 3565 4102 si

1993 4143 2134 4198 forte
2189 4145 2500 4198 remittatur
2537 4143 2634 4196 tibi
2669 4144 2784 4197 haec
2832 4143 3101 4212 cogitatio
3149 4142 3335 4196 cordis
3368 4141 3468 4196 tui.
3503 4139 3563 4194 In

1991 4235 2117 4291 felle
2148 4235 2292 4290 enim
2325 4235 2712 4289 amaritudinis
2741 4274 2755 4298 ,
2790 4244 2842 4287 et
2867 4235 3201 4304 obligatione
3254 4234 3564 4303 iniquitatis

1994 4328 2153 4381 video
2189 4337 2239 4379 te
2291 4342 2413 4381 esse
2448 4365 2461 4378 .
2497 4327 2860 4395 llespundens
2910 4341 3093 4380 autem
3130 4328 3341 4392 Simon,
3381 4327 3518 4380 dixit
3549 4341 3562 4377 :

297 4447 396 4487 res
474 4443 604 4482 suas
636 4469 650 4491 ,
696 4435 754 4482 et
812 4428 1076 4496 impetum
1119 4425 1374 4479 fecerunt
1444 4423 1778 4476 unanimiter
1831 4421 1884 4474 in
1914 4442 1969 4504 ι)
1995 4419 2303 4474 Precamini
2338 4434 2434 4473 vos
2467 4435 2564 4487 pro
2599 4434 2684 4473 me
2710 4419 2775 4472 ad
2807 4417 3101 4473 Dominum
3131 4461 3145 4484 ,
3181 4429 3243 4473 ut
3293 4417 3430 4472 nihil
3471 4434 3567 4472 ve-

296 4531 458 4572 eum.
513 4513 580 4568 Et
629 4513 916 4583 ejicirntes
968 4530 1094 4569 eum
1147 4523 1304 4568 extra
1343 4512 1644 4577 civitatem,
1680 4510 1890 4579 lapida-

298 4612 488 4667 bant:
528 4619 583 4663 et
615 4617 786 4663 testes
811 4608 1192 4678 deposuerunt
1224 4607 1550 4662 vestimenta
1583 4620 1703 4668 sua,
1731 4617 1892 4657 secus

298 4705 481 4774 pedes
516 4701 930 4765 adolescentis,
981 4699 1074 4768 qui
1103 4698 1406 4754 vocabatur
1434 4698 1653 4751 Saulus.
1705 4695 1770 4748 Et
1811 4696 1891 4750 la-

301 4795 581 4866 pidabaut
643 4792 986 4861 Stephanum
1035 4793 1387 4845 invocantem
1416 4829 1432 4854 ,
1472 4798 1530 4845 et
1570 4791 1840 4845 dicentem
1875 4805 1890 4844 :

301 4887 548 4942 Domine
605 4884 782 4950 Jesu,
847 4883 1062 4953 suscipe
1111 4883 1364 4952 spiritum
1427 4898 1631 4938 meum.
1696 4880 1895 4935 Positis

302 4989 495 5035 autem
529 4979 782 5047 genibus,
813 4977 1072 5032 clamavit
1099 4991 1232 5031 voce
1267 4991 1484 5045 magna,
1529 4975 1717 5029 dicens
1739 4990 1758 5031 ,ε
1791 4975 1894 5028 Do-

305 5073 486 5136 mine,
523 5086 591 5124 ne
625 5080 836 5125 statuas
875 5070 982 5124 illis
1014 5071 1117 5125 hoc
1170 5079 1479 5138 peccatum.
1533 5068 1595 5120 Et
1629 5083 1753 5122 cum
1789 5067 1895 5122 hoc

304 5166 572 5229 dixisset,
609 5164 946 5217 obdormivit
975 5165 1028 5217 in
1059 5163 1311 5217 Domino.
1345 5161 1543 5216 Saulus
1565 5171 1748 5214 autem
1777 5170 1896 5215 erat

306 5258 667 5314 consentiens
703 5258 824 5311 neci
859 5255 1000 5324 ejus.

384 5349 549 5424 [Cap.
599 5349 760 5419 \'l|l.]
804 5350 963 5403 Facta
999 5359 1084 5404 est
1114 5361 1296 5404 autem
1349 5347 1402 5402 in
1448 5347 1538 5402 illa
1575 5347 1659 5401 die
1703 5362 1891 5415 perse-

306 5442 467 5497 cutio
500 5456 694 5509 magna
727 5441 780 5494 in
814 5439 1082 5505 Ecclesia,
1120 5456 1242 5510 quae
1281 5451 1399 5495 erat
1429 5438 1806 5510 Jcrosolymis,
1839 5447 1895 5492 et

304 5548 512 5588 omnes
543 5531 780 5601 dispersi
815 5542 944 5587 sunt
976 5547 1072 5603 per
1097 5532 1355 5603 regiones
1393 5530 1594 5586 ludas:
1619 5542 1675 5586 et
1705 5531 1896 5587 Sama-

307 5626 433 5687 riaa,
470 5632 672 5694 praeter
703 5625 1002 5694 apostolos.
1041 5625 1396 5683 Curaverunt
1445 5636 1626 5680 autem
1658 5625 1893 5694 Stepha-

309 5733 451 5774 num
485 5715 595 5772 viri
631 5716 872 5775 timorati
896 5759 910 5787 ,
943 5729 997 5778 et
1028 5722 1281 5782 iecerunt
1323 5718 1602 5789 planctum
1633 5733 1891 5786 mag-rum

1995 4514 2112 4567 niat
2141 4527 2307 4581 super
2336 4527 2423 4566 me
2452 4509 2649 4566 horum
2678 4527 2800 4582 quas
2836 4511 3078 4567 dixistis.
3127 4511 3194 4566 Et
3229 4510 3309 4564 illi
3345 4510 3568 4580 quidem

1998 4605 2273 4660 testificati
2321 4613 2378 4660 et
2412 4605 2582 4659 locuti
2616 4606 2846 4660 verbum
2881 4604 3097 4658 Domini
3129 4643 3145 4669 ,
3198 4603 3449 4659 redibant
3480 4602 3568 4658 Je-

1996 4698 2329 4770 rosolymam
2359 4737 2374 4762 ,
2424 4705 2479 4751 et
2511 4697 2699 4752 multis
2735 4697 3059 4768 regionibus
3091 4697 3568 4751 Samaritanorum

1992 4792 2469 4861 evangelizabant.
2512 4789 2753 4860 Angelus
2786 4801 2968 4843 autem
3001 4789 3217 4844 Domini
3245 4790 3570 4844 locutusest

1995 4887 2059 4940 ad
2091 4884 2404 4953 Philippum
2437 4925 2452 4947 ,
2484 4882 2675 4936 dicens
2704 4898 2718 4937 :
2755 4881 2934 4951 Surge
2965 4895 3021 4936 et
3061 4885 3196 4936 vade
3232 4891 3425 4936 contra
3461 4896 3570 4936 me-

1995 4975 2295 5037 ridianum,
2328 4974 2398 5028 ad
2428 4976 2567 5027 viam
2600 4989 2721 5043 qua:
2761 4973 3054 5028 descendit
3085 4975 3152 5029 ab
3183 4975 3488 5030 Jerusalem
3515 4973 3570 5026 in

1993 5069 2191 5125 Gazam
2226 5084 2242 5124 :
2276 5069 2389 5123 haec
2420 5078 2501 5122 ρει
2527 5067 2767 5122 deserta.
2803 5067 2869 5121 Et
2901 5083 3135 5138 surgens
3161 5068 3320 5122 abiit.
3350 5067 3414 5120 Et
3437 5055 3568 5120 ecce

1996 5163 2076 5215 vir
2109 5156 2359 5228 Aithiops
2389 5201 2401 5216 .
2435 5161 2727 5214 eunuchus
2755 5200 2770 5223 ,
2806 5170 3002 5229 potens
3053 5159 3318 5214 Candacis
3370 5159 3571 5228 reginae

1998 5251 2353 5320 Ethiopum,
2388 5252 2481 5319 qui
2518 5260 2634 5303 erat
2665 5266 2832 5319 super
2867 5265 3056 5306 omnes
3089 5265 3248 5318 gazas
3277 5251 3399 5315 ejus
3425 5291 3440 5314 ,
3475 5264 3570 5302 ve-

1996 5354 2153 5398 nerat
2201 5347 2431 5400 adorare
2483 5346 2538 5398 in
2569 5343 2875 5398 Jerusalem
2919 5353 3021 5399 :et
3068 5343 3450 5396 revertebatur
3483 5358 3572 5397 se-

1996 5435 2132 5489 dens
2167 5452 2333 5507 super
2372 5453 2600 5491 currum
2637 5452 2797 5490 suum
2829 5475 2843 5498 ,
2882 5439 3174 5504 legensque
3205 5433 3399 5488 Isaiam
3435 5451 3562 5502 pru-

2001 5529 2241 5596 phetam.
2277 5527 2422 5581 Dixit
2466 5535 2651 5580 autem
2711 5525 2950 5596 Spiritus
3002 5522 3298 5592 Philippo:
3333 5523 3567 5587 Accede,

1995 5629 2052 5670 et
2086 5618 2317 5688 adjungc
2349 5629 2400 5672 te
2437 5617 2504 5672 ad
2558 5633 2781 5672 currum
2810 5620 2996 5670 istum.
3039 5619 3356 5670 Accurrens
3390 5625 3572 5669 autem

2001 5711 2300 5781 Philippus,
2327 5709 2532 5764 audivit
2561 5723 2686 5764 eum
2708 5710 2973 5780 legentem
3004 5711 3190 5768 Isaiam
3228 5712 3574 5781 prophetam.
