3880 6168
236 373 343 439 731

1422 380 1603 441 UBE
1616 381 1662 441 li
1693 374 1899 439 'ACTU
1912 378 1958 439 U
1971 378 2021 437 Μ
2070 376 2111 434 Α
2128 374 2334 437 POST.

2568 320 2693 331 μὴ’

2710 314 2826 335 μὴν.

3395 362 3510 427 ’728

238 491 433 563 uisset,
466 486 745 542 duxerunt
786 486 938 541 illum
975 489 1028 542 in
1078 489 1421 545 cmuaculum
1460 508 1473 543 :
1505 500 1559 544 et
1590 489 1823 543 circum-
1858 502 1900 553 Α
1934 486 2400 553 ie.‘_lntroducens
2438 479 2699 552 ergo'eos
2719 477 2927 549 recepit
2962 474 3219 546 lmSpitio.
3249 474 3508 543 Sequenti

236 589 512 636 steterunt
537 580 688 633 illum
727 594 919 634 omnes
952 581 1123 635 vidua:
1150 581 1365 644 ﬂentes.
1392 592 1444 635 et
1466 584 1823 636 mtemlentes

236 676 289 727 ei
330 673 539 727 tunicas
572 682 627 727 et
659 681 870 737 vestes,
934 688 1074 741 quas
1131 672 1366 727 faciebat
1437 673 1542 728 illis
1598 674 1820 728 Dorcas.

240 765 445 835 Ejectis
469 775 653 819 autem
684 765 944 819 omnibus
985 765 1149 831 foras,
1180 765 1377 819 Petrus
1404 782 1619 835 ponens
1650 781 1825 836 genua

240 856 423 910 oravit
460 894 475 919 ,
508 869 563 911 et
610 871 910 910 conversus
953 855 1018 909 ad
1081 870 1304 927 corpus,
1348 857 1528 927 dixit:
1567 858 1825 921 Tabitlia,

241 962 430 1016 surge.
457 949 525 1001 At
552 948 641 1002 illa
682 950 900 1016 aperuit
930 952 1122 1004 oculos
1163 965 1295 1004 suos
1324 992 1339 1017 ,
1376 963 1431 1003 et
1465 952 1580 1004 viso
1638 952 1822 1016 Petro,

246 1039 474 1092 resedit.
508 1039 652 1093 Dans
685 1050 869 1094 autem
932 1042 1007 1095 iili
1046 1058 1297 1107 manum,
1350 1042 1528 1095 erexit
1584 1058 1727 1099 eam.
1764 1042 1831 1096 Et

244 1149 372 1187 cum
404 1148 654 1189 vocasset
680 1150 905 1191 sanetos
973 1146 1029 1190 et
1087 1138 1302 1204 viduas,
1361 1139 1664 1209 assignavit
1708 1154 1830 1193 eam

248 1232 453 1287 vivam.
520 1231 723 1286 Notum
756 1242 937 1286 autem
989 1232 1197 1287 factum
1252 1244 1335 1289 est
1385 1248 1482 1303 per
1519 1232 1831 1287 universam

246 1318 462 1389 Joppen
499 1338 516 1377 :
544 1330 599 1375 et
642 1322 1005 1377 crediderunt
1036 1324 1188 1378 multi
1247 1323 1301 1376 in
1331 1322 1581 1378 Domino.
1606 1321 1833 1377 Factum

253 1424 339 1465 est
374 1424 584 1478 autem,
622 1416 684 1467 ut
711 1415 835 1469 dies
879 1416 1080 1469 multos
1149 1422 1457 1469 moraretur
1520 1414 1577 1469 in
1626 1412 1830 1484 Joppe,

248 1511 398 1574 apud
441 1507 722 1561 Simonem
750 1506 1043 1579 quemdam
1074 1506 1395 1561 coriariuui.

330 1596 493 1673 [ϐαρ.
522 1597 617 1671 X.]
675 1598 772 1653 Vir
809 1610 991 1654 autem
1049 1597 1272 1668 quidem
1320 1605 1444 1653 erat
1497 1598 1550 1653 in
1586 1597 1840 1654 Caesarea

254 1694 485 1747 nomine
524 1691 837 1755 Cornelius.
884 1693 1133 1747 centurio
1167 1689 1439 1759 cohortis,
1480 1705 1604 1760 qua
1640 1690 1843 1747 dicitur

259 1784 465 1847 italica,
501 1784 812 1853 religiosus,
837 1798 900 1837 ac
938 1784 1135 1838 timens
1164 1782 1330 1837 Deum
1356 1798 1481 1836 cum
1507 1782 1656 1837 omni
1680 1781 1861 1836 domo-

259 1894 385 1939 sua,
418 1875 641 1930 faciens
675 1876 1053 1946 eleemosynas
1110 1876 1311 1929 multas
1347 1874 1516 1944 plebi,
1557 1889 1611 1929 et
1646 1876 1843 1944 depre-

250 1982 393 2019 cans
461 1966 631 2020 Deum
697 1979 918 2033 semper
950 1964 1040 2022 :is
1092 1964 1231 2019 vidit
1285 1966 1353 2019 in.
1379 1966 1497 2019 visu
1534 1965 1844 2031 manifeste,

263 2058 416 2124 quasi
449 2057 584 2109 liora
612 2057 718 2110 diei
740 2070 906 2119 nona,
946 2055 1195 2124 angelum
1224 2055 1317 2108 Dei
1375 2057 1743 2109 introeuntem
1778 2056 1845 2107 ad

263 2164 343 2212 se,
367 2159 422 2201 et
450 2150 721 2201 dmentem
748 2148 852 2201 sibi
887 2164 903 2204 ;
943 2145 1187 2200 Corneli.
1218 2145 1287 2199 At
1314 2145 1404 2200 ille
1432 2146 1655 2201 intuens
1698 2162 1848 2210 eum,

267 2241 465 2293 timore
490 2250 801 2309 correptus,
832 2240 968 2292 dixit
998 2255 1011 2291 :
1043 2239 1185 2304 Quid
1243 2250 1349 2305 est,
1405 2239 1677 2293 Domine?
1699 2238 1845 2292 Dixit

264 2341 447 2384 autem
475 2332 549 2384 illi
591 2351 603 2385 :
642 2332 927 2385 Orationes
960 2344 1065 2383 tua:
1082 2338 1138 2383 et
1169 2332 1645 2401 eleeinosyiimtum
1662 2346 1853 2385 ascen-

268 2422 478 2476 derunt
536 2423 588 2475 in
624 2425 945 2476 memoriam
974 2422 1051 2474 ‘in
1095 2432 1388 2489 c0nspcctu
1434 2420 1550 2475 Dei.
1600 2421 1667 2475 Et
1706 2437 1854 2474 nunc

274 2515 428 2569 mitte
453 2518 602 2569 viros
625 2516 677 2568 ia
711 2513 952 2583 Joppeu,
978 2523 1035 2568 et
1066 2515 1281 2568 accersi
1313 2514 1597 2568 Simonem
1657 2531 1848 2585 quem-

272 2608 423 2672 dam,
447 2611 540 2678 qui
568 2610 987 2677 cognominatur
1006 2606 1202 2661 Petrus
1230 2607 1348 2662 :liic
1374 2608 1683 2677 hospitatur
1713 2607 1855 2675 apud

276 2699 564 2753 Simoin-iu
614 2699 913 2767 qLemdam
972 2698 1298 2761 curiarium,
1340 2700 1498 2766 cujus
1539 2708 1621 2751 est
1661 2698 1857 2751 donius

272 2792 428 2862 juxta
471 2804 661 2844 mare:
694 2791 785 2844 hic
813 2792 959 2845 dicet
989 2791 1087 2843 tibi
1121 2790 1248 2858 quid
1291 2800 1342 2842 te
1364 2798 1615 2857 oporteat
1646 2789 1856 2842 facere.

274 2884 346 2937 Et
380 2882 874 2935 cumdiscessissct
940 2882 1187 2949 angelus,
1230 2880 1322 2948 qui
1378 2882 1704 2948 loquebatur
1759 2880 1858 2945 illi,

280 2978 498 3030 vocavit
529 2977 671 3028 duos
699 2973 1042 3029 domesticos
1063 2988 1193 3027 suos
1228 2981 1283 3027 et
1319 2974 1547 3025 militem
1606 2981 1855 3026 metuen-

280 3078 394 3121 tem
459 3068 773 3129 Dominum,
809 3081 876 3120 ex
915 3065 1004 3119 his
1061 3066 1151 3135 qui
1174 3063 1249 3118 illi
1304 3065 1592 3132 parebant.
1651 3063 1859 3129 Quibus

280 3176 409 3215 cum
445 3168 723 3213 narrasset
747 3158 950 3220 omnia,
984 3158 1133 3210 misit
1160 3153 1598 3225 illosinJoppen.
1633 3156 1861 3212 Postera

1926 591 2104 631 autem
2133 577 2219 630 die
2245 590 2473 645 surgens
2498 573 2773 643 profectus
2797 581 2875 623 est
2906 583 3029 621 cum
3058 567 3184 633 illis,
3215 574 3270 618 et
3290 565 3515 634 quidam

1927 686 1994 723 ex
2020 669 2288 722 fratribus
2316 668 2383 720 ab
2424 666 2595 735 Joppe
2637 662 2881 717 comitati
2949 671 3077 715 sunt
3123 675 3269 712 eum.
3328 658 3515 710 Altera

1931 772 2111 815 autem
2141 760 2228 813 die
2267 759 2511 811 introivit
2550 758 2877 812 Caesaream.
2914 752 3203 808 Cornelius
3263 764 3394 803 vero
3424 762 3518 802 ex-

1932 852 2215 921 spectabat
2254 851 2397 915 illos,
2447 848 2759 903 convocatis
2815 848 3059 915 Cognatis
3126 843 3242 897 suis
3301 852 3357 896 et
3420 856 3517 895 ne-

1933 946 2190 996 cessariis
2225 944 2435 995 amicis.
2476 940 2760 994 litfactum
2795 948 2877 990 est
2904 952 3027 991 cum
3079 934 3366 989 introisset
3416 934 3519 988 Pe-

1936 1043 2075 1096 trus,
2107 1033 2303 1088 obvius
2346 1044 2492 1086 venit
2526 1032 2575 1084 ei
2644 1030 2955 1090 Cornelius,
2996 1036 3051 1081 et
3095 1026 3388 1096 prm-idens
3445 1024 3515 1079 ad

1936 1128 2100 1194 pedes
2134 1127 2253 1196 ejus
2285 1126 2555 1179 adoravit.
2590 1124 2783 1177 Petrus
2822 1137 2951 1175 vero
2987 1120 3218 1175 elevavit
3243 1134 3387 1184 eum,
3427 1118 3515 1172 di-

1938 1233 2068 1271 cens
2103 1234 2114 1268 :
2148 1218 2345 1285 Surge,
2379 1225 2432 1270 et
2456 1232 2557 1285 ego
2582 1216 2696 1284 ipse
2756 1215 2921 1267 homo
2969 1226 3113 1265 sum.
3172 1209 3237 1262 Et
3284 1209 3519 1278 loquens

1940 1325 2063 1363 cum
2102 1310 2193 1363 illo
2217 1309 2466 1373 intravit,
2484 1318 2539 1363 et
2562 1307 2768 1361 invenit
2789 1306 2988 1360 multos
3006 1304 3098 1371 qui
3123 1313 3513 1366 convenerant,

1942 1402 2193 1471 dixitque
2221 1402 2288 1455 ad
2319 1401 2443 1455 illos
2475 1417 2490 1455 :
2523 1398 2626 1454 Vos
2653 1400 2806 1454 scitis
2827 1397 3100 1468 quomodo
3138 1395 3517 1451 abominatum

1943 1496 2017 1547 sit
2047 1496 2161 1546 viro
2184 1492 2395 1557 Judmo,
2424 1492 2681 1562 conjungi
2709 1500 2805 1546 aut
2840 1489 3106 1545 accedere
3133 1486 3202 1540 ad
3252 1484 3520 1553 alienige-

1944 1600 2069 1638 nam
2100 1585 2231 1639 :sed
2260 1584 2393 1640 mihi
2417 1584 2841 1647 ostenditDeus,
2876 1582 3154 1636 neminem
3175 1595 3523 1636 communem

1947 1688 2039 1731 aut
2079 1678 2419 1735 immundum
2449 1676 2631 1732 dicere
2661 1676 2958 1731 hominem.
2987 1673 3374 1743 Propterquod
3406 1673 3527 1727 sine

1949 1768 2293 1823 dubitatione
2334 1769 2455 1824 veni
2496 1768 2824 1824 accersitus.
2856 1768 3138 1836 Interrogo
3166 1780 3322 1835 ergo,
3359 1780 3523 1835 quam

1949 1862 2018 1916 ob
2048 1876 2265 1916 causam
2300 1861 2613 1915 accersistis
2636 1859 2765 1915 me?
2819 1859 2886 1913 Et
2932 1857 3245 1913 Cornelius-
3290 1861 3370 1912 ait
3414 1871 3429 1911 :
3481 1860 3528 1911 A

1950 1955 2151 2008 nudius
2180 1964 2374 2023 quarta
2409 1954 2495 2008 die
2544 1969 2714 2021 usque
2772 1952 2839 2005 ad
2903 1952 3044 2005 hanc
3101 1954 3312 2013 horam,
3358 1966 3529 2006 orans

1950 2062 2098 2099 cram
2136 2047 2269 2099 liora
2304 2048 2542 2106 nouain
2603 2046 2767 2099 domo
2807 2061 2946 2107 mea,
2980 2057 3034 2098 et
3076 2060 3204 2100 ecce
3241 2045 3323 2097 vir
3376 2047 3529 2099 stetit

1953 2149 2180 2191 anteme
2207 2139 2259 2191 in
2290 2149 2439 2191 veste
2472 2139 2726 2201 candida,
2756 2147 2809 2192 et
2845 2138 2922 2191 ait
2950 2154 2961 2187 :
2995 2138 3235 2200 Corneli,
3274 2139 3527 2192 exaudita

1952 2243 2036 2286 est
2076 2233 2251 2284 oratio
2283 2242 2396 2293 tua,
2454 2243 2508 2286 et
2542 2234 2903 2301 eleeiuosynze
2938 2241 3043 2285 tua:
3078 2242 3525 2288 Commemoratie

1955 2332 2083 2375 sunt
2110 2323 2162 2375 in
2200 2336 2507 2391 conspecm
2547 2322 2663 2376 Dei.
2719 2322 2874 2377 Mitte
2910 2338 3043 2392 ergo
3109 2324 3161 2375 in
3194 2322 3426 2392 Joppen,
3473 2331 3529 2377 et

1955 2414 2162 2466 accersi
2223 2414 2642 2484 Simonem,qui
2691 2417 3111 2486 cognominatur
3159 2416 3403 2471 Petrus:
3441 2417 3531 2471 hic

1959 2505 2267 2573 lluspllalur
2301 2508 2352 2559 in
2394 2508 2559 2561 domo
2605 2507 2849 2562 Simonis
2894 2510 3115 2564 coriarii
3169 2509 3324 2577 juxta
3363 2526 3534 2566 mare.

1956 2596 2254 2651 Confestim
2281 2598 2549 2666 ergoomisi
2573 2599 2638 2651 ad
2664 2609 2715 2651 te
2747 2614 2762 2653 :
2790 2610 2918 2666 ειμι
2944 2600 3083 2653 bene
3104 2600 3284 2656 fecisti
3311 2605 3539 2657 venien-

1958 2690 2050 2742 do.
2084 2688 2241 2743 Nunc
2260 2704 2389 2757 ergo
2422 2705 2609 2743 omnes
2650 2706 2749 2744 nos
2781 2692 2835 2744 in
2889 2703 3188 2757 conspectu
3241 2704 3336 2749 tuo
3375 2699 3540 2751 adsu-

1960 2798 2100 2847 mus,
2140 2781 2330 2835 audire
2363 2782 2545 2835 omnia
2576 2799 2919 2853 quaecunque
2953 2788 3048 2839 tibi
3085 2800 3352 2855 praecepta
3403 2799 3538 2843 sunt

1962 2890 1989 2924 a
2018 2872 2271 2925 Domino.
2296 2873 2563 2940 Aperiens
2596 2884 2776 2926 autem
2813 2875 3005 2928 Petrus
3033 2890 3094 2929 os
3131 2891 3315 2949 suum,
3346 2876 3486 2931 dixit
3520 2892 3535 2929 :

1962 2964 2023 3017 ln
2066 2965 2299 3018 veritate
2334 2966 2601 3033 comperi,
2636 2967 2766 3034 quia
2799 2982 2911 3021 non
2940 2976 3025 3021 est
3057 2979 3419 3036 personarum
3446 2986 3542 3025 ac~

1963 3069 2153 3126 ceptor
2189 3058 2329 3111 Deus
2372 3073 2388 3114 :
2424 3058 2519 3112 sed
2545 3058 2600 3111 in
2638 3060 2789 3111 omni
2826 3069 3009 3128 gente,
3044 3060 3137 3128 qui
3196 3062 3352 3115 timet
3410 3079 3540 3117 eum

1966 3157 2019 3199 et
2053 3156 2313 3215 operatur
2342 3149 2639 3217 justitiam,
2662 3161 2919 3217 acceptus
2952 3159 3039 3203 est
3069 3150 3413 3204 illi.\'erbum
3443 3153 3545 3206 mi-

283 3260 469 3303 autem
498 3250 586 3303 die
621 3252 724 3302 iter
761 3248 869 3301 illis
903 3246 1253 3312 facientibus,
1287 3256 1341 3300 et
1372 3222 1865 3315 ap‘p'rOpinquanti-
1890 3222 1932 3279 ε
1972 3239 2041 3291 sit
2071 3238 2214 3291 Dens
2248 3239 2371 3293 ﬁliis
2403 3239 2590 3303 Israel,
2620 3242 2959 3295 annuntians
2999 3257 3185 3321 pace'm
3223 3259 3321 3312 per
3353 3242 3544 3299 Jesum

286 3344 393 3398 bus
439 3342 673 3404 civitati,
698 3341 945 3394 ascendit
976 3339 1173 3393 Petrus
1206 3339 1260 3391 in
1287 3354 1594 3407 superiora,
1628 3346 1687 3391 ut
1739 3352 1861 3390 ora-

286 3445 373 3488 ret
392 3436 539 3487 circa
575 3436 760 3486 horam
806 3442 1037 3485 sextam.
1074 3429 1140 3483 Et
1199 3446 1322 3482 cum
1366 3431 1626 3495 esuriret,
1692 3431 1860 3483 voluit

283 3540 525 3599 gustare.
568 3526 893 3581 Parantibus
927 3534 1107 3579 autem
1152 3524 1280 3585 illis,
1314 3524 1516 3577 cecidit
1545 3539 1709 3591 snpcr
1737 3538 1863 3575 cum

286 3623 493 3673 tuentis
520 3634 780 3673 excessus
807 3632 821 3669 :
852 3626 906 3670 et
938 3617 1071 3670 vidit
1116 3617 1316 3670 coelum
1350 3628 1626 3685 apertum,
1664 3626 1717 3667 et
1768 3615 1864 3667 dc-

283 3715 563 3767 sccndens
621 3726 715 3763 vas
771 3709 1069 3779 quoddam,
1103 3709 1248 3760 velut
1300 3708 1529 3759 linteum
1586 3722 1864 3775 maguum,

286 3817 525 3875 quatuor
561 3803 735 3857 initiis
779 3802 1027 3856 submitti
1058 3802 1125 3854 de
1151 3802 1291 3854 casio
1320 3799 1373 3852 in
1408 3809 1633 3852 terram.
1668 3800 1719 3851 iu
1759 3815 1866 3867 quo

286 3908 442 3951 erant
468 3896 652 3949 omnia
678 3896 1075 3963 quadrupedia,
1131 3902 1182 3948 et
1255 3904 1538 3961 serpentes
1575 3903 1755 3959 terras,
1816 3899 1870 3945 et

287 3988 535 4042 volatilia
562 3988 707 4040 cmii.
744 3986 813 4039 Et
842 3987 983 4039 facta
1021 3992 1103 4038 est
1128 3998 1228 4035 vox
1254 3984 1315 4035 ad
1353 3998 1478 4035 eum
1507 3979 1737 4049 :Surge,
1770 3980 1868 4033 Pe-

288 4078 629 4141 tre,occide,
664 4087 717 4130 et
744 4076 1034 4131 manduca.
1065 4074 1155 4128 Ait
1181 4081 1363 4125 autent
1400 4069 1598 4126 Petrus
1634 4086 1648 4123 :
1689 4074 1867 4137 Abs.t,

287 4173 547 4236 Domine,
574 4170 699 4239 quia
733 4183 1010 4236 nunquam
1045 4166 1369 4220 manducavi
1390 4179 1550 4219 omne
1578 4177 1871 4217 coinmuue

286 4278 346 4320 et
378 4265 749 4319 immundum.
780 4262 846 4315 Et
881 4277 987 4315 vox
1047 4263 1249 4313 iterum
1294 4258 1539 4313 secundo
1598 4258 1664 4310 ad
1702 4272 1872 4311 eum:

287 4358 453 4425 Quod
502 4357 643 4410 Deus
690 4353 1025 4424 pnrillcavit,
1097 4361 1153 4405 tu
1189 4366 1485 4405 commune
1529 4364 1601 4404 ne
1648 4349 1873 4404 dixeris.

287 4451 412 4507 lloc
444 4461 627 4505 autem
660 4448 865 4503 factum
894 4456 981 4501 est
1009 4462 1105 4516 per
1130 4454 1214 4500 ter
1241 4466 1255 4499 :
1286 4454 1340 4499 et
1377 4444 1563 4499 statim
1593 4453 1876 4513 receptum

1972 3329 2254 3384 Christqu
2287 3332 2402 3401 (hic
2456 3343 2541 3386 est
2588 3334 2836 3386 omnium
2882 3334 3193 3401 Dominus).
3255 3336 3361 3390 Vos
3394 3338 3549 3391 scitis

1972 3424 2118 3490 quod
2150 3424 2354 3477 factum
2390 3434 2474 3478 est
2500 3426 2730 3479 verbum
2758 3441 2856 3494 per
2905 3430 3221 3481 universam
3254 3429 3497 3484 Judream
3530 3448 3546 3486 :

1975 3518 2253 3585 incipiens
2281 3531 2429 3569 enim
2477 3532 2506 3569 a
2535 3517 2777 3584 Galilaaa,
2825 3530 2952 3588 p0st
3015 3520 3349 3587 baptismum
3399 3521 3549 3591 quod

1976 3608 2288 3675 praedicavit
2312 3606 2573 3674 Joannes,
2613 3609 2800 3663 Jesum
2862 3626 2891 3663 a
2922 3610 3037 3665 Naz
3060 3602 3193 3665 .retli
3230 3614 3549 3681 :quomodo

1976 3707 2131 3757 unxit
2189 3718 2311 3757 eum
2378 3703 2587 3773 Spiritu
2651 3716 2843 3759 sancto
2888 3715 2943 3759 et
3005 3710 3230 3771 virtute,
3290 3709 3383 3776 qui
3423 3726 3551 3778 per-

1979 3794 2194 3848 transiit
2227 3795 2625 3851 benefaciendo
2655 3806 2711 3851 et
2744 3798 2990 3851 sanando
3031 3814 3222 3853 omnes
3252 3815 3553 3868 oppressos

1976 3903 2005 3942 a
2041 3888 2277 3953 diabolo,
2311 3890 2568 3959 quoniam
2618 3891 2761 3945 Deus
2808 3902 3085 3946 eratcum
3144 3892 3259 3948 illo.
3327 3892 3392 3945 Et
3451 3910 3554 3948 nos

1980 3988 2145 4037 testes
2173 3997 2366 4036 sumus
2401 3985 2672 4047 omnium,
2700 4000 2822 4054 qua:
2847 3984 2976 4038 fecit
3000 3985 3053 4037 in
3087 3987 3307 4055 regione
3336 3988 3555 4043 Judaeu-

1979 4089 2097 4126 rum
2154 4084 2210 4128 et
2249 4074 2573 4140 Jerusalem,
2610 4091 2773 4145 quem
2798 4077 3125 4132 occiderunt
3156 4080 3556 4148 suspendentes

1980 4167 2036 4221 in
2066 4169 2232 4236 ligno.
2272 4166 2429 4222 llunc
2456 4168 2599 4223 Deus
2627 4170 2913 4224 suscitavit
2955 4173 3111 4225 tertia
3144 4172 3255 4233 die.
3315 4183 3371 4225 et
3404 4172 3557 4225 dedit

1982 4275 2108 4315 eum
2142 4262 2493 4316 manifestum
2516 4262 2657 4329 fieri,
2685 4279 2793 4316 non
2822 4266 2970 4317 iunni
3000 4265 3220 4333 populo,
3280 4266 3372 4319 sed
3408 4265 3561 4319 testi-

1984 4353 2087 4409 bus
2126 4354 2507 4423 prwordinalis
2530 4373 2560 4409 a
2597 4353 2709 4410 Deo
2737 4370 2751 4409 :
2784 4357 2960 4421 nobis,
2984 4359 3076 4426 qui
3106 4358 3562 4414 manducaviinus

1984 4458 2040 4501 et
2079 4448 2322 4501 bibimus
2352 4463 2477 4500 cum
2508 4448 2624 4508 illo,
2667 4460 2957 4516 postquam
3011 4452 3318 4504 resurrexit
3348 4466 3377 4503 a
3409 4465 3564 4504 mor-

286 4557 375 4598 est
416 4557 510 4597 vas
550 4544 604 4595 in
628 4541 848 4596 malum.
882 4539 947 4592 Et
1004 4539 1135 4591 dum
1190 4540 1333 4591 intra
1371 4552 1431 4591 se
1464 4536 1739 4589 hiesitaret
1770 4537 1876 4589 Pe-
1912 4580 1955 4633 υ
1992 4540 2121 4593 tuis.
2149 4538 2216 4592 Et
2246 4543 2505 4610 pracepit
2539 4543 2698 4594 nobis
2737 4542 3037 4609 praedicare
3066 4545 3271 4611 populo
3320 4553 3376 4597 ct
3410 4543 3565 4597 testi-

288 4648 443 4699 trus,
482 4636 742 4705 quidnam
774 4640 920 4687 esset
972 4632 1137 4697 visio,
1197 4646 1361 4700 quam
1418 4630 1648 4682 vidisset
1693 4644 1709 4684 ;
1752 4644 1879 4683 ecce

288 4746 427 4792 viri,
454 4732 546 4797 qui
576 4728 728 4780 missi
751 4735 906 4779 erant
928 4742 957 4777 a
980 4724 1255 4787 Cornelio,
1279 4723 1623 4792 inquirentes
1654 4721 1877 4774 dotnum

290 4817 573 4883 Simonis,
592 4818 886 4869 astiterunt
914 4816 981 4867 ad
1005 4817 1252 4883 januam.
1289 4813 1353 4866 Et
1382 4828 1504 4867 cum
1572 4824 1878 4879 vocassent,

294 4910 745 4978 interrogabant,
764 4909 809 4961 si
844 4907 1057 4973 Simon,
1087 4908 1182 4977 qui
1204 4908 1631 4977 cognominatur
1665 4907 1879 4973 Petrus,

292 5004 671 5059 inic’liaberet
702 5002 1023 5071 hospitium.
1066 4999 1232 5053 Petro
1267 5009 1451 5055 autem
1489 5000 1766 5070 cogitante
1817 5000 1888 5052 de

292 5098 542 5159 visione,
568 5094 709 5147 dixit
742 5093 982 5163 Spiritus
1022 5094 1071 5146 ei
1108 5110 1124 5147 :
1160 5092 1299 5146 Ecce
1340 5090 1446 5145 viri
1482 5103 1595 5145 tres
1633 5099 1889 5161 quaerunt

294 5200 374 5244 te.
406 5192 587 5258 Surge
618 5200 826 5259 itaque,
860 5186 1159 5251 descende,
1212 5198 1270 5242 et
1296 5187 1435 5241 vade
1464 5201 1588 5241 cum
1622 5187 1706 5241 eis
1749 5186 1887 5241 nihil

294 5283 566 5337 dubitans
595 5298 609 5333 :
653 5284 781 5352 quia
812 5298 914 5353 ego
944 5282 1063 5336 misi
1094 5281 1240 5336 illos.
1297 5281 1651 5336 Descendens
1703 5290 1886 5336 autem

292 5376 509 5432 Petrus
536 5378 603 5433 ad
629 5379 798 5441 viros,
831 5376 970 5430 dixit
1014 5394 1028 5431 :
1061 5376 1202 5430 Ecce
1241 5390 1343 5443 ego
1373 5390 1495 5429 sum
1539 5390 1700 5444 quem
1734 5390 1888 5443 qua:-

292 5472 468 5533 ritis;
502 5484 620 5537 qua!
652 5483 817 5521 causa
847 5478 951 5529 est,
978 5478 1203 5537 pr0pter
1244 5482 1408 5536 quam
1456 5466 1721 5521 venistis?
1782 5466 1887 5533 Qui

292 5562 613 5615 dixerunt:
646 5561 938 5615 Cornelius
957 5558 1236 5625 centurio,
1273 5560 1657 5628 virjustus,et
1688 5559 1891 5613 timens

289 5659 507 5717 Deum,
544 5660 598 5706 et
644 5653 1021 5709 testimonium
1058 5655 1272 5708 habens
1321 5654 1388 5706 ab
1437 5658 1693 5709 nnivcrsa
1728 5662 1893 5722 gente

287 5746 646 5809 Judmorum,
681 5761 1003 5816 responsum
1056 5748 1268 5818 accepit
1305 5749 1371 5801 ab
1425 5748 1623 5816 angelo
1680 5758 1893 5813 sancto,

288 5843 582 5898 at'LCl'.‘ire
602 5852 652 5895 te
682 5844 735 5895 in
764 5841 985 5896 domum
1028 5859 1202 5910 suam,
1242 5852 1296 5897 et
1332 5843 1524 5897 audire
1581 5845 1746 5900 verba
1797 5845 1899 5899 abs

1989 4635 2162 4698 ﬁcari,
2198 4636 2325 4704 quia
2352 4636 2466 4703 ipse
2499 4646 2600 4698 est,
2626 4636 2720 4704 qui
2758 4638 3093 4691 constitutus
3140 4646 3224 4691 est
3261 4651 3291 4690 a
3338 4638 3447 4691 Deo
3475 4638 3568 4706 ju-

1987 4728 2091 4782 dex
2132 4728 2460 4782 vivorumet
2496 4738 2865 4783 mortuorum.
2900 4727 3040 4782 Huic
3064 4744 3256 4783 omnes
3284 4730 3570 4799 propheta:

1992 4819 2370 4871 testimonium
2404 4818 2717 4885 perhibent,
2754 4818 3138 4873 remissionem
3191 4820 3442 4890 accipere
3474 4837 3579 4891 per.

1992 4926 2190 4965 nomen
2218 4912 2339 4981 ejus
2365 4926 2557 4965 omnes
2577 4910 2670 4981 qui
2703 4911 2938 4966 credunt
2978 4913 3031 4966 in
3077 4928 3227 4967 eum.
3271 4914 3462 4968 Adhuc
3492 4914 3572 4967 lo-

1992 5014 2194 5074 quente
2226 5005 2388 5058 Petro
2420 5010 2585 5059 verba
2618 5006 2755 5069 haec,
2803 5007 3005 5061 cecidit
3051 5007 3292 5076 Spiritus
3350 5016 3573 5062 sanctus

1994 5112 2161 5167 super
2195 5112 2386 5151 omnes
2416 5096 2511 5167 qui
2543 5097 2840 5152 audiebant
2872 5100 3127 5155 verbum.
3157 5099 3229 5153 Et
3275 5100 3575 5167 obstupue-

1994 5199 2123 5244 runt
2151 5204 2218 5243 ex
2240 5190 2664 5246 circumcisione
2692 5189 2900 5255 lideles,
2968 5193 3062 5260 qui
3126 5199 3394 5245 venerant
3448 5203 3575 5244 cum

1994 5284 2159 5340 Ietro
2181 5286 2338 5354 :quia
2363 5293 2415 5337 et
2444 5284 2497 5337 in
2527 5284 2778 5339 nationes
2806 5286 2982 5355 gratia
3016 5285 3257 5354 Spiritus
3286 5282 3463 5336 sancti
3486 5282 3575 5336 ef-

1995 5377 2115 5429 fusa
2150 5386 2255 5430 est.
2296 5375 2610 5432 Audiebant
2645 5377 2793 5432 enim
2847 5378 2971 5433 illos
3032 5380 3322 5445 loquentes
3347 5375 3576 5445 linguis.

1996 5482 2055 5525 et
2088 5471 2500 5541 magnilicantcs
2529 5472 2723 5526 Deum.
2786 5471 2941 5525 Tunc
2990 5467 3278 5539 respondit
3331 5468 3526 5524 Petrus
3559 5480 3575 5519 :

2001 5564 2279 5632 Numquid
2321 5580 2518 5633 aquam
2578 5564 2704 5634 quis
2746 5563 3044 5631 prohibere
3070 5570 3274 5632 potest,
3340 5570 3399 5614 ut
3461 5574 3571 5614 non

2000 5657 2348 5727 baptizentur
2409 5657 2487 5722 lii,
2541 5658 2635 5727 qui
2683 5656 2950 5726 Spiritum
3038 5663 3288 5708 sanctum
3355 5665 3583 5721 accepe-

2001 5762 2134 5804 runt
2200 5751 2367 5804 sicuti
2429 5758 2486 5803 et
2565 5749 2710 5802 nos?
2776 5748 2841 5802 Et
2930 5748 3095 5818 jussit
3162 5763 3262 5802 eos
3312 5746 3582 5821 baptizari

2006 5845 2058 5899 in
2097 5843 2319 5899 nomino
2402 5840 2631 5915 Domini
2663 5839 2797 5901 Jcsu
2844 5841 3077 5902 Christi.
3104 5839 3295 5919 “Tunc
3361 5854 3588 5911 rogave-
