3880 6168
392 286 507 354 ’139

1305 286 1371 347 δ.
1410 280 1857 346 IIIERONYMI
1901 284 2173 348 DIVINA
2214 283 2747 345 BiBLiOTHECA.
2814 254 2827 265 ’
3506 296 3590 359 ιιι)

400 417 536 464 runt
569 422 712 470 eum,
768 416 827 458 nt
886 408 1129 458 maneret
1160 400 1301 470 apud
1370 416 1464 455 eos
1518 401 1725 471 aliquot
1770 401 1981 455 diebus.
2011 402 2062 462 Α
2089 396 2284 451 diebus
2338 407 2785 465 sapervenerunt
2837 396 2902 449 al.
2946 396 3331 468 Hierosolymis
3371 407 3597 472 propheta

469 500 622 572 {Cap.
653 497 769 569 XL]
802 496 1305 551 Audieruntautem
1368 495 1623 565 apostoli,
1666 503 1722 548 et
1756 494 1976 557 fratres,

401 595 675 665 quierant
701 591 753 643 in
778 588 1265 656 Judaea,quoniam
1322 596 1377 640 et
1413 597 1606 655 gemes
1654 592 1981 653 receperunt

402 680 632 737 verbum
666 680 783 733 Dei.
814 676 953 732 Cum
989 687 1173 731 autem
1200 678 1545 731 ascendisset
1566 675 1758 751 Petrus
1791 676 1982 729 Hiero-

404 773 689 843 solymam,
721 770 1100 838 disceptabant
1149 769 1418 823 adversus
1462 769 1638 829 illum,
1684 769 1775 835 qui
1825 774 1981 820 erant

405 880 471 920 ex
529 863 978 922 circumcisione.
1036 862 1328 915 dicentes:
1394 859 1573 926 Quare
1626 859 1864 912 introisti
1913 858 1977 911 ad

404 958 555 1011 viros
583 956 905 1025 praeputium
932 956 1218 1013 habentes.
1239 967 1293 1007 et
1319 954 1657 1006 manducasti
1685 968 1805 1005 cum
1832 950 1981 1003 illis?

402 1047 678 1117 Incipiens
715 1062 895 1100 autem
940 1048 1133 1101 Petrus
1178 1046 1489 1115 exponebat
1552 1045 1662 1098 illis
1704 1044 1977 1105 ordinem,

404 1140 591 1195 dicens
616 1159 629 1196 :
657 1140 768 1209 Ego
801 1154 946 1193 eram
980 1144 1034 1193 in
1065 1140 1277 1192 civitate
1310 1139 1479 1206 JOppe
1506 1152 1689 1195 orans,
1713 1147 1765 1189 et
1788 1135 1896 1188 vidi
1924 1136 1979 1191 in

404 1248 631 1288 excessu
664 1234 877 1286 mentis
903 1232 1195 1289 visionem.
1225 1226 1674 1284 dvscendensvas
1705 1227 1978 1295 quoddam

403 1327 552 1379 velut
586 1325 815 1378 linteum
847 1338 1105 1390 magnum
1138 1334 1375 1391 quatuor
1403 1320 1575 1374 initiis
1613 1319 1879 1370 summitti
1912 1316 1980 1371 de

406 1416 566 1480 caelo,
595 1425 649 1469 et
680 1414 827 1468 venit
856 1426 1029 1482 usque
1060 1413 1124 1465 ad
1154 1428 1258 1465 me.
1306 1412 1364 1465 In
1402 1411 1548 1481 quod
1596 1411 1817 1465 intuens
1848 1424 1981 1462 con-

405 1504 731 1565 siderabam,
765 1513 819 1557 et
848 1503 959 1555 vidi
996 1500 1383 1571 quadrupedia
1423 1511 1605 1559 terrae,
1642 1506 1697 1553 et
1747 1498 1975 1561 bestias,

403 1606 457 1649 et
486 1595 718 1663 reptilia.
744 1594 1067 1646 et’volatilia
1097 1592 1244 1645 caeli.
1278 1591 1471 1643 Audivi
1497 1600 1677 1643 autem
1705 1598 1760 1643 et
1792 1602 1978 1641 vocem

403 1689 677 1740 dicentem
712 1685 841 1739 mihi
878 1702 892 1741 :
924 1678 1121 1752 Surge,
1148 1686 1326 1745 Petre,
1360 1682 1571 1743 occide,
1595 1691 1647 1735 et
1682 1682 1974 1733 manduca.

2083 489 2426 543 Antiochiam
2464 510 2475 539 ;
2508 498 2560 541 et
2585 504 2815 558 surgens
2858 505 3000 541 unus
3030 504 3095 542 ex
3133 495 3214 543 eis
3250 494 3448 548 nomine
3489 501 3602 567 Aga-

2082 582 2204 642 bus,
2233 580 2574 648 signiﬁcabat
2600 596 2695 648 per
2722 579 2978 648 spiritum
3044 580 3237 635 famem
3278 599 3495 650 magnam
3537 592 3603 643 fu-

2085 680 2259 724 turam
2323 672 2376 722 in
2410 670 2665 723 universo
2695 670 2827 723 orbe
2889 678 3181 734 terrarum,
3216 687 3331 740 qua:
3365 674 3486 728 facta
3539 689 3607 732 est

2083 764 2187 817 sub
2217 762 2468 816 Claudio.
2499 760 2764 830 Discipuli
2798 772 3006 827 autem,
3042 773 3207 831 prout
3237 764 3353 831 quis
3395 766 3605 833 habt-bat,
3650 774 3655 775 ⁷

2086 862 2491 921 proposuerunt
2525 854 2728 922 singuli
2765 853 2820 907 in
2854 854 3225 907 ministerium
3260 860 3477 922 mittere,
3532 864 3610 912 ha-

2084 944 2382 997 bitantibus
2416 943 2471 996 in
2498 943 2684 999 Iudaea
2739 946 3005 998 fratribus
3034 960 3053 997 :
3096 946 3241 1013 quod
3277 957 3329 998 et
3374 948 3607 1015 fecerunt,

2084 1034 2367 1088 mittentes
2391 1035 2456 1087 ad
2487 1035 2736 1089 seniores
2776 1049 2872 1102 per
2901 1050 3095 1089 manus
3118 1035 3369 1089 Barnabas
3390 1047 3441 1089 et
3467 1040 3610 1092 Sauli.

2159 1123 2315 1194 [Cap.
2351 1124 2494 1195 Xll.]
2532 1125 2732 1180 Eodem
2770 1136 2950 1179 autem
2991 1134 3233 1193 tempore
3259 1127 3615 1184 misitllerodis

2086 1233 2179 1270 rex
2215 1233 2429 1282 manus,
2467 1229 2525 1272 ut
2565 1218 2825 1287 afﬂigeret
2874 1220 3135 1286 quosdam
3172 1219 3238 1271 de
3269 1218 3614 1273 Ecclesia.0c—

2085 1308 2216 1362 cidit
2240 1318 2420 1362 autem
2474 1307 2744 1362 Jacobum
2784 1311 3009 1362 fratrem
3060 1310 3288 1364 Joannis
3318 1310 3502 1378 gladio.
3536 1311 3611 1363 Vi-

2084 1399 2221 1452 dens
2260 1409 2441 1452 aute-.n
2472 1399 2599 1466 quia
2632 1400 3127 1468 placeretJudaeis,
3174 1401 3419 1469 apposuit
3459 1412 3507 1452 ut
3540 1416 3618 1469 ap-

2089 1491 2461 1559 prehenderet
2490 1502 2542 1544 et
2572 1492 2814 1544 Petrum.
2848 1491 3015 1544 Erant
3045 1504 3226 1544 autem
3282 1491 3392 1544 dies
3426 1493 3621 1561 Azymo-

2085 1596 2227 1634 rum.
2261 1582 2430 1646 Quem
2455 1597 2576 1635 cum
2610 1585 3088 1651 apprehendisset,
3118 1583 3267 1636 misit
3294 1584 3616 1647 incarcerem,

2087 1672 2304 1725 tradens
2330 1683 2569 1740 quatuor
2597 1674 3061 1737 quaternionibus
3088 1674 3320 1725 militum
3349 1679 3621 1727 custodien-

402 1778 521 1831 itixi
564 1787 743 1829 autem
782 1793 795 1829 :
827 1745 1204 1844 Nequaquam,
1234 1772 1483 1826 Domine.
1518 1772 1655 1837 Quia
1685 1785 1975 1824 commune
2011 1745 2054 1798 Β
2082 1764 2232 1827 dum,
2266 1766 2453 1818 volens
2485 1776 2609 1834 post
2644 1764 2861 1819 Pascha
2924 1769 3228 1834 producere
3269 1782 3401 1834 eum,
3434 1770 3618 1835 populo.

403 1880 495 1923 aut
530 1869 872 1922 immundum
926 1881 1203 1937 nunquam
1265 1865 1517 1918 introivit
1580 1865 1632 1918 in
1665 1879 1727 1917 os
1770 1878 1974 1917 meum.

404 1964 703 2030 Respondit
743 1972 920 2015 autent
946 1976 1050 2014 vox
1078 1960 1318 2015 secundo
1350 1959 1416 2013 de
1453 1958 1591 2013 ccelo
1624 1976 1637 2012 :
1674 1956 1803 2023 Quae
1834 1957 1977 2011 Deus

402 2057 708 2116 inundavit,
759 2063 815 2107 tu
848 2068 916 2107 ne
941 2067 1232 2106 commune
1264 2051 1488 2105 dixeris.
1523 2048 1637 2103 Hoc
1695 2057 1876 2103 autem
1900 2047 1979 2100 fa-

401 2159 548 2200 ctum
586 2156 669 2199 est
697 2161 793 2213 per
836 2154 918 2197 ter
961 2160 977 2203 :
1013 2157 1067 2197 et
1104 2154 1323 2212 recepta
1361 2151 1489 2195 sunt
1540 2141 1720 2195 omnia
1756 2154 1975 2193 rursum

402 2238 457 2290 in
485 2237 702 2291 omium.
754 2231 820 2288 Et
868 2249 998 2288 ecce
1037 2233 1140 2287 viri
1177 2242 1290 2287 tres
1352 2232 1645 2287 confestim
1688 2231 1978 2285 astiterunt

402 2325 647 2381 indomo
695 2327 745 2377 in
799 2340 902 2393 qua
936 2339 1111 2387 eram,
1163 2323 1316 2376 missi
1382 2338 1411 2375 a
1442 2321 1689 2376 Caesarea
1748 2322 1812 2373 ad
1872 2336 1976 2373 me.

402 2419 550 2473 Dixit
588 2427 767 2471 autem
800 2416 1038 2483 Spiritus
1065 2417 1220 2481 mihi,
1255 2424 1312 2468 ut
1358 2416 1493 2469 irem
1523 2429 1649 2469 cum
1684 2414 1816 2477 illis,
1842 2414 1977 2467 nihil

404 2512 682 2565 ltaasitans.
722 2509 1006 2564 Venerunt
1037 2518 1218 2561 autem
1286 2523 1498 2561 mecum
1531 2516 1587 2561 et
1620 2522 1715 2561 sex
1778 2505 1977 2559 fratres

404 2608 517 2672 isti,
546 2618 603 2661 et
642 2606 868 2674 ingressi
919 2618 1109 2657 sumus
1173 2603 1225 2656 in
1257 2602 1479 2655 domum
1545 2601 1671 2655 viri.
1722 2599 1978 2654 Narravit

404 2712 585 2753 autem
612 2698 793 2758 nobis,
819 2694 1095 2765 quomodo
1144 2693 1372 2747 vidisset
1424 2694 1678 2763 angelum
1714 2692 1767 2745 in
1804 2694 1967 2743 domo

402 2809 502 2847 sua
560 2801 794 2846 stantem
819 2800 873 2843 et
906 2789 1178 2842 dicentem
1207 2787 1311 2840 sibi
1346 2802 1359 2838 :
1395 2786 1551 2840 Mitte
1582 2786 1637 2839 in
1686 2785 1980 2853 Joppen,et

405 2882 609 2935 accersi
640 2883 945 2945 Simonem,
997 2879 1089 2949 qui
1155 2878 1578 2947 cognominatur
1625 2876 1847 2937 Petrus,
1885 2874 1977 2942 qui

406 2973 663 3041 loquetur
692 2973 767 3025 tbi
813 2972 996 3033 verba,
1060 2972 1112 3022 in
1144 2970 1346 3039 quibus
1405 2972 1588 3023 salvus
1637 2969 1746 3020 eris
1791 2976 1869 3030 tu,
1922 2974 1976 3019 et

2083 1855 2142 1907 Et
2174 1854 2367 1909 Petrus
2431 1855 2652 1922 quidem
2690 1857 3021 1909 servabatur
3080 1860 3132 1909 in
3187 1871 3422 1910 circere.
3474 1858 3626 1909 Oratio

2082 1954 2263 1997 autem
2320 1944 2485 1997 liebat
2543 1947 2661 1998 sine
2716 1947 3127 1999 intermissione
3180 1947 3251 1999 ab
3289 1946 3523 2001 Ecclesia
3560 1949 3615 2001 ad

2085 2038 2253 2090 Deum
2280 2052 2379 2105 pro
2409 2052 2493 2090 eo.
2531 2038 2664 2091 Cum
2698 2047 2888 2090 autem
2939 2038 3315 2107 producturus
3341 2054 3460 2093 eum
3508 2048 3629 2093 esset

2083 2129 2350 2193 Herodes,
2384 2132 2439 2181 in
2466 2131 2580 2198 ipsa
2612 2139 2771 2182 nocte
2801 2140 2918 2181 erat
2951 2129 3148 2183 Petrus
3179 2130 3457 2184 dormiens
3508 2132 3629 2183 inter

2084 2224 2220 2275 duos
2252 2222 2475 2286 milites,
2512 2224 2731 2276 vinctus
2763 2226 2970 2275 catenis
2999 2224 3213 2277 duabus
3266 2236 3355 2277 :et
3409 2223 3631 2277 custodes

2083 2329 2207 2369 ante
2246 2316 2443 2368 Ostium
2477 2318 2860 2369 custodiebant
2902 2331 3203 2369 carcerein.
3252 2317 3317 2369 Et
3346 2330 3629 2383 ecteange-

2084 2411 2169 2464 lus
2200 2410 2411 2463 Domini
2437 2409 2610 2463 astitit
2639 2410 2931 2464 :etlumen
2956 2412 3171 2463 refulsit
3210 2412 3265 2463 in
3304 2412 3589 2462 habitacula
3616 2422 3629 2457 :

2083 2517 2449 2572 percussoque
2511 2507 2682 2557 latere
2726 2502 2892 2568 Petri,
2926 2504 3183 2557 eXCitavit
3234 2517 3382 2567 eum,
3419 2504 3625 2554 dicens:

2084 2597 2260 2666 Surge
2298 2599 2578 2651 velociter.
2622 2600 2689 2650 Et
2716 2598 3035 2651 ceciderunt
3070 2608 3279 2652 catenae
3311 2599 3377 2651 de
3405 2596 3630 2648 inanibus

2081 2692 2220 2760 ejus.
2253 2690 2396 2741 Dixit
2425 2699 2606 2743 autem
2639 2691 2864 2760 angelus
2901 2692 2966 2742 ad
2997 2705 3123 2743 eum
3166 2707 3180 2742 :
3217 2691 3557 2756 i’razcingere,
3588 2694 3635 2736 ct

2082 2785 2262 2835 (alcea
2300 2793 2349 2836 te
2373 2785 2571 2853 caligas
2604 2792 2744 2837 tuas.
2798 2784 2864 2836 Et
2890 2784 3017 2837 fecit
3071 2788 3175 2837 sic.
3241 2783 3307 2836 Et
3345 2783 3479 2835 dixn
3524 2780 3633 2833 illi:

2081 2875 2375 2928 Circumda
2412 2876 2509 2927 tibi
2553 2877 2944 2928 vestimentum
2984 2884 3166 2939 tuum,
3202 2890 3260 2929 et
3291 2890 3513 2944 sequere
3546 2888 3635 2925 me.

2083 2966 2148 3019 Et
2176 2970 2364 3019 exiens
2395 2970 2721 3035 sequebatur
2768 2982 2915 3033 eum,
2955 2977 3009 3020 et
3072 2969 3362 3021 nesciebat
3410 2967 3529 3036 quia
3564 2978 3637 3015 \e-

404 3065 659 3119 universa
687 3066 881 3116 domus
904 3073 1017 3116 tua.
1042 3061 1180 3116 Cum
1219 3072 1400 3116 autem
1467 3061 1754 3129 coepissem
1804 3058 1975 3127 loqui,
2008 3076 2050 3131 ο
2087 3075 2206 3112 ι·ιιιιι
2236 3071 2339 3124 est,
2382 3061 2527 3128 quod
2560 3060 2725 3113 fiebat
2747 3076 2841 3129 per
2865 3060 3117 3128 angelum
3158 3078 3171 3113 :
3201 3061 3645 3115 existimabamu-

401 3157 603 3209 cecidit
623 3155 859 3223 Spiritus
884 3163 1108 3208 sanctus
1132 3170 1298 3222 super
1327 3168 1441 3216 eos,
1476 3152 1618 3205 sicut
1645 3161 1697 3204 et
1722 3151 1773 3202 in
1798 3164 1897 3202 nos
1924 3148 1975 3202 in

402 3248 579 3301 initio.
609 3246 945 3297 Recurdatus
989 3259 1115 3297 sum
1160 3256 1340 3297 autem
1374 3244 1521 3296 verbi
1553 3244 1792 3303 Domini,
1834 3242 1979 3296 sicut

401 3338 617 3391 dicebat
647 3351 663 3389 :
689 3336 928 3389 Joannes
961 3335 1180 3404 quidem
1220 3335 1515 3401 baptizavit
1549 3349 1707 3401 aqua,
1752 3348 1849 3387 vos
1884 3350 1977 3386 auo

404 3438 513 3482 tem
550 3426 964 3495 baptizabimini
1002 3426 1210 3495 Spiritu
1250 3434 1459 3478 sancto.
1488 3423 1543 3477 Si
1566 3439 1695 3493 ergo
1720 3428 1973 3477 eamdem

398 3520 630 3588 gratiam
664 3517 814 3570 dedit
856 3518 960 3571 illis
1000 3517 1160 3581 Deus,
1213 3515 1355 3569 sicut
1384 3524 1440 3568 et
1486 3515 1645 3568 nobis
1678 3513 1772 3581 qui
1803 3516 1979 3568 credi-

397 3610 583 3663 dimus
638 3609 689 3661 in
745 3608 1032 3662 Dominum
1084 3607 1272 3662 Jesum
1338 3605 1619 3660 Christum
1656 3620 1671 3659 :
1709 3619 1809 3673 ego
1853 3607 1976 3673 quis

396 3717 570 3766 eram,
610 3701 702 3771 qui
730 3715 948 3770 possem
981 3700 1316 3770 prohibuere
1357 3700 1522 3752 Deum
1553 3698 1575 3750 ?
1622 3696 1717 3751 llis
1746 3699 1969 3761 auditis,

397 3805 709 3859 tacuerunt,
745 3801 798 3848 et
830 3793 1277 3863 gloriﬁcaverunt
1312 3792 1504 3853 Deum,
1526 3788 1773 3843 dicentes
1803 3792 1976 3860 :Ergo

392 3895 451 3940 et
481 3885 736 3953 gentibus
770 3885 1145 3954 pmnitentiam
1192 3884 1346 3939 dedit
1380 3887 1521 3940 Deus
1579 3887 1645 3941 ad
1683 3888 1871 3939 vitam.
1909 3885 1977 3939 Et

394 3978 472 4031 illi
503 3977 749 4046 quidem,
782 3977 874 4045 qui
932 3976 1168 4045 dispersi
1220 3976 1439 4030 fuerant
1503 3991 1534 4030 ιι
1597 3976 1974 4043 tribulatione,

395 4084 518 4137 quae
537 4069 677 4122 facta
719 4068 899 4123 fuerat
950 4068 1054 4121 sub
1086 4067 1393 4135 Stephano,
1451 4068 1977 4136 perambulaverunt

396 4176 571 4230 usque
599 4162 665 4213 ad
694 4162 1088 4226 Pluenicen,et
1109 4160 1372 4231 Cyprum,
1396 4171 1453 4215 et
1481 4161 1850 4225 Antiochiam,
1883 4174 1978 4214 ne-

395 4254 528 4308 tnini
565 4254 849 4322 loquentes
874 4254 1122 4315 verbum,
1167 4254 1271 4307 nisi
1320 4254 1452 4308 solis
1518 4253 1745 4309 Judaais.
1806 4254 1978 4308 Erant

392 4357 576 4398 autem
607 4345 825 4411 quidam
860 4361 925 4399 ex
953 4347 1034 4398 eis
1072 4345 1170 4398 viri
1209 4345 1392 4415 Cyprii
1458 4356 1515 4401 et
1560 4346 1831 4418 Cyrenazi,
1883 4347 1975 4416 qui

392 4450 518 4489 cum
586 4439 905 4491 introissent
968 4436 1338 4500 Antiochiam,
1404 4438 1774 4507 loquebantur
1806 4448 1862 4492 et
1908 4439 1974 4493 ad

390 4526 629 4589 Graecos,
682 4524 1071 4581 annuntiantes
1142 4528 1431 4584 Dominum
1488 4531 1697 4586 Jesum.
1761 4532 1827 4585 Et
1860 4542 1976 4586 erat

392 4635 585 4673 manus
628 4622 834 4674 Domini
868 4637 989 4673 cum
1027 4622 1106 4675 eis
1148 4634 1164 4674 ξ
1205 4626 1519 4692 multusque
1560 4640 1823 4678 numerus
1857 4640 1976 4679 cre-

392 4712 641 4763 dentium
684 4727 983 4765 conversus
1010 4721 1091 4767 est
1127 4714 1192 4765 ad
1232 4714 1543 4769 Dominum.
1601 4717 1977 4770 Pervenitau-

392 4813 498 4855 tein
536 4818 715 4857 sermo
734 4804 798 4856 ad
824 4820 983 4857 aures
1016 4806 1299 4869 Ecclesiie,
1326 4824 1446 4873 quae
1493 4819 1612 4862 erat
1663 4810 1976 4881 Hierosoly-

388 4896 513 4955 mis,
541 4908 704 4961 super
736 4896 853 4948 istis
890 4907 978 4950 :et
1012 4898 1280 4951 miserunt
1344 4898 1645 4961 Barnabam
1690 4917 1865 4970 uSque
1904 4902 1971 4955 ad

386 4986 758 5041 Antiochiam.
816 4989 919 5055 Qui
994 5007 1119 5044 cum
1194 4995 1563 5061 pervenisset,
1623 5007 1678 5049 et
1746 4999 1972 5052 vidisset

385 5078 764 5147 gratiamDei,
799 5082 1017 5149 gavisus
1044 5092 1127 5135 est
1161 5098 1175 5137 :
1207 5093 1261 5138 et
1294 5085 1623 5141 hortabatur
1683 5104 1877 5142 omnes
1915 5090 1967 5142 in

383 5172 669 5239 preposito
707 5174 887 5226 cordis
923 5189 1248 5242 permanere
1281 5180 1330 5229 in
1387 5179 1618 5233 Domino
1648 5197 1663 5232 :
1694 5184 1818 5250 quia
1853 5193 1969 5235 erat

383 5266 466 5315 vir
489 5263 682 5327 bonus,
713 5264 981 5333 etplenus
1044 5265 1249 5335 Spiritu
1288 5282 1480 5324 sancto
1531 5274 1734 5326 ctlide.
1779 5274 1844 5326 Et
1871 5291 1969 5341 ap-

379 5357 553 5424 posita
588 5368 670 5409 est
701 5357 873 5409 multa
913 5359 1069 5411 turba
1110 5360 1364 5415 Domino.
1421 5362 1705 5417 Profectus
1756 5376 1840 5419 est
1872 5381 1968 5418 au-

377 5458 484 5501 tem
520 5448 796 5505 Barnabas
826 5450 1080 5516 Tarsum,
1114 5464 1170 5508 ut
1199 5468 1469 5523 quaereret
1502 5457 1726 5531 Saulnm
1758 5475 1771 5523 ;
1804 5475 1966 5528 quem

372 5542 843 5611 cuminvenisset,
902 5545 1162 5613 perduxit
1220 5548 1589 5604 Antiochiam.
1649 5552 1715 5604 Et
1754 5568 1958 5606 annum

375 5643 549 5687 telum
595 5636 908 5690 conversati
941 5646 1068 5690 sunt
1102 5638 1176 5692 ibi
1208 5638 1261 5691 iu
1318 5638 1562 5693 Ecclesia
1598 5657 1610 5693 :
1647 5654 1702 5696 et
1764 5643 1968 5699 docue-

364 5731 500 5776 runt
528 5725 742 5778 turbam
800 5727 1059 5791 multam,
1096 5730 1169 5782 ita
1201 5733 1806 5801 utcognominarentur
1854 5737 1966 5805 pri-

364 5828 521 5869 inum
552 5816 857 5873 Antiochia:
894 5820 1145 5892 discipuli
1173 5823 1494 5882 Christiani.
1531 5826 1598 5913 In
1622 5829 1710 5903 his
1772 5841 1955 5900 autem

2090 3161 2197 3205 tem
2239 3166 2296 3205 se
2336 3152 2513 3204 visunt
2551 3152 3147 3206 videre.Tianseuntes
3204 3163 3388 3206 autem
3437 3152 3641 3221 primatu

2085 3254 2140 3294 et
2162 3248 2454 3295 secundam
2488 3244 2818 3308 custodiant,
2867 3252 3141 3298 venerunt
3180 3247 3249 3298 ad
3296 3240 3645 3314 portaniFer-

2081 3351 2249 3395 ream,
2278 3351 2397 3403 qua:
2428 3336 2575 3387 ducit
2602 3336 2668 3388 ad
2701 3337 3013 3407 civitatem:
3040 3353 3164 3405 qua:
3196 3338 3344 3390 ultro
3378 3343 3554 3403 aperta
3576 3338 3649 3386 est

2077 3428 2177 3479 eis.
2210 3427 2273 3478 Et
2298 3434 2562 3479 exeuntes
2590 3436 2982 3494 processerunt
3009 3430 3193 3480 vicum
3222 3444 3395 3481 unum
3419 3442 3436 3485 :
3462 3436 3514 3479 et
3539 3438 3652 3478 cou-

2080 3520 2233 3571 tiuuo
2256 3519 2504 3573 discessit
2536 3520 2763 3587 angelus
2807 3520 2876 3574 ab
2899 3535 2989 3574 eo.
3047 3520 3113 3575 Et
3142 3522 3350 3575 Petrus
3372 3521 3435 3572 ad
3474 3534 3527 3572 se
3571 3530 3648 3570 re-

2079 3625 2295 3673 versus,
2360 3611 2540 3665 dixit:
2582 3609 2740 3665 Nuuc
2790 3612 2905 3666 scio
2940 3627 3085 3676 vere,
3116 3615 3251 3682 quia
3290 3613 3440 3666 misit
3491 3608 3650 3662 Domi-

2078 3715 2185 3755 nus
2213 3702 2465 3770 angelum
2497 3716 2683 3764 suum,
2709 3711 2766 3757 et
2786 3704 2991 3771 eripuit
3020 3720 3106 3758 me
3140 3705 3213 3759 de
3234 3720 3399 3757 manu
3422 3700 3649 3765 Herodis,

2077 3803 2133 3847 et
2156 3798 2224 3847 de
2254 3794 2401 3847 omni
2435 3798 2848 3865 exspectatione
2885 3796 3062 3865 plebis
3097 3796 3451 3850 Iudaeorum.
3477 3793 3651 3848 Consi~

2081 3890 2387 3956 deransque
2419 3890 2567 3942 venit
2602 3887 2669 3941 ad
2703 3889 2928 3943 domum
2961 3890 3148 3944 Marias
3200 3892 3402 3944 matris
3427 3887 3651 3948 Joannis,

2079 3980 2173 4047 qui
2228 3982 2647 4049 cognominatus
2686 3991 2770 4036 est
2847 3983 3085 4050 Marcus,
3144 3986 3243 4039 ubi
3307 3998 3467 4039 erant
3516 3980 3656 4036 multi

2080 4072 2418 4141 congregati,
2464 4081 2519 4125 et
2545 4083 2786 4127 orantes.
2834 4074 3092 4129 Pulsmtte
3130 4086 3332 4129 autem
3374 4091 3440 4129 eo
3478 4077 3656 4129 ostium

2075 4163 2279 4233 januze,
2354 4164 2626 4232 processit
2677 4165 2855 4232 puella
2924 4165 2991 4219 ad
3043 4169 3421 4229 audiendum,
3462 4169 3660 4220 nomine

2081 4254 2301 4311 Rhode.
2339 4259 2403 4311 Et
2449 4267 2507 4311 ut
2535 4260 2791 4326 cognovit
2842 4274 3031 4313 vocem
3072 4259 3255 4325 l’etri,
3314 4277 3427 4329 pra:
3482 4258 3657 4329 gaudio

2081 4364 2189 4402 non
2218 4349 2697 4419 aperuitjanuam,
2758 4350 2853 4406 sed
2886 4351 3029 4404 intro
3075 4366 3339 4407 eurrcns
3408 4348 3661 4405 nuntiavit

2079 4453 2222 4494 stare
2250 4442 2470 4495 Petrqu
2501 4453 2629 4495 ante
2655 4442 2985 4512 januam.At
3014 4444 3089 4497 illi
3113 4443 3392 4497 dixerunt
3419 4447 3483 4494 ait
3516 4424 3657 4493 canit

2009 4559 2051 4612 ι)
2080 4530 2308 4583 insanis.
2342 4530 2436 4583 Illa
2475 4540 2659 4584 autem
2712 4532 3015 4587 afﬁrmabat
3058 4548 3121 4587 se
3170 4536 3260 4588 sie
3298 4534 3529 4588 habere.
3591 4528 3659 4583 illi

2082 4634 2260 4675 autem
2297 4622 2549 4675 dicebant
2586 4639 2600 4676 :
2638 4624 2879 4692 Angelus
2930 4625 3049 4694 ejus
3104 4636 3219 4679 est.
3271 4626 3471 4678 Petrus
3499 4631 3658 4674 autem

2081 4717 2467 4782 perseverabat
2497 4716 2739 4775 pulsans.
2764 4717 2901 4769 Cum
2934 4726 3121 4769 autem
3152 4720 3538 4785 aperuissent,
3596 4714 3660 4766 vi.

2079 4807 2281 4859 derunt
2308 4822 2431 4859 eum
2482 4817 2534 4860 et
2574 4809 3001 4877 obstupuerunt.
3060 4810 3346 4864 Annueus
3380 4822 3567 4876 autem,
3592 4808 3660 4859 eis

2079 4914 2266 4960 manu,
2321 4909 2380 4953 ut
2449 4908 2721 4965 tacerent,
2778 4901 3022 4955 narravit
3060 4904 3361 4970 quomodo
3420 4901 3663 4956 Dominus

2074 4996 2349 5047 eduxisset
2380 5010 2505 5048 eum
2545 4995 2612 5048 de
2641 5011 2883 5062 carcere,
2947 4996 3210 5065 dixitque
3248 5016 3263 5051 :
3300 4998 3567 5051 Nuntiate
3587 4994 3664 5047 Ja-

2075 5087 2212 5138 cobo
2254 5097 2307 5141 et
2337 5087 2597 5141 fratribus
2623 5089 2755 5143 haec.
2797 5088 2862 5143 Et
2889 5105 3153 5156 egressus
3206 5093 3357 5147 abiit
3406 5097 3460 5146 in
3515 5091 3662 5144 alium

2073 5179 2275 5232 locum.
2308 5180 2472 5233 Facta
2506 5192 2689 5235 autem
2720 5182 2829 5242 die.
2857 5192 2976 5235 erat
3030 5199 3149 5236 non
3199 5201 3377 5254 parva
3441 5181 3665 5236 turbatio

2073 5272 2218 5322 inter
2246 5272 2467 5336 milites,
2515 5274 2772 5339 quidnam
2806 5272 3006 5326 factum
3056 5286 3222 5329 CSSet
3252 5278 3321 5329 de
3359 5277 3537 5330 Petro.
3572 5271 3666 5326 He-

2074 5365 2236 5415 rodes
2264 5374 2445 5417 autem
2478 5379 2600 5416 cum
2626 5365 2946 5433 requisisset
2986 5382 3145 5431 euin,
3182 5382 3243 5423 et
3297 5386 3411 5423 non
3442 5372 3662 5421 invenis-

2077 5466 2185 5519 set,
2251 5458 2613 5525 inquisitione
2664 5458 2801 5513 facta
2831 5460 2897 5514 de
2949 5463 3324 5529 custodibus,
3376 5464 3542 5535 jussit
3582 5474 3664 5514 eos

2071 5549 2196 5602 duci
2231 5564 2245 5605 :
2276 5551 2723 5620 descendensque
2776 5568 2806 5606 a
2858 5552 3042 5607 Judaia
3093 5554 3153 5607 in
3214 5555 3553 5613 Caesaream.
3602 5552 3664 5605 ibi

2075 5653 2449 5697 commoratus
2470 5654 2573 5699 est.
2610 5645 2738 5700 Erat
2769 5655 2950 5700 autem
2984 5648 3173 5703 iratus
3203 5648 3399 5722 Tyriis
3444 5661 3495 5706 ct
3524 5648 3664 5703 Sido-

2069 5732 2199 5787 niis.
2248 5733 2319 5787 At
2368 5735 2441 5788 illi
2482 5738 2769 5793 unanimes
2795 5752 3094 5807 ,venerunt
3139 5743 3214 5798 ad
3255 5760 3410 5807 eum,
3471 5755 3523 5797 et
3552 5756 3663 5809 per-

2064 5839 2234 5897 suaso
2269 5825 2469 5903 Blasio,
2501 5834 2592 5900 qui
2628 5842 2747 5886 erat
2776 5846 2941 5903 super
2959 5832 3302 5891 cubiculum
3364 5839 3524 5909 regis,
3569 5849 3660 5905 p0-
