3880 6168
220 270 309 338 741
1399 275 1636 337 LlBER
1674 278 1995 342 ACTUUM
2042 282 2296 347 APOST.

3345 305 3452 370 7ἷὲ

212 386 468 446 stillabant
493 400 704 454 pacem,
737 400 801 439 eo
819 384 965 455 quod
996 385 1275 440 alerentur
1301 389 1552 457 regiones
1582 404 1772 444 eorum
1804 397 1854 455 Α
1881 408 2055 449 annos
2082 413 2095 449 :
2141 410 2192 451 et
2226 407 2346 467 post
2379 398 2491 454 11ωο
2525 399 2677 457 dedit
2703 402 2915 461 indices
2943 420 3115 479 usque
3133 413 3199 467 ad
3227 414 3451 475 Samuel

211 483 272 534 ah
312 478 425 533 illo.
466 479 682 533 Statuto
709 487 896 533 autem
936 478 1048 542 die,
1079 478 1323 534 Herodes
1360 483 1590 536 vestitus
1628 493 1775 537 veste

210 578 359 637 regia,
383 570 523 624 sedit
544 584 647 639 pro
681 568 1043 633 tribunali,’et
1076 570 1510 627 concinnabatur
1557 575 1624 627 ad
1652 589 1773 629 eos.

211 664 432 731 Populus
483 675 666 717 autem
743 662 1085 717 acclamabat
1119 678 1134 716 :
1169 663 1260 716 Dei
1312 679 1496 731 voces,
1548 674 1603 719 et
1666 682 1774 719 non

208 756 446 809 hominis.
480 754 779 809 Confestim
831 764 1016 807 autem
1049 755 1322 820 percussit
1362 771 1487 810 eum
1542 758 1769 826 angelus

206 847 424 912 Domini,
500 862 563 899 eo
622 846 766 915 quod
801 861 908 898 non
933 846 1168 900 dedisset
1209 846 1469 900 honorem
1526 849 1638 902 Deo
1673 864 1687 902 :
1720 858 1774 901 et

204 946 545 1007 consumptus
571 952 599 990 a
639 938 936 999 vermibus,
958 937 1283 1004 exspiravit.
1312 939 1550 992 Verbum
1586 952 1768 995 autem

206 1029 404 1084 Domini
475 1029 765 1083 crescebat
816 1037 869 1083 et
940 1029 1432 1099 multiplicabatur.
1502 1032 1772 1086 Barnabas

201 1132 362 1176 autem
398 1131 454 1175 et
482 1120 679 1176 Saulus
711 1120 915 1174 reversi
954 1130 1085 1174 sunt
1114 1123 1184 1175 ab
1217 1121 1633 1192 Hierosolymis,
1671 1140 1765 1177 ex-

202 1216 331 1284 pleto
360 1213 694 1273 ministerio,
736 1221 1022 1282 assumpto
1076 1212 1310 1279 Joanne,
1346 1214 1438 1283 qui
1481 1216 1769 1283 c0gnomi-

201 1317 344 1359 natus
361 1314 451 1358 est
484 1304 717 1358 Marcus.

260 1376 408 1467 [ϐαρ.
441 1392 612 1463 ΧΙΙΜ
645 1393 812 1447 Erant
839 1404 1021 1447 autem
1082 1394 1135 1446 in
1173 1392 1439 1459 Ecclesia,
1475 1410 1595 1461 qua:
1650 1406 1768 1450 erat

197 1488 508 1552 Antiochiae,
543 1488 848 1557 proithetag
880 1496 933 1540 et
964 1486 1240 1549 doctores,
1300 1488 1351 1539 in
1381 1487 1580 1555 quibus
1644 1489 1767 1541 Baro

199 1584 369 1645 naltas,
406 1589 466 1634 et
494 1581 709 1645 Simon,
744 1579 835 1649 qui
902 1580 1205 1634 vocabatur
1238 1580 1422 1648 Niger,
1464 1591 1520 1634 et
1562 1582 1764 1637 Lucius

197 1670 531 1741 Cyrenensis,
554 1681 607 1723 et
637 1670 923 1736 Manahen,
960 1672 1051 1739 qui
1078 1677 1196 1722 erat
1221 1669 1449 1724 Herodis
1473 1673 1763 1727 tetrarchas

197 1765 572 1827 collactaneus,
635 1771 691 1817 et
766 1764 986 1817 Saulus.
1054 1763 1494 1817 Ministranttbus
1581 1776 1761 1820 autent

197 1854 290 1909 illis
325 1855 581 1917 Dotnitto,
640 1865 693 1909 et
712 1855 1145 1925 ,jejunantibus,
1190 1856 1325 1907 dixit
1369 1856 1474 1909 illis
1525 1856 1763 1924 Spiritus

196 1958 398 2000 sanctus
430 1964 448 2003 :
476 1945 776 2017 Segregate
811 1945 945 2000 tnihi
984 1945 1208 1998 Saulum
1259 1956 1314 2000 et
1350 1946 1651 2001 Barnaham
1706 1949 1758 2001 in

196 2054 314 2106 Opus
336 2039 399 2093 ad
436 2040 585 2109 quod
629 2040 903 2107 assumpsi
941 2053 1058 2093 eos.
1118 2039 1275 2093 Tunc
1332 2041 1665 2109 jejunantes,
1710 2051 1762 2094 et

195 2140 413 2194 orantes,
480 2131 935 2198 itnponentesque
993 2129 1077 2183 eis
1152 2145 1369 2194 manus,
1423 2131 1761 2186 dimiserunt

195 2220 318 2275 illos.
376 2221 451 2274 Et
499 2220 602 2288 ipsi
662 2220 884 2290 quidem
980 2219 1133 2273 missi
1202 2235 1230 2273 a
1291 2222 1500 2289 Spiritu
1570 2233 1760 2276 sancto

193 2313 432 2367 abierunt
492 2312 838 2378 Seleuciam;
888 2320 942 2367 et
1020 2311 1147 2365 inde
1194 2314 1593 2382 navigaverunt
1642 2313 1755 2384 Cy-

194 2421 353 2476 prum.
402 2406 629 2460 Etcum
661 2406 945 2459 venissent
990 2403 1351 2468 Salaminam,
1390 2407 1759 2473 przedicabant

190 2503 399 2552 verbum
429 2499 485 2551 in
522 2498 816 2569 synagogis
856 2496 1194 2551 Judaaorum.
1241 2497 1524 2553 Habebant
1572 2510 1755 2553 autem

191 2584 521 2642 etJoannem
583 2588 638 2641 in
694 2587 1026 2640 ministerio.
1085 2586 1153 2639 Et
1206 2601 1331 2639 cum
1385 2588 1758 2655 perambulas—

191 2689 301 2734 sent
329 2681 648 2734 universam
718 2678 956 2732 insulam
1028 2692 1199 2746 usque
1254 2678 1519 2747 Paphum,
1608 2670 1755 2731 inve-

189 2782 372 2824 nerunt
466 2774 760 2837 quemdam
849 2770 1029 2822 virum
1094 2785 1315 2839 magum
1414 2771 1755 2839 pseudopro-

188 2861 717 2929 pltetam,Judzeum,
751 2862 838 2916 cui
869 2876 1067 2914 nomen
1132 2871 1250 2914 erat
1322 2862 1602 2928 Bar~Jesu,
1658 2864 1752 2932 qui

186 2963 291 3007 erat
320 2969 446 3007 cum
482 2946 809 3022 proconsule
837 2952 1025 3023 Sergio
1054 2954 1220 3007 Paulo
1283 2956 1400 3009 viro
1461 2959 1749 3024 prudente.

187 3044 294 3110 llic,
322 3046 608 3100 accersitis
637 3045 885 3099 Barnaba
914 3055 969 3098 et
999 3044 1189 3109 Saulo,
1245 3046 1590 3101 desiderabat
1626 3066 1727 3103 au-

184 3138 291 3192 dire
315 3142 542 3194 verbum
569 3139 683 3193 Dei.
732 3137 1041 3192 Resistebat
1106 3147 1291 3191 autem
1354 3137 1462 3192 illis
1525 3141 1746 3210 Elymus

184 3246 359 3302 magus
418 3233 526 3302 (sic
591 3233 740 3285 enim
812 3232 1199 3297 interpretatur
1283 3246 1486 3285 nomen
1571 3235 1736 3305 ejus),

182 3340 420 3395 quaarens
454 3331 704 3378 avertere
722 3321 1104 3389 proconsulem
1125 3338 1151 3374 a
1170 3322 1295 3376 Iide.
1316 3323 1513 3377 Saulus
1536 3340 1715 3378 autem
1730 3364 1745 3390 ,

179 3419 262 3487 qui
292 3428 343 3472 et
372 3417 598 3480 Paulus,
626 3416 869 3484 repletus
907 3413 1116 3482 Spiritu
1164 3425 1379 3479 sancto,
1411 3415 1632 3469 intuens
1689 3423 1743 3470 itt

180 3525 315 3575 eum,
348 3511 485 3563 dixit
520 3528 533 3564 :
568 3509 611 3564 ϐ
639 3512 796 3577 plene
845 3510 996 3562 omni
1052 3508 1176 3563 dolo
1234 3517 1289 3561 et
1317 3508 1466 3562 omni
1505 3508 1741 3573 fallacia,

180 3603 243 3656 lili
274 3604 500 3665 diaboli,
537 3602 759 3656 inimice
822 3603 1003 3654 omnis
1048 3600 1301 3669 justitiam,
1362 3616 1471 3653 non
1536 3601 1742 3655 desinis

179 3697 483 3751 subvertere
516 3697 629 3748 vias
656 3695 864 3749 Domini
905 3702 1106 3748 rectas.
1129 3692 1194 3746 Et
1224 3706 1368 3746 nunc
1388 3706 1520 3746 ecce
1549 3708 1741 3746 manus

176 3788 378 3842 Domini
416 3804 581 3858 super
610 3795 683 3851 te,
724 3796 780 3841 et
810 3787 918 3841 eris
966 3800 1170 3850 catcus,
1200 3798 1311 3837 non
1338 3783 1529 3837 videns
1564 3784 1735 3837 solem

178 3895 341 3950 usque
378 3881 447 3935 ad
481 3891 720 3949 tempus.
756 3879 824 3933 Et
851 3876 1143 3932 confestim
1167 3876 1364 3931 cecidit
1389 3876 1444 3928 in
1476 3890 1601 3929 eum
1646 3890 1737 3930 ca-

172 3972 271 4041 ligo
325 3982 383 4027 et
426 3972 684 4035 tenebrae,
717 3979 773 4023 et
800 3970 1075 4022 circuiens
1108 3968 1388 4036 quaerebat
1415 3969 1507 4036 qui
1540 3967 1591 4020 ei
1621 3983 1739 4020 ma-

170 4078 291 4116 num
319 4065 507 4118 daret.
551 4062 705 4116 Tune
738 4059 1036 4130 proconsul
1089 4073 1214 4113 cum
1248 4059 1477 4112 vidisset
1510 4059 1735 4124 lactant,

168 4156 685 4211 crcdiditadmirans
715 4169 880 4222 super
919 4153 1166 4206 doctrina
1222 4150 1463 4205 Domini.
1512 4152 1577 4203 Et
1611 4166 1736 4206 cum

168 4265 193 4301 a
222 4249 409 4321 Papho
441 4250 787 4319 navigassent
821 4246 1024 4299 Paulus
1081 4252 1134 4297 et
1153 4244 1244 4314 qui
1276 4259 1400 4298 cum
1458 4258 1524 4297 eo
1557 4255 1733 4310 erant,

160 4356 426 4397 venerunt
452 4344 659 4411 Pergen
691 4340 1040 4409 Pamphyliae.
1067 4337 1306 4392 Joannes
1334 4347 1537 4402 autem,
1557 4337 1735 4392 disce-

1880 486 2223 555 propltetam.
2252 489 2314 543 Et
2333 491 2531 545 exinde
2558 496 2986 562 postulaverunt
3012 516 3196 571 regem
3228 524 3240 558 :
3276 516 3328 560 et
3359 512 3457 563 de-

1878 578 1959 632 dit
1988 580 2093 635 illis
2112 582 2256 635 Deus
2287 582 2441 648 Saul,
2470 586 2638 639 lilium
2691 588 2801 653 Cis,
2834 590 3009 646 virum
3033 594 3100 649 de
3135 596 3275 652 trihtt
3311 600 3454 654 Ben-

1874 668 2067 737 jantin,
2089 675 2249 749 annis
2282 676 2662 744 quadraginta.
2695 678 2761 732 Et
2793 692 2977 736 amoto
3011 686 3123 750 illo,
3161 691 3451 746 suscitavit

1878 761 1981 815 illis
2006 763 2170 817 David
2193 750 2372 834 regem
2405 772 2526 822 :cui
2556 773 2930 827 testimonium
2988 778 3303 845 perhibens,
3362 784 3451 837 di-

1876 854 1954 907 xit
1984 871 1999 908 :
2026 857 2214 909 Inveni
2263 859 2457 922 DaviJ,
2491 862 2658 915 tilium
2687 864 2860 929 .lesse,
2907 868 3083 921 virum
3145 876 3447 929 secundum

1874 964 1967 1000 cur
1986 963 2189 1013 meum,
2219 952 2308 1018 qui
2347 952 2719 1009 laeetomnes
2754 960 3062 1014 voluntates
3085 978 3252 1019 meas.
3280 966 3452 1037 Hujus

1877 1039 2014 1092 Deus
2037 1057 2098 1093 ex
2133 1044 2342 1096 semine
2411 1048 2713 1101 secundum
2766 1052 3184 1119 promissionem
3259 1062 3451 1115 eduxit

1873 1131 2034 1185 Israel
2068 1134 2388 1190 salvatorem
2415 1138 2624 1201 Je<um,
2651 1143 2985 1208 praadicaute
3028 1144 3260 1211 Joanne,
3323 1163 3449 1208 ante

1871 1224 2063 1279 facient
2099 1228 2368 1283 adventus
2396 1233 2536 1302 ejus,
2574 1234 2904 1302 baptismum
2927 1241 3262 1307 pmnitenliae
3297 1248 3446 1300 omni

1873 1317 2074 1384 populo
2118 1320 2308 1377 Israel.
2342 1322 2476 1377 Cum
2525 1325 2777 1393 impleret
2832 1340 3010 1384 autem
3053 1332 3293 1391 Joannes
3326 1356 3449 1392 cur-

1869 1425 1987 1463 sum
2018 1426 2200 1477 suum,
2226 1415 2487 1471 dicebat:
2545 1418 2718 1484 Quem
2781 1438 2866 1475 me
2913 1425 3264 1483 arbitramini
3298 1448 3443 1497 esse,

1869 1517 1978 1555 non
2007 1519 2127 1557 sum
2163 1521 2282 1576 ego,
2311 1510 2404 1560 sed
2438 1524 2568 1563 ecce
2598 1513 2743 1565 venit
2800 1523 2921 1581 post
2956 1531 3065 1579 me,
3116 1521 3272 1589 cujus
3335 1540 3441 1578 non

1866 1609 1984 1647 sum
2012 1596 2210 1664 dignus
2251 1600 2617 1656 calceamenta
2666 1606 2863 1673 pedum
2892 1613 3104 1665 solvere
3141 1654 3154 1667 .
3197 1614 3303 1668 Viri
3337 1618 3444 1670 fra-

1868 1696 1999 1748 tres,
2030 1689 2118 1740 ﬁlii
2151 1691 2367 1757 generis
2401 1694 2698 1761 Abraham,
2726 1701 2894 1767 etqui
2952 1707 3001 1756 itt
3064 1707 3215 1760 vobis
3252 1711 3447 1766 timent

1986 1744 1996 1748 ,
2152 1744 2180 1757 υ
2352 1744 2357 1745 ,
2452 1744 2894 1767 _,__-_---,--.,u.
3253 1744 3442 1766 ume...

1799 1744 1835 1796 Β
1871 1773 2080 1831 Deum:
2121 1780 2276 1833 vobis
2327 1784 2551 1836 verbum
2610 1790 2802 1842 salutis
2861 1791 3026 1861 hujus
3083 1798 3309 1851 missum
3335 1810 3442 1855 est.

1868 1869 1967 1935 Qui
2002 1871 2148 1923 enim
2184 1872 2431 1928 habitant
2485 1874 2815 1940 Jerusalem,
2842 1892 2896 1935 et
2966 1885 3246 1956 principes
3293 1891 3437 1959 eius,

1867 1961 2014 2016 hunc
2060 1966 2395 2031 ignorantes,
2428 1977 2480 2020 et
2510 1983 2675 2023 voces
2737 1973 3154 2041 prophetarum,
3187 1995 3308 2047 quae
3344 1999 3441 2047 ιιι-ι’

1865 2070 2023 2109 omne
2051 2055 2344 2111 Sabhatum
2382 2060 2658 2127 leguntur,
2693 2062 3388 2138 judicantesimpleverunt
3423 2094 3435 2128 :

1863 2152 1919 2198 et
1945 2146 2146 2199 nullam
2171 2163 2392 2203 causam
2428 2152 2618 2204 mortis
2650 2152 2992 2210 invenientes
3016 2157 3071 2210 in
3113 2174 3200 2224 eo,
3258 2163 3437 2230 petie-

1866 2237 2347 2302 rut‘ttaPilato,ut
2405 2240 2739 2297 interﬁceret
2782 2259 2929 2299 eum.
2995 2246 3246 2319 Cumque
3302 2268 3437 2306 con-

1864 2330 2459 2394 suntmassentontnia,
2491 2347 2612 2401 quae
2639 2334 2704 2388 de
2728 2349 2795 2388 eo
2826 2336 3033 2405 scripta
3061 2352 3236 2405 erant,
3270 2343 3442 2412 depo-

1862 2429 2059 2472 nentes
2084 2434 2207 2473 eum
2234 2421 2300 2475 de
2320 2422 2485 2493 ligno,
2506 2435 2811 2492 posuerunt
2836 2443 2957 2481 eum
2980 2428 3030 2481 in
3060 2445 3436 2488 monumento.

1862 2508 2001 2564 Deus
2032 2526 2162 2567 vero
2194 2514 2484 2568 suscitavit
2511 2531 2635 2568 eum
2662 2532 2689 2569 a
2719 2519 2950 2573 mortuis
2980 2522 3140 2574 tertia
3168 2523 3256 2576 die
3290 2541 3305 2577 :
3342 2525 3436 2592 qui

1860 2601 2008 2656 visus
2038 2614 2119 2657 est
2145 2618 2245 2673 per
2277 2604 2394 2659 dies
2447 2607 2649 2661 multos
2669 2608 2777 2671 his,
2830 2611 2922 2677 qui
2970 2612 3135 2665 simul
3175 2617 3435 2670 ascende-

1859 2703 1984 2748 rant
2029 2710 2153 2749 cum
2215 2710 2281 2749 eo
2337 2698 2402 2750 de
2454 2698 2671 2753 Galilcea
2736 2701 2789 2754 in
2854 2700 3185 2770 Jerusalem,
3223 2710 3315 2775 qui
3346 2725 3436 2764 us-

1857 2799 1963 2851 que
1988 2800 2135 2839 nunc
2172 2796 2300 2840 sunt
2328 2798 2491 2842 testes
2523 2790 2640 2857 ejus
2673 2790 2738 2843 ad
2804 2792 3034 2860 plebem.
3088 2797 3157 2849 Et
3211 2813 3438 2852 uosvo-

1858 2875 1942 2928 bis
1970 2876 2361 2931 annuntiamus
2400 2894 2546 2942 eam,
2576 2896 2697 2947 qua:
2725 2880 2792 2934 ad
2848 2891 3031 2950 patres
3056 2894 3273 2941 nostros
3307 2904 3434 2956 pro-

1857 2968 2048 3023 missio
2089 2968 2227 3023 facta
2255 2979 2340 3024 est
2377 2970 2679 3039 :quoniam
2743 2974 2879 3026 hanc
2910 2971 3055 3029 Deus
3104 2977 3429 3047 adimplevit

1779 3081 1822 3138 ο
1859 3058 1988 3113 ﬁliis
2038 3060 2267 3123 nostris,
2292 3064 2632 3116 resoscitans
2667 3061 2874 3127 Jesum,
2910 3066 3055 3120 sicut
3085 3077 3142 3122 et
3174 3068 3227 3122 in
3278 3069 3433 3125 Psal-

1852 3167 1941 3205 mo
1968 3152 2210 3206 secundo
2250 3154 2516 3220 scriptum
2551 3164 2636 3208 est
2675 3172 2687 3207 :
2724 3156 2894 3210 Filius
2951 3173 3104 3211 meus
3130 3175 3191 3214 es
3224 3172 3303 3225 tu,
3328 3179 3433 3231 ego

1846 3242 2015 3297 hodie
2042 3246 2201 3313 genui
2235 3254 2309 3297 te.
2346 3243 2500 3311 Quod
2531 3257 2715 3301 autem
2755 3250 3045 3303 suscitavit
3065 3268 3191 3305 eum
3221 3270 3249 3305 a
3288 3271 3434 3308 mor-

1850 3336 1981 3399 tuis,
2001 3337 2366 3406 ampliusjatu
2395 3353 2501 3391 non
2524 3354 2872 3394 reversurum
2909 3342 2964 3394 in
2992 3350 3429 3414 corruptionem,

1848 3423 1921 3477 ita
1958 3424 2094 3478 dixit
2129 3426 2305 3492 :Quia
2329 3430 2473 3481 dabo
2518 3430 2672 3484 vobis
2739 3445 2928 3486 sancta
2994 3434 3164 3489 David
3223 3438 3425 3495 ﬁdelia.

1847 3514 2077 3587 ideoque
2112 3527 2167 3570 et
2194 3519 2329 3574 alias
2354 3521 2487 3573 dicit
2527 3536 2542 3575 :
2598 3521 2718 3576 Non
2773 3525 2927 3580 dabis
2978 3538 3229 3582 sanctum
3273 3540 3427 3586 tuum

1848 3608 2032 3663 videre
2062 3611 2499 3679 corruptionem.
2542 3609 2708 3666 David
2743 3616 2888 3667 enim
2917 3616 2970 3667 in
3001 3631 3097 3670 sua
3118 3623 3429 3687 generatio-

1844 3716 1915 3756 ne
1940 3717 2063 3756 cum
2096 3703 2531 3757 adntinistrasset
2600 3705 2861 3759 voluntati
2894 3707 3012 3770 Det,
3064 3710 3340 3777 dormivit,
3369 3722 3427 3767 et

1843 3791 2126 3859 appositus
2154 3799 2236 3846 est
2260 3792 2326 3846 ad
2354 3801 2536 3861 patres
2553 3808 2702 3854 suos,
2742 3805 2796 3848 et
2817 3796 2952 3849 vidit
2981 3799 3421 3863 corruptionem.

1843 3878 2041 3933 Notum
2080 3880 2242 3947 igitur
2280 3881 2353 3935 sit
2378 3882 2552 3947 vobis,
2596 3883 2694 3936 viri
2736 3885 2957 3950 fratres,
2995 3886 3122 3954 quia
3150 3902 3246 3956 per
3278 3892 3422 3944 hunc

1842 3969 1994 4025 vobis
2019 3972 2271 4026 remissio
2292 3986 2637 4043 peccatorum
2674 3976 3059 4045 annuntiatur,
3080 3990 3135 4034 et
3154 3983 3221 4036 ab
3245 3988 3424 4038 omni-

1843 4062 1964 4128 bus,
1991 4066 2188 4133 quibus
2213 4082 2321 4119 non
2360 4067 2619 4136 p0tuistis
2647 4068 2701 4121 in
2729 4068 2849 4137 lege
2878 4070 3051 4140 Moysi
3103 4074 3421 4141 justiticari,

1843 4153 1897 4207 in
1927 4155 2031 4210 boc
2061 4158 2263 4219 omnis,
2288 4158 2382 4226 qui
2422 4158 2613 4222 credit,
2660 4159 3017 4228 justilicatur.
3050 4162 3240 4221 Videte
3267 4185 3418 4238 ergo,

1842 4260 1909 4300 ne
1938 4243 2291 4317 superveniat
2322 4249 2475 4303 vobis
2501 4250 2646 4318 quod
2682 4252 2887 4304 dictum
2917 4263 2999 4307 est
3026 4257 3079 4307 in
3115 4257 3418 4325 prophetis.

1843 4338 2032 4393 Videte
2096 4349 2526 4407 contemptores,
2552 4350 2605 4393 et
2639 4346 3014 4409 admiramini,
3042 4356 3096 4399 et
3148 4349 3421 4417 disperdi-

161 4438 286 4488 deus
314 4438 385 4489 ab
418 4436 518 4497 eis,
558 4447 815 4487 reversus
844 4442 927 4485 est
956 4429 1413 4500 Hierosolymam.
1471 4429 1552 4483 llli
1580 4444 1732 4492 vero,
1769 4412 1816 4471 ι)
1845 4432 1978 4484 mini
2021 4432 2187 4500 :quia
2242 4448 2378 4501 opus
2444 4450 2646 4503 operor
2698 4452 2800 4505 ego
2868 4438 2921 4489 itt
2948 4438 3143 4494 diibus
3199 4446 3417 4509 vestris,

158 4534 609 4593 pertranseuntes
641 4522 870 4593 Pergen,
906 4532 1179 4577 venerunt
1209 4522 1560 4577 Antiochiam
1593 4520 1732 4576 Pisi-

157 4622 250 4672 dia:
289 4632 375 4672 :rt
413 4618 641 4687 ingressi
666 4632 989 4687 synagogam
1022 4615 1112 4669 die
1156 4615 1543 4677 Sabbatoruut,
1576 4617 1733 4670 sede-

154 4726 268 4759 tttttl
327 4708 459 4762 Post
489 4710 780 4763 lectionem
814 4724 994 4761 autem
1032 4710 1168 4778 legis
1228 4718 1283 4762 et
1312 4709 1728 4778 prophetarum,

152 4801 422 4854 miserunt
448 4803 724 4873 principes
774 4817 1063 4873 synagoga.-
1120 4802 1187 4855 ad
1244 4817 1361 4868 eos,
1438 4803 1727 4859 dicentes:

153 4886 255 4944 Vtri
288 4894 509 4960 fratres,
547 4894 590 4947 si
616 4870 739 4962 quis
767 4903 850 4947 est
881 4893 934 4945 in
968 4893 1123 4946 vobis
1140 4909 1318 4947 sermo
1333 4892 1731 4949 exhortationis

145 4984 208 5037 ad
250 4988 491 5054 plebem,
520 4986 706 5040 dicite.
742 4986 984 5053 Surgens
1004 4995 1188 5037 autem
1214 4985 1432 5050 Paulus,
1464 4995 1519 5039 et
1561 5003 1724 5039 manu

146 5078 427 5132 silentium
457 5078 722 5143 indicens,
755 5079 869 5132 ait:
907 5076 1016 5131 Viri
1055 5078 1338 5141 1sraelit.e,
1371 5087 1425 5132 et
1451 5079 1542 5147 qui
1570 5081 1725 5132 time-

145 5172 210 5223 tis
236 5169 435 5235 Deum,
465 5171 650 5223 audite
686 5186 700 5223 ς
731 5167 873 5222 Deus
935 5168 1108 5237 plebis
1142 5167 1306 5222 Israel
1336 5170 1503 5240 elegit
1539 5182 1722 5238 patres

143 5269 381 5325 nostros,
420 5272 471 5315 et
494 5262 705 5332 plebem
741 5262 1021 5325 exultavit,
1054 5275 1176 5314 cum
1225 5269 1413 5314 essent
1440 5261 1631 5314 incola:
1668 5267 1721 5314 in

147 5363 287 5405 terra
329 5351 576 5423 Egypti,
601 5353 742 5407 etin
778 5351 1002 5405 brachio
1050 5350 1269 5405 excelso
1303 5350 1496 5404 eduxit
1519 5366 1614 5405 eos
1652 5367 1721 5405 ex

145 5458 223 5506 ea,
250 5455 305 5497 et
360 5460 460 5513 per
500 5444 861 5515 quadraginta
929 5458 1201 5496 annorum
1263 5451 1483 5511 tempus
1543 5459 1722 5496 mores

146 5547 327 5586 eorum
354 5536 616 5589 sustinuit
645 5536 702 5587 in
730 5535 967 5589 deserto.
990 5516 1054 5587 Et
1075 5535 1367 5589 destructis
1393 5547 1581 5602 gentes
1600 5552 1719 5603 sep-

146 5634 243 5677 tem
276 5628 329 5679 in
364 5638 511 5681 terra
543 5628 824 5692 Chanaan,
859 5638 1006 5683 sorte
1066 5627 1350 5684 distribuit
1403 5630 1484 5691 eis
1514 5638 1716 5683 terram

145 5730 349 5785 eorum,
380 5722 536 5788 quasi
586 5730 711 5790 post
756 5722 1184 5793 quadringentos
1221 5728 1274 5772 et
1323 5720 1720 5795 quinquaginta

1842 4539 1980 4592 opus
2005 4525 2146 4590 quod
2186 4540 2291 4578 non
2316 4526 2561 4591 creditis,
2596 4530 2639 4581 si
2670 4531 2794 4598 quis
2824 4537 3165 4587 ettarraverit
3241 4540 3344 4589 \‘0ll
3370 4555 3416 4591 s.

1844 4615 2184 4671 Exeunttbus
2215 4627 2395 4671 autem
2424 4620 2548 4683 illis,
2585 4623 2866 4690 rogabant,
2899 4633 2953 4675 ut
2987 4629 3234 4693 sequenti
3281 4627 3418 4682 Sab-

1840 4708 1968 4762 bato
1994 4710 2355 4779 loquerentur
2393 4712 2497 4765 sibi
2536 4713 2697 4766 verba
2729 4716 2861 4768 haec.
2920 4715 3167 4787 Cumque
3194 4722 3354 4775 diutis
3388 4739 3419 4774 a

1840 4811 1987 4855 esset
2042 4818 2337 4873 synagoga,
2406 4806 2578 4858 secuti
2642 4815 2770 4859 sunt
2803 4807 3304 4866 multiJudaeorunt
3360 4825 3418 4868 et

1839 4893 2134 4946 colentium
2198 4896 2536 4948 advenarum
2590 4894 2819 4949 Paulum
2842 4908 2896 4951 et
2948 4900 3273 4967 ltarttabam,
3322 4906 3414 4972 qui

1841 4984 2124 5053 loquentes
2153 4987 2458 5041 suadebant
2486 4990 2563 5040 cis
2592 5002 2649 5041 ut
2675 5005 3064 5057 permanerent
3126 4996 3177 5048 in
3240 5013 3411 5064 gratia

1840 5076 2240 5144 Det.Sequenti
2278 5093 2407 5131 vero
2440 5078 2680 5133 Sabhato
2737 5097 2880 5149 pene
2917 5086 3172 5139 universa
3221 5092 3414 5142 civitas

1836 5168 2093 5221 convenit
2122 5169 2315 5222 audire
2351 5170 2576 5223 verbum
2640 5170 2758 5226 Dei.
2797 5171 3060 5229 Videntes
3089 5188 3268 5228 autem
3300 5187 3415 5229 tur-

1838 5260 2147 5325 basJudaai,
2189 5264 2380 5332 repleti
2404 5275 2532 5318 sunt
2565 5266 2709 5331 zelo,
2742 5276 2797 5320 et
2856 5270 3303 5323 contradieehant
3330 5270 3413 5325 his

1836 5369 1955 5420 quae
1989 5370 2016 5404 a
2049 5351 2213 5407 Paulo
2244 5356 2590 5425 dicebantur,
2619 5360 3077 5429 blasphemantes.
3104 5359 3411 5415 Tunceon-

1832 5456 2039 5499 stanter
2074 5446 2273 5501 Paulus
2303 5458 2358 5502 et
2388 5449 2665 5506 Barnabas
2692 5452 2948 5505 dixerunt
2991 5467 3007 5506 :
3047 5450 3210 5507 Vobis
3239 5468 3409 5522 Opor-

1835 5540 1980 5591 tebat
2008 5539 2246 5607 primum
2270 5542 2415 5608 loqui
2449 5546 2669 5597 verbum
2732 5544 2856 5607 Dei;
2893 5545 2986 5597 sed
3020 5543 3278 5610 quoniam
3332 5560 3415 5598 te-

1830 5631 2029 5698 pellitts
2060 5632 2211 5697 illud,
2240 5641 2295 5686 et
2328 5634 2577 5703 indignos
2609 5649 2705 5688 vos
2728 5634 2988 5698 iudicatis
3022 5648 3239 5690 interna:
3264 5639 3413 5700 vitae,

1831 5738 1958 5777 cccc
1998 5727 2369 5779 convertimur
2421 5728 2486 5781 ad
2537 5736 2753 5794 gentes.
2811 5730 2905 5787 Sic
2959 5729 3104 5785 enim
3158 5732 3415 5801 praecepit
