3880 6168
460 334 583 403 ππ

1374 334 1451 394 's.
1493 318 1935 393 IlieuoNvMI
1980 334 2248 393 DIVINA
2296 336 2822 402 BIBLIOTIIECA.

3560 345 3649 408 ait

476 454 633 508 nobis
668 450 930 504 Dominus
980 444 1184 504 :‘Posui
1218 456 1268 501 te
1294 446 1346 500 in
1375 447 1550 501 lucem
1578 449 1840 518 gentium,
1882 458 1938 501 ut
1978 452 2053 502 sis
2081 465 2123 519 Α
2156 452 2365 503 animas
2396 450 2822 519 discipulorum,
2860 450 3338 518 exhortantcsque,
3372 453 3419 507 in
3453 457 3538 511 file
3567 478 3579 511 ε
3611 472 3655 515 et

472 548 528 599 in
566 545 791 598 salutem
833 558 1003 611 usque
1036 542 1100 594 ad
1125 553 1432 595 extremum
1498 548 1678 595 terrm.
1748 543 2045 596 Audientes

473 646 652 689 autem
677 644 866 705 gentes
903 635 1099 705 gavisa:
1123 642 1268 698 sunt,
1305 643 1367 687 et
1388 634 1772 702 glorificabant
1811 636 2040 689 verbum

480 732 689 785 Domini
722 747 735 781 :
767 739 823 783 et
846 728 1197 782 crediderunt
1226 740 1493 797 quotquot
1524 730 2049 796 crantpraaordinati

476 823 542 874 ad
573 822 731 875 vitam
762 828 1050 875 aeternam.
1084 821 1550 875 Disscininabatur
1582 831 1762 876 autem
1828 824 2050 877 verbum

481 913 610 965 Doni
638 913 690 964 ni
726 928 820 982 per
850 914 1155 966 universam
1181 915 1480 984 regionem.
1514 913 1689 966 «Iudaei
1713 926 1891 967 autem
1920 930 2053 968 con-

477 1004 785 1057 citaverunt
819 1005 1254 1071 persecutionem
1294 1008 1344 1057 in
1386 1004 1614 1059 Paulum
1648 1016 1701 1059 et
1752 1007 2053 1059 Barnabam

479 1107 533 1147 et
572 1096 973 1165 ejecerunteos
1002 1097 1067 1150 de
1096 1098 1301 1150 linibus
1336 1098 1474 1150 suis.
1526 1098 1593 1150 At
1659 1097 1762 1161 illi,
1818 1114 2052 1152 excusso

480 1188 703 1256 pulvere
734 1190 930 1253 pedum
965 1187 1015 1251 in
1052 1201 1171 1249 eos,
1210 1199 1474 1239 venerunt
1510 1186 1777 1241 Iconium.
1810 1188 2058 1256 Discipu-

481 1278 517 1330 li
570 1292 789 1346 quoque
826 1278 1182 1345 replebantur
1217 1278 1413 1347 gaudio
1454 1290 1506 1332 et
1574 1280 1784 1347 Spiritu
1838 1288 2056 1334 sancto.

557 1369 711 1442 [ϐαρ.
740 1368 905 1441 XIV.]
935 1368 1158 1423 Factum
1181 1380 1266 1424 est
1312 1382 1492 1423 autem
1527 1371 1722 1434 lconii,
1786 1382 1845 1427 ut
1896 1372 2057 1425 simul

484 1460 775 1515 introirent
810 1460 862 1513 in
893 1474 1223 1530 synagOgam
1281 1458 1590 1514 .lmlieorum
1663 1473 1718 1515 et
1761 1462 2058 1531 loqueren-

484 1561 595 1614 tur,
630 1550 766 1603 itaut
790 1551 1037 1605 crederet
1060 1549 1372 1604 Judazorum
1402 1562 1455 1605 et
1483 1551 1797 1606 Graecorum
1837 1556 2059 1621 copiosa

476 1641 800 1696 multitudo.
840 1639 941 1705 Qui
975 1655 1106 1694 vero
1171 1641 1437 1695 increduli
1476 1642 1892 1696 fueruntJudaii
1932 1658 2057 1696 sus-

486 1733 791 1788 citavorunt
839 1743 895 1785 et
919 1733 984 1786 ad
1014 1732 1355 1786 iracundiam
1388 1734 1801 1788 concitaverunt
1851 1736 2062 1789 animas

2153 540 2413 609 quoniam
2442 556 2538 609 per
2556 540 2755 593 multas
2776 540 3154 594 tribulationes
3173 554 3373 610 oportet
3392 562 3475 601 nos
3492 551 3655 607 intrare

2153 632 2208 686 in
2237 648 2462 702 regnum
2498 634 2615 687 Dei.
2650 632 2860 686 Etcum
2898 634 3307 688 constituissent
3334 637 3428 690 illis
3460 655 3541 708 per
3568 645 3659 695 sin-

2154 725 2304 795 gulas
2332 725 2593 779 ecclesias
2625 727 2988 795 presbyteros,
3019 736 3327 782 etorasscnt
3348 747 3459 783 cuiu
3481 734 3677 802 jejuna-'

2158 818 2422 880 tionibus,
2480 822 3007 871 connnendaverunt
3042 834 3136 872 cus
3189 819 3415 876 Domino.
3454 825 3500 877 in
3532 844 3662 893 quem

2157 911 2524 963 crediderunt.
2558 911 3034 979 'i‘ranseuntesque
3075 911 3339 975 Pisidiam,
3367 930 3591 969 venerunt
3616 920 3661 971 in

2158 1000 2550 1072 Pamphyliam,
2583 1011 2639 1057 ct
2664 1004 2951 1071 loquentes
2982 1004 3203 1057 verbum
3246 1005 3508 1060 Douiiuiin
3531 1008 3666 1079 Perge

2160 1093 2561 1148 descenderunt
2592 1095 2643 1148 in
2698 1095 2955 1149 Attaliam
2993 1115 3004 1149 :
3038 1109 3091 1150 et
3160 1098 3281 1149 inde
3333 1101 3668 1165 navigaverunt

2160 1184 2527 1249 Antiochiam,
2560 1186 2703 1239 unde
2740 1195 2898 1240 erant
2934 1186 3117 1239 traditi
3159 1186 3334 1255 gratia:
3359 1188 3528 1252 Dei,iu
3555 1206 3666 1259 opus

2162 1275 2303 1344 quod
2330 1276 2765 1344 compleverunt.
2804 1275 2939 1329 Cum
2967 1290 3145 1329 amem
3194 1279 3445 1331 venissent
3499 1293 3541 1332 et
3564 1296 3670 1334 con-

2164 1376 2481 1437 gregassent
2528 1367 2840 1429 ecclesiam,
2908 1369 3217 1421 retulerunt
3255 1384 3443 1436 quanta
3491 1370 3668 1425 fecisset

2166 1456 2310 1513 Deus
2332 1474 2454 1511 cuni
2484 1458 2611 1523 illis,
2648 1467 2699 1513 et
2740 1460 2867 1530 quia
2886 1460 3226 1528 aperuissent
3250 1464 3483 1531 gentibus
3512 1463 3673 1516 ostium

2165 1548 2310 1604 fidei.
2339 1548 2531 1604 Morati
2561 1562 2686 1604 sunt
2709 1560 2891 1604 autem
2928 1562 3139 1619 tempus
3172 1568 3276 1606 non
3305 1553 3549 1606 modicum
3576 1566 3670 1606 cum

2165 1640 2467 1710 discipulis.
2769 1636 2777 1645 ’

2236 1732 2392 1805 [ϐαρ.
2432 1732 2572 1808 ΧΨ]
2606 1734 2671 1790 Ει
2705 1738 2927 1806 quidam
2978 1737 3369 1792 descendentes
3423 1735 3484 1789 de
3508 1733 3674 1801 Judaa,

487 1829 729 1893 gentium
768 1832 1034 1881 adversus
1098 1825 1317 1879 fratres.
1384 1826 1551 1880 Multo
1625 1828 1790 1898 igitur
1820 1838 2065 1897 tempore
2090 1832 2138 1885 Β
2168 1824 2435 1878 docebant
2468 1828 2665 1880 fratres
2698 1844 2713 1882 :
2742 1829 2880 1893 Quia
2911 1828 3013 1879 nisi
3043 1825 3499 1880 circumcidamini
3521 1840 3679 1879 secun-

486 1918 756 1972 demorati
791 1926 936 1980 sunt,
971 1918 1294 1971 flilnoialiter
1322 1926 1547 1985 agentes
1573 1919 1624 1970 in
1678 1917 1929 1982 Domino,
1988 1926 2066 1972 te-

498 2010 814 2063 stimonium
856 2007 1182 2077 perbibente
1209 2009 1377 2060 verbo
1420 2009 1603 2075 gratia:
1630 2023 1763 2073 sum,
1795 2012 1960 2062 dante
1988 2009 2066 2062 si—

483 2118 591 2171 gna
616 2114 668 2155 ct
693 2103 934 2171 prodigia
969 2102 1085 2155 ﬁeri
1115 2117 1211 2170 per
1276 2117 1471 2156 manus
1514 2118 1726 2158 eorum.
1764 2104 1943 2157 Divisa
1984 2114 2068 2158 est

488 2206 671 2248 autem
692 2196 985 2248 multitudo
1018 2194 1258 2247 civitatis
1287 2212 1300 2247 :
1335 2204 1391 2248 et
1422 2194 1643 2262 quidam
1674 2196 1894 2263 quidem
1914 2205 2069 2248 erant

482 2303 615 2339 cum
652 2287 872 2349 «Iudaeis,
906 2286 1125 2353 quidam
1142 2303 1273 2339 vero
1306 2304 1428 2339 cum
1490 2289 1768 2353 apostolis.
1801 2287 1935 2341 Cum
1969 2304 2068 2340 au-

494 2389 601 2429 tem
638 2377 810 2429 factus
842 2388 989 2430 esset
1023 2378 1257 2445 impetus
1325 2382 1612 2447 gentilium
1639 2390 1693 2437 et
1753 2383 2065 2436 Iudaeorum

491 2484 614 2521 cum
643 2469 984 2537 principibus
1008 2470 1141 2531 suis,
1171 2479 1230 2523 ut
1296 2473 1647 2527 contumeliis
1686 2471 1961 2527 adicerent
2012 2484 2071 2527 et

488 2560 796 2629 lapidareut
820 2576 938 2625 eos,
967 2562 1340 2629 intelligentes
1380 2564 1748 2631 confugerunt
1788 2566 1852 2616 ad
1877 2563 2069 2617 civita-

494 2661 576 2703 tes
608 2650 915 2720 LyCaOIIizB,
984 2651 1234 2721 Lystrain
1272 2664 1326 2705 et
1381 2654 1612 2719 Derben,
1640 2664 1698 2710 et
1760 2656 2068 2711 universam

490 2742 545 2795 in
588 2742 823 2794 circuitu
859 2743 1157 2813 regionem,
1185 2752 1236 2795 et
1271 2744 1341 2795 ibi
1407 2746 1851 2815 evangelizantes
1888 2756 2067 2802 erant.

492 2833 799 2900 thuidam
832 2834 913 2886 vir
965 2833 1176 2902 Lystris
1230 2835 1484 2889 infirmus
1532 2837 1763 2904 pedibus
1816 2838 2067 2902 sedebat,

486 2925 718 2977 claudus
744 2940 810 2979 ex
835 2936 988 2978 utero
1021 2926 1207 2979 matris
1248 2942 1356 2979 sua:
1380 2967 1392 2987 ,
1428 2932 1517 2995 qui
1550 2944 1830 2997 nunquam
1864 2930 2065 2982 auibu-

491 3008 725 3069 lavérat.
754 3013 853 3069 llic
880 3016 1087 3071 audivit
1120 3016 1350 3071 Paulum
1405 3019 1740 3087 IOquettlcm.
1769 3021 1873 3085 Qui
1906 3022 2070 3073 intui-

490 3117 579 3160 tus
601 3123 750 3170 eum,
778 3118 834 3161 et
864 3109 1054 3162 videns
1093 3112 1215 3177 quia
1254 3111 1413 3165 fidem
1476 3112 1721 3175 haberet,
1775 3123 1832 3165 ut
1884 3114 2069 3167 salvus

490 3200 665 3261 fieret,
700 3198 836 3251 dixit
861 3216 1051 3269 magna
1088 3216 1218 3255 voce
1252 3218 1265 3254 :
1316 3204 1488 3271 Surge
1524 3219 1686 3272 super
1735 3204 1905 3273 pedes
1947 3216 2071 3260 tuos

495 3299 703 3343 rectus.
726 3290 795 3344 Et
827 3293 1090 3358 exsilivit,
1116 3302 1171 3346 et
1230 3296 1565 3349 ambulabat.
1628 3297 1820 3351 Turbae
1886 3308 2070 3351 autern

493 3396 620 3434 cum
676 3382 942 3436 vidissent
1000 3384 1143 3451 quod
1204 3384 1406 3438 fecerat
1459 3387 1678 3452 Paulus,
1754 3389 2071 3444 levaverunt

491 3488 683 3526 vocem
714 3488 890 3538 suam,
931 3474 1234 3544 Lycaonice
1265 3479 1506 3531 dicentes
1541 3498 1553 3532 :
1590 3479 1666 3532 Ilii
1698 3482 1910 3535 similes
1943 3482 2070 3535 facti

446 3612 455 3623 κ
490 3564 809 3619 hominibus
868 3565 1274 3620 descenderunt
1298 3568 1363 3621 ad
1398 3584 1518 3624 nos.
1554 3569 1617 3623 Et
1653 3572 2073 3625 vocabautBar-

490 3657 689 3710 uabam
710 3656 921 3721 Jovem,
959 3657 1185 3713 Paulum
1220 3676 1349 3715 vero
1381 3662 1709 3717 Mercurium
1742 3681 1755 3718 :
1810 3668 2069 3734 quoniam

493 3747 612 3816 ipse
638 3760 753 3801 erat
786 3750 895 3803 dux
928 3749 1103 3803 verbi.
1173 3750 1447 3806 Sacerdos
1484 3744 1701 3824 quoque
1749 3754 1926 3823 Jovis,
1976 3761 2070 3829 qui

490 3853 606 3899 erat
638 3852 763 3897 ante
794 3843 1093 3906 civitatem,
1131 3853 1317 3899 tauros
1350 3856 1405 3898 et
1440 3862 1674 3900 coronas
1695 3862 1828 3903 ante
1858 3851 2070 3920 januas

489 3937 741 4002 ail‘ereus,
776 3951 897 3990 cum
930 3936 1144 4006 pupulis
1182 3938 1395 3992 volebat
1424 3940 1753 3994 sacriﬁcare.
1791 3944 1946 4007 Quod
1979 3946 2072 3999 ubi

490 4029 779 4082 audierunt
811 4030 1061 4097 apostoli,
1100 4029 1379 4083 Barnabas
1415 4042 1473 4085 et-
1512 4031 1733 4095 Paulus,
1770 4036 2069 4091 conseissis

492 4106 697 4173 tunicis
724 4122 848 4172 suis
882 4121 1209 4173 cxsilieruut
1230 4122 1282 4173 in
1321 4123 1532 4188 turbas,
1562 4124 1882 4186 clamantes,
1907 4137 1961 4181 et
1989 4127 2071 4180 di-

486 4223 721 4269 centes;
760 4212 890 4277 Viri,
925 4213 1054 4281 quid
1106 4214 1221 4267 haec
1286 4214 1502 4269 facitis?
1549 4224 1605 4269 et
1652 4231 1752 4271 nos
1809 4221 2070 4275 mortales

490 4321 702 4368 sumus,
732 4307 936 4361 similes
958 4306 1130 4370 vobis,
1157 4305 1426 4369 homines,
1485 4312 1877 4364 annuntiautes
1913 4312 2069 4366 vobis

494 4398 671 4453 abhis
694 4399 853 4453 vanis
891 4400 1135 4452 converti
1195 4398 1260 4452 ad
1322 4400 1492 4452 Deum
1541 4401 1746 4465 vivum,
1798 4404 1889 4472 qui
1939 4405 2070 4459 fecit

2170 1916 2296 1970 dum
2323 1932 2529 1973 morem
2557 1918 2752 1987 Moysi,
2783 1934 2890 1971 non
2918 1920 3147 1988 pctestis
3177 1917 3389 1971 salvari.
3420 1916 3561 1969 Facta
3579 1929 3679 1982 ergo

2168 2008 2437 2063 seditione
2465 2024 2572 2062 non
2608 2010 2826 2062 minima
2860 2010 3025 2064 Paulo
3090 2019 3146 2062 et
3180 2008 3436 2061 Barnaba:
3462 2006 3678 2059 adversus

2172 2095 2313 2162 illos,
2348 2104 2657 2151 statuerunt
2686 2108 2743 2152 ut
2766 2101 3127 2153 ascenderant
3150 2096 3381 2162 Paulu»
3394 2097 3456 2149 Ba
3468 2095 3632 2148 rnabas
3644 2101 3684 2145 et

2169 2190 2388 2254 quidam
2420 2190 2510 2242 alii
2541 2204 2607 2242 ex
2641 2191 2783 2251 aliis,
2831 2190 2899 2243 ad
2972 2190 3252 2259 apostolos
3288 2198 3341 2243 et
3394 2188 3684 2257 presbyteros

2171 2276 2566 2344 iuJerusaIem,
2609 2297 2774 2350 super
2836 2282 2937 2335 hac
2990 2283 3315 2350 qwestione.
3362 2282 3439 2335 Illi
3488 2280 3686 2347 ergode-

2171 2371 2319 2423 ducti
2346 2370 2412 2422 ab
2443 2370 2693 2435 ecclesia,
2728 2373 3137 2440 pertransibunt
3192 2371 3476 2427 Phoenicen
3512 2378 3559 2423 et
3609 2366 3682 2420 Sa-

2171 2464 2425 2521 mariam.
2484 2473 2771 2516 narrantes
2829 2466 3251 2517 conversionem
3321 2467 3543 2534 gentium
3588 2476 3599 2514 :
3642 2469 3689 2511 et

2173 2554 2445 2607 faciebant
2494 2555 2749 2623 gaudium
2802 2571 3057 2625 magnum
3119 2557 3377 2609 omnibus
3454 2550 3687 2606 fratribus.

2170 2643 2303 2696 Cum
2332 2660 2510 2696 autem
2542 2646 2820 2697 venissent
2858 2644 3297 2715 Hierosolymam
3323 2686 3336 2709 ,
3355 2642 3567 2710 suscepti
3593 2647 3690 2691 sunt

2170 2736 2239 2789 ab
2266 2736 2516 2798 ecclesia,
2549 2747 2601 2789 et
2626 2738 2693 2789 ab
2722 2738 3004 2805 apostolis,
3033 2749 3084 2790 et
3144 2738 3464 2795 senioribus,
3516 2746 3691 2785 annun-

2175 2830 2369 2881 tiantcs
2403 2838 2605 2897 quanta
2636 2829 2777 2883 Deus
2811 2830 3030 2883 fecisset
3061 2846 3191 2883 cum
3221 2830 3350 2883 illis.
3384 2830 3697 2881 Surrexerunt

2171 2921 2591 2988 autemquidam
2621 2923 2685 2973 de
2724 2924 2922 2974 haeresi
2953 2921 3384 2979 Pharisaeorum.
3446 2918 3528 2986 qui
3551 2914 3691 2969 credi-

2171 3014 2389 3078 derunt,
2454 3014 2696 3067 dicentes
2750 3030 2765 3068 :
2821 3014 2958 3080 Quia
3002 3022 3227 3081 Oportet
3273 3012 3569 3067 circumcidi
3597 3022 3695 3068 cos,

2176 3109 2467 3175 praecipere
2514 3122 2730 3176 quoque
2778 3123 2999 3162 scrvare
3032 3108 3208 3178 legem
3248 3107 3433 3178 Moysi.
3464 3104 3698 3158 Convene-

2098 3180 2142 3237 (δ
2178 3210 2412 3268 ruutque
2438 3201 2668 3269 apostoli
2697 3211 2749 3252 et
2784 3202 3032 3253 seniores
3062 3202 3256 3255 videre
3315 3204 3379 3252 de
3440 3195 3699 3252 verbohuc.

2172 3294 2306 3347 Cum
2341 3310 2531 3363 magna
2559 3295 2889 3362 conquisitio
2942 3294 3117 3360 fieret,
3178 3310 3410 3363 surgens
3442 3291 3614 3345 Petrus
3640 3287 3704 3341 di-

2174 3391 2252 3442 xit
2281 3391 2347 3441 ad
2377 3406 2469 3442 eos
2499 3390 2522 3443 f
2557 3386 2664 3441 Viri
2699 3389 2919 3451 fratres,
2954 3404 3049 3441 vos
3073 3388 3236 3442 scitis
3259 3389 3509 3457 quoniam
3539 3386 3597 3439 ab
3625 3398 3702 3435 an-

2177 3481 2340 3551 tiquis
2371 3482 2564 3535 diebus
2596 3479 2737 3535 Deus
2770 3481 2820 3533 in
2867 3482 3025 3534 nobis
3050 3482 3244 3552 elegit,
3310 3497 3405 3551 per
3460 3494 3518 3532 os
3559 3490 3702 3529 meum

2173 3578 2362 3629 audire
2394 3585 2581 3644 gentes
2644 3576 2868 3627 verbum
2945 3573 3230 3642 Evangelii
3290 3586 3346 3628 et
3392 3573 3612 3626 credere.
3660 3564 3711 3619 Et

2173 3666 2266 3734 qui
2303 3666 2453 3718 novit
2473 3664 2635 3718 corda
2661 3663 2824 3729 Deus,
2850 3668 3231 3719 testimonium
3266 3662 3553 3731 perhibuit,
3603 3659 3708 3712 dans

2175 3756 2282 3809 illis
2303 3756 2566 3824 Spiritum
2602 3766 2875 3821 sanctum,
2908 3760 3052 3811 sicut
3096 3767 3153 3812 et
3189 3760 3377 3821 nobis,
3410 3757 3600 3813 etnihil
3623 3754 3712 3807 dis-

2174 3850 2513 3903 crei-itinter
2566 3864 2664 3902 nos
2698 3849 2914 3913 etilOs,
2961 3852 3065 3905 fide
3129 3852 3439 3921 purificans
3472 3849 3713 3903 cordaeo-

2176 3957 2319 3993 rum.
2352 3939 2504 3993 Nunc
2554 3956 2685 4009 ergo
2741 3942 2869 4009 quid
2937 3945 3167 3998 tentatis
3222 3945 3419 4009 Deum,
3478 3941 3717 4010 imponere

2167 4033 2359 4103 jugum
2392 4048 2556 4102 super
2590 4036 2830 4087 cervices
2886 4035 3318 4104 discipulorum,
3371 4037 3512 4104 quod
3568 4044 3713 4099 neque

2177 4137 2357 4193 patres
2381 4126 2575 4187 nostri,
2604 4142 2779 4194 neque
2809 4142 2907 4180 nos
2926 4137 3144 4195 portare
3168 4126 3499 4197 potuimus?
3521 4126 3611 4183 Sed
3638 4138 3715 4193 per

2175 4222 2404 4285 gratiam
2460 4218 2670 4270 Domini
2732 4217 2863 4270 Jcsu
2925 4217 3133 4272 Christi
3202 4222 3482 4274 credimus
3532 4215 3716 4277 Salvari,

2174 4309 2632 4375 quemadmodum
2656 4318 2709 4361 et
2745 4309 2841 4362 illi.
2913 4307 3326 4366 Tacuitauteiu
3371 4314 3540 4366 omnis
3565 4307 3717 4363 multi-

2177 4401 2303 4450 tudo
2340 4416 2354 4452 :
2382 4409 2437 4452 et
2465 4401 2762 4453 audiebant
2788 4400 3086 4455 Barnabam
3144 4416 3203 4457 et
3246 4404 3496 4468 Paulum,
3529 4415 3722 4454 narran-

490 4491 715 4553 cmlum,
747 4499 804 4542 et
832 4498 1051 4551 terram,
1075 4497 1128 4542 et
1162 4505 1334 4554 mare,
1367 4501 1419 4542 ct
1448 4494 1630 4543 omnia
1688 4508 1810 4562 qua:
1863 4494 1918 4547 in
1989 4511 2069 4548 eis
2099 4511 2150 4569 ι)
2181 4500 2261 4543 tes
2292 4494 2496 4559 quanta
2534 4493 2676 4546 Deus
2706 4494 2927 4547 fecisset
2956 4511 3107 4565 signa
3147 4508 3207 4549 et
3246 4497 3498 4567 prodigia
3546 4494 3593 4548 in
3613 4506 3722 4565 gen-

488 4587 623 4633 sunt
678 4597 692 4633 :
750 4580 842 4647 qui
900 4582 953 4633 in
1024 4584 1317 4649 prseteritis
1366 4584 1812 4650 generationibus
1860 4586 2065 4641 dimisit

492 4686 685 4725 omnes
710 4684 897 4741 gentes
929 4672 1135 4739 ingredi
1192 4673 1306 4726 vias
1368 4689 1517 4727 suas.
1576 4674 1639 4727 Et
1700 4678 1919 4744 quidem
1953 4693 2064 4732 non

491 4764 951 4817 sineteStinionio
1003 4766 1361 4831 semetipsum
1417 4766 1655 4835 reliquit,
1714 4770 2067 4825 benefaciens

489 4855 561 4907 de
589 4857 745 4914 ccelc,
767 4854 903 4906 dans
928 4854 1137 4923 pluvias
1163 4864 1215 4907 et
1238 4841 1478 4922 tempora
1506 4858 1812 4923 fructifera,
1835 4862 2066 4930 impletis

492 4946 615 4999 cibo
648 4955 702 4999 et
734 4945 912 4998 laetitia
939 4946 1099 4998 corda
1133 4956 1343 5001 nostra.
1381 4948 1445 5001 Et
1479 4949 1591 5002 haec
1650 4951 1918 5017 dicentes,
1978 4955 2067 5006 vix

490 5038 827 5092 scdaverunt
860 5041 1068 5100 turbas.
1106 5056 1171 5093 ne
1212 5040 1314 5094 sibi
1366 5042 1729 5096 iintnolarent.
1791 5046 2066 5114 Superve-

488 5139 691 5184 nerunt
719 5141 897 5182 autem
963 5132 1187 5198 quidam
1222 5133 1289 5185 ab
1318 5134 1605 5188 Antiochia
1670 5148 1723 5191 et
1760 5135 1941 5191 lconio
1972 5139 2066 5192 Ju-

489 5222 634 5277 daei:
674 5233 728 5277 et
777 5224 1055 5292 persuasis
1116 5226 1292 5279 turbis
1350 5227 1762 5298 lapidantesque
1810 5230 2065 5296 Paulum,

488 5326 949 5372 traxeruntextra
981 5319 1280 5382 civitatem,
1332 5326 1715 5379 existimantes
1739 5341 1862 5379 eum
1921 5344 2067 5381 mor-

488 5419 644 5463 tuum
672 5426 814 5464 esse.
852 5410 1332 5468 Circumdantibus
1363 5428 1545 5469 autem
1598 5432 1722 5470 cum
1756 5420 2061 5489 discipulis,

485 5517 717 5572 surgens
753 5506 974 5558 intravit
1001 5505 1304 5571 civitatein,
1333 5518 1387 5562 et
1425 5520 1636 5577 postera
1674 5510 1762 5563 die
1790 5516 2067 5578 prolectus

485 5607 568 5648 est
595 5613 717 5651 cum
748 5596 995 5653 Barnaba
1026 5600 1079 5652 in
1121 5598 1358 5654 Derbeu.
1420 5599 1669 5669 Cumque
1693 5606 2068 5673 cvangelizas-

484 5698 607 5739 sent
633 5689 836 5743 civitati
870 5690 968 5755 illi,
1002 5701 1055 5744 et
1083 5692 1404 5746 docuissent
1435 5693 1660 5755 mullos,
1699 5697 1903 5750 reversi
1938 5710 2065 5754 sunt

488 5778 756 5845 Lystram,
790 5790 842 5834 et
873 5780 1229 5853 lccniumtet
1252 5783 1621 5851 Antiochiam,
1671 5786 2063 5847 conlirmantes

2179 4584 2324 4636 tibus
2356 4599 2453 4652 per
2484 4601 2598 4637 eos.
2636 4585 2700 4637 Et
2758 4600 3041 4655 postquam
3102 4600 3429 4654 tacuerunt,
3486 4585 3724 4658 respondit

2176 4674 2433 4740 Jacobus,
2470 4677 2659 4731 dicens
2699 4678 2853 4732 :Vtri
2908 4683 3128 4747 iratres,
3165 4685 3363 4737 audite
3417 4699 3520 4737 me.
3564 4683 3719 4736 Simon

2168 4770 2423 4821 ,narravit
2475 4772 2934 4837 quemadmodum
3020 4788 3267 4841 primum
3324 4776 3471 4831 Deus
3523 4775 3723 4830 visitavit

2176 4877 2394 4915 sumere
2418 4878 2485 4916 ex
2517 4865 2772 4932 gentibus
2808 4866 3067 4934 populum
3124 4870 3344 4923 numini
3385 4884 3507 4924 suo.
3542 4867 3601 4923 Et
3621 4864 3723 4920 huic

2176 4955 2509 5007 concordant
2548 4957 2707 5010 verba
2745 4964 3167 5026 prophetarum,
3189 4966 3609 5032 sicuts‘criptuin
3630 4972 3725 5012 est:

2176 5045 2305 5098 Post
2325 5048 2438 5100 lia-c
2473 5059 2737 5112 revertar,
2762 5058 2819 5103 ct
2840 5052 3189 5107 rea’dilicabo
3221 5056 3627 5109 tabernaculum
3649 5052 3729 5101 Ua-

2178 5140 2288 5201 vid,
2324 5140 2467 5208 quod
2501 5140 2709 5195 decidit
2745 5158 2761 5198 :
2792 5153 2846 5196 et
2886 5144 3066 5197 diruta
3096 5148 3229 5218 ejus
3284 5150 3636 5209 reaediﬁcabo,
3683 5150 3727 5194 cl

2174 5234 2377 5300 erigant
2403 5234 2551 5298 illud,
2580 5246 2637 5287 ut
2667 5235 2946 5306 requirant
2997 5242 3188 5292 czcteri
3245 5243 3524 5294 hominum
3574 5233 3729 5291 Domit

2176 5340 2330 5389 num,
2368 5337 2418 5380 et
2446 5344 2637 5383 omnes
2674 5342 2884 5400 gentes,
2930 5349 3097 5404 super
3150 5352 3297 5406 quas
3344 5342 3639 5392 invocatum
3659 5340 3727 5384 est

2172 5434 2371 5475 nomen
2404 5437 2607 5487 meum,
2638 5426 2769 5479 dicit
2796 5427 3058 5483 Dominus
3075 5430 3305 5489 faciens
3330 5428 3462 5489 hac;
3489 5430 3665 5486 Notum
3702 5438 3728 5477 a

2177 5514 2376 5566 SiBCUio
2434 5526 2515 5568 est
2545 5516 2773 5572 Domino
2801 5536 2939 5591 opus
2971 5540 3160 5578 suum.
3233 5527 3465 5599 Propter
3494 5524 3622 5596 quod
3644 5533 3729 5587 €80

2171 5605 2377 5672 judico,
2454 5623 2561 5662 non
2646 5611 2934 5681 inquietari
2997 5632 3110 5683 eos,
3171 5622 3273 5690 qui
3354 5636 3421 5676 ex
3511 5615 3729 5691 gentibus

2175 5711 2568 5757 convertentur
2602 5705 2669 5758 ad
2707 5708 2901 5771 Deum,
2921 5710 3016 5765 sed
3047 5716 3310 5770 scribere
3335 5718 3400 5768 ad
3431 5729 3519 5769 eos
3550 5722 3600 5765 ut
3622 5710 3728 5761 abs-

2178 5792 2383 5850 tineant
2441 5812 2499 5852 se
2520 5814 2548 5851 a
2568 5803 3147 5861 coutaniinationibus.
