3880 6168
211 252 318 316 745

1385 260 1620 334 LIBER
1681 275 1993 355 ACTUUM
2036 281 2290 347 APOST.

3342 308 3447 372 746

208 367 651 435 simulacrorum,
689 381 743 425 et
776 372 1159 439 fornicatione,
1213 387 1271 433 et
1327 383 1610 439 suﬂ‘ocatis
1648 386 1685 450 ⁸,
1719 395 1774 440 et
1802 401 1848 451 Α
1876 370 2181 461 proficisci;
2232 407 2286 451 et
2344 413 2626 457 assumens
2661 405 3000 465 circumcidit
3030 426 3179 479 eum,
3227 431 3450 490 propter

208 461 471 490 nonne-:nn
526 461 731 490 11...-..“
765 480 788 490 ι.
815 467 904 490 .2-..
939 485 962 490 --
1025 474 1275 490 .--μ-,κη
1347 489 1350 490 ν
1481 477 1512 490 _.
1603 478 1612 487 .
1673 480 1685 490 .
1883 478 1902 490 .
1966 481 1977 490 .
2220 488 2228 490 μ

203 461 494 526 sanguine.
526 461 733 532 Moyses
762 467 908 521 enim
936 485 966 521 a
1024 474 1361 540 temporibus
1401 477 1644 546 antiquis
1673 480 1773 532 ha-

201 548 291 605 bet
321 551 375 605 in
397 554 622 620 singulis
645 557 954 614 civitatibus
976 563 1069 629 qui
1099 565 1400 632 praedicent
1422 568 1478 621 in
1534 585 1771 641 synago—

201 642 301 712 εἰς,
333 645 427 697 ubi
462 660 558 714 per
584 661 745 702 onme
782 649 1078 706 Sabbatum
1107 653 1326 725 legitur.
1358 658 1513 714 Tunc
1568 662 1773 730 placuit

196 736 478 802 apostolis,
508 749 564 791 et
590 739 900 799 senioribus
929 760 1052 799 cum
1088 750 1235 801 omni
1266 750 1539 817 Ecclesia,
1568 753 1771 822 eligere

195 825 346 879 viros
382 840 447 878 ex
482 828 582 891 eis,
617 837 673 883 et
716 833 935 887 mittere
970 835 1313 892 Antiochiam
1344 854 1469 893 cum
1517 842 1684 896 Paulo
1718 854 1773 897 et

194 914 465 978 Barnaba,
494 918 711 984 Judam,
742 922 831 989 qui
863 930 1359 995 cognominabatur
1395 932 1679 995 Barsabas,
1715 943 1769 989 et

192 1008 391 1072 Silam,
430 1010 578 1064 viros
600 1014 808 1081 primos
845 1018 898 1070 in
958 1018 1242 1085 fratribus,
1314 1024 1620 1081 scribentes
1670 1042 1768 1097 per

193 1114 390 1169 manus
418 1116 636 1157 eorum.

260 1192 561 1259 Aposrou,
596 1206 649 1249 et
670 1198 914 1254 seniores
948 1200 1165 1269 fratres,
1191 1206 1298 1267 his,
1322 1208 1412 1275 qui
1477 1219 1607 1264 sunt
1656 1213 1764 1265 An-

192 1280 429 1347 tiochiae,
466 1290 521 1334 et
545 1283 734 1353 Syria).
769 1297 826 1341 et
863 1288 1092 1356 Ciliciae,
1126 1292 1387 1349 fratribus
1413 1311 1480 1351 ex
1510 1301 1764 1366 gentibus

189 1370 439 1424 salutem.
472 1371 739 1438 Quoniam
775 1380 1110 1445 audivimus,
1141 1384 1267 1451 quia
1297 1387 1515 1453 quidam
1549 1405 1615 1442 ex
1673 1406 1763 1444 no-

191 1463 267 1517 bis
299 1478 590 1531 exeuntes,
642 1470 998 1527 turbaverunt
1031 1491 1127 1529 vos
1185 1479 1388 1541 verbis,
1449 1495 1761 1538 erertentes

190 1556 397 1610 animas
422 1568 655 1622 vestras,
686 1564 884 1629 quibus
910 1582 1013 1620 non
1072 1571 1452 1627 mandavimus
1485 1590 1499 1627 :
1556 1575 1760 1642 placuit

191 1647 343 1700 nobis
372 1648 617 1704 collectis
640 1652 695 1704 in
732 1668 926 1719 unum,
985 1659 1187 1727 eligere
1239 1663 1384 1717 viros
1431 1674 1482 1719 et
1540 1667 1759 1722 mittere

190 1739 250 1792 ad
274 1755 393 1799 vos.
428 1756 551 1795 cum
586 1745 922 1801 cbarissimis
947 1752 1150 1806 nostris
1209 1753 1451 1811 Barnaba
1480 1770 1533 1812 et
1558 1759 1749 1826 Paulo,
1789 1737 1832 1790 Β

190 1828 520 1892 hominibus.
556 1836 646 1903 qui
687 1840 1032 1895 tradiderunt
1085 1844 1297 1899 animas
1355 1862 1483 1902 suas
1510 1866 1608 1917 pro
1661 1868 1758 1905 no-

192 1921 331 1975 mine
414 1924 628 1979 Domini
681 1932 852 1983 nostri
900 1931 1031 1987 Jesu
1087 1934 1316 1991 Christi;
1352 1938 1597 1995 Misimus
1626 1958 1755 2010 ergo

190 2010 378 2065 ludam
414 2026 467 2067 et
503 2016 692 2081 Silam,
733 2022 826 2090 qui
859 2032 912 2076 et
935 2024 1032 2092 ipsi
1098 2027 1253 2081 vobis
1291 2030 1477 2084 verbis
1518 2034 1759 2090 referent

188 2104 399 2157 eadem.
430 2107 618 2161 Visum
645 2123 730 2163 est
764 2114 907 2167 enim
956 2116 1184 2184 Spiritui
1215 2132 1427 2186 saneto,
1454 2132 1509 2177 et
1576 2128 1754 2192 nobis,

192 2196 321 2249 nihil
358 2198 500 2252 ultra
530 2202 813 2270 imponere
845 2206 1001 2260 vobis
1032 2212 1218 2265 oneris
1237 2228 1397 2281 quam
1432 2215 1756 2273 ltzecneces-

188 2289 324 2342 saria
362 2307 377 2341 :
414 2300 471 2343 ut
500 2293 816 2349 abstineatis
851 2314 949 2352 vos
1008 2301 1076 2354 ab
1110 2302 1403 2359 immolatis
1433 2310 1757 2365 simulacro-

185 2394 320 2440 rum,
351 2393 409 2436 et
431 2388 716 2455 sanguine.
750 2399 805 2443 et
846 2392 1132 2458 suﬂ‘ocato,
1188 2382 1240 2450 et
1274 2398 1678 2462 fornicatione;
1722 2419 1753 2457 a

186 2472 381 2539 quibus
410 2477 783 2535 custodientes
814 2498 929 2545 vos,
973 2485 1110 2539 bene
1151 2489 1325 2558 agetis
1351 2530 1365 2544 .
1402 2490 1609 2547 Valete.
1670 2494 1750 2549 llli

184 2578 310 2633 ergo
363 2566 603 2633 dimissi,
670 2572 1076 2631 descenderunt
1140 2580 1586 2646 Antiochiam,et
1616 2602 1752 2641 con-

178 2668 391 2726 gregata
416 2662 782 2730 multitudine,
821 2670 1165 2727 tradiderunt
1214 2675 1521 2743 epistolam.
1573 2672 1754 2745 Quam-

178 2765 293 2803 cum
327 2752 609 2821 legissent,
637 2759 807 2824 gavisi
833 2772 957 2814 sunt
1010 2778 1179 2831 super
1200 2769 1596 2827 consolatione.
1632 2772 1751 2847 εἷα-

177 2840 268 2894 das
296 2854 482 2897 autem
507 2854 561 2898 et
590 2846 755 2913 Silas,
795 2859 849 2903 et
885 2851 983 2919 ipsi
1012 2870 1137 2909 cum
1204 2869 1390 2913 essent
1440 2840 1747 2930 prophetae,

178 2934 340 2987 verbo
371 2937 613 3004 plurimo
672 2942 936 2996 consolati
967 2956 1091 2999 sunt
1118 2945 1337 3014 fratres,
1367 2960 1422 3004 et
1451 2954 1743 3009 confirma-

178 3036 389 3078 verunt.
456 3026 625 3083 Facto
660 3041 841 3084 autem
882 3033 955 3088 ibi
999 3035 1277 3106 aliquanto
1340 3051 1601 3111 tempore,
1658 3046 1810 3134 di«c
1843 3041 2132 3112 doprccata
2188 3061 2271 3106 cst
2334 3056 2522 3114 dicens

173 3116 318 3170 missi
352 3134 487 3174 sunt
527 3136 648 3174 cum
687 3139 817 3192 pace
856 3144 884 3179 a
921 3127 1198 3193 fratribus,
1248 3132 1315 3186 ad
1338 3148 1432 3189 eos
1460 3136 1738 3204 quimise-

172 3212 451 3266 rantillos.
508 3212 692 3268 Visum
743 3228 826 3271 est
858 3232 1036 3273 antem
1097 3221 1220 3277 Silze
1268 3226 1341 3279 ibi
1400 3244 1678 3284 remanere
1719 3247 1734 3287 :

167 3295 329 3353 ludas
383 3309 570 3355 autem
600 3304 751 3357 solus
781 3306 919 3361 abiit
941 3296 1268 3365 Jerusalem.
1301 3314 1501 3369 Paulus
1550 3329 1733 3373 autem

162 3398 216 3441 et
272 3391 554 3449 Barnabas
592 3396 1019 3453 demorabantur
1064 3402 1390 3471 Antiochiae,
1446 3408 1728 3473 docentes,

160 3492 210 3535 et
236 3487 676 3553 evangelizantes
710 3504 832 3543 cum
864 3491 983 3546 aliis
1005 3494 1259 3561 pluribus
1284 3501 1511 3552 verbum
1546 3500 1731 3555 Domi-

162 3573 231 3627 ni.
286 3574 410 3630 Post
467 3579 678 3647 aliquot
724 3591 905 3636 autem
958 3584 1099 3652 dies,
1149 3588 1283 3642 dixit
1312 3591 1377 3644 ad
1424 3591 1725 3648 Barnabam

162 3663 356 3722 Paulus
388 3681 401 3721 :
439 3668 801 3728 Revertentes
832 3677 1111 3732 visitemus
1144 3681 1340 3735 fratres
1371 3698 1471 3751 per
1505 3700 1726 3740 nmver-

159 3770 242 3809 sas
273 3759 549 3826 civitates,
580 3764 631 3817 in
674 3765 877 3834 quibus
920 3769 1338 3837 prmdicavimus
1364 3776 1588 3830 verbum
1622 3777 1724 3830 Do-

161 3846 311 3911 mini,
341 3852 621 3916 quomodo
652 3870 712 3909 se
746 3855 1000 3913 habeant.
1025 3860 1303 3916 Barnabas
1364 3874 1543 3920 autem
1579 3869 1724 3922 vole-

158 3936 244 3990 bat
273 3956 461 3996 secum
485 3960 765 4002 assumere
782 3959 836 4003 et
862 3951 1151 4021 Joannem,
1178 3957 1270 4025 qui
1298 3960 1721 4028 cognominaba-

156 4036 240 4081 tur
266 4030 503 4087 Marcus.
537 4038 742 4094 Paulus
770 4052 950 4095 autem
975 4046 1200 4114 rogabat
1226 4061 1350 4101 eum
1380 4052 1462 4120 (ut
1496 4052 1588 4120 qui
1610 4053 1719 4107 dis-

153 4126 408 4181 cessisset
440 4128 509 4182 ab
535 4131 616 4184 eis
644 4132 713 4184 de
738 4133 1075 4205 Pamphylia,
1118 4149 1301 4195 etnon
1340 4141 1472 4196 isset
1494 4158 1615 4196 cum
1637 4146 1717 4198 eis

152 4213 202 4264 in
229 4216 390 4283 opus)
436 4234 548 4273 non
602 4222 801 4279 debere
848 4226 1038 4294 recipi.
1089 4228 1249 4283 Facta
1281 4242 1364 4286 est
1394 4243 1573 4287 autem
1606 4235 1717 4290 dis-

148 4309 350 4369 sensio,
384 4314 455 4362 ita
480 4322 537 4364 ut
562 4312 907 4369 discederent
935 4317 1003 4371 ab
1059 4319 1315 4386 invicem,
1348 4331 1405 4376 et
1442 4325 1714 4381 Barnabas

147 4396 367 4461 quidem
401 4415 683 4471 assumpto
716 4404 897 4462 Marco
924 4410 1206 4478 navigaret
1233 4412 1493 4483 Cyprum.
1515 4417 1715 4472 Paulus
1751 4435 1792 4487 θ

137 4774 415 4831 pra-cepta
449 4770 850 4836 apostolorum,
885 4784 940 4827 et
966 4777 1266 4831 seniorum.

204 4854 364 4920 (Cap.
394 4855 560 4928 XVI.)
590 4860 842 4916 Pervenit
866 4876 1049 4921 autem
1082 4872 1317 4936 Derben,
1352 4885 1409 4929 et
1437 4875 1707 4947 Lystram.

136 4944 198 4997 Et
244 4962 377 5000 ecce
409 4945 714 5018 diScipulus
748 4954 968 5021 quidam
1004 4970 1122 5013 erat
1150 4962 1222 5015 ibi
1263 4944 1497 5021 nomine
1524 4969 1713 5023 Timo-

135 5037 318 5098 theus,
358 5040 502 5093 filius
534 5042 781 5098 mulieris
813 5047 832 5075 ¹
860 5047 1061 5104 ludam
1092 5053 1283 5120 fidelis,
1314 5066 1463 5125 patre
1494 5064 1706 5129 gentili.

132 5125 265 5181 lluic
300 5132 671 5187 testimonium
706 5136 910 5193 bonum
941 5143 1262 5211 reddebant,
1299 5150 1390 5217 qui
1425 5151 1477 5203 in
1499 5125 1709 5223 Lystris

129 5235 290 5276 erant
333 5237 386 5278 et
417 5226 608 5282 [conio
640 5231 860 5287 fratres.
894 5233 1055 5290 Huttc
1086 5240 1257 5295 voluit
1283 5243 1485 5298 Paulus
1518 5262 1705 5303 secum

193 5410 210 5436 ¹
250 5405 388 5459 illud
430 5415 483 5485 et
519 5410 795 5499 suﬁcientis
825 5424 1072 5499 ltes‘tatur
1126 5432 1313 5476 noster
1343 5423 1705 5499 Hieronymus

125 5475 520 5563 qDlnmelll.-lll
557 5475 730 5549 Epist.
769 5487 836 5563 ad
888 5486 1119 5563 palatas
1176 5475 1700 5563 ca'p.v’,’v'ér's'."'2",'i.}

120 5547 327 5630 aliqn‘ot
356 5555 569 5600 tantum
600 5547 1010 5630 exemplaribus
1063 5547 1272 5618 Latinis
1296 5547 1335 5630 ;’
1358 5547 1699 5625 summu—tem

126 5630 176 5669 et
238 5617 433 5672 Graeca
492 5617 1012 5695 quaedam'Optima:
1052 5648 1194 5688 noue
1242 5617 1558 5703 qumvillud
1595 5617 1699 5697 ite-

119 5692 316 5744 sciunt.

519 5788 788 5851 Pareat.
823 5792 1021 5860 XXIX

1874 478 2091 539 Judreos
2139 488 2230 556 qui
2262 502 2417 545 erant
2444 492 2498 548 in
2533 495 2637 550 illis
2668 498 2822 553 lccis.
2867 501 3123 560 Sciebant
3152 478 3297 563 enim
3327 478 3449 568 ξιιμ-

1877 587 1974 626 nes
2011 578 2153 643 quod
2191 590 2344 648 pater
2373 585 2491 654 ejus
2516 598 2635 644 erat
2674 594 2914 660 gentilis.
2949 599 3083 654 Cum
3113 615 3292 660 autem
3328 624 3453 677 per-

1873 668 2176 722 transirent
2226 671 2525 741 civitatem,
2582 681 2869 739 tradebant
2914 688 2997 743 eis
3048 668 3453 754 custodire-do.

1872 764 2069 819 gmata,
2098 773 2221 826 qua:
2246 772 2401 817 erant
2430 764 2646 823 decreta
2673 771 2742 824 ab
2774 777 3035 842 apostolis
3062 790 3115 833 et
3138 784 3453 842 senioribus

1871 846 1962 913 qui
2001 858 2155 902 erant
2200 850 2578 925 Jerosolymis.
2613 859 2680 913 Et
2708 866 2950 923 ecclesia:
2983 873 3203 940 quidem
3250 882 3449 935 confir-

1872 937 2163 994 mabantur
2213 944 2338 1005 fide.
2392 956 2447 1001 et
2491 950 2846 1011 abundabant
2901 937 3131 1019 numero
3176 974 3445 1037 quotidie.

1869 1027 2242 1089 Transeuntes
2268 1046 2447 1093 autem
2481 1039 2788 1114 Phrygiam,
2813 1059 2868 1103 et
2897 1051 3119 1111 Galatiae
3146 1027 3445 1131 regionem,

1866 1123 2028 1175 velati
2077 1135 2203 1179 sunt
2235 1143 2264 1180 a
2297 1128 2500 1199 Spiritu
2549 1149 2738 1191 sancto
2786 1142 2933 1210 loqui
2984 1123 3231 1203 verbnm'
3253 1153 3346 1208 Dei
3389 1123 3445 1211 in

1864 1210 2010 1267 Asia.
2045 1214 2178 1270 Cum
2218 1222 2500 1276 venissent
2540 1235 2720 1281 autem
2769 1233 2819 1284 in
2871 1233 3115 1305 Mysiam,
3164 1248 3446 1304 tentabant

1865 1301 1943 1356 ire
1993 1305 2047 1359 in
2103 1307 2409 1379 Bithyniam
2454 1330 2470 1371 :
2524 1327 2577 1369 et
2619 1334 2726 1372 non
2774 1328 3025 1389 permisit
3069 1346 3165 1386 eos
3218 1336 3445 1405 spiritus

1861 1390 2010 1448 Jesu.
2048 1397 2183 1451 Cum
2231 1411 2409 1457 autem
2445 1414 2869 1474 pertransissent
2914 1417 3159 1489 Mysiam,
3205 1427 3439 1484 descen-

1862 1482 2059 1540 derunt
2126 1488 2396 1548 Troadem
2474 1512 2488 1551 :
2544 1509 2597 1551 et
2657 1504 2793 1557 visio
2848 1523 2945 1575 per
2998 1524 3210 1569 noctem
3273 1520 3442 1575 Paulo

1861 1587 2075 1632 ostensa
2129 1592 2211 1635 est
2255 1600 2269 1641 ;
2325 1586 2418 1639 Vir
2459 1588 2678 1649 Macedo
2730 1599 2952 1665 quidam
2988 1615 3108 1660 erat
3158 1621 3331 1676 S'ans,
3386 1625 3442 1669 et

1859 1664 2159 1736 deprecans
2197 1689 2345 1740 eum,
2387 1690 2443 1733 et
2482 1681 2671 1739 dicens
2723 1704 2737 1739 :
2773 1687 3069 1749 Transiens
3102 1697 3155 1750 in
3191 1700 3441 1758 Macedo-

1862 1757 2029 1824 niam,
2080 1764 2278 1834 adjuva
2318 1784 2437 1823 nos.
2493 1772 2562 1827 Ut
2603 1788 2786 1832 autem
2835 1784 3009 1839 visunt
3053 1790 3207 1856 \idit,
3254 1798 3437 1850 statim

1862 1851 2211 1916 quaesivimus
2249 1858 2522 1926 proficisci
2566 1866 2618 1919 in
2670 1868 3064 1945 Macedoniam,
3117 1886 3252 1938 Certi
3307 1887 3437 1941 facti

1860 1941 2005 2005 quod
2024 1956 2269 2000 vocasset
2294 1964 2392 2003 nos
2414 1952 2553 2009 Deus
2572 1963 2953 2029 eVangelizare
2982 1970 3087 2023 eis.
3108 1969 3436 2042 Navigantes

1859 2041 2041 2084 autem
2073 2050 2103 2087 a
2144 2035 2375 2103 Troade,
2416 2056 2563 2099 recto
2610 2065 2776 2107 cursu
2823 2059 3070 2115 venimus
3114 2064 3435 2124 Samothra-
3478 2067 3483 2073 “

1858 2121 2020 2186 ciam,
2056 2136 2110 2179 et
2138 2133 2501 2199 sequentidie
2527 2138 2810 2210 Neapolim
2836 2164 2852 2213 ;
2894 2160 2949 2204 et
2978 2154 3099 2209 inde
3130 2121 3434 2233 Philippo—3,

1856 2224 1980 2276 qua:
2005 2226 2089 2267 est
2122 2222 2297 2285 prima
2331 2228 2503 2292 partis
2556 2230 2887 2294 Macedonia:
2930 2222 3431 2313 civitas,'colonia:

1854 2302 2085 2361 Eramns
2120 2323 2307 2367 autem
2358 2318 2411 2370 in
2454 2320 2557 2376 bac
2587 2327 2720 2381 urbe
2754 2329 2947 2388 diebus
2977 2337 3208 2408 aliquot,
3243 2348 3432 2402 confe-

1855 2406 2061 2453 rentes.
2102 2401 2194 2457 Die
2223 2417 2403 2463 autem
2440 2412 2804 2475 Sailbatorum
2833 2432 3039 2494 egressi
3071 2449 3261 2491 sumus
3287 2439 3431 2497 foras

1852 2499 2067 2555 portam
2092 2496 2251 2563 juxta
2275 2501 2501 2567 ﬂumen,
2533 2510 2624 2564 ubi
2667 2513 2953 2575 videbatur
2981 2525 3157 2580 oratio
3183 2545 3305 2585 esse
3338 2545 3429 2588 :et

1851 2578 2105 2634 sedentes
2138 2585 2497 2655 lOtjllCllalllUl‘
2526 2600 2852 2661 mulieribus
2890 2625 3010 2678 quae
3037 2631 3426 2679 convenerant.

1850 2670 1918 2722 Et
1950 2675 2197 2741 qumdam
2232 2685 2429 2737 mulier
2460 2692 2680 2748 nomine
2707 2670 3258 2777 Lydia,-pnrpuraria
3291 2717 3425 2772 civi-

1849 2767 1975 2821 tatis
2016 2769 2498 2843 Tbyatircnorum.
2533 2787 2720 2845 colens
2756 2791 2949 2862 Deum,
2978 2767 3189 2859 audivit
3221 2824 3237 2859 :
3266 2813 3424 2883 cujus

1849 2858 2107 2883 I\...~.!—-~~
2316 2873 2347 2883 "
2505 2877 2516 2883 ”

1848 2858 2111 2918 Dominus
2142 2873 2355 2936 aperuit
2382 2891 2477 2929 cor
2502 2877 2788 2941 intendere
2818 2889 2924 2957 bis,
2952 2909 3071 2963 quae
3098 2858 3421 2961 dicebauiur

1846 2965 1875 3002 a
1906 2951 2095 3009 Paulo.
2120 2957 2252 3012 Cum
2279 2972 2459 3017 autem
2497 2970 2763 3038 baptizata
2796 2990 2941 3035 esset
2965 2996 3020 3038 et
3052 2986 3245 3045 domus
3277 2997 3420 3064 ejus,

1846 3041 2096 3064 λημῶ,
2257 3061 2265 3064 _
2354 3056 2381 3064 ._

2561 3078 2575 3114 :
2616 3065 2675 3120 Si
2720 3068 3007 3138 judicastis
3066 3097 3153 3135 me
3206 3085 3419 3143 fidelem

1842 3134 2072 3194 Domino
2098 3158 2240 3209 esse,
2278 3148 2501 3208 introite
2535 3156 2585 3209 in
2619 3159 2837 3216 domum
2871 3184 3067 3233 meam,
3098 3186 3155 3228 et
3180 3194 3416 3240 manete.

1839 3228 1905 3283 Et
1934 3235 2112 3300 coegit
2144 3252 2260 3291 nos.
2319 3240 2541 3300 Facmm
2582 3260 2667 3304 est
2715 3265 2901 3311 autem
2957 3266 3214 3323 euntibus
3262 3276 3419 3328 nobis

1837 3321 1903 3375 ad
1940 3326 2266 3397 orationem,
2306 3336 2539 3402 puellam
2575 3347 2867 3410 quamdam
2908 3351 3197 3413 habentem
3249 3367 3418 3434 spiri~

1838 3424 1947 3469 tum
1990 3419 2289 3489 Pythonem
2328 3428 2550 3487 obviare
2582 3436 2759 3500 nobis.
2813 3457 2935 3511 quae
2986 3461 3255 3514 quaestum
3279 3419 3416 3513 ‘ma'-

1832 3524 1998 3577 gnum
2034 3520 2323 3582 przestaDat
2353 3523 2589 3581 demittis
2622 3532 2736 3585 suis
2765 3535 3087 3596 divinando.
3124 3544 3246 3603 Haec
3280 3554 3413 3607 sub.

1829 3614 2013 3657 secuta
2044 3606 2291 3676 Paulum,
2320 3622 2375 3665 et
2403 3631 2521 3682 nos,
2554 3619 2823 3679 clamabat
2853 3630 3039 3687 dicens
3070 3652 3081 3691 :
3113 3635 3207 3693 Isti
3235 3640 3413 3699 homi.

1829 3711 1926 3750 nes
1972 3700 2114 3753 servi
2165 3702 2258 3757 Dei
2308 3709 2506 3763 excelsi
2551 3724 2699 3779 sunt,
2736 3721 2829 3786 qui
2878 3729 3205 3784 annuntiant
3253 3736 3409 3793 vobis

1827 3789 1967 3842 viam
2008 3792 2216 3848 salutis.
2268 3795 2383 3852 Hoc
2429 3811 2611 3857 autem
2659 3806 2889 3865 faciebat
2948 3820 3134 3875 multis
3188 3789 3404 3898 diebus,

1824 3879 2024 3935 Dolens
2055 3894 2234 3939 autem
2267 3886 2487 3959 Paulus,
2521 3905 2575 3949 et
2609 3912 2933 3968 comersus,
2972 3912 3188 3977 spiritui
3220 3916 3356 3975 dixit

1829 3971 2092 4043 Ρηρίςὶνίο
2123 3978 2217 4031 tibi
2255 3982 2306 4033 in
2359 3985 2575 4041 nomine
2603 3988 2733 4045 Jesu
2773 3994 2978 4055 Christi
3011 4005 3163 4059 exire
3206 4009 3275 4064 ab
3320 4028 3405 4070 ea.

1820 4064 1886 4118 Et
1916 4068 2049 4122 exiit
2085 4073 2271 4127 eadem
2308 4075 2461 4133 hora.
2510 4079 2765 4141 Videntes
2794 4100 2977 4147 autem
3023 4096 3229 4155 domini
3261 4106 3402 4177 ejus,

1819 4162 1945 4225 quia
1992 4164 2163 4219 exivit
2213 4182 2337 4237 spes
2381 4184 2623 4240 quaestus
2654 4194 2870 4251 eorum,
2918 4162 3396 4259 apprehendentes

1820 4249 2047 4306 Paulum
2077 4270 2131 4310 et
2153 4257 2317 4313 Silam
2345 4260 2719 4332 perduxerunt
2742 4273 2796 4327 in
2823 4276 3001 4335 forum
3027 4284 3092 4337 ad
3120 4290 3400 4361 principes

1817 4352 1870 4395 et
1912 4345 2205 4404 od‘erentes
2250 4367 2346 4407 eos
2399 4360 2812 4427 magistratibus
2853 4345 3157 4432 dixerunt}
3196 4380 3258 4434 Hi
3301 4345 3401 4438 ho-

1981 4530 2046 4586 i;
2092 4546 2151 4589 et
2210 4544 2539 4600 annuntiant
2599 4566 2831 4619 morem,
2902 4576 3064 4629 quem
3110 4582 3219 4623 non
3268 4572 3399 4628 licet

1822 4624 1982 4677 nobis
2006 4630 2305 4696 suscipere,
2340 4650 2515 4707 neque
2545 4641 2746 4710 facere,
2789 4664 2910 4705 cum
2945 4656 3115 4714 simus
3141 4661 3394 4722 Romani.

1821 4713 1885 4766 Et
1935 4721 2181 4774 cucurrit
2232 4724 2383 4792 plebs
2425 4732 2692 4789 adversus
2739 4754 2835 4795 eos
2878 4757 2893 4794 :
2938 4755 2992 4798 ct
3020 4754 3394 4824 magistratus,

3111 4805 3141 4821 υ
3174 4805 3394 4824 Hm".

1819 4805 2003 4861 scissis
2035 4813 2231 4867 tunicis
2256 4831 2470 4885 eorum,
2508 4821 2794 4888 jusserunt
2823 4848 2919 4889 eos
2948 4837 3117 4910 virgis
3146 4848 3302 4902 caadi.
3333 4848 3397 4907 Et

1817 4909 1940 4949 cum
1972 4901 2167 4956 multas
2194 4907 2374 4978 plagas
2400 4911 2480 4966 eis
2504 4913 2910 4988 imposuissent,
2939 4929 3207 4989 miserunt
3228 4954 3322 4995 eos
3342 4942 3396 4996 in

1818 5003 2114 5058 carcerem,
2162 5000 2542 5069 prmcipientes
2573 5014 2809 5079 custodi,
2856 5028 2915 5071 nt
2949 5020 3242 5094 diligenter
3269 5046 3395 5085 cns-

1819 5082 2018 5136 todiret
2062 5102 2174 5141 eos.
2220 5091 2320 5155 Qui
2370 5109 2493 5149 cum
2545 5102 2648 5153 tale
2691 5120 3023 5180 praeceptum
3050 5082 3386 5190 accepisset,

1816 5174 1966 5226 misit
1998 5192 2092 5231 eos
2130 5179 2182 5232 in
2222 5183 2537 5243 interiorem
2574 5208 2874 5265 carcerem,
2915 5215 2970 5257 et
2997 5209 3165 5276 pedes
3195 5228 3386 5268 eorum

1816 5266 2034 5319 strinxit
2076 5268 2245 5340 ligno.
2297 5276 2469 5333 Media
2498 5292 2680 5340 autem
2714 5303 2894 5359 nocte,
2917 5266 3119 5353 Paulus
3147 5310 3203 5355 et
3235 5300 3379 5361 Silas

1888 5440 2191 5551 lxvariantl
2223 5453 2681 5551 quemadmodum
2732 5468 2785 5546 in
2823 5468 3009 5525 Graeco
3042 5475 3242 5547 χήρας,
3284 5496 3385 5551 pro

1888 5530 1923 5551 ,υ
1960 5531 2083 5551 ηομ-ιο
2156 5534 2227 5551 ..ι
2279 5532 2327 5551 ...
2537 5540 2672 5551 _.___
2797 5548 2804 5551 .
3063 5549 3068 5551 Α

1824 5509 2104 5607 ’1ουξῇαῇ
2153 5509 2333 5607 ita-et
2385 5527 2436 5578 in
2490 5528 2678 5607 bat-ina
2731 5509 3383 5607 inte-rprei’atﬁdtiiesve't’e‘:

2355 5609 2468 5690 pro.
2482 5598 2704 5690 {nomen
2734 5616 2800 5690 let
2848 5598 3208 5690 Hieronymus

1810 5656 1935 5747 deni
1966 5657 2079 5747 ipse
2117 5656 2169 5712 in
2223 5656 2393 5730 Episl.
2444 5667 2506 5720 ad
2540 5656 2905 5739 Augustinum

2869 5846 2945 5911 24
