3880 6168
433 298 537 362 747

1345 295 1401 356 s.
1442 289 1873 352 IIIERONYMI
1915 273 2180 349 Dtvma
2217 283 2754 345 BlBLIOTIlECA.

3568 273 3672 336 ’ῖίὸ

434 423 672 469 orantes.
704 409 998 466 laniabant
1032 411 1197 466 Deum
1232 428 1244 463 :
1284 419 1336 464 et
1368 408 1664 462 audiebant
1692 421 1809 469 eos,
1835 405 1927 475 qni
1957 404 2010 457 in
2049 418 2088 470 Α
2120 402 2365 472 quntidie
2407 408 2716 454 scrutantes
2743 395 3075 465 Scripturas,
3103 393 3144 447 si
3189 393 3302 447 hinc
3334 392 3408 446 ita
3435 406 3493 446 se
3521 392 3678 445 habe.

436 505 682 559 custodia
723 514 900 558 erant.
937 502 1125 556 Subito
1155 515 1283 555 vero
1329 509 1485 554 terra-
1515 510 1692 552 motus
1727 497 1900 551 lactus
1935 507 2016 550 est

440 612 686 666 magnus,
717 595 787 648 ita
818 605 876 648 ut
904 602 1254 647 moverentur
1281 591 1635 645 fundamenta
1665 591 1924 642 careeris.
1955 587 2015 639 El

437 685 620 739 statim
665 692 850 748 aperta
903 691 1031 734 sunt
1080 680 1262 734 oumia
1306 682 1446 734 ostia
1485 696 1499 733 :
1533 689 1584 733 et
1633 679 2014 731 universorum

436 774 652 831 vincula
706 772 882 826 soluta
923 781 1070 825 sunt.
1118 769 1546 838 Expergefaetns
1596 780 1781 822 autem
1828 775 2013 820 custos

438 865 694 930 carceris,
751 872 804 916 et
835 861 1026 915 videns
1052 861 1247 928 ianuas
1280 870 1496 928 apertas
1539 859 1796 921 careeris,
1830 847 2015 925 euigi-

437 965 565 1010 nato
586 953 768 1023 gladio
799 953 1016 1006 volebat
1050 968 1105 1005 se
1136 952 1470 1015 interﬁcere,
1505 950 1782 1003 mstimans
1814 947 2014 1016 fugisse

437 1049 667 1101 vinctos.
693 1029 959 1099 Clamavit
981 1053 1160 1097 autem
1188 1043 1384 1097 i’aulus
1408 1057 1539 1096 voce
1566 1056 1776 1110 magna,
1801 1040 2010 1094 dicens:

439 1138 586 1192 Nihil
621 1139 716 1191 tibi
749 1137 878 1190 mali
907 1135 1105 1190 feceris
1159 1150 1173 1188 :
1224 1135 1462 1188 universi
1494 1133 1636 1187 enim
1680 1133 1768 1187 hic
1800 1145 2012 1186 sumus.

441 1230 727 1296 Petitoque
763 1227 985 1291 lumine,
1026 1226 1386 1293 introgressus
1423 1233 1502 1278 est
1537 1240 1551 1278 :
1582 1234 1636 1278 et
1665 1222 2014 1277 tremefactus

441 1319 674 1391 procidit
708 1317 872 1371 Paulo
902 1325 958 1369 et
990 1315 1114 1370 Sila)
1149 1315 1216 1368 ad
1251 1319 1414 1383 pedes
1453 1322 1550 1367 :et
1582 1313 1889 1382 produt-ens
1919 1318 2013 1365 eds

436 1414 602 1476 l'oras,
658 1410 731 1464 ait
770 1425 784 1464 z
831 1408 1068 1474 Domini,
1117 1407 1244 1476 quid
1325 1423 1407 1461 tne
1450 1415 1667 1476 oportet
1721 1406 1917 1470 facere,
1957 1414 2014 1459 ut

439 1506 620 1560 salvus
662 1500 828 1554 liam?
859 1503 923 1555 At
959 1501 1033 1553 illi
1075 1499 1332 1553 dixerunt
1378 1514 1392 1549 :
1428 1496 1600 1552 Crede
1638 1498 1689 1550 iu
1726 1496 2010 1552 Dominum

439 1592 646 1655 Jt‘sum,
701 1598 754 1643 et
787 1590 968 1642 salvus
998 1587 1108 1642 eris
1139 1597 1214 1652 tu,
1249 1598 1305 1640 et
1337 1587 1530 1640 domus
1565 1595 1676 1639 tua.
1727 1585 1794 1638 Et
1844 1584 2009 1638 locuti

442 1693 574 1740 sunt
599 1683 647 1736 ei
675 1683 900 1737 verbum
935 1681 1168 1744 Domini,
1197 1695 1320 1734 eum
1360 1679 1618 1733 omnibus
1653 1681 1743 1745 qui
1769 1687 1930 1730 erant
1955 1675 2006 1728 in

439 1774 603 1826 domo
639 1772 777 1837 ejus.
813 1769 876 1823 Et
907 1770 1099 1823 tollens
1135 1782 1230 1821 eos
1271 1768 1324 1820 in
1356 1767 1443 1819 illa
1479 1767 1610 1818 hora
1642 1767 1842 1829 noctis,
1881 1766 2016 1818 lavit
2051 1755 2089 1808 Β

441 1863 628 1932 plagas
665 1874 884 1927 eorum,
905 1858 1276 1926 esbapthatus
1291 1867 1369 1912 est
1397 1857 1534 1926 ipse,
1555 1867 1610 1912 et
1625 1857 1802 1911 omnis
1821 1856 2017 1910 domus

437 1959 556 2026 ejus
584 1959 863 2009 continuo.
914 1951 1160 2021 Cumque
1193 1950 1539 2020 perduxisset
1585 1964 1680 2004 eos
1707 1950 1759 2002 in
1794 1949 2016 2003 domum

439 2047 618 2110 suam,
674 2044 927 2114 apposuit
965 2044 1046 2098 eis
1099 2057 1366 2108 mensam,
1405 2051 1461 2096 et
1508 2042 1718 2098 laetatus
1769 2049 1856 2096 est
1894 2055 2019 2095 cum

441 2137 589 2189 on'ni
631 2136 796 2189 domo
828 2149 926 2188 sua
965 2131 1199 2186 credens
1249 2134 1384 2186 Deo.
1427 2131 1492 2185 Et
1528 2146 1650 2184 cum
1690 2131 1810 2186 dies
1843 2130 2022 2185 factus

441 2238 608 2291 esset,
663 2229 934 2280 miserunt
990 2226 1340 2294 magistratus
1396 2223 1639 2287 lictores,
1698 2221 1945 2276 ditentes
2003 2236 2020 2278 :

445 2319 660 2373 Dimitte
694 2321 938 2373 hoinines
970 2319 1114 2372 illos.
1151 2316 1435 2370 Nnntiavit
1463 2325 1648 2368 autem
1683 2325 1865 2369 custos
1895 2329 2018 2369 car-

443 2412 586 2466 ceris
611 2412 773 2465 verba
799 2411 914 2464 hanc
943 2409 1111 2465 Paulo
1145 2423 1160 2461 :
1196 2407 1330 2474 Quia
1357 2408 1624 2461 miserunt
1650 2407 2020 2475 magistratus,

446 2512 506 2556 ut
551 2502 894 2556 dimittamini
932 2517 945 2552 :
991 2515 1139 2554 nunc
1171 2501 1333 2568 igitur
1356 2510 1641 2562 exeuntes,
1671 2497 1744 2551 ite
1775 2499 1826 2551 in
1865 2511 2018 2565 pace.

443 2591 642 2646 Paulus
669 2601 850 2645 autem
882 2592 1020 2644 d;x.t
1055 2589 1131 2643 eis
1164 2606 1177 2642 :
1206 2587 1387 2642 (laesos
1413 2601 1514 2641 nos
1548 2571 1780 2656 publice,
1816 2586 2025 2640 indemo

442 2695 622 2747 natos,
664 2683 914 2736 homines
950 2679 1221 2734 Romanos
1252 2680 1523 2734 miserunt
1551 2680 1603 2732 in
1638 2693 1937 2739 carcerem,
1969 2686 2024 2730 et

445 2791 593 2830 nunc
626 2775 838 2829 occulte
873 2788 971 2827 nos
1015 2771 1286 2842 ejiciunt?
1333 2771 1448 2825 Non
1492 2773 1561 2824 ita
1595 2787 1608 2824 :
1647 2771 1742 2824 sed
1781 2771 2020 2835 veniant,

445 2879 500 2923 et
546 2867 648 2937 ipsi
681 2883 779 2922 nos
827 2865 1071 2936 ejiciant.
1095 2864 1501 2920 Nuntiaverunt
1525 2874 1709 2917 autem
1744 2862 2025 2932 magistra.

445 2964 590 3016 tibus
641 2960 859 3015 lictores
909 2959 1075 3016 verba
1125 2959 1260 3011 haec.
1313 2955 1787 3024 Tuuueruntque,
1837 2955 2025 3010 auditu

447 3051 593 3122 quod
638 3050 868 3103 Romani
901 3057 1086 3103 essent
1119 3065 1134 3101 :
1167 3057 1221 3101 et
1263 3047 1545 3101 venientes
1577 3045 1852 3114 deprecati
1901 3055 2022 3100 sunt

449 3158 565 3206 eos,
592 3151 644 3194 et
675 3142 970 3194 educentes
1000 3138 1284 3207 rogabant,
1302 3149 1363 3191 ut
1387 3139 1779 3206 egrederentur
1801 3135 1870 3189 de
1894 3137 2026 3190 urbe

449 3233 723 3286 Exeuntes
749 3242 929 3284 autem
949 3230 1015 3283 de
1035 3245 1277 3293 Carcere,
1310 3230 1641 3283 introierunt
1669 3229 1734 3282 ad
1764 3229 1980 3300 Lydiam
2011 3242 2026 3279 :

448 3335 502 3378 et
527 3321 657 3375 visis
677 3321 954 3383 fratribus,
982 3320 1244 3373 consolati
1265 3330 1525 3384 suuteos,
1546 3331 1600 3374 et
1620 3321 1843 3388 pl‘OfCt’ll
1877 3333 2027 3374 sunt.

525 3410 872 3483 (Cap.XV'll.)
908 3411 1043 3466 Cum
1083 3421 1264 3465 autent
1298 3412 1774 3479 peratnbuiassent
1805 3414 2030 3482 Amphi-

452 3506 640 3575 polim,
667 3514 720 3558 et
745 3504 1108 3570 Apolloniam,
1141 3511 1407 3556 venerunt
1432 3501 1904 3566 Thessalonicam,
1938 3506 2030 3559 ubi

452 3606 571 3652 erat
594 3611 860 3667 synagoga
888 3593 1219 3649 .lndaeorum.
1243 3596 1554 3649 Secundum
1577 3597 2027 3648 consuetudinem

453 3701 633 3743 autem
675 3689 878 3743 l’aulus
916 3686 1160 3740 introivit
1189 3687 1253 3740 ad
1292 3702 1405 3751 eos,
1441 3697 1494 3740 et
1539 3703 1635 3755 per
1668 3689 1890 3741 sabbata
1927 3688 2027 3741 tria

453 3782 750 3836 disserebat
777 3781 856 3836 eis
884 3780 949 3833 de
971 3780 1296 3848 Scripturis,
1318 3778 1638 3847 atlaperiens
1666 3791 1719 3834 et
1746 3781 2029 3834 insinuans

456 3875 582 3944 quia
605 3872 884 3926 Cill‘isllllii
905 3872 1144 3942 oportuit
1169 3873 1298 3940 pati,
1325 3883 1378 3926 et
1406 3887 1689 3941 resurgere
1712 3889 1739 3924 a
1768 3875 2026 3926 mortuis:

451 3978 508 4022 et
540 3970 664 4031 quia
707 3967 794 4019 hic
835 3976 917 4019 est
951 3965 1107 4019 Jesus
1133 3966 1405 4028 Christus,
1436 3981 1596 4034 quem
1629 3981 1728 4032 ego
1762 3966 2030 4018 annuntio

456 4063 627 4114 vobis.
678 4060 743 4112 lit
791 4059 1010 4128 quidam
1042 4074 1106 4111 ex
1137 4058 1214 4111 eis
1260 4038 1630 4121 crediderunt,
1679 4067 1735 4111 et
1783 4059 2023 4126 adjuncti

458 4163 582 4206 sunt
622 4152 787 4204 Paulo
819 4160 873 4202 et
909 4150 1051 4214 Siite,
1093 4160 1142 4202 et
1176 4150 1242 4204 de
1273 4150 1583 4202 colentibus
1616 4152 2024 4221 gentilibusqttc

460 4245 751 4298 multitudo
806 4259 1015 4312 magna,
1051 4255 1105 4296 et
1151 4243 1409 4296 mulieres
1439 4245 1649 4296 nobiles
1683 4260 1789 4297 non
1821 4261 2026 4313 pauere.

456 4337 705 4390 Zelantes
744 4346 922 4388 autem
954 4335 1148 4396 Judau,
1182 4349 1632 4402 assttiueutesque
1666 4336 1732 4390 de
1770 4339 1923 4403 vulgo
1953 4339 2030 4389 vi-

462 4446 550 4482 ros
600 4430 866 4498 quosdam
898 4429 1090 4491 malos,
1137 4437 1192 4482 et
1241 4431 1393 4481 turba
1424 4431 1588 4494 facta,
1618 4441 2030 4484 conettaverttnt

461 4522 733 4576 civitatem
770 4537 782 4574 :
817 4531 868 4574 et
913 4521 1232 4573 aSsistentes
1263 4522 1445 4572 domui
1473 4520 1683 4575 Jasonis
1718 4522 2032 4591 quaerebant

460 4632 557 4671 eos
585 4619 885 4686 pro-lucere
918 4616 970 4668 iu
1001 4616 1283 4685 populum.
1314 4615 1381 4668 Et
1414 4631 1536 4669 cum
1565 4633 1669 4671 non
1695 4618 2033 4671 invenissent

460 4726 578 4769 eos,
641 4709 924 4759 trahebant
981 4707 1234 4760 Jasonem
1277 4718 1330 4760 et
1391 4709 1655 4774 quosdam
1711 4708 1908 4761 fratres
1962 4711 2028 4760 ad

463 4800 738 4868 principes
783 4799 1045 4859 civitatis,
1087 4798 1387 4852 clamantes
1441 4811 1455 4850 :
1497 4800 1765 4864 Quoniam
1808 4801 1883 4864 hi,
1939 4803 2028 4868 qui

465 4890 655 4943 urbem
705 4899 998 4954 concitant,
1050 4901 1105 4943 et
1153 4892 1257 4944 huc
1298 4903 1580 4951 venerunt,
1618 4907 1754 4959 quos
1790 4895 2031 4960 su~eepit

459 4983 646 5052 lason,
680 4994 733 5038 et
765 4986 814 5037 hi
846 5001 1034 5038 omnes
1068 4995 1256 5037 contra
1290 4986 1506 5039 decreta
1537 4984 1766 5039 Cesaris
1799 4989 2026 5049 iaciant,

459 5093 642 5147 regem
689 5080 853 5129 alium
901 5077 1145 5131 dicentes
1193 5094 1311 5132 esse
1345 5075 1550 5132 Jcsum.
1602 5078 2030 5132 Concitat'ct'Urit

457 5183 637 5225 autem
690 5172 950 5241 plebem,
1015 5182 1069 5225 et
1125 5169 1398 5240 principes
1451 5171 1689 5224 civitatis
1747 5174 2030 5223 audientes

457 5267 590 5319 lucc.
619 5264 684 5320 Et
708 5274 927 5332 accepta
953 5264 1324 5318 satslactione
1353 5279 1382 5317 a
1411 5262 1632 5329 Jasone,
1659 5273 1713 5317 et
1740 5278 1767 5316 a
1795 5263 2026 5328 ea-tcris,

459 5359 781 5412 dimiserunt
812 5373 926 5411 eos.
960 5355 1175 5409 Fratres
1207 5371 1334 5410 vero
1366 5356 1652 5410 crml'esrim
1685 5372 1779 5424 per
1809 5365 2028 5411 noctem

457 5452 782 5504 dimiserunt
812 5447 1038 5502 Paulum
1073 5460 1124 5502 et
1159 5447 1323 5501 Silam
1369 5448 1420 5499 iu
1449 5447 1715 5501 Beroeam.
1755 5448 1857 5512 Qui
1903 5461 2026 5499 cum

458 5544 751 5605 venissent,
788 5541 841 5593 in
883 5555 1205 5609 synagogam
1237 5538 1547 5594 Judxorum
1579 5539 1930 5592 introierunt.
1963 5537 2026 5594 lli

456 5647 634 5686 autem
663 5643 821 5684 erant
875 5633 1175 5686 nobiliores
1205 5646 1420 5694 eorum,
1455 5632 1547 5700 qui
1581 5640 1711 5684 sunt
1739 5630 2027 5684 Thessalo-

459 5727 728 5790 “immuni
765 5735 1122 5793 suSCt-peruut
1149 5727 1376 5781 verbum
1408 5743 1530 5778 eum
1563 5719 1706 5779 otiiui
1744 5727 2022 5783 atiditate.

2126 503 2286 546 rent.
2334 493 2402 546 Et
2462 491 2615 545 multi
2667 489 2889 559 quidem
2939 487 3295 541 crediderunt
3344 501 3409 538 ex
3458 485 3578 549 eis,
3630 493 3690 538 et

2123 585 2413 638 mulierum
2446 585 2728 653 gentilium
2763 583 3134 644 honestarum,
3168 594 3220 633 et
3255 580 3351 630 viri
3377 593 3483 630 non
3515 579 3685 646 pauci.

2118 677 2255 733 Cum
2312 691 2493 730 autem
2533 675 2924 742 cognovissent
2960 672 3011 726 iu
3066 671 3452 725 Thessalonica
3501 667 3690 729 Judaei,

2119 770 2243 838 quia
2300 775 2354 820 et
2407 766 2609 820 Bero-a2
2644 755 2999 833 praedicatum
3042 772 3124 816 est
3179 778 3207 815 a
3249 762 3418 818 Paulo
3470 764 3692 814 verbum

2119 861 2240 921 Dei,
2281 866 2550 912 venerunt
2599 868 2655 910 et
2706 856 2835 908 illuc
2880 862 3289 907 commoventes
3328 862 3380 904 t-t
3414 852 3692 904 turbantes

2120 950 2546 1007 multitudinem.
2595 947 2900 1012 Statimque
2935 954 3064 998 tunc
3098 944 3323 998 Paulum
3375 943 3697 997 dimiserunt

2118 1043 2448 1106 fratres,«ttt
2498 1041 2600 1093 iret
2654 1053 2826 1106 usque
2875 1037 2940 1090 ad
2987 1052 3136 1090 mare
3189 1036 3381 1088 :Silas
3432 1045 3607 1087 autem
3639 1043 3698 1086 et

2119 1134 2440 1188 Timotheus
2471 1143 2852 1185 remanserunt
2882 1129 2980 1180 ibi.
3012 1128 3113 1193 Qui
3147 1134 3326 1178 autem
3354 1123 3699 1177 deducebant

2117 1226 2369 1289 Paulum,
2408 1224 2778 1292 perduxerunt
2803 1237 2928 1276 eum
2962 1236 3128 1288 usque
3163 1221 3419 1272 Athenas.
3455 1226 3509 1272 et
3536 1231 3697 1270 acce-

2119 1329 2209 1387 pto
2260 1317 2512 1370 mandato
2557 1314 2626 1368 ab
2671 1328 2740 1367 eo
2787 1314 2853 1366 ad
2889 1312 3054 1366 Silam
3114 1321 3170 1363 et
3215 1309 3583 1370 Timotheum,
3638 1317 3700 1364 ut

2117 1427 2280 1479 quam
2331 1409 2582 1462 celeriter
2637 1408 2884 1460 venirent
2930 1406 2994 1457 ad
3041 1404 3220 1465 illum,
3261 1402 3493 1472 profecti
3544 1409 3693 1454 sunt.

2118 1500 2316 1553 Paulus
2341 1508 2522 1552 autem
2557 1512 2684 1551 curn
2716 1496 2944 1549 Athenis
2972 1510 3067 1548 eos
3096 1502 3460 1562 exspectaret,
3495 1493 3693 1544 incita-

2118 1595 2275 1646 l~atur
2346 1591 2570 1660 spiritus
2631 1589 2749 1660 ejus
2777 1589 2830 1642 i-n
2890 1589 3048 1657 ipso,
3138 1589 3327 1639 videns
3382 1582 3697 1637 idololatriae

2120 1683 2359 1738 deditam
2425 1682 2723 1736 civitatem.
2781 1677 3102 1747 Disputabat
3148 1677 3309 1745 igitur
3346 1676 3396 1727 in
3433 1687 3697 1744 synagoga

2120 1791 2242 1830 cum
2280 1775 2503 1839 Judaeis,
2553 1781 2610 1826 et
2653 1772 2982 1833 colentibus,
3020 1782 3074 1822 et
3126 1769 3180 1821 in
3213 1768 3352 1831 foro,
3383 1782 3481 1836 per
3510 1779 3697 1819 omnes

2121 1868 2259 1932 dies,
2301 1867 2368 1920 ad
2398 1879 2492 1920 eos
2527 1863 2621 1933 qui
2665 1863 2913 1916 aderant.
2956 1860 3184 1927 Quidam
3221 1868 3402 1912 autem
3448 1856 3695 1926 Epicurei

2122 1970 2176 2016 et
2209 1957 2378 2012 Stoici
2417 1944 2689 2026 philosopi
2719 1953 3062 2009 disserebant
3092 1965 3216 2005 cum
3265 1966 3354 2014 eo,
3387 1958 3445 2002 et
3477 1949 3692 2018 quidam

2123 2051 2381 2107 dicebant
2409 2063 2422 2102 :
2459 2047 2598 2114 Quid
2631 2048 2744 2100 vult
2773 2044 3200 2099 seminiverbius
3229 2042 3315 2097 hic
3342 2041 3570 2096 dicere?
3598 2041 3693 2095 Alii

2125 2154 2254 2194 vero
2295 2158 2308 2192 :
2343 2139 2635 2208 1Not'orum
2673 2135 3067 2190 daemoniorum
3102 2134 3319 2188 videtur
3349 2137 3697 2186 annuntiator

2124 2246 2250 2286 esse
2294 2247 2308 2285 :
2343 2231 2472 2300 quia
2505 2229 2712 2294 Jesntn,
2744 2237 2800 2282 et
2841 2226 3303 2282 resurrectionem
3341 2224 3697 2278 annuntiabat

2123 2321 2224 2374 eis.
2254 2321 2319 2374 Et
2345 2320 2745 2389 apprehensum
2775 2331 2902 2371 cum
2931 2315 2998 2368 ad
3027 2318 3369 2384 Areopagum
3403 2314 3694 2380 duxerunt,

2124 2411 2370 2464 dicentes
2408 2426 2421 2462 :
2453 2410 2751 2464 Possumus
2780 2410 2922 2461 scire
2952 2423 3072 2476 qua:
3099 2417 3183 2460 est
3212 2407 3325 2461 haec
3356 2421 3493 2460 nova
3524 2421 3642 2475 qua:
3668 2420 3700 2461 a

2127 2513 2178 2557 te
2236 2502 2456 2566 dicitur,
2508 2499 2809 2555 doctrina?
2859 2514 2999 2552 nova
3033 2500 3182 2552 enim
3221 2498 3469 2566 quiedam
3533 2499 3698 2551 infers

2125 2597 2352 2650 auribus
2381 2595 2598 2648 nostris.
2630 2593 2894 2648 Volumus
2913 2608 3047 2662 ergo
3077 2594 3218 2646 scire
3249 2592 3510 2660 quidnam
3540 2593 3702 2646 velint

2128 2689 2242 2742 hare
2269 2703 2408 2742 esse.
2453 2686 2841 2755 (Athenienses
2889 2695 3072 2739 autem
3121 2699 3334 2748 omnes,
3385 2697 3440 2738 et
3481 2685 3703 2738 advenae

2131 2781 2390 2848 hoSpites,
2425 2780 2492 2833 ad
2543 2779 2680 2834 nihil
2715 2779 2860 2832 aliud
2899 2780 3185 2844 vacabant,
3219 2779 3323 2832 nisi
3372 2787 3466 2832 aut
3496 2780 3701 2845 dicere,

2128 2881 2221 2925 aut
2253 2872 2441 2924 audire
2480 2869 2684 2939 aliquid
2740 2869 2888 2922 novi.
2921 2868 2937 2933 )
2993 2867 3152 2922 Stans
3197 2879 3381 2922 autem
3419 2870 3618 2924 Paulus
3649 2873 3701 2922 in

2130 2962 2310 3016 medio
2345 2964 2628 3030 Areopagi,
2667 2962 2742 3014 ait
2773 2974 2789 3016 :
2829 2960 2934 3013 Viri
2970 2962 3351 3020 Atheuienses,
3383 2977 3479 3030 per
3522 2964 3700 3016 omnia

2131 3052 2281 3119 quasi
2313 3051 2804 3121 superstitiosiores
2837 3064 2930 3104 vos
2963 3051 3139 3104 vdeo.
3172 3051 3501 3104 Praeterieris
3532 3052 3698 3112 enim,

2132 3151 2183 3195 et
2214 3142 2400 3196 videns
2438 3141 2731 3195 simulacra
2767 3154 2968 3204 vestra,
3005 3142 3185 3194 iuveni
3220 3150 3274 3194 et
3303 3157 3477 3205 aram,
3513 3145 3570 3195 in
3599 3160 3702 3212 qua

2131 3237 2396 3302 scriptum
2450 3242 2568 3287 erat
2607 3249 2619 3285 :
2655 3233 2842 3304 Ignoto
2873 3234 3002 3287 Deo.
3048 3234 3202 3297 Quod
3233 3250 3364 3303 ergo
3394 3238 3703 3303 ignorantes

2132 3329 2331 3387 Colitis,
2372 3328 2619 3395 hoc.ego
2664 3328 2935 3380 annuntio
2985 3327 3160 3379 vobis.
3221 3330 3386 3393 Deus,
3435 3328 3532 3396 qui
3581 3329 3703 3383 fecit

2132 3406 2416 3482 mundum,
2451 3429 2505 3471 et
2529 3421 2711 3471 omnia
2737 3433 2858 3486 qua:
2888 3421 2940 3471 in
2971 3432 3035 3472 eo
3066 3429 3215 3481 sunt,
3245 3419 3334 3474 hic
3367 3423 3489 3474 cadi
3519 3429 3575 3474 et
3602 3429 3701 3474 ter-

2134 3527 2204 3564 ras
2237 3527 2358 3564 cum
2409 3512 2480 3565 sit
2520 3512 2804 3578 Dominus,
2850 3528 2958 3566 non
3019 3515 3070 3566 iu
3124 3517 3452 3567 manulactis
3488 3515 3698 3583 templis

2133 3592 2386 3666 habitat,
2446 3617 2546 3656 nec
2600 3603 2856 3657 inanibus
2906 3604 3159 3657 humanis
3206 3605 3409 3658 colitur
3458 3605 3699 3673 indigens

2130 3695 2334 3762 aliquo,
2365 3709 2486 3747 cum
2522 3699 2637 3759 ipse
2667 3695 2757 3748 det
2789 3697 3048 3750 omnibus
3076 3699 3261 3758 vitam,
3297 3709 3352 3751 et
3393 3700 3704 3768 inspiration

2133 3803 2279 3851 item,
2315 3797 2369 3839 et
2401 3788 2582 3840 omnia
2626 3804 2637 3838 :
2684 3788 2920 3856 iecitque
2949 3805 3014 3842 ex
3059 3804 3167 3842 uuo
3202 3806 3364 3844 omne
3395 3806 3564 3860 genus
3603 3793 3703 3844 ho-

2135 3879 2339 3933 minum
2371 3879 2679 3932 inhabitare
2720 3896 2886 3948 super
2937 3883 3245 3935 universam
3295 3884 3482 3938 faciem
3520 3895 3701 3947 terrm,

2132 3974 2402 4028 deliniens
2432 3984 2630 4026 statuta
2665 3981 2933 4042 tempora,
2978 3987 3029 4028 et
3060 3978 3323 4030 terminos
3351 3978 3705 4032 habitationis

2130 4079 2341 4129 eorum,
2376 4080 2619 4132 quterere
2651 4065 2842 4131 Deum,
2877 4068 2921 4120 si
2949 4069 3086 4120 forte
3116 4077 3409 4123 attrectent
3432 4085 3572 4131 eum,
3601 4081 3710 4122 aut

2133 4158 2450 4220 inveniant,
2509 4158 2757 4224 quamvis
2802 4174 2910 4211 non
2958 4159 3115 4228 longe
3160 4160 3230 4214 sit
3258 4161 3328 4213 ab
3377 4177 3708 4230 unoquoque

2133 4263 2404 4304 nostr-um.
2448 4249 2504 4303 in
2556 4253 2671 4318 ipso
2716 4251 2861 4305 enim
2914 4253 3168 4315 vivimus,
3219 4266 3272 4308 et
3305 4270 3596 4311 movemur.
3647 4265 3711 4306 et

2130 4357 2321 4395 sumus
2369 4357 2382 4397 :
2409 4343 2549 4396 sicut
2579 4355 2634 4397 et
2664 4345 2883 4412 quidam
2916 4356 3217 4399 vestrorum
3246 4361 3522 4414 poetarum
3550 4350 3706 4401 dxe-

2068 4441 2104 4490 ὓ
2139 4448 2266 4490 runt
2314 4456 2327 4491 :
2371 4439 2543 4505 lpsins
2589 4440 2734 4491 enim
2781 4449 2835 4491 et
2883 4456 3054 4508 genus
3102 4457 3313 4495 sumus.
3355 4442 3536 4495 Genus
3567 4458 3710 4507 ergo

2135 4545 2258 4581 eum
2306 4530 2479 4582 simus
2532 4529 2646 4591 Dei,
2681 4546 2788 4582 non
2820 4530 3083 4582 debemus
3115 4531 3404 4595 wstimare,
3445 4547 3571 4583 auro
3601 4545 3708 4581 aut

2133 4632 2379 4688 argento,
2419 4629 2514 4672 aut
2549 4619 2737 4688 lapidi,
2772 4620 3066 4687 sculptura:
3102 4623 3235 4673 artis
3261 4631 3316 4674 et
3361 4623 3709 4692 cogitationus

2138 4711 2396 4776 hominis,
2437 4711 2682 4764 divinum
2713 4726 2835 4765 esse
2879 4710 3074 4764 simile.
3113 4710 3181 4764 Et
3213 4721 3456 4781 tempora
3481 4714 3702 4781 quidem

2138 4801 2295 4868 hujus
2333 4803 2650 4870 ignorantia:
2678 4801 2986 4870 despiciens
3021 4801 3183 4864 Deus,
3225 4818 3371 4855 nunc
3419 4804 3706 4856 annuntiat

2135 4892 2467 4956 hominibus,
2514 4901 2570 4944 ut
2607 4907 2799 4946 omnes
2849 4892 3050 4961 ubique
3102 4893 3476 4961 paenitentiam
3516 4903 3704 4959 agant,

2133 5000 2196 5037 eo
2231 4987 2374 5051 quod
2407 4985 2593 5036 statuit
2625 4985 2768 5036 diem
2802 4985 2855 5036 iu
2893 5000 3001 5053 quo
3027 4985 3380 5053 judicaturus
3408 4996 3488 5037 est
3510 4987 3708 5035 ert-cm

2134 5091 2186 5127 tn
2213 5085 2487 5142 aequitate,
2523 5077 2574 5128 in
2621 5080 2758 5139 viro,
2806 5078 2860 5130 in
2888 5093 2995 5146 quo
3024 5082 3235 5141 statuit,
3270 5080 3429 5132 tidem
3459 5075 3710 5146 praeimus

2131 5169 2406 5226 omnibus,
2442 5169 2713 5222 suscitans
2738 5183 2863 5222 eum
2903 5185 2932 5220 a
2969 5171 3222 5222 mortuis.
3265 5168 3399 5223 Cum
3428 5169 3714 5221 audissent

2129 5267 2312 5311 autem
2355 5267 2808 5312 resurrectionem
2840 5268 3197 5322 mortuorum,
3233 5262 3450 5330 quidam
3475 5257 3714 5326 quidem

2133 5349 2453 5416 irridebant,
2482 5350 2701 5419 quidatu
2735 5367 2862 5405 vero
2891 5353 3148 5408 dixerunt
3181 5369 3195 5404 :
3232 5354 3514 5408 Audiemus
3542 5358 3596 5399 te
3629 5347 3718 5400 de

2133 5446 2232 5497 hoc
2275 5445 2494 5496 iterum.
2544 5443 2633 5495 Sic
2687 5442 2886 5496 Paulus
2937 5444 3107 5498 exivit
3145 5445 3214 5498 de
3265 5443 3438 5497 medio
3483 5452 3722 5491 eorum.

2130 5535 2361 5600 Quidam
2395 5550 2522 5588 vero
2560 5536 2656 5586 viri
2703 5536 3044 5588 adluerentes
3079 5537 3152 5596 ei,
3205 5534 3534 5588 crediderunt
3573 5545 3593 5577 :
3655 5530 3731 5579 in

2130 5631 2331 5699 quibus
2375 5640 2427 5683 et
2461 5627 2749 5697 Dionysius
2782 5631 2962 5696 Areup
3001 5630 3130 5699 gita,
3164 5637 3219 5682 et
3262 5627 3446 5681 mulier
3474 5620 3732 5673 nomint

2133 5722 2397 5786 Damaris,
2435 5732 2493 5775 et
2525 5720 2615 5774 alii
2652 5733 2776 5774 cum
2814 5722 2916 5775 eis.
