3880 6168
225 273 326 333 ἷίΐ)

1397 273 1628 334 LIBER
1673 269 1987 331 ACTUUM
2035 268 2288 329 APOST.

3360 273 3465 335 ’ῖῖιο

223 383 388 450 ισιιρ.
427 380 645 451 X\'lli.]
700 383 826 436 Post
859 382 971 436 haec
1000 397 1254 452 egressus
1287 384 1358 435 ait
1389 384 1612 436 Athenis
1643 383 1792 436 venit
1820 405 1868 457 Α
1895 391 1948 434 et
1979 378 2205 432 docebat
2237 378 2528 448 diligenter
2553 393 2612 432 ea
2643 394 2762 447 quae
2790 388 2916 434 sunt
2946 377 3093 442 Jesu,
3132 380 3311 437 sciens
3342 395 3464 436 tan.

211 475 557 536 “Corinthum,
584 487 635 528 et
663 476 944 529 inveniens
972 475 1261 544 quemdam
1293 477 1538 530 Judaeum
1568 475 1788 530 nomine

220 567 487 634 Aquilam,
540 567 826 620 Ponticum
861 583 1080 637 genere,
1136 569 1227 636 qui
1261 583 1434 637 nuper
1470 577 1690 621 venerat
1723 566 1790 620 ab

218 659 388 722 Italia,
436 670 491 715 et
525 661 827 715 Priscillam
867 677 1090 716 uxorem
1126 665 1243 731 ejus
1284 667 1371 732 (eo
1401 663 1543 730 quod
1593 676 1792 731 praece-

219 753 378 821 pisset
411 752 672 807 Claudius
719 754 1004 808 discedere
1033 769 1224 807 omnes
1255 753 1467 808 ludas-ts
1510 771 1538 806 a
1577 754 1793 822 Roma),

215 843 443 897 accessit
488 843 553 897 ad
600 858 714 896 eos.
751 841 814 896 Et
836 845 964 910 quia
995 843 1237 911 ejusdem
1271 855 1389 896 erat
1419 844 1574 905 artis,
1607 859 1793 896 mane-

219 935 304 987 bat
326 933 467 1003 apud
496 950 609 998 eos,
637 945 691 988 et
715 939 1046 1003 operabatur
1068 936 1246 1003 (erant
1264 946 1443 988 autem
1463 933 1800 988 scenot‘arto-

219 1026 304 1078 ria:
355 1026 550 1092 artis).
597 1025 662 1078 Et
714 1024 1026 1091 disputabat
1070 1027 1122 1078 in
1176 1041 1446 1096 synagoga
1496 1041 1590 1093 per
1635 1040 1798 1079 onme

216 1115 538 1179 Sabbatnm,
574 1118 928 1183 interponens
960 1131 1156 1170 nomen
1188 1115 1397 1170 Domini
1423 1119 1574 1177 Jcsu,
1603 1117 1800 1171 suade-

221 1206 419 1273 batque
445 1207 670 1267 Judaeis,
701 1219 754 1261 et
779 1207 1000 1262 (Ξῖ-λεώς.
1039 1207 1174 1262 Cum
1208 1208 1487 1261 venissent
1515 1217 1697 1261 autem
1734 1209 1798 1261 de

221 1297 535 1351 Macedonia
573 1298 713 1352 Silas
745 1309 795 1350 et
825 1296 1166 1362 Timotheus,
1193 1298 1431 1354 instabat
1463 1301 1626 1353 verbo
1659 1300 1800 1354 Pau-

221 1391 319 1455 lus,
361 1390 657 1444 testiticans
690 1389 892 1444 Judaeis
921 1405 1045 1445 esse
1079 1391 1356 1445 Cltristum
1393 1392 1604 1445 Jcsntu.
1647 1391 1797 1445 Con-

220 1476 619 1538 tradicentibus
651 1497 832 1538 autem
865 1485 964 1547 eis,
995 1495 1050 1539 et
1081 1483 1606 1553 blasphemantihus,
1637 1499 1802 1538 excu-

219 1575 357 1628 tiens
393 1575 713 1628 vestimenta
739 1589 860 1635 sua.
896 1575 1034 1628 dixit
1060 1575 1127 1628 ad
1168 1589 1264 1630 eos
1306 1593 1318 1627 :
1355 1575 1588 1644 Sanguis
1623 1584 1803 1629 vester

215 1683 379 1734 super
402 1676 570 1736 caput
601 1678 845 1720 vestrum
884 1682 898 1720 :
933 1667 1171 1722 mundus
1201 1683 1324 1738 ego,
1353 1685 1418 1723 ex
1451 1670 1553 1723 hoc
1584 1670 1647 1722 ad
1676 1685 1803 1738 gen-

1897 480 2008 522 tum
2045 469 2306 536 baptisma
2342 471 2584 525 Joannis.
2638 472 2734 526 llic
2781 486 2909 540 ergo
2941 474 3104 542 erepit
3137 474 3464 530 liduciaiiter

1898 575 2056 630 agere
2089 562 2140 614 in
2173 576 2463 631 synagoga.
2492 563 2661 628 Quem
2694 579 2817 617 cum
2859 563 3104 617 audisset
3137 563 3379 618 Priscilla
3406 575 3463 619 et

1897 655 2111 723 Aquila,
2145 662 2557 722 assumpserunt
2587 669 2734 715 eum,
2769 663 2818 706 et
2851 655 3161 723 diligentius
3189 672 3458 724 exposue-

1901 758 2029 800 runt
2056 746 2104 799 ei
2131 748 2272 799 viam
2295 747 2529 799 Domini.
2554 749 2685 801 Cum
2707 757 2885 803 autem
2905 749 3064 804 vellet
3085 751 3162 804 ire
3185 751 3453 805 Achaiam

1899 840 2170 894 exhortati
2208 839 2421 900 fratres.
2468 840 2803 908 scripserunt
2841 841 3142 909 discipulis,
3192 852 3248 896 ut
3297 846 3471 898 susci-

1902 940 2090 1000 perent
2136 945 2282 986 cum.
2333 932 2433 996 Qui
2483 947 2606 984 cum
2643 933 2908 996 venisset,
2958 936 3190 990 con-tulit
3237 936 3468 991 multum

1902 1023 2008 1086 bis,
2056 1023 2150 1092 qui
2201 1024 2571 1077 crediderant.
2633 1022 3000 1078 Vehementer
3047 1029 3192 1079 enim
3251 1028 3470 1084 Judaeos

1902 1114 2217 1169 revincebat
2246 1115 2483 1184 publice,
2528 1113 2823 1168 ostendens
2857 1131 2952 1184 per
2989 1117 3319 1186 Scripturas,
3348 1134 3473 1174 esse

1901 1207 2178 1261 Christum
2205 1207 2410 1262 Jesum.

1975 1298 2129 1370 [ϐαρ.
2162 1297 2330 1369 XIX.]
2359 1297 2579 1353 Factum
2606 1309 2690 1354 est
2713 1309 2918 1367 autem,
2949 1317 3073 1354 cum
3101 1302 3294 1371 Apollo
3322 1311 3471 1357 esset

1901 1384 2170 1448 Corinthi,
2203 1393 2257 1438 ut
2297 1385 2516 1449 Paulus,
2549 1390 2846 1457 peragratis
2881 1391 3254 1457 superioribus
3297 1393 3472 1459 parti-

1904 1473 2030 1538 bus,
2084 1474 2294 1528 veniret
2350 1474 2653 1543 Ephesum,
2705 1485 2760 1530 et
2798 1478 3069 1533 inveniret
3101 1481 3363 1549 quosdam
3397 1483 3474 1537 di-

1905 1566 2146 1634 scipulos
2168 1606 2181 1630 ,
2212 1566 2456 1634 dixitque
2483 1568 2547 1621 ad
2579 1583 2676 1622 eos
2703 1586 2716 1624 :
2743 1570 2799 1623 Si
2833 1570 3094 1637 Spiritum
3114 1583 3474 1629 sanctumac-

1907 1657 2134 1727 cepistis
2167 1658 2492 1712 credentes?
2533 1660 2601 1713 At
2647 1660 2722 1714 illi
2765 1660 3020 1717 dixerunt
3061 1663 3128 1718 ad
3161 1680 3324 1721 eum:
3364 1666 3472 1721 Sed

219 1768 297 1814 tes
332 1759 550 1812 vadum.
592 1759 659 1813 Et
710 1762 949 1829 migrans
995 1759 1145 1825 inde,
1195 1761 1424 1814 intravit
1472 1761 1527 1814 in
1574 1760 1796 1814 domum
1835 1754 1877 1808 Β
1907 1764 2106 1819 neque.
2166 1751 2212 1804 Si
2264 1750 2501 1819 δρίτῑιυς
2561 1763 2782 1808 εθηοιυε
2841 1765 2944 1822 es"
2990 1757 3318 1814 αυιιίνῖηηιεο
3375 1759 3476 1814 me

217 1853 528 1921 cujusdam,
563 1857 787 1908 nomine
827 1851 1110 1922 Titijusti,
1142 1852 1375 1907 colentis
1413 1851 1606 1916 Deum,
1641 1853 1800 1921 cujus

221 1950 414 2001 domus
463 1956 582 1997 erat
625 1945 918 2011 conjuncta
964 1959 1288 2014 synagogm.
1337 1943 1568 2014 Crispus
1617 1952 1797 1999 autem

215 2038 678 2108 arcbisynagogus
732 2035 966 2089 credidit
1001 2035 1228 2089 Domino
1275 2049 1400 2089 cum
1449 2037 1596 2090 omni
1633 2035 1798 2091 domo

220 2145 354 2186 sua:
397 2140 452 2184 et
501 2128 654 2182 tnulti
696 2127 1108 2181 Corinthiorum
1171 2130 1456 2184 audientes
1486 2129 1800 2184 'credebant

1907 1859 2039 1898 vero
2090 1843 2202 1897 ait:
2263 1843 2321 1898 In
2366 1861 2476 1914 quo
2508 1862 2637 1917 ergo
2668 1848 2932 1917 haptizati
2973 1849 3148 1906 estis?
3179 1851 3280 1918 Qui
3316 1855 3474 1908 dixe-

1907 1942 2033 1988 runt
2060 1952 2073 1988 :
2097 1934 2158 1989 In
2195 1934 2422 1990 Joannis
2463 1936 2809 2006 baptismate.
2844 1939 2988 1992 Dixit
3022 1949 3203 1994 autem
3234 1942 3472 2002 Paulus:

1903 2023 2146 2078 Joannes
2192 2026 2488 2108 baptizavit
2523 2026 2793 2098 baptismo
2825 2032 3155 2096 poenitentiae
3189 2035 3470 2104 populum,

1908 2118 2132 2172 dicens:
2169 2119 2222 2172 ln
2253 2134 2400 2185 eum,
2431 2120 2520 2188 qui
2560 2130 2822 2177 venturus
2849 2135 2994 2178 esset
3022 2136 3146 2195 post
3180 2128 3382 2196 ipsum,
3416 2140 3476 2183 ut

1906 2210 2221 2276 crederent,
2251 2211 2354 2265 hoc
2391 2221 2498 2274 est,
2529 2211 2582 2265 in
2596 2213 2803 2268 Jesnm.
2835 2213 2930 2270 llis
2958 2217 3178 2282 auditis,
3211 2219 3471 2287 baptizati

1905 2311 2038 2356 sunt
2057 2303 2109 2355 in
2135 2302 2353 2358 nomine
2381 2304 2590 2358 Domini
2607 2304 2756 2361 Jesu.
2780 2306 2976 2361 Etcum
2999 2309 3346 2378 imposuisset
3368 2314 3474 2370 illis

1916 2407 2113 2446 manus
2144 2394 2366 2456 Paulus,
2392 2395 2538 2449 vrnit
2561 2395 2796 2466 Spiritus
2812 2411 3036 2455 sanctus
3061 2416 3229 2470 super
3265 2419 3382 2468 eos,
3416 2418 3473 2460 ct

1909 2483 2274 2552 loquebantur
2299 2485 2522 2556 linguis,
2560 2497 2615 2542 et
2639 2490 3053 2558 propltetabant.
3085 2493 3258 2548 Erant
3289 2507 3469 2550 autem

1906 2591 2099 2631 omnes
2125 2578 2224 2631 viri
2251 2579 2362 2632 fere
2392 2581 2705 2636 duodecim.
2736 2583 3112 2652 lntrogressus
3143 2597 3323 2642 autem
3385 2606 3476 2661 sy—

1908 2684 2194 2738 nagogatn,
2225 2687 2353 2725 cum
2387 2673 2584 2726 ﬁducia
2614 2673 2941 2740 loquebatur
2969 2694 3066 2745 per
3088 2688 3208 2734 tres
3233 2697 3473 2748 menses,

1907 2762 2192 2830 disputans
2221 2773 2278 2817 et
2317 2764 2558 2818 suadens
2605 2765 2676 2820 de
2743 2781 2912 2836 regno
2946 2768 3064 2822 Dei.
3121 2771 3256 2825 Cum
3288 2785 3472 2829 autem

1909 2855 2128 2922 quidam
2184 2855 2589 2919 indurarentur,
2650 2867 2845 2912 etnon
2903 2860 3212 2924 crederent,
3252 2866 3474 2920 maledi-

209 2227 268 2272 et
304 2219 759 2288 baptizabantur.
798 2219 944 2272 Dixit
975 2226 1159 2272 autem
1214 2219 1473 2275 Dominus
1506 2229 1666 2276 nocte
1698 2236 1800 2290 per

217 2310 488 2364 visionem
530 2309 698 2363 Paulo
738 2327 749 2361 :
783 2308 904 2362 Noli
960 2310 1170 2374 timere,
1215 2310 1307 2364 sed
1338 2312 1586 2381 loquere,
1629 2324 1685 2367 et
1733 2329 1799 2368 ne

215 2412 392 2457 taceas
427 2418 447 2457 :
499 2410 718 2471 propter
752 2402 899 2468 quod
939 2416 1040 2471 ego
1074 2417 1193 2456 sum
1243 2411 1420 2457 tecum
1469 2416 1486 2458 :
1540 2413 1595 2458 et
1637 2420 1799 2459 nemo

208 2503 524 2562 apponetur
552 2493 669 2558 tibi,
701 2504 758 2546 ut
787 2504 981 2547 noceat
1028 2503 1080 2547 te
1125 2511 1140 2550 :
1169 2495 1425 2564 quoniam
1459 2497 1686 2563 populus
1716 2505 1798 2551 est

214 2587 345 2642 mihi
375 2586 588 2641 multus
613 2587 668 2642 in
693 2587 797 2641 hac
824 2589 1063 2642 civitate.
1094 2585 1249 2641 Sedit
1281 2599 1466 2642 autem
1495 2590 1565 2643 ibi
1591 2605 1796 2644 annum

207 2686 264 2732 et
292 2693 388 2734 sex
428 2693 665 2742 menses,
697 2677 903 2732 docens
935 2678 1075 2746 apud
1107 2692 1204 2734 eos
1240 2679 1464 2732 verbum
1519 2679 1634 2735 Dei.
1669 2663 1810 2736 Gal?

206 2772 355 2827 tione
391 2780 581 2826 autem
617 2771 944 2839 proconsule
973 2771 1214 2836 Achaiae,
1252 2774 1662 2827 insurrexerunt
1689 2790 1799 2830 uno

206 2864 395 2918 animo
462 2860 633 2917 Judaei
673 2862 724 2919 in
779 2863 1025 2921 Paulum.
1066 2872 1120 2917 et
1156 2864 1500 2918 adduxerunt
1555 2880 1679 2920 eum
1731 2868 1796 2921 ad

204 2955 483 3020 tribunal,
526 2955 768 3022 dicentes
803 2971 818 3009 :
851 2957 984 3020 Quia
1025 2965 1214 3009 contra
1249 2957 1420 3025 legem
1453 2957 1542 3011 hic
1576 2973 1799 3025 ρει-ευει-
1909 2954 2098 2999 centes
2130 2947 2276 2998 viam
2315 2947 2526 3000 Domini
2558 2963 2743 3002 coram
2777 2951 3146 3019 multitudine,
3183 2954 3472 3011 discedens

207 3050 296 3104 det
325 3048 652 3102 hominibus
678 3047 856 3100 coiere
883 3046 1070 3100 Deum.
1097 3045 1392 3115 Incipiente
1418 3056 1599 3100 autem
1628 3047 1798 3102 Paulo

1910 3037 1978 3090 ab
2031 3038 2134 3101 eis,
2175 3040 2482 3106 segregavit
2537 3041 2859 3108 discipulos,
2895 3044 3139 3111 quoxidie
3183 3045 3471 3116 disputans

205 3144 432 3210 aperire
457 3157 548 3204 οε,
579 3139 714 3194 dixit
739 3138 915 3194 Canio
945 3139 1012 3192 ad
1040 3140 1292 3194 ,ιυιιεεοες
1323 3139 1375 3194 Si
1410 3140 1628 3210 quidem
1656 3151 1802 3196 esse;
1828 3119 1873 3169 Ο
1909 3133 1959 3183 in
1996 3130 2185 3183 schola
2220 3131 2430 3200 tyranni
2470 3133 2771 3201 cujusdam.
2807 3133 2919 3189 lloc
2948 3149 3130 3190 autem
3164 3141 3363 3194 laetum
3388 3155 3473 3197 est

206 3234 470 3302 iniquum
497 3232 720 3300 aliquid,
754 3242 846 3284 aut
878 3230 1090 3284 lat-inus
1130 3233 1452 3299 pessimum,
1500 3246 1532 3284 o
1565 3235 1665 3286 viri
1700 3231 1798 3286 Jtt-

1907 3234 1999 3286 per
2022 3218 2324 3286 biennium,
2351 3222 2421 3274 ita
2459 3231 2517 3274 ut
2544 3237 2757 3290 omnes,
2781 3226 2872 3292 qui
2897 3225 3213 3282 habitabant
3244 3230 3296 3282 itt
3320 3234 3469 3295 Asia,

205 3325 327 3388 dmi,
355 3335 515 3378 recte
551 3339 643 3375 vos
673 3323 1024 3376 sustinerem.
1062 3323 1116 3376 Si
1150 3336 1277 3376 tero
1309 3324 1642 3391 quaestiones
1675 3334 1798 3376 sunt

1907 3313 2163 3366 audirent
2221 3316 2447 3368 verbum
2513 3316 2750 3381 Domini,
2793 3318 2968 3372 Judtei
3015 3329 3178 3387 atque
3213 3325 3468 3392 gentiles.

202 3416 272 3468 de
313 3418 520 3476 verbo,
553 3423 610 3466 et
642 3414 978 3478 nominibus,
1034 3422 1091 3468 et
1135 3413 1252 3483 lege
1307 3425 1505 3481 vestra,
1557 3431 1648 3470 vos
1698 3418 1798 3485 ipsi
1909 3405 2253 3474 νίτιυιεείιιιθ
2293 3421 2402 3460 ηοη
2433 3407 2709 3474 qualibet
2743 3410 2976 3466 faelem"
3036 3413 3176 3468 Deus
3222 3431 3321 3483 Per
3354 3433 3472 3471 Μ’

207 3505 492 3559 videritis.
528 3504 701 3558 Judex
731 3520 832 3573 ego
870 3504 1062 3557 horum
1099 3505 1224 3558 nolo
1275 3519 1418 3559 esse.
1471 3506 1534 3559 Et
1572 3507 1802 3561 minav:t
1905 3512 2031 3550 "um
2065 3499 2212 3550 mu“
2241 3514 2255 3552 ἒ
2282 3500 2354 3551 ila
2389 3509 2444 3551 υι
2476 3499 2637 3552 etiam
2675 3516 2844 3570 ευμεν
2882 3503 3170 3570 languidos
3190 3507 3473 3562 deferren-

195 3613 301 3653 eos
338 3615 369 3651 a
402 3597 694 3651 tribunali.
730 3590 1217 3666 Apprehendentes
1241 3608 1420 3650 autem
1452 3613 1643 3652 omnes
1675 3598 1802 3652 Sos-
1906 3601 1994 3644 ιω·
2033 3607 2060 3642 3
2090 3605 2317 3659 οοτροτε
2346 3591 2460 3659 eius
2485 3591 2723 3655 SUdaI‘iﬂ.
2757 3601 2812 3645 οι
2846 3595 3208 3660 δεῐηῖυὶηειίει,
3244 3607 3297 3651 et
3327 3615 3473 3654 rece-

205 3690 439 3742 tbeneut
496 3690 797 3756 principem
853 3703 1139 3756 synagogas
1172 3729 1186 3752 ,
1239 3689 1624 3756 percutiebant
1677 3707 1800 3744 eunt
1904 3683 2107 3737 debant
2132 3683 2199 3736 ab
2233 3683 2309 3735 eis
2337 3670 2650 3750 languores,
2686 3691 2741 3736 et
2770 3684 2994 3751 spiritus
3043 3702 3278 3756 nequam
3319 3705 3474 3760 egre-

200 3797 335 3838 ante
368 3781 616 3836 tnbunal
658 3797 670 3832 :
719 3791 773 3833 et
814 3781 950 3834 nihil
988 3796 1178 3835 comm
1217 3781 1449 3835 Gallioni
1487 3799 1631 3836 cura:
1659 3792 1800 3837 erat.
1904 3776 2212 3829 diebantur.
2239 3773 2808 3827 Tentaveruntautcm
2837 3776 3055 3844 quidam
3076 3780 3213 3832 etde
3234 3782 3474 3835 circum-
3529 3761 3535 3770 ’

205 3875 423 3928 Paulus
456 3890 590 3927 vero
639 3889 764 3926 cum
801 3877 976 3927 adhuc
1009 3874 1363 3927 sustinuisset
1414 3875 1531 3927 dies
1579 3877 1800 3939 multos,

195 3965 490 4018 fratribus
525 3964 873 4029 valefacicns,
906 3966 1177 4032 navigavit
1212 3965 1266 4017 in
1296 3965 1529 4034 Syriam,
1567 3969 1637 4036 (et
1676 3982 1799 4018 cum

193 4073 269 4110 eo
305 4056 594 4120 Priscilla,
649 4067 704 4108 et
741 4056 956 4124 Aquila)
990 4057 1080 4123 qui
1116 4056 1214 4110 sibi
1245 4057 1553 4111 tetenderat
1582 4059 1634 4110 in
1663 4059 1803 4112 Cen-

201 4150 364 4204 chris
421 4157 590 4218 caput
636 4163 652 4202 :
708 4149 943 4201 habebat
984 4148 1129 4201 enim
1184 4156 1410 4202 votum.
1467 4149 1804 4217 Devenitque

205 4241 530 4310 Ephesum,
573 4251 631 4293 et
677 4239 798 4293 illos
822 4239 898 4293 ibt
944 4239 1184 4309 reliquit.
1222 4242 1335 4308 ipse
1370 4243 1803 4310 veroiugressus
1907 4236 2254 4292 sacerdotum
2308 4242 2514 4298 septem
2559 4230 2676 4295 lilii,
2734 4238 2825 4304 qui
2883 4238 2984 4292 hoc
3028 4240 3320 4297 faciebant.
3374 4246 3477 4301 lte-

197 4348 558 4402 synagngam
587 4373 602 4395 ,
655 4331 974 4399 disputabat
1020 4346 1143 4383 cum
1194 4329 1419 4386 Juda-is.
1471 4332 1804 4400 litigantibus
1907 4331 2180 4400 spondeus
2215 4343 2396 4388 autem
2425 4336 2921 4405 spiritnsncqumn,
2953 4336 3091 4389 dixit
3137 4338 3216 4390 eis
3247 4337 3472 4394 :Jesum

196 4433 402 4476 autem
437 4423 544 4484 eis,
578 4432 637 4472 ut
671 4419 922 4487 ampliori
953 4431 1193 4487 tempore
1224 4430 1492 4482 maneret,
1531 4435 1635 4472 non
1667 4436 1801 4472 con-
1840 4447 1885 4504 D
1913 4424 2056 4486 novi,
2089 4433 2144 4478 et
2171 4424 2395 4478 Paulum
2421 4428 2534 4479 Srio
2562 4448 2573 4480 :
2604 4443 2696 4481 vos
2735 4439 2914 4481 autem
2950 4431 3040 4495 qui
3080 4429 3262 4481 estis?
3307 4429 3368 4484 Et
3392 4431 3476 4484 in.

195 4516 410 4575 sensit.
461 4514 555 4568 sed
590 4516 935 4578 valcl'acicns,
969 4523 1023 4566 et
1053 4514 1240 4566 dicens
1272 4531 1286 4564 ;
1333 4513 1530 4566 lterum
1564 4523 1740 4565 revert
1763 4528 1806 4565 .r
1909 4516 2098 4570 sitiens
2129 4518 2183 4570 itt
2215 4533 2310 4570 eos
2333 4522 2516 4577 homo,
2553 4519 2604 4571 in
2640 4534 2747 4587 quo
2771 4530 2888 4572 erat
2941 4519 3270 4574 dzemnnium
3304 4524 3476 4591 pessi-

192 4611 262 4664 ad
303 4625 442 4670 vos,
486 4609 595 4662 Deo
629 4608 866 4673 volente,
897 4609 1172 4676 protectus
1216 4617 1300 4659 est
1347 4608 1414 4659 ab
1455 4607 1689 4674 Epheso.
1745 4607 1807 4659 Et
1910 4622 2083 4670 mum,
2119 4617 2174 4660 et
2203 4609 2516 4662 dominatus
2547 4613 2858 4675 amborum,
2886 4611 3117 4665 invaluit
3143 4626 3331 4668 centra
3360 4629 3476 4678 ens,

193 4706 568 4759 descendens
599 4705 923 4768 Caesaream,
956 4704 1220 4763 ascendit,
1255 4713 1309 4756 et
1338 4703 1591 4756 salutavit
1618 4703 1806 4756 Eccle-
1909 4700 1982 4753 ita
2016 4709 2084 4753 ut
2112 4701 2264 4763 nudi,
2311 4712 2366 4754 et
2409 4703 2673 4756 vulnerati
2709 4703 3006 4769 eliugercnt
3048 4705 3115 4758 de
3173 4707 3332 4759 domo
3364 4709 3474 4762 illa.

192 4801 373 4858 siam,
409 4797 780 4850 etdescendit
811 4795 1176 4849 Antiochiam.
1206 4794 1431 4847 Etlacto
1456 4795 1528 4846 ibi
1558 4794 1803 4862 aliquan-
1910 4791 2022 4846 lloc
2061 4801 2243 4846 autem
2309 4805 2496 4846 nolunt
2554 4795 2756 4849 factum
2793 4804 2876 4849 est
2935 4798 3192 4852 omnibus
3241 4800 3464 4866 Judscis,

193 4898 252 4942 to
291 4899 566 4954 tempore
608 4887 884 4954 profectus
922 4893 1023 4947 cst,
1071 4884 1456 4952 perambulatis
1497 4898 1563 4936 ex
1611 4884 1804 4936 ordine
1908 4893 2072 4948 atque
2112 4881 2428 4951 gentilibus,
2479 4884 2569 4951 qui
2601 4883 2918 4940 habitabant
2951 4885 3187 4956 Ephesi:
3217 4898 3272 4943 et
3328 4894 3470 4944 ceci-

188 4981 532 5035 Galaticam
569 4979 872 5046 regionem,
908 4988 962 5031 et
991 4978 1304 5045 Phrygiam,
1334 4976 1664 5029 conlirtnans
1687 4991 1804 5027 om-
1908 4972 1990 5024 dit
2045 4973 2208 5025 timor
2266 4988 2431 5042 super
2487 4990 2681 5027 omnes
2745 4977 2890 5040 illos,
2917 4991 2972 5032 et
3023 4980 3473 5049 ntagniﬁcaltatur

187 5085 296 5123 nes
357 5068 682 5137 discipulos
714 5107 727 5119 .
789 5066 1010 5121 Judwus
1059 5076 1238 5119 autem
1293 5067 1558 5135 quidam,
1617 5065 1806 5135 Apollo
1909 5079 2108 5117 nomen
2144 5065 2357 5118 Domini
2391 5063 2542 5118 Jesn.
2577 5069 2846 5136 Multique
2872 5071 3218 5125 credentium
3283 5076 3470 5126 venie-

186 5166 471 5221 nomine,
509 5159 908 5212 Alexandrinus
947 5173 1170 5227 genere,
1199 5158 1284 5211 vir
1316 5159 1598 5225 eloquens,
1637 5157 1804 5210 deve-
1909 5159 2058 5223 haut,
2115 5159 2472 5221 confitentes,
2535 5171 2590 5214 ct
2655 5163 3046 5219 annnntiantes
3103 5175 3256 5218 actus
3317 5180 3468 5219 suos.

187 5257 280 5309 uit
320 5253 649 5320 Ephesum,
681 5262 876 5320 potens
909 5252 962 5304 in
996 5249 1319 5318 Scripturis.
1378 5249 1478 5304 Hic
1510 5261 1627 5303 erat
1668 5249 1804 5302 .edo-
1907 5247 2056 5302 Multi
2095 5249 2109 5280 ¹
2149 5258 2331 5302 autem
2378 5267 2442 5302 ex
2471 5251 2570 5315 eis,
2602 5253 2694 5319 qui
2728 5254 2944 5308 fuerant
2996 5257 3208 5308 curiosa
3256 5256 3468 5318 sectati,

186 5359 326 5402 ctus
375 5348 540 5400 viam
587 5343 828 5405 Domini,
887 5342 1180 5398 etl'ervens
1211 5343 1410 5410 spiritu
1454 5341 1799 5409 loquebatur,
1908 5341 2263 5397 contulerunt
2317 5342 2508 5409 libros,
2537 5353 2592 5399 et
2623 5348 3046 5403 combusserunt
3077 5362 3255 5401 coram
3290 5350 3474 5399 enmi-

1904 3959 1993 4028 qui
2039 3959 2308 4012 habebant
2348 3957 2572 4024 spiritus
2599 3959 2768 4011 malos
2791 3999 2804 4021 ,
2841 3974 3038 4014 nomen
3072 3962 3282 4017 Domini
3319 3965 3473 4028 Jcsu,

1904 4050 2149 4102 dicentes
2173 4064 2186 4100 :
2216 4048 2420 4117 Adjnro
2454 4063 2543 4101 vos
2571 4064 2664 4115 per
2690 4049 2899 4113 Jesmn,
2932 4068 3093 4119 quem
3119 4053 3317 4110 Paulus
3341 4074 3476 4126 prte-

1906 4142 2073 4196 dicat.
2111 4142 2278 4192 Erant
2301 4149 2482 4192 autem
2515 4141 2736 4207 quidant
2769 4142 2943 4198 Judaei
2971 4146 3155 4202 Saeva:
3211 4151 3475 4221 principis

265 5509 285 5540 ³
321 5505 588 5573 PrOpius
623 5503 688 5556 ad
715 5502 960 5559 Caecum
995 5503 1348 5573 S.lnterpres_
1372 5501 1424 5552 in
1463 5500 1617 5573 Prtef.
1643 5499 1803 5554 Com-

186 5592 378 5633 ment.
423 5571 487 5626 tit
528 5575 702 5642 Epist.
743 5575 808 5626 ad
845 5579 1042 5642 lehes.
1076 5575 1208 5641 legit
1273 5591 1286 5626 :
1321 5571 1552 5622 Plurimi
1599 5587 1802 5639 quoque

186 5664 419 5709 eorum,
462 5647 563 5711 qui
607 5646 812 5696 curiam
845 5653 1140 5714 gesserant,
1188 5649 1574 5709 comportant“
1619 5643 1799 5704 libros,

188 5723 633 5775 “abnuerunt
662 5728 840 5766 coram
863 5715 1123 5780 euntibus,
1145 5723 1194 5768 et
1223 5719 1658 5781 computat-erunt
1686 5727 1802 5765 vr:-

1909 5504 2037 5575 tium
2057 5517 2260 5566 eorum,
2281 5513 2325 5555 et
2347 5503 3259 5575 int'cueruntargentiquinquaginta
3279 5509 3474 5573 millia,

1907 5574 1994 5696 ῗὶε
2019 5583 2256 5642 potenter
2301 5573 2509 5628 verbum
2541 5573 2747 5628 Domini
2778 5573 3062 5645 crescebat,
3105 5573 3154 5630 ἐι
3202 5581 3478 5648 conforta-

1941 5654 2085 5699 atur.
2111 5658 2220 5699 etc.

2070 5682 2085 5710 ρ
2111 5682 2220 5699 νιν.

1904 3869 2164 3923 euntibus
2219 3867 2426 3922 Judaeis
2462 3869 2777 3932 exorcistis,
2843 3873 3102 3926 invocare
3155 3889 3320 3943 super
3355 3893 3474 3938 eos.
3559 3875 3578 3882 ”
