3880 6168
420 319 516 383 751

1325 308 1387 369 S.
1427 299 1866 366 IllERONYMI
1909 296 2176 363 DlYlNA
2218 282 2746 354 BIBLIOTHECA.

3571 267 3667 333 752

424 441 566 494 bus:
608 441 661 488 ct
687 424 1019 499 computatis
1050 420 1240 492 pretiis
1272 414 1865 475 illorum,invcnerunt
1902 422 1994 478 pc-
2025 415 2067 467 A
2097 406 2308 460 vocalis
2358 402 2559 458 Ρεδυιιιε
2600 392 2906 464 ἀίεείῐτυίίεο
2957 397 3011 446 εί
3046 385 3366 444 “bona”
3409 394 3528 445 θ⁰³ν
3576 393 3668 434 Ὕ³’

2560 492 2578 499 -
2831 494 2843 499 -
2962 492 2975 499 -
3039 482 3050 494 ⁸
3095 488 3137 499 Α.
3176 479 3227 499 2..
3270 475 3417 499 Il---
3444 473 3643 499 ΙΛ-ιιῖιιηπι

420 530 640 586 cuniam
712 521 1062 577 denariorum
1132 511 1529 581 quinquaginta
1584 503 1839 557 millium.
1916 500 1991 553 Ita

421 624 640 679 fortiter
672 611 952 671 crescebat
988 606 1214 661 verbum
1266 601 1385 663 Dei,
1439 608 1494 654 et
1536 593 1992 651 confirmabatur.

422 717 519 772 llis
579 720 761 767 autem
798 701 1048 773 expletis,
1080 695 1367 767 prepositit
1422 692 1627 747 Paulus
1670 690 1724 743 in
1760 685 1990 754 Spiritu,

424 805 653 861 transita
700 793 1014 852 Macedonia
1048 798 1102 844 et
1157 787 1382 848 Achaia,
1419 786 1499 841 ire
1537 780 1993 849 Hierosolymam,

423 900 612 954 dicens
646 909 661 949 :
701 887 973 956 Quoniam
1000 893 1288 955 postquam
1333 878 1490 933 fuero
1526 875 1622 941 ibi,
1652 880 1871 943 oportet
1914 882 1998 922 me

422 994 729 1049 etRomam
792 984 999 1039 videre.
1036 978 1257 1032 Mittens
1307 983 1492 1029 autem
1527 972 1582 1025 in
1626 950 1997 1024 Macedoniam

426 1091 564 1141 duos
621 1098 683 1137 ex
722 1060 1166 1133 ministrantibus
1209 1068 1338 1130 sibi,
1382 1064 1732 1118 Timotheum
1784 1066 1839 1111 et
1876 1056 2003 1107 Era-

430 1192 597 1240 stum,
640 1176 757 1244 ipse
788 1166 1052 1224 remansit
1105 1162 1171 1216 ad
1208 1173 1425 1227 tempus
1461 1156 1516 1208 in
1552 1154 1697 1206 Asia.
1730 1150 1889 1204 Facta
1918 1155 2005 1199 est

431 1283 613 1328 autem
656 1269 749 1321 illo
803 1275 1049 1328 tempore
1092 1253 1327 1310 turbatio
1382 1265 1492 1304 non
1536 1248 1761 1300 minima
1810 1241 1879 1295 dt:
1924 1242 2002 1293 via

430 1363 666 1421 Domini.
710 1356 1017 1413 Demetrius
1038 1338 1183 1405 enim
1220 1345 1440 1415 quidam
1481 1339 1723 1397 nomine,
1754 1343 2008 1402 argenta-

434 1463 570 1521 rius,
603 1455 812 1510 faciens
843 1447 989 1503 aedes
1018 1451 1307 1511 argenteas
1327 1438 1533 1498 Dianae,
1556 1429 1846 1502 praestabat
1874 1427 2008 1479 arti-

434 1552 625 1607 ficibus
660 1561 767 1599 non
804 1539 1082 1596 modicum
1124 1544 1433 1603 quaestum:
1486 1541 1623 1595 quos
1675 1534 2007 1581 convocans,

432 1657 487 1702 et
513 1658 607 1697 eos
622 1638 713 1710 qui
745 1630 1057 1705 huiusmodi
1088 1622 1515 1693 erantopilices,
1541 1616 1716 1671 dixit:
1746 1614 1883 1675 Viri,
1903 1628 1945 1665 ει
1964 1610 2011 1663 i-

434 1740 505 1791 tis
542 1738 665 1805 quia
717 1730 785 1784 de
820 1730 919 1781 hoc
961 1721 1198 1778 artiﬁcio
1240 1726 1323 1771 est
1353 1712 1512 1767 nobis
1556 1704 1890 1777 acquisitio:
1958 1710 2009 1754 et

2106 499 2317 561 ledixit,
2360 506 2415 551 et
2446 492 2731 565 profectus
2765 494 2871 548 est,
2921 492 2981 538 ut
3038 482 3142 536 iret
3176 479 3232 531 in
3269 473 3668 530 Macedoniam.

2102 590 2240 646 Cum
2276 564 2463 642 autem
2488 579 2921 656 perambulasset
2947 580 3131 645 partes
3164 570 3304 630 illas,
3333 575 3386 620 et
3419 564 3675 618 exhorta-

2107 694 2195 741 tus
2223 696 2319 738 eos
2347 680 2539 736 fuisset
2570 675 2739 729 multo
2774 682 3045 728 sermone,
3083 663 3232 719 venit
3276 660 3344 715 ad
3369 652 3673 714 Greciam:

2109 778 2200 832 ubi
2230 792 2353 829 cum
2391 773 2609 827 fecisset
2642 780 2857 821 menses
2892 771 3023 823 tres,
3056 758 3213 812 facta!
3244 761 3376 809 sunt
3427 751 3506 804 illi
3544 748 3678 803 insi-

2107 872 2212 926 diae
2253 885 2281 922 ι
2310 865 2527 935 Judaeis
2573 862 2898 925 navigaturo
2956 852 3010 907 in
3067 849 3321 920 Syriam:
3389 841 3678 909 habuitque

2109 962 2420 1022 consilium,
2458 965 2517 1009 ut
2551 958 2915 1007 reverteretur
2954 960 3048 1013 per
3076 937 3473 995 Macedoniam.
3503 931 3682 985 Conti-

2114 1068 2257 1113 tatus
2305 1060 2390 1107 est
2437 1058 2617 1102 autem
2658 1057 2781 1097 eum
2823 1040 3050 1107 Sopater
3101 1031 3287 1103 Pyrrhi
3346 1024 3676 1085 Bermensis,

2113 1139 2687 1203 Thessalonicensium
2718 1151 2848 1187 vero
2876 1130 3249 1189 Aristarchus,
3285 1135 3340 1178 et
3372 1119 3680 1178 Secundus,

2114 1252 2167 1295 et
2194 1239 2360 1293 Gaius
2391 1233 2668 1290 Derbaeus,
2698 1235 2751 1280 et
2779 1221 3099 1276 Timotheus
3127 1237 3141 1271 :
3175 1215 3359 1268 Asiam
3403 1226 3537 1265 vero
3578 1209 3679 1275 Ty-

2116 1332 2306 1385 chicus
2330 1337 2383 1380 et
2415 1321 2772 1387 Trophiuius.
2809 1315 2869 1367 lli
2902 1328 3024 1367 cum
3051 1308 3486 1378 praecessisset",
3517 1303 3680 1355 susti-

2117 1428 2357 1475 nuerunt
2411 1430 2510 1469 nos
2541 1411 2796 1466 Troade:
2824 1421 2925 1459 nos
2960 1418 3088 1457 vero
3142 1396 3521 1466 navigavimus
3573 1400 3683 1461 post

2119 1518 2234 1567 dies
2284 1512 2613 1579 Azymornm
2674 1518 2702 1555 ει
2734 1496 3018 1565 Philippis,
3054 1502 3109 1547 et
3167 1490 3419 1543 venimus
3471 1484 3541 1538 ad
3597 1498 3685 1537 eos

2120 1604 2390 1660 Troadem
2452 1600 2507 1652 in
2542 1596 2736 1650 diebus
2768 1590 3034 1660 quinque,
3069 1584 3158 1639 ubi
3197 1578 3465 1635 demorati
3499 1592 3684 1630 sumus

2120 1697 2316 1753 diebus
2342 1703 2571 1762 septem.
2590 1686 2707 1742 Una
2734 1692 2913 1739 autem
2938 1678 3159 1735 Sabbati
3190 1688 3314 1729 cum
3342 1668 3685 1726 convenisse-

435 1761 505 1791 us
542 1761 665 1805 (μηδ
717 1761 785 1784 uo
820 1761 919 1781 ιιυν
961 1761 1012 1778 ιιι
1031 1761 1197 1775 ιιι-νιν
1241 1761 1323 1771 νυ-
1353 1761 1508 1767 ...η---
1557 1761 1613 1764 -.ἡ
1641 1761 1653 1777 1
2409 1761 2418 1762 7

434 1829 660 1889 videtis,
695 1834 749 1876 et
783 1818 1010 1880 auditis,
1072 1815 1198 1883 quia
1238 1824 1346 1863 non
1397 1805 1575 1860 solum
1626 1797 1852 1868 Ephesi,
1913 1794 2007 1848 sed
2045 1778 2087 1835 Β
2118 1807 2239 1846 mus
2299 1788 2365 1841 ad
2413 1783 2771 1851 frangendum
2830 1789 3048 1846 panem,
3111 1770 3314 1826 Paulus
3378 1761 3683 1832 diapntabat

2312 1880 2322 1889 '
2539 1874 2559 1889 "
2630 1883 2638 1889 ·
2834 1869 2887 1889 3»
2956 1864 3251 1889 --ιιι-ιέ-η-..ι
3321 1852 3683 1889 ηνηιιιαπςιιηημ

435 1938 573 1994 pene
607 1919 772 1971 tutius
810 1913 973 1973 Asiae,
1016 1904 1216 1961 Paulus
1254 1901 1343 1953 hic.
1372 1898 1610 1951 suadens
1653 1887 1850 1943 avertit
1876 1884 2013 1937 mul-

438 2030 542 2073 tam
578 2012 813 2067 turbam.
852 2006 1081 2058 dicens;
1125 1993 1380 2066 quoniam
1448 2003 1554 2041 non
1611 1992 1740 2040 sunt
1792 1979 1889 2041 dii,
1919 1976 2013 2046 qui

439 2106 692 2164 manibus
757 2101 915 2153 tittut.
952 2094 1068 2147 Non
1102 2090 1277 2142 solum
1308 2091 1490 2137 autem
1517 2078 1631 2132 haec
1681 2068 2016 2143 periclitabi-

437 2213 527 2256 tur
559 2196 718 2249 uobis
775 2204 899 2258 pars
952 2186 1004 2238 in
1045 2177 1490 2247 redargutionem
1527 2168 1743 2226 venire,
1806 2162 1900 2218 scd
1960 2170 2015 2215 et

442 2304 650 2359 magna:
692 2286 876 2338 Diana)
938 2276 1199 2342 templum
1240 2272 1290 2321 iu
1357 2264 1589 2319 nihilum
1643 2257 2013 2328 reputabitur,

438 2356 626 2439 sedet
669 2372 877 2431 destrui
932 2366 1159 2435 incipiet
1228 2363 1482 2427 maiestas
1516 2356 1659 2424 ejus,
1707 2364 1869 2419 quam
1906 2356 2015 2399 tota

442 2477 593 2536 Asia,
630 2484 684 2528 et
755 2467 904 2524 orbis
961 2462 1091 2516 colit
1155 2456 1320 2510 ‘.llis
1350 2450 1573 2511 auditis,
1642 2443 1833 2513 repleti
1886 2448 2017 2494 sunt

617 2575 672 2620 et
740 2559 1193 2616 exclamaverunt
1254 2549 1567 2601 dicentes:
1608 2538 1799 2607 Magna
1848 2535 2018 2588 Diana

442 2660 829 2729 Ephesiorum.
864 2651 931 2704 Et
960 2645 1185 2714 impleta
1225 2650 1309 2695 est
1343 2638 1537 2691 civitas
1586 2630 1933 2688 confusione,
1964 2633 2021 2677 et

442 2757 705 2821 impetum
751 2746 1003 2799 fecerunt
1060 2752 1169 2790 uno
1201 2733 1384 2787 animo
1440 2729 1493 2782 in
1536 2726 1833 2783 theatrum,
1861 2728 2019 2785 rapto

442 2844 576 2898 Gaio
617 2852 665 2894 et
699 2834 1017 2892 Aristarcho
1048 2824 1456 2884 Macedonibus,
1500 2816 1799 2874 comitibus
1838 2809 2016 2865 Pauli.

444 2934 613 2990 Paulo
642 2942 825 2985 autem
860 2926 1075 2980 volente
1105 2922 1310 2974 intrare
1347 2915 1401 2968 in
1426 2912 1712 2984 populum,
1760 2920 1869 2959 non
1898 2918 2023 2972 per-

445 3024 717 3078 miserunt
748 3014 1026 3082 discipuli.
1054 3009 1288 3075 Quidam
1314 3015 1496 3057 autetn
1525 3010 1580 3055 et
1613 2998 1681 3055 de
1712 2995 1853 3049 Asiae
1879 2994 2024 3062 prin-

446 3115 682 3184 cipibus,
716 3110 810 3179 qui
856 3117 1014 3161 erant
1051 3103 1212 3155 amici
1264 3100 1402 3167 ejus,
1457 3093 1727 3149 miserunt
1784 3088 1849 3141 ad
1894 3100 2021 3139 eum

450 3215 725 3276 rogantes,
787 3217 854 3254 ne
910 3215 968 3252 se
1009 3197 1167 3250 daret
1207 3194 1275 3255 in
1345 3192 1619 3242 theatrum
1656 3203 1669 3240 :
1712 3182 1800 3235 alii
1844 3190 2025 3234 autem

448 3299 595 3354 aliud
640 3294 968 3350 clamabant.
1014 3291 1139 3342 Erat
1170 3286 1317 3339 enim
1371 3278 1614 3335 Ecclesia
1656 3273 1929 3340 confusa)
1974 3282 2029 3325 et

450 3392 636 3461 plures
676 3385 997 3440 nesciebant
1031 3396 1135 3450 qua
1187 3394 1251 3432 ex
1293 3388 1459 3429 causa
1500 3368 1911 3423 convenissent.
1952 3362 2028 3416 De

453 3480 611 3535 turba
642 3485 826 3531 autem
877 3474 1242 3527 detraxerunt
1283 3462 1674 3524 Alexandrum,
1717 3455 2029 3525 propellen-

455 3574 599 3627 tibus
629 3586 755 3624 eum
787 3565 1014 3623 Judaeis.
1053 3558 1358 3615 Alexander
1388 3564 1597 3618 autem,
1619 3566 1781 3605 manu
1810 3547 2029 3601 silentio

454 3662 751 3731 postulato,
786 3658 1003 3710 volebat
1028 3651 1257 3705 reddere
1305 3648 1570 3699 rationem
1603 3643 1828 3712 populo.
1858 3636 2030 3702 Quem

456 3766 512 3808 ut
560 3758 935 3822 cognoverunt
968 3746 1216 3802 Juda-um
1283 3754 1429 3803 esse,
1464 3727 1571 3789 vox‘
1617 3734 1759 3787 facta
1801 3744 1907 3783 una
1950 3737 2035 3782 est

455 3844 728 3910 omnium,
811 3840 966 3910 quasi
1035 3852 1135 3908 per
1195 3836 1360 3887 horas
1429 3829 1565 3882 duas
1638 3824 2034 3878 clamantium:

458 3936 647 4003 Magna
729 3908 897 3985 Diana
981 3924 1387 3997 Ephesiorum.
1444 3918 1511 3972 Et
1592 3928 1718 3968 cum
1793 3908 2038 3964 sedasset

456 4000 639 4082 scriba
710 4026 920 4085 turbas,
988 4019 1187 4073 dixit:
1250 4012 1360 4065 Viri
1422 4006 1668 4077 Ephesii,
1713 4000 2036 4073 quisienim

456 4136 538 4177 est
584 4122 894 4180 hominum,
951 4116 1047 4187 qui
1139 4114 1351 4167 nesciat
1419 4104 1783 4173 Ephesiorum
1848 4096 2039 4153 civita-

458 4225 564 4267 tem
628 4214 908 4267 cultricem
942 4222 1068 4264 esse
1136 4218 1347 4273 magna:
1378 4199 1582 4260 Dianae,
1628 4193 1888 4260 Iovisque
1916 4203 2041 4258 pro—

464 4306 563 4360 lis?
595 4304 729 4359 Cum
786 4317 916 4367 ergo
977 4298 1064 4351 hic
1093 4292 1399 4351 contradici
1441 4304 1547 4343 non
1590 4284 1780 4355 possit,
1826 4289 2043 4349 oportet

460 4409 554 4447 vos
598 4396 817 4448 sedatos
858 4406 1003 4450 esse,
1034 4396 1087 4443 et
1119 4386 1254 4441 nihil
1287 4393 1489 4438 temere
1515 4393 1691 4448 agere.
1724 4371 2043 4428 Adduxistis

2119 1898 2243 1937 cum
2278 1880 2378 1940 eis,
2432 1874 2785 1944 profecturus
2834 1869 2891 1922 in
2952 1864 3277 1921 crastinum,
3321 1852 3685 1925 protraxit‘que

2118 1984 2426 2029 sermonem
2458 1981 2631 2035 usque
2670 1963 2725 2017 in
2760 1959 2991 2014 mediam
3029 1962 3267 2008 noctem.
3308 1951 3481 2004 Erant
3513 1956 3682 1998 autem

2118 2064 2396 2135 lampades
2438 2062 2671 2130 copiosa:
2712 2057 2767 2109 in
2828 2052 3136 2111 etenaculo,
3169 2046 3261 2099 ubi
3309 2055 3531 2096 eramus
3565 2053 3685 2091 con-

2120 2160 2347 2230 gregati.
2383 2154 2594 2211 Sedens
2629 2161 2809 2204 autem
2841 2145 3061 2215 quidam
3125 2140 3438 2192 adolescens
3481 2132 3687 2185 nomine

2122 2252 2401 2322 Eutychus
2434 2263 2599 2313 super
2631 2244 2949 2299 fenestram.
2973 2254 3096 2293 cum
3129 2244 3467 2301 mergeretur
3503 2238 3686 2279 somno

2120 2343 2292 2413 gravi,
2332 2342 2648 2408 disputante
2681 2335 2774 2386 diu
2804 2332 2992 2390 Paulo,
3029 2327 3226 2381 ductus
3274 2337 3465 2378 somno
3499 2317 3688 2373 cecidit

2122 2439 2188 2492 de
2221 2434 2381 2489 tertio
2412 2430 2698 2487 caenaculo
2735 2428 3021 2486 deorsum,
3049 2432 3103 2474 et
3136 2418 3391 2473 sublatus
3424 2424 3507 2470 est
3548 2427 3687 2466 moro

2123 2541 2271 2583 tuus.
2298 2526 2377 2580 Ad
2414 2537 2578 2593 quem
2623 2534 2748 2575 cum
2792 2514 3167 2572 descendisset
3197 2510 3416 2570 Paulus,
3456 2505 3689 2560 inrubuit

2123 2635 2291 2688 super
2340 2632 2465 2672 eum
2501 2631 2514 2667 :
2548 2624 2603 2668 et
2635 2612 2973 2681 complexus,
3015 2606 3195 2659 dixit:
3242 2600 3416 2669 Nolite
3470 2596 3687 2659 turbari,

2125 2714 2304 2766 anima
2353 2709 2500 2763 enim
2537 2706 2711 2776 ipsius
2744 2705 2796 2757 in
2854 2701 2973 2769 ipso
3000 2708 3109 2753 est.
3154 2693 3471 2750 Ascendeus
3493 2700 3686 2751 autem,

2128 2806 2492 2873 frangensque
2526 2811 2743 2865 panem,
2776 2805 2830 2849 et
2875 2802 3123 2863 gustaris,
3162 2787 3402 2855 satisque
3436 2784 3690 2837 allocutus

2129 2910 2300 2963 usque
2328 2894 2380 2946 in
2428 2891 2629 2952 lucem,
2660 2888 2739 2943 sic
2772 2886 3052 2955 profectus
3073 2892 3173 2935 est.
3205 2880 3564 2934 Adduxerunt
3590 2890 3692 2927 auo

2131 2999 2236 3041 tem
2268 2998 2495 3055 puerum
2529 2982 2821 3042 viventem,
2879 2985 2935 3029 et
2976 2972 3242 3029 consolati
3283 2978 3411 3025 sunt
3457 2983 3563 3021 non
3603 2967 3690 3018 nii-

2130 3079 2293 3132 nime.
2325 3076 2436 3130 Nos
2467 3082 2647 3126 autem
2685 3067 3045 3124 ascendentes
3071 3078 3284 3127 navem,
3333 3061 3691 3128 navigavimus

2134 3173 2187 3224 in
2232 3172 2424 3232 Asson,
2461 3167 2585 3219 inde
2615 3161 2927 3231 suscepturi
2961 3159 3183 3214 Paulum
3236 3174 3249 3208 :
3302 3157 3381 3207 sic
3408 3154 3551 3207 enim
3592 3152 3691 3203 dis.

2133 3274 2392 3335 posuerat
2421 3263 2539 3330 ipse
2567 3275 2665 3330 per
2708 3268 2907 3313 terram
2938 3255 3042 3308 iter
3067 3251 3331 3305 facturus.
3360 3246 3494 3301 Cum
3522 3256 3689 3298 autem

2134 3355 2480 3411 convenisset
2507 3367 2610 3406 nos
2661 3351 2715 3404 in
2767 3352 2969 3411 Asson,
3005 3356 3289 3409 assumpto
3336 3355 3423 3405 eo,
3462 3337 3690 3391 venimus

2136 3448 2449 3519 Mitylenen.
2473 3445 2537 3499 Et
2557 3443 2683 3497 inde
2701 3442 3043 3507 navigantes,
3066 3432 3319 3505 sequenti
3346 3432 3435 3483 die
3460 3432 3689 3483 venimus

2135 3550 2322 3595 contra
2363 3540 2581 3603 Chium,
2622 3534 2803 3591 etnlia
2845 3531 3215 3600 applicuimus
3251 3526 3500 3582 Samum.
3534 3532 3585 3577 et
3612 3535 3687 3574 se.

2135 3632 2319 3701 quenti
2373 3631 2463 3684 die
2520 3628 2773 3683 venimus
2806 3625 3078 3677 Miletum.
3145 3621 3513 3688 Proposuerat
3554 3614 3685 3665 enim

2140 3722 2341 3776 Paulus
2373 3717 2780 3786 transnavigare
2817 3713 3125 3783 Ephesum,
3185 3724 3254 3763 ne
3306 3722 3416 3777 qua
3444 3720 3581 3758 mora
3616 3700 3681 3754 illi

2140 3817 2296 3870 fieret
2328 3814 2382 3867 in
2425 3812 2575 3866 Asia.
2631 3807 2951 3865 Festinabat
2999 3803 3169 3864 enim,
3219 3801 3263 3853 si
3323 3797 3568 3869 possibile
3591 3791 3684 3846 sibi

2139 3923 2301 3973 esset,
2344 3921 2401 3960 ut
2428 3908 2573 3959 diem
2613 3907 2972 3958 PentecOstes
3017 3896 3224 3949 faceret
3257 3887 3615 3959 Jerosolyuiis.
3645 3884 3683 3935 Δ

2141 4001 2325 4054 Mileto
2356 4008 2538 4051 autem
2596 3997 2819 4047 mittens
2864 3990 3167 4057 Ephesum,
3212 3981 3430 4037 vocavit
3476 3978 3685 4047 majores

2143 4107 2270 4148 natu
2304 4090 2578 4146 Ecclesia.
2613 4088 2712 4155 Qui
2751 4101 2871 4140 cum
2909 4083 3185 4137 venissent
3213 4078 3279 4132 ad
3302 4092 3449 4137 eum,
3470 4084 3517 4129 et
3540 4070 3681 4124 simul

2143 4198 2350 4251 essent,
2384 4184 2526 4236 dixit
2566 4182 2652 4236 eis
2681 4198 2697 4235 :
2728 4179 2837 4231 Vos
2864 4176 3018 4230 scitis
3048 4190 3075 4227 a
3123 4175 3297 4241 prima
3339 4170 3445 4229 die,
3492 4180 3585 4234 qua
3614 4163 3686 4214 in-

2145 4292 2366 4347 gressus
2397 4291 2516 4329 sum
2546 4275 2598 4326 in
2630 4271 2838 4329 Asiam,
2864 4268 3100 4337 qualiter
3125 4264 3409 4316 vobiscum
3438 4274 3525 4327 per
3543 4267 3685 4309 omne

2148 4381 2363 4434 tempus
2384 4365 2607 4425 fuerim,
2637 4360 2885 4415 serviens
2915 4356 3149 4410 Domino
3170 4368 3296 4408 euut
3334 4350 3477 4403 omni
3520 4342 3681 4399 humi-

459 4488 605 4542 enim
647 4486 896 4539 homines
932 4483 1084 4544 istos,
1121 4492 1301 4548 neque
1353 4472 1669 4541 sacrilegos,
1722 4479 1898 4535 neque
1926 4464 2043 4517 bla-
2068 4475 2120 4536 Ῑ)
2150 4462 2320 4522 litate,
2356 4456 2633 4527 lacrymis,
2670 4464 2724 4508 et
2760 4450 3185 4512 tentationibus,
3218 4460 3343 4515 quae
3385 4441 3511 4496 mihi
3562 4435 3686 4489 acci-

465 4589 814 4654 sphemantcs
852 4580 1008 4633 deant
1052 4584 1317 4629 vestram.
1361 4571 1513 4634 Quod
1547 4568 1590 4620 si
1633 4562 1961 4623 Demetrius,
1990 4567 2044 4612 ct

464 4679 557 4747 qui
590 4692 711 4730 cum
743 4690 809 4726 eo
858 4678 987 4725 sunt
1038 4666 1300 4726 artiﬁces,
1359 4662 1561 4714 habent
1614 4656 1905 4709 adversum
1945 4650 2045 4702 ali-

464 4784 625 4840 quem
657 4779 901 4828 causam,
931 4766 1233 4815 conventus
1265 4755 1504 4807 forenses
1537 4753 1796 4815 aguntur,
1832 4754 1883 4797 et
1918 4755 2044 4807 pro.

463 4861 718 4916 Consules
762 4866 915 4920 sunt,
965 4855 1228 4906 accusent
1268 4846 1520 4899 invicem.
1578 4840 1635 4893 Si
1674 4836 1803 4907 quid
1861 4843 2041 4887 autem

463 4955 690 5011 alterius
742 4950 819 5005 rei
847 4945 1124 5019 qttaaritis,
1181 4942 1232 4995 in
1281 4938 1519 5007 legitima
1565 4929 1805 4986 Ecclesia
1850 4923 2044 4994 poterit

464 5046 692 5104 absolvi.
724 5043 855 5097 Nam
915 5047 968 5094 et
1001 5034 1372 5105 periclitantur
1424 5026 1577 5094 argui
1628 5020 1911 5076 seditionis
1947 5018 2045 5068 ho-

465 5140 673 5195 dierna:
708 5148 724 5188 :
756 5148 879 5189 cum
904 5130 1084 5184 nullus
1110 5124 1381 5182 obnoxius
1413 5120 1478 5173 sit
1506 5117 1593 5187 (de
1624 5128 1733 5183 quo
1767 5109 2042 5180 possimus

468 5231 695 5286 reddere
732 5221 1022 5288 rationem)
1069 5230 1368 5274 concursus
1417 5211 1596 5266 istius.
1647 5204 1713 5258 Et
1774 5216 1895 5255 cum
1927 5201 2044 5253 hnc

468 5324 693 5378 dixisset
724 5314 932 5371 dimisit
974 5310 1285 5367 ecclesiam.

540 5416 696 5487 lCap.
743 5408 885 5479 XX]
937 5407 1230 5472 Postquam
1263 5406 1442 5453 autem
1475 5394 1713 5450 cessavit
1751 5386 2043 5446 tumultus,

545 5575 561 5603 ⁸
586 5571 790 5624 lterum
825 5564 1014 5619 Graeco
1050 5558 1293 5628 pressius
1340 5547 1735 5628 legitﬁibidem.
1779 5541 1836 5596 S.
1869 5541 2047 5628 intler-

464 5660 592 5711 pres
622 5609 741 5711 :UAEl
772 5648 976 5711 magna:
1028 5609 1439 5694 dremntcnipluin
1482 5618 1673 5711 Diuma]
1717 5615 1776 5694 in_
1826 5609 2046 5665 nihilum

468 5684 820 5778 imputabitur,
848 5684 1152 5757 destruetur
1172 5684 1375 5775 quoque
1400 5686 1705 5770 magnitudo
1728 5684 1865 5753 ejus,
1885 5694 2046 5750 quam

473 5762 658 5834 cu'ncta
708 5762 863 5842 Asia,
896 5785 941 5827 et
971 5762 1237 5825 universus
1256 5762 1392 5819 orbis
1423 5762 1569 5825 colit,
1596 5766 1698 5812 etc.

2145 4552 2343 4605 derunt
2369 4564 2435 4602 ex
2473 4546 2685 4601 insidiis
2720 4542 3031 4597 Judazorum
3061 4557 3074 4593 :
3109 4536 3388 4607 quomodo
3416 4532 3543 4586 nihil
3570 4528 3683 4582 sub-

2148 4644 2405 4699 traxerim
2439 4642 2658 4695 utilium
2689 4642 2731 4703 ⁸,
2779 4635 3076 4706 quominus
3118 4631 3504 4684 aununtiarom
3530 4621 3682 4675 vobis.

2144 4746 2200 4789 et
2234 4736 2489 4788 docerem
2522 4748 2618 4785 vos
2646 4729 2888 4800 publice,
2936 4738 2991 4779 et
3027 4740 3121 4794 per
3152 4724 3367 4778 domos.
3422 4717 3685 4773 testificaris

2144 4827 2350 4883 Judaeis
2376 4835 2536 4895 atque
2563 4823 2859 4893 gentilibus
2902 4820 2955 4871 in
2988 4818 3157 4871 Deum
3212 4812 3602 4883 pcenitentiam,
3640 4811 3683 4855 ct

2148 4924 2307 4974 fidem
2359 4920 2412 4974 in
2453 4918 2740 4971 Dominum
2793 4926 3042 4968 nOstrum
3081 4911 3268 4965 Jesum
3317 4906 3608 4960 Christum.
3632 4897 3681 4951 Et

2147 5029 2288 5066 nunc
2315 5026 2445 5067 ecce
2472 5010 2721 5077 alligatus
2756 5020 2857 5075 ego
2887 5003 3104 5073 spiritu,
3132 4998 3271 5051 vado
3305 4996 3359 5048 in
3379 4988 3681 5049 Jerusalem;

2146 5120 2268 5175 quae
2308 5105 2361 5157 in
2393 5118 2455 5157 ea
2493 5113 2721 5155 ventura
2751 5100 2862 5153 sint
2902 5095 3062 5158 mihi,
3103 5094 3366 5162 ignorans
3399 5104 3415 5144 ς
3443 5084 3541 5139 nisi
3560 5075 3681 5150 quod

2127 5197 2388 5266 'Spiritus
2426 5206 2647 5247 sanctus
2681 5207 2776 5260 per
2835 5203 3030 5242 omnes
3065 5184 3318 5238 civitates
3354 5177 3478 5231 mihi
3529 5177 3685 5241 protev

2148 5296 2327 5342 statur
2355 5285 2544 5339 dicens
2584 5280 2888 5350 :quoniam
2940 5275 3158 5330 vincula
3221 5282 3277 5325 et
3338 5261 3683 5323 tribulatioan

2148 5374 2505 5446 Jcrosolymis
2537 5387 2621 5425 me
2658 5379 2901 5423 manent.
2936 5367 3041 5422 Sed
3088 5363 3225 5417 nihil
3256 5362 3447 5415 horum
3477 5358 3684 5407 vereor:

2221 5532 2439 5586 'Aliter
2489 5528 2547 5581 S.
2588 5526 2705 5592 ipse
2753 5521 2912 5576 Pater
2966 5518 3022 5574 in
3071 5518 3231 5571 modo
3276 5498 3687 5592 laudata

2152 5605 2301 5658 tione
2329 5620 2343 5656 :
2365 5598 2497 5653 nihil
2513 5574 2869 5651 sublraxerim
2888 5607 3092 5651 eorum,
3114 5603 3230 5655 qua:
3256 5585 3392 5638 vobis
3411 5574 3689 5658 proderent.

2150 5677 2278 5743 quin
2302 5670 2704 5743 annuntiarem,
2754 5673 2800 5716 et
2825 5664 3061 5743 docerent
3099 5651 3304 5724 publica
3343 5665 3387 5705 el
3413 5651 3687 5704 dantem“,

2150 5728 2217 5798 ex
2255 5743 2469 5805 Vetere,
2503 5748 2559 5793 ut
2594 5736 2830 5801 videtur,
2866 5733 3056 5787 Latina
3080 5728 3343 5782 editione.
