3880 6168
219 236 317 296 737

1343 244 1345 246 ’
1397 250 1629 311 LlBER
1675 251 1992 316 ACTUUM
2037 253 2297 316 APOST.

3361 263 3393 323 ’1
3405 263 3471 325 58

215 351 286 406 hil
323 351 455 406 mali
482 351 791 408 invenimus
827 353 880 409 in
915 355 1136 412 homine
1178 357 1322 413 isto:
1363 359 1504 427 Quid
1538 365 1580 417 si
1614 363 1789 432 Spiri-
1821 367 1868 425 Α
1896 379 2178 422 sumentes
2228 369 2478 433 Paulum,
2529 369 2802 424 duxerunt
2831 387 2924 441 per
2972 383 3187 428 noctem
3223 373 3277 427 in
3311 375 3473 429 Anti-

214 454 295 497 tus
319 444 540 498 locutus
564 455 649 499 est
677 446 750 512 ei,
780 457 874 500 aut
914 450 1190 520 angelus?
1219 453 1432 508 Etcum
1461 471 1652 524 magna
1681 457 1793 512 dis-

211 536 395 589 sensio
426 537 562 590 facta
611 548 779 600 esset,
835 541 1033 594 timens
1065 544 1320 600 tribunus
1353 562 1422 601 ne
1453 549 1794 618 discerpere-

213 636 298 680 tur
334 629 538 683 Paulus
570 629 637 685 ab
671 631 826 700 ipsis,
877 634 1045 701 jussit
1105 636 1305 690 milites
1350 638 1705 707 descendere,
1739 653 1794 696 et

212 734 403 789 rapere
435 736 560 774 eum
596 722 664 776 de
699 724 881 778 medio
910 741 1126 790 eorum,
1170 743 1234 781 ac
1267 730 1541 786 deducere
1571 748 1698 788 eum
1733 735 1789 789 in

210 821 414 866 castra.
436 814 698 883 Sequenti
731 827 912 872 autem
944 829 1100 874 nocte
1128 823 1388 877 assistens
1416 827 1465 880 ei
1505 826 1789 889 Dominus.

209 904 283 957 ait
317 922 330 956 :
359 903 637 960 Constans
678 915 838 962 esto:
886 912 1031 966 sicut
1067 915 1215 967 enim
1269 917 1590 973 testiﬁcatus
1629 934 1690 974 es
1722 919 1791 975 de

211 1015 293 1053 me
345 1000 398 1053 in
442 998 767 1070 Jerusalem,
825 1006 905 1060 sic
936 1015 985 1060 te
1027 1018 1323 1076 oportetet
1362 1011 1546 1086 Roma:
1602 1015 1793 1069 testiﬁ-

208 1093 342 1147 cari.
403 1093 565 1147 Facta
609 1105 792 1150 autem
839 1096 929 1152 die.
979 1101 1325 1168 collegerunt
1375 1119 1433 1159 se
1466 1105 1688 1174 quidam
1722 1123 1788 1163 ex

207 1183 434 1248 Judazis,
463 1194 518 1238 et
549 1187 889 1242 devoverunt
921 1205 980 1244 sc
1027 1190 1294 1256 dicentes,
1330 1211 1509 1265 neque
1557 1199 1790 1252 mandu-

208 1286 454 1337 caturos,
509 1294 687 1347 neque
733 1280 1022 1347 bibituros,
1078 1282 1255 1340 donec
1289 1288 1608 1346 occiderent
1645 1291 1786 1347 Pau-

211 1365 344 1418 lum.
382 1365 550 1419 Erant
575 1378 758 1422 autem
793 1371 914 1438 plus
941 1389 1104 1441 quam
1140 1377 1500 1447 quadraginta
1541 1383 1667 1446 viri,
1693 1385 1787 1453 qui

209 1458 350 1512 hanc
407 1461 846 1530 coujnrationcm
880 1465 1147 1522 fecerant.
1197 1470 1301 1535 Qui
1339 1486 1688 1532 accesserunt
1721 1477 1787 1531 ad

209 1550 487 1619 principes
544 1553 918 1620 sacerdotum,
959 1566 1014 1610 et
1057 1560 1324 1627 seniores,
1378 1574 1433 1619 et
1489 1565 1783 1621 dixerunt:

211 1640 516 1696 Devotione
562 1644 885 1701 devovimus
919 1663 1017 1702 nos
1055 1652 1188 1706 nihil
1232 1665 1565 1724 gustaturus,
1615 1660 1788 1713 donec

209 1733 532 1788 occidamus
573 1735 822 1792 Paulum.
864 1739 1022 1796 Nunc
1069 1758 1198 1813 ergo
1242 1760 1339 1800 vos
1385 1756 1576 1802 notum
1624 1749 1785 1803 facile

214 1825 441 1878 tribuno
490 1843 614 1881 cum
669 1831 921 1898 concilio,
975 1841 1032 1887 ut
1065 1837 1331 1904 producat
1380 1839 1531 1893 illum
1566 1842 1632 1896 ad
1666 1858 1784 1908 vos,

212 1923 476 1985 tanquam
509 1919 710 1987 aliquid
747 1924 952 1977 certius
993 1928 1266 1995 cognituri
1292 1929 1358 1982 dc
1391 1945 1476 1984 eo.
1519 1930 1626 1986 Nos
1659 1949 1786 1988 vero

212 2010 532 2077 priusquam
583 2014 891 2082 appropiet,
947 2018 1117 2084 parati
1160 2035 1349 2073 sumus
1383 2023 1694 2079 interﬁcere
1726 2027 1786 2080 il-

209 2099 341 2152 lum.
381 2100 543 2164 Quod
581 2117 703 2154 cum
754 2105 1000 2160 audisset
1031 2108 1173 2162 lilius
1221 2111 1427 2165 sororis
1468 2112 1618 2167 Pauli
1651 2115 1787 2170 insi-

209 2192 350 2250 dias,
385 2195 560 2256 venit,
589 2205 645 2250 et
677 2197 899 2252 intravit
931 2201 982 2252 in
1013 2210 1215 2263 castra,
1238 2207 1624 2276 nuntiavitque
1650 2209 1790 2262 Pau-

211 2280 279 2333 lo.
316 2281 532 2336 Vocans
585 2295 766 2339 autem
806 2288 1007 2343 Paulus
1041 2290 1106 2343 ad
1141 2307 1198 2345 se
1240 2309 1408 2347 unum
1465 2312 1532 2350 ex
1593 2308 1791 2352 centu-

213 2374 489 2436 rionibus,
537 2375 656 2433 ait:
700 2377 1116 2436 Adolescentem
1163 2383 1312 2440 hunc
1343 2387 1552 2455 perduc
1588 2389 1656 2442 ad
1689 2391 1787 2444 tri-

208 2464 448 2529 bunum,
478 2467 638 2523 habet
695 2471 840 2524 enim
890 2474 1096 2542 aliquid
1154 2475 1398 2532 indicare
1441 2479 1542 2533 illi.
1589 2481 1654 2536 Et
1697 2482 1788 2536 ille

209 2557 436 2622 quidem
483 2575 768 2616 assumens
796 2579 919 2617 cuin
952 2565 1106 2620 duxit
1136 2569 1200 2622 ad
1237 2570 1542 2634 tribunum,
1593 2583 1647 2628 et
1671 2573 1785 2645 ait;

213 2645 448 2703 Vinctus
475 2651 672 2706 Paulus
699 2656 907 2723 rogavit
939 2671 1025 2711 me
1061 2658 1206 2714 hunc
1231 2661 1631 2717 adolescentem
1668 2681 1791 2734 per-

208 2740 419 2794 ducere
453 2744 520 2796 ad
559 2753 629 2808 te,
662 2744 949 2801 habentem
985 2751 1190 2820 aliquid
1228 2753 1377 2822 loqui
1417 2755 1534 2808 tibi.
1574 2743 1822 2827 Appre-l

207 2831 463 2888 heudens
482 2846 663 2890 autem
693 2839 944 2897 tribunus
970 2859 1188 2896 manum
1213 2845 1379 2910 illius,
1411 2850 1637 2904 secessit
1665 2865 1788 2906 cum

203 2940 270 2979 eo
307 2941 593 2991 seorsum,
623 2939 676 2982 et
708 2930 1064 3003 interrogavit
1103 2937 1257 2990 illum
1287 2953 1302 2994 :
1333 2938 1474 3004 Quid
1506 2950 1610 3006 est,
1641 2944 1786 3011 quod

1902 459 2192 525 patridem.
2225 461 2532 530 Etpostera
2567 464 2654 518 die
2679 463 2922 519 dimissis
2939 466 3239 534 equitibus,
3271 476 3325 521 nt
3347 483 3470 522 cum

1897 566 1963 603 eo
1996 552 2163 617 irent,
2202 555 2408 611 reversi
2443 564 2570 609 sunt
2596 557 2663 610 ad
2696 568 2893 613 castra.
2920 559 3019 625 Qui
3045 575 3168 614 cum
3194 559 3476 616 venissent

1894 642 2217 705 (kesaream.
2264 657 2322 700 et
2365 648 2716 703 tradidissent
2749 650 3039 718 epistolam
3091 652 3329 720 praesidi,
3363 661 3474 706 sta-

1898 744 2262 792 tueruntante
2304 738 2455 792 illum
2487 749 2542 794 ct
2571 740 2820 795 Paulum.
2847 741 2979 796 Cum
3011 743 3230 813 legisset
3263 753 3465 810 autem,

1893 839 1945 881 et
1982 827 2379 897 interrogasset
2429 831 2495 885 de
2543 848 2648 900 qua
2687 836 2963 901 provincia
3013 846 3157 890 esset
3220 853 3234 890 :
3274 845 3328 888 ct
3379 850 3476 890 coo

1892 937 2161 989 gnoscens
2211 925 2338 992 quia
2380 927 2447 978 de
2493 925 2711 980 Cilicia.
2747 928 2972 980 Audiam
2999 939 3073 988 te,
3111 929 3311 995 inquit,
3348 944 3474 982 cutn

1894 1025 2243 1070 accusatores
2298 1017 2374 1070 tui
2422 1019 2696 1072 venerint.
2756 1020 3035 1088 Jussitque
3090 1020 3143 1073 in
3218 1021 3472 1090 praetorio

1893 1108 2128 1162 Herodis
2161 1110 2424 1164 custodiri
2471 1127 2619 1166 eum.

1967 1197 2122 1271 [Cap.
2154 1197 2371 1270 Χχιν.]
2393 1201 2523 1256 Post
2553 1200 2795 1270 quinque
2819 1212 2998 1257 autem
3035 1203 3156 1258 dics
3186 1202 3476 1258 descendit

1892 1292 2149 1360 princeps
2181 1294 2530 1347 sacerdotum
2568 1296 2827 1357 Auanias,
2860 1311 2984 1349 cum
3017 1297 3325 1350 senioribus
3351 1294 3476 1364 qui-

1893 1385 2141 1451 busdam,
2177 1395 2234 1439 et
2291 1386 2536 1440 Tertullo
2589 1389 2823 1456 quodam
2884 1401 3137 1451 oratore,
3193 1388 3284 1457 qui
3320 1387 3475 1440 adie-

1897 1490 2022 1532 runt
2058 1479 2343 1547 praesidem
2375 1481 2634 1535 adversus
2689 1482 2934 1537 Paulum.
2973 1481 3036 1535 Et
3094 1482 3258 1533 citato
3309 1480 3476 1532 Paulo

1891 1572 2344 1641 coepitaccusare
2375 1573 2676 1636 Tertullus,
2737 1575 2926 1628 dicens
2963 1590 2977 1629 :
3043 1573 3177 1628 Cum
3211 1574 3264 1624 in
3304 1571 3474 1625 multa

1895 1679 2023 1734 pace
2053 1680 2278 1731 agamus
2307 1680 2404 1733 per
2435 1674 2507 1725 te,
2541 1674 2595 1718 et
2633 1666 2800 1719 multa
2825 1666 3174 1734 corrigantur
3203 1679 3298 1734 per
3321 1673 3469 1716 tuam

1895 1756 2295 1826 providentiam
2327 1773 2339 1810 :
2373 1772 2589 1826 semper
2620 1767 2674 1810 et
2733 1758 2933 1826 ubique
2967 1757 3296 1826 suscipiatur
3319 1794 3333 1816 ,
3368 1769 3471 1823 op-

1899 1850 2028 1902 time
2057 1848 2226 1909 Felix,
2253 1862 2374 1900 cum
2399 1850 2542 1901 omni
2567 1848 2859 1917 gratiarum
2882 1849 3121 1901 actione.
3159 1847 3233 1900 Ne
3259 1845 3467 1900 diutius

1895 1951 2074 1994 autem
2111 1950 2160 1993 te
2186 1940 2521 2010 protraham,
2552 1955 2651 1994 oro
2677 1980 2688 2001 ,
2747 1940 2985 1993 breviter
3017 1939 3206 1994 audias
3238 1954 3338 1992 nos
3375 1953 3472 2007 pro

1897 2043 1989 2086 tua
2016 2032 2322 2087 clementia.
2347 2032 2659 2086 Invenimus
2682 2032 2826 2086 hunc
2846 2030 3123 2084 hominem
3151 2029 3469 2099 pestiferum

1895 2135 1950 2179 et
1977 2126 2344 2178 concitantem
2377 2109 2679 2176 seditiones
2706 2122 2965 2177 omnibus
3017 2121 3220 2176 Jud.eis
3267 2122 3319 2174 in
3347 2121 3470 2174 uui-

1896 2232 2057 2270 verso
2086 2217 2241 2281 orbe,
2270 2225 2324 2268 et
2352 2224 2630 2270 auctorem
2663 2215 2950 2269 seditionis
2973 2214 3464 2270 sect:eN.izareno-

1898 2324 2019 2362 rtnn
2051 2307 2182 2377 :qoi
2215 2307 2378 2361 etiam
2411 2308 2673 2376 templum
2706 2306 2911 2360 violare
2935 2317 3163 2361 conatus
3185 2317 3287 2368 cst,
3310 2321 3472 2374 quem

1895 2408 1951 2455 et
1978 2399 2380 2469 apprehensum
2415 2399 2685 2453 voluimus
2711 2397 3008 2452 secundum
3032 2401 3200 2468 legem
3229 2406 3471 2451 nostram

1892 2493 2160 2563 judicare.
2189 2492 2593 2560 Superveniens
2617 2501 2798 2545 autem
2829 2491 3084 2545 tribunus
3107 2491 3314 2560 Lysias,
3341 2504 3465 2543 eum

1894 2588 1944 2640 vi
1980 2600 2169 2654 magna
2201 2583 2404 2652 eripuit
2451 2599 2576 2637 eum
2610 2582 2676 2636 de
2710 2583 2958 2636 manibus
3008 2581 3228 2646 nostris,
3276 2581 3475 2651 jubens

1896 2688 2244 2732 accusatores
2272 2676 2392 2747 ejus
2419 2674 2484 2728 ad
2520 2684 2572 2729 te
2624 2675 2811 2728 venire
2840 2690 2855 2728 :
2924 2688 2953 2727 a
2985 2689 3093 2743 quo
3124 2673 3326 2742 poteris
3353 2672 3470 2740 ipse

1892 2770 2167 2840 judicans,
2225 2767 2292 2822 de
2317 2768 2574 2824 omnibus
2608 2767 2726 2822 istis
2747 2781 3079 2837 cognoscere
3105 2807 3119 2832 ,
3175 2765 3241 2820 de
3273 2765 3474 2834 quibus

1896 2877 1997 2916 nos
2025 2876 2347 2916 accusamus
2371 2877 2521 2914 eum.
2557 2860 2887 2930 Adjecerunt
2932 2867 3114 2912 autem
3149 2866 3204 2911 et
3251 2857 3423 2912 Judaei
3447 2893 3462 2918 ,

1896 2953 2144 3008 dicentes
2173 2953 2290 3008 haec
2327 2952 2399 3005 ita
2427 2969 2485 3006 se
2518 2952 2744 3006 habere.
2785 2949 3090 3021 Respondit
3117 2958 3297 3003 autem
3329 2949 3475 3002 Pau-

207 3020 390 3076 babes
447 3023 689 3078 indicare
735 3027 913 3080 mihi?
955 3029 1057 3112 Illle
1116 3040 1295 3084 autem
1342 3031 1486 3086 dixit
1529 3051 1542 3088 :
1588 3033 1788 3090 Judaais

1897 3047 1982 3101 lus
2009 3045 2308 3113 (annuente
2331 3043 2434 3097 sibi
2457 3044 2686 3114 praeside
2709 3041 2916 3113 dicere)
2944 3060 2956 3095 :
2985 3043 3063 3096 Ex
3089 3040 3280 3095 multis
3310 3040 3469 3094 annis

205 3117 475 3169 convenit
507 3132 699 3184 rogare
749 3128 820 3184 te,
855 3128 912 3173 ut
952 3125 1189 3178 crastina
1217 3124 1306 3179 die
1348 3128 1620 3194 producas
1652 3129 1792 3184 Pau-

206 3211 317 3262 lum
378 3209 434 3264 in
479 3213 796 3277 concilium,
852 3217 1006 3284 quasi
1065 3217 1268 3287 aliquid
1306 3222 1512 3276 certius
1558 3224 1791 3290 inquisi-

205 3303 310 3356 turi
353 3303 464 3356 sint
492 3303 561 3357 de
601 3305 730 3360 illo:
774 3308 830 3360 tu
864 3323 993 3362 vero
1027 3325 1095 3364 ne
1143 3312 1447 3368 credideris
1483 3315 1610 3380 illis,
1656 3317 1790 3372 insi-

204 3396 436 3451 diantur
462 3399 612 3454 enim
663 3400 713 3454 ei
751 3416 818 3454 ex
843 3402 925 3458 eis
950 3405 1055 3458 viri
1084 3406 1322 3476 amplius
1360 3423 1522 3477 quam
1557 3410 1792 3478 quadra-

205 3487 388 3554 ginta,
439 3490 530 3557 qui
587 3506 647 3545 se
696 3491 1041 3550 devoverunt
1092 3513 1201 3552 non
1237 3499 1587 3566 manducare,
1615 3519 1790 3567 neque

204 3579 426 3641 bibere,
449 3582 624 3638 donec
641 3573 978 3641 interﬁciant
1004 3604 1130 3642 eum
1157 3609 1173 3641 :
1195 3598 1251 3644 et
1281 3607 1428 3645 nunc
1451 3594 1620 3661 parati
1641 3603 1790 3663 sunt,

209 3683 605 3742 exspectantes
639 3679 971 3746 promissum
1005 3691 1179 3736 tuum.
1205 3682 1483 3738 Tribunus
1512 3686 1677 3754 igitur
1707 3687 1792 3742 di-

201 3765 364 3821 misit
405 3767 838 3838 adolescentem,
887 3775 1235 3843 praecipiens,
1286 3791 1356 3830 ne
1409 3778 1496 3831 cui
1541 3780 1796 3849 loquere-

204 3862 318 3920 tur,
344 3857 609 3926 quoniam
641 3861 756 3915 haec
781 3874 906 3916 nota
934 3863 1038 3918 sibi
1057 3864 1299 3921 fecisset.
1325 3866 1389 3921 Et
1411 3870 1623 3925 vocatis
1651 3871 1792 3925 duo-

203 3945 309 4002 bus
338 3951 783 4012 ecnturiooibus,
814 3954 947 4008 dixit
971 3956 1078 4010 illis
1104 3974 1117 4010 :
1143 3957 1335 4011 Paratc
1361 3959 1563 4014 milites
1586 3961 1795 4016 ducen-

209 4049 319 4107 tos,
363 4054 426 4094 ut
469 4054 608 4097 eant
640 4059 811 4114 usque
843 4047 1169 4114 Caesaream,
1217 4059 1274 4103 ct
1327 4052 1540 4121 equites
1575 4065 1795 4122 septua-

198 4131 379 4200 ginta,
413 4143 469 4187 et
501 4134 808 4190 lancearios
835 4136 1124 4200 ducentos,
1166 4157 1191 4190 a
1225 4141 1384 4196 tertia
1411 4143 1541 4195 hora
1568 4145 1748 4199 noctis
1777 4161 1792 4200 :

201 4232 260 4275 et
283 4224 542 4291 jumenta
575 4238 895 4295 praeparate,
923 4239 980 4281 ut
1029 4230 1372 4298 imponcntes
1406 4231 1658 4299 Paulum,
1684 4236 1823 4299 sal-_

202 4328 340 4368 vum
399 4317 763 4385 perducerent
822 4323 890 4374 ad
923 4319 1156 4376 Felicem
1215 4326 1525 4393 praesidem.
1563 4325 1792 4395 (Timuit

1896 3149 1946 3193 te
1969 3151 2088 3191 esse
2110 3135 2351 3206 judicem
2383 3134 2528 3204 genti
2560 3134 2688 3188 huic
2718 3133 2896 3189 sciens
2920 3173 2935 3199 ,
2982 3134 3126 3187 bono
3160 3132 3356 3185 animo‘
3375 3144 3470 3199 pro

1895 3242 1982 3282 me
2012 3226 2367 3281 satisfaciam.
2423 3227 2588 3280 Potes
2616 3224 2763 3278 cnim
2796 3237 3130 3294 cognoscere
3154 3261 3169 3287 ,
3200 3225 3326 3292 quia
3360 3237 3471 3276 non

1894 3319 2017 3390 plus
2040 3327 2166 3374 sunt
2193 3317 2325 3371 mihi
2346 3317 2484 3378 dies,
2508 3333 2671 3386 quam
2700 3315 3012 3378 duodecim,
3033 3329 3096 3369 ex
3121 3330 3229 3384 quo
3248 3311 3475 3368 ascendi

1894 3409 2126 3466 adorare
2154 3409 2208 3464 in
2243 3407 2544 3463 Jerusalem
2577 3424 2592 3460 :
2629 3415 2684 3461 et
2707 3422 2886 3477 neque
2909 3409 2963 3461 in
2998 3406 3198 3477 templo
3249 3407 3475 3460 iuvene-

1894 3513 2024 3555 runt
2057 3516 2139 3555 me
2168 3516 2294 3555 cum
2327 3501 2510 3569 aliquo
2563 3499 2961 3568 disputantem,
3021 3508 3115 3553 aut
3142 3512 3471 3552 concursum

1895 3596 2186 3650 facientem
2215 3593 2410 3656 turbae,
2437 3607 2616 3662 neque
2639 3592 2692 3646 in
2717 3592 3025 3664 synagOgis,
3051 3604 3227 3660 neque
3260 3591 3313 3644 in
3338 3590 3476 3644 civi-

1895 3697 2002 3743 tate
2039 3703 2056 3744 :
2091 3701 2267 3754 neque
2293 3685 2525 3754 probare
2559 3692 2792 3752 possunt
2828 3682 2948 3745 tibi,
2981 3682 3048 3735 de
3095 3680 3299 3750 quibus
3329 3696 3476 3735 nunc

1895 3795 1981 3833 me
2015 3784 2292 3832 accusant.
2323 3773 2599 3830 Conﬁteor
2620 3782 2806 3829 autem
2836 3772 2942 3826 hoc
2968 3771 3088 3837 tibi,
3109 3772 3254 3841 quod
3277 3785 3472 3825 secun-

1896 3873 2024 3927 dum
2066 3882 2294 3934 sectam,
2349 3883 2511 3937 quam
2536 3867 2724 3921 dicunt
2761 3865 3048 3929 haeresim,
3105 3867 3184 3919 sic
3214 3865 3475 3920 deservio

1897 3963 2042 4018 Patri
2075 3973 2128 4016 et
2159 3963 2266 4015 Deo
2297 3974 2438 4023 meo,
2464 3957 2695 4014 credens
2723 3957 3004 4022 omnibus,
3033 3972 3152 4026 qua:
3179 3956 3246 4010 .in
3269 3957 3388 4027 lege
3407 3967 3465 4012 et

1897 4055 2180 4124 prOphetis
2213 4050 2415 4119 scripta
2452 4058 2626 4104 sunt:
2693 4062 2842 4115 Spem
2906 4047 3113 4101 habens
3168 4047 3221 4101 in
3263 4046 3468 4111 Deum,

1897 4162 2059 4216 qnam
2086 4154 2140 4198 et
2166 4145 2217 4198 hi
2244 4143 2344 4211 ipsi
2371 4149 2711 4210 exspectant,
2743 4142 3201 4194 resurrectionem
3224 4140 3462 4193 futuram

1895 4239 2195 4310 jusmrum,
2227 4243 2282 4289 et
2313 4235 2646 4303 iniquorum.
2681 4232 2735 4284 ln
2770 4233 2872 4286 hoc
2906 4242 2960 4286 et
2991 4233 3105 4302 ipse
3130 4232 3324 4286 studeo
3350 4232 3472 4286 sine

1897 4329 2229 4385 oﬂ‘endiculo
2255 4327 2644 4382 conscientiam
2671 4324 2872 4379 habere
2899 4325 2961 4378 ad
2990 4327 3180 4390 Deum,
3205 4335 3261 4377 et
3279 4323 3345 4378 ad
3371 4325 3472 4378 h0-

194 4406 358 4460 enim
392 4418 452 4460 ut
485 4408 628 4464 forte
662 4425 912 4478 raperent
961 4413 1108 4467 enim
1140 4415 1330 4481 Judaei,
1362 4426 1415 4470 et
1450 4417 1788 4484 occiderent,
1821 4415 1866 4470 D
1898 4424 2072 4476 mines
2103 4435 2334 4488 semper.
2362 4419 2491 4472 Post
2515 4433 2690 4470 annos
2749 4426 2932 4471 autem
2982 4417 3188 4486 plures,
3235 4414 3477 4469 elcemo-

193 4506 252 4551 et
298 4499 421 4568 ipse
452 4511 638 4568 postea
673 4505 1003 4559 calumniam
1041 4508 1361 4572 sustineret,
1405 4521 1659 4580 tanquam
1695 4527 1789 4566 ac-

193 4601 475 4658 cepturus
508 4594 849 4666 pecuniam),
889 4599 1137 4652 scribens
1169 4600 1454 4667 epistolam
1501 4602 1789 4657 continen-

195 4691 315 4735 tem
357 4667 471 4737 iure
499 4700 514 4739 :
1196 4705 1204 4713 '

266 4775 548 4830 (luemus
569 4776 756 4846 Lysias
820 4782 1028 4849 optimo
1059 4783 1294 4852 prtesidi,
1321 4781 1508 4853 Felici,
1533 4787 1786 4840 Salutem.

197 4865 404 4920 Virum
450 4870 598 4922 hunc
624 4873 1082 4940 comprehensum
1116 4891 1144 4927 a
1175 4875 1398 4940 Judaeis,
1432 4888 1487 4932 et
1521 4879 1786 4947 incipien-

195 4970 313 5012 tem
354 4960 588 5015 interﬁci
616 4964 684 5015 ab
707 4965 807 5027 eis,
834 4968 1223 5033 Super-veniens
1251 4982 1374 5021 cum
1403 4970 1647 5024 exercitu
1675 4972 1787 5024 eri-

194 5052 325 5120 pui,
381 5054 600 5122 cognito
646 5056 768 5123 quia
826 5055 1107 5110 Romanus
1155 5070 1258 5112 est.
1310 5059 1619 5128 Volensque
1645 5063 1787 5115 scire

193 5158 457 5204 causam.
488 5160 648 5214 quam
697 5149 1028 5218 objiciebant
1055 5150 1154 5213 illi,
1187 5151 1386 5206 deduxi
1410 5168 1533 5206 eum
1565 5156 1615 5206 in
1655 5169 1788 5208 con-

193 5236 404 5286 cilium
447 5249 661 5290 eorum.
691 5239 863 5304 Quem
901 5240 1083 5294 iuveni
1124 5244 1367 5296 accusati
1417 5245 1483 5297 de
1532 5247 1787 5312 qu:cstio-

196 5323 382 5376 nibus
421 5325 557 5392 legis
590 5327 862 5396 ipsorum,
893 5332 1031 5384 nihil
1062 5347 1191 5385 vero
1221 5335 1446 5403 dignum
1479 5346 1658 5390 morte
1692 5349 1788 5392 aut

195 5415 450 5469 vinculis
477 5417 766 5473 habentem
795 5423 1063 5478 criminis.
1091 5425 1154 5478 Et
1180 5441 1304 5478 cum
1348 5425 1479 5480 mihi
1515 5435 1781 5494 perlatum

193 5516 360 5560 esset
391 5509 454 5562 de
484 5507 878 5580 insidiis,quas
909 5527 1234 5583 paraverant
1263 5516 1364 5580 illi,
1399 5517 1520 5572 misi
1547 5533 1674 5572 eum
1715 5522 1779 5574 ad

198 5607 281 5659 te,
324 5599 668 5656 denuntians
695 5611 749 5657 et
771 5608 1198 5673 accusatoribus,
1233 5617 1290 5662 ut
1325 5610 1514 5663 dicant
1542 5614 1683 5680 apud
1715 5625 1783 5666 te.

197 5686 374 5745 Vale.
412 5691 608 5758 Milites
638 5709 788 5764 ergo,
827 5699 1126 5756 secundum
1158 5713 1495 5772 perCptum
1542 5705 1669 5772 sibi,
1700 5720 1784 5759 as-

1901 4529 2064 4585 synas
2087 4512 2325 4565 facturus
2356 4507 2407 4562 in
2435 4517 2648 4578 gentem
2675 4522 2870 4571 meam,
2893 4507 3037 4571 veni,
3062 4517 3117 4561 et
3141 4507 3472 4570 oblationes,

1899 4616 1956 4661 et
1989 4617 2136 4660 vota.
2196 4604 2254 4657 In
2290 4603 2495 4672 quibus
2541 4603 2872 4658 invenerunt
2917 4617 3002 4657 me
3031 4601 3377 4672 puriﬁcatum
3421 4600 3478 4655 in

1901 4699 2104 4767 templo
2128 4713 2234 4753 non
2269 4714 2390 4752 cum
2420 4697 2576 4752 turba
2599 4713 2776 4767 neque
2801 4713 2925 4752 cum
2948 4695 3210 4750 tumultu.
3238 4695 3476 4761 Quidam

1899 4801 2079 4844 autem
2112 4805 2178 4844 ex
2207 4789 2331 4843 Asia
2355 4788 2547 4854 Judaei,
2585 4804 2722 4858 quos
2755 4788 3044 4856 oportebat
3074 4787 3216 4857 apud
3252 4799 3303 4842 te
3336 4803 3475 4856 prae-

1901 4890 1985 4934 sto
2005 4896 2145 4942 esse,
2171 4892 2498 4936 ctaccusare
2524 4883 2566 4936 si
2591 4881 2721 4951 quid
2749 4879 3015 4934 haberent
3038 4879 3326 4935 adversum
3351 4894 3438 4934 me
3460 4894 3476 4933 :

1899 4981 1993 5026 aut
2025 4971 2077 5024 hi
2114 4971 2216 5041 ipsi
2247 4972 2432 5036 dicant
2462 4971 2508 5026 si
2539 4972 2667 5042 quid
2694 4973 3023 5026 invenerunt
3051 4972 3107 5026 in
3164 4987 3249 5026 me
3275 4971 3479 5039 iniqui-

1901 5065 2047 5126 tatis,
2079 5079 2200 5117 cum
2229 5073 2366 5119 stem
2403 5067 2455 5118 in
2497 5065 2750 5128 cencilio,
2780 5064 2886 5120 nisi
2909 5067 2975 5120 de
3005 5081 3111 5119 una
3139 5066 3239 5119 hac
3270 5065 3480 5119 solum-

1900 5159 2062 5210 modo
2089 5171 2243 5219 voce,
2273 5173 2379 5225 qua
2403 5159 2631 5212 clamavi
2666 5159 2810 5213 inter
2837 5173 2935 5214 eos
2958 5169 3110 5214 stans
3149 5172 3165 5212 :
3200 5157 3473 5222 Quoniam

1903 5249 1969 5304 de
1999 5250 2402 5305 resurrectione
2457 5261 2798 5305 mortuorum
2853 5267 2956 5321 ego
3011 5251 3221 5319 judiror
3251 5248 3412 5302 bodie
3444 5263 3477 5302 a

1901 5341 2076 5395 vobis.
2108 5342 2326 5396 Distulit
2351 5353 2532 5396 autem
2561 5343 2684 5397 illos
2741 5343 2912 5407 Felix,
2947 5342 3256 5396 certissime
3289 5339 3473 5394 sciens

1903 5435 1970 5488 de
2005 5436 2089 5490 via
2125 5436 2248 5498 hac,
2278 5436 2466 5491 dicens
2503 5454 2518 5491 :
2567 5437 2702 5491 Cum
2739 5437 2986 5490 tribunus
3025 5433 3214 5504 Lysias
3247 5433 3474 5488 descen-

1901 5525 2065 5589 derit,
2102 5525 2320 5580 audiam
2355 5542 2472 5580 vos.
2505 5525 2789 5594 Jussitquc
2839 5523 3143 5580 centurioni
3193 5525 3472 5580 custodire

1897 5630 2045 5679 eum,
2097 5627 2151 5672 et
2192 5617 2389 5670 habere
2445 5617 2706 5686 requiem,
2744 5634 2843 5671 nec
2897 5633 3223 5687 quemquam
3259 5617 3324 5671 de
3360 5615 3476 5670 suis

1899 5710 2187 5777 prohibere
2243 5707 2550 5762 ministrare
2605 5707 2670 5762 ci.
2709 5707 2840 5766 Post
2871 5711 3075 5781 aliquot
3137 5721 3317 5767 autem
3358 5709 3478 5764 dics
