3946 6170
482 281 589 345 7δῦ

1384 281 1445 342 S.
1481 282 1926 342 HIERONYM‘I
1973 282 2242 345 DIVINA
2288 281 2812 341 BlBLlOTIiECA.
3412 270 3415 273 ἢ
3567 288 3651 352 750

483 394 714 450 veniens
764 370 909 448 Felix
943 401 1065 448 dum
1106 394 1335 449 Drusilla
1393 411 1563 450 uxore
1618 412 1740 463 sua,
1776 413 1897 464 qua:
1934 407 2054 453 erat
2085 407 2126 459 Λ
2161 396 2325 449 l’aulo
2357 405 2535 447 autem
2570 393 2874 462 appellantc
2903 432 2917 455 ,
2952 405 3008 442 ut
3050 399 3354 445 servaretur
3380 394 3437 447 ad
3465 397 3649 467 Augusti

482 485 691 548 Iudaea,
724 488 936 541 vocavit
966 489 1215 550 Paulum,
1236 497 1291 541 et
1309 487 1518 541 audivit
1537 490 1605 543 ab
1629 505 1696 543 eo
1724 489 1906 553 ﬁdem,
1932 505 2054 558 qua:

483 585 571 631 est
605 578 656 631 in
715 578 989 632 Christum
1046 576 1251 633 Jesum.
1305 578 1624 647 Disputante
1652 591 1834 635 autem
1869 580 1960 635 illo
1988 581 2053 634 de

478 669 717 735 justitia,
746 678 801 722 et
833 673 1103 731 castitate,
1154 679 1209 723 et
1239 672 1306 724 de
1355 673 1563 742 judicio
1617 672 1819 737 futuro,
1858 684 2054 727 treme-

486 762 660 814 factus
687 760 839 816 Felix
871 762 1153 829 respondit
1182 781 1195 817 :
1230 764 1384 829 Quod
1411 780 1557 819 nunc
1606 768 1821 831 attinet,
1859 768 1992 819 vade
2036 782 2051 819 :

486 861 733 920 tempore
792 862 973 908 autem
1008 864 1317 924 opportuno
1353 872 1629 911 accersam
1670 867 1742 912 te.
1798 858 1969 912 Simul
2001 867 2055 911 et

484 959 735 1011 sperans,
761 946 906 1012 quod
940 947 1167 1015 pecunia
1195 947 1243 1001 ei
1275 948 1498 1003 daretur
1527 966 1555 1003 a
1587 950 1791 1013 Paulo;
1832 962 2055 1018 propter

483 1033 626 1100 quod
660 1044 715 1086 et
738 1032 1050 1103 frequenter
1076 1052 1362 1092 accersens
1392 1054 1538 1101 cum,
1572 1039 1895 1106 loquebatur
1930 1056 2053 1094 cum

484 1140 571 1178 eo.
625 1124 859 1181 Biennio
909 1140 1090 1182 autem
1150 1133 1387 1199 expleto,
1421 1135 1628 1200 accepit
1685 1147 2053 1187 successorem

486 1216 637 1271 Felix
693 1216 968 1274 Porticum
1026 1220 1280 1276 Festum.
1337 1223 1537 1277 Volens
1596 1234 1775 1279 autem
1826 1226 2053 1295 gratiam

484 1319 744 1377 praestare
768 1309 970 1363 Judaais
1002 1312 1172 1376 Felix,
1198 1313 1660 1384 reliquitPaulnm
1688 1316 1949 1369 vinctum.

561 1400 719 1473 (Cap.
746 1402 935 1473 XXV]
965 1404 1155 1459 Festus
1179 1421 1308 1475 ergo
1333 1423 1454 1460 cum
1486 1409 1722 1462 venisset
1753 1409 1803 1462 in
1839 1411 2058 1477 provin-

482 1494 645 1557 ciam,
677 1506 790 1563 post
830 1496 1070 1549 triduum
1106 1498 1353 1552 ascendit
1379 1500 1771 1572 Jerosolymam
1801 1519 1831 1555 a
1878 1502 2058 1557 Cassa-

483 1601 599 1639 rea.
658 1587 1035 1657 Adieruntque
1090 1606 1214 1644 eum
1274 1593 1551 1661 principes
1608 1596 1975 1659 sacerdotum,
2003 1604 2060 1651 et

486 1678 650 1744 primi
680 1677 1013 1744 Judaeorutn,
1050 1680 1315 1736 adversus
1375 1684 1643 1742 Paulum:
1699 1696 1755 1739 et
1796 1686 2059 1754 rogabant

482 1782 632 1831 eum,
667 1770 1005 1836 postulantes
1026 1770 1252 1839 gratiam
1283 1771 1548 1826 adversus
1572 1790 1719 1841 cum,
1747 1785 1805 1828 ut
1839 1776 2058 1845 juberet

484 1860 711 1927 perduci
741 1878 864 1913 eum
895 1863 947 1915 in
979 1861 1301 1929 Jerusalem,
1352 1866 1578 1921 insidias
1637 1868 1941 1934 tendentes,
2001 1878 2057 1923 ut

483 1951 859 2006 interﬁcerent
887 1968 1011 2007 eum
1051 1955 1102 2008 in
1132 1955 1242 2009 via.
1306 1956 1495 2012 Festus
1523 1965 1705 2012 autem
1757 1961 2055 2029 respondit,

483 2044 689 2097 servari
732 2044 954 2099 Paulum
987 2048 1039 2101 in
1063 2046 1307 2105 Cursarea
1330 2068 1336 2075 ·
1363 2064 1422 2103 se
1439 2060 1623 2104 autem
1642 2054 1912 2107 maturius
1932 2067 2059 2121 pro-

482 2134 780 2189 fecturum.
812 2138 913 2202 Qui
940 2152 1071 2207 ergo
1100 2139 1151 2191 in
1180 2141 1352 2205 vobis,
1381 2141 1475 2206 ait,
1501 2151 1752 2209 potentes
1783 2155 1930 2207 sunt,
1961 2144 2059 2199 de-

483 2229 806 2281 scendentes
841 2230 1025 2294 simul,
1053 2232 1096 2283 si
1133 2232 1277 2299 quod
1308 2243 1390 2287 est
1416 2234 1469 2288 in
1499 2234 1615 2288 viro
1642 2237 1873 2298 eritnen.
1902 2253 2059 2292 accu-

484 2326 609 2372 sent
633 2334 782 2372 eum.
818 2319 1141 2373 Demoratus
1167 2334 1345 2376 autem
1380 2323 1521 2377 inter
1543 2340 1635 2378 eos
1664 2325 1782 2377 dies
1808 2342 1917 2379 non
1946 2342 2061 2380 am-

482 2410 629 2480 plius
664 2426 825 2478 quam
854 2420 999 2475 octo,
1022 2422 1117 2465 aut
1147 2414 1356 2476 decem,
1399 2415 1683 2470 descendit
1734 2416 2058 2485 Cmsaream,

483 2515 540 2557 et
572 2503 739 2556 altera
769 2503 855 2556 die
888 2505 1029 2557 sedit
1061 2520 1157 2573 pro
1190 2506 1474 2574 tribunali,
1530 2518 1583 2562 et
1628 2510 1794 2576 jussit
1833 2511 2057 2564 Paulum

484 2595 705 2648 adduci.
741 2595 844 2661 Qui
879 2611 1001 2650 cum
1029 2592 1328 2665 perductus
1378 2610 1541 2662 esset.
1574 2602 2063 2659 circumsteterunt

486 2700 638 2747 eunt,
663 2685 756 2755 qui
789 2685 858 2738 ab
888 2683 1226 2754 Jerosolyma
1262 2687 1661 2742 descenderant
1689 2687 1883 2753 Juda~i,
1918 2691 2062 2745 mul-

488 2786 571 2828 tas
601 2786 656 2829 et
693 2791 886 2845 graves
910 2792 1103 2831 causas
1136 2779 1478 2845 objicientes.
1512 2798 1646 2851 quas
1675 2798 1781 2835 non
1810 2793 2063 2850 poterant

485 2868 745 2937 probare,
770 2867 936 2921 l’aulo
960 2870 1224 2925 rationem
1252 2872 1513 2926 reddente
1546 2890 1560 2927 :
1586 2874 1851 2938 Quoniam
1887 2890 2063 2944 neque

486 2960 542 3013 in
571 2960 739 3029 legem
771 2958 1106 3023 Iudaeorum.
1135 2978 1310 3033 neque
1357 2964 1409 3018 in
1459 2967 1745 3034 templum,
1799 2984 1975 3035 neque.
2007 2968 2061 3021 in

483 3051 755 3106 Caesarem
788 3053 1090 3123 quidquam
1153 3057 1397 3125 peccavi.
1433 3057 1627 3112 Festus
1660 3068 1842 3112 autem
1876 3064 2063 3114 votens

485 3146 716 3211 gratiam
752 3146 1251 3211 prmstareJudwis,
1280 3148 1619 3217 respondens
1646 3150 1844 3215 Paulo,
1878 3152 2016 3204 dixit
2046 3171 2059 3205 :

487 3235 582 3288 Vis
606 3236 996 3305 Jerosolymam
1029 3238 1345 3302 ascendere,
1379 3249 1431 3292 et
1463 3240 1535 3292 ibi
1590 3240 1656 3294 dc
1691 3242 1775 3294 bis
1825 3241 2063 3311 judicari

486 3327 631 3396 apud
661 3328 793 3380 me?
825 3329 971 3382 Dixit
1003 3340 1182 3382 autem
1214 3329 1417 3384 Paulus
1451 3348 1464 3386 :
1502 3331 1577 3384 Ad
1615 3334 1857 3388 tribunal
1887 3335 2064 3388 Caesa-

487 3420 566 3473 ris
592 3428 697 3483 sto,
756 3418 833 3473 ibi
866 3436 948 3473 me
979 3422 1451 3489 oportetjudicari
1480 3424 1717 3479 :Judaeis
1749 3442 1855 3479 non
1881 3429 2063 3488 nocui,

489 3510 632 3563 sicut
662 3518 717 3563 tu
744 3511 940 3564 melius
974 3511 1139 3566 nosti.
1173 3512 1226 3566 Si
1258 3515 1401 3568 enim
1433 3516 1591 3569 nocui
1622 3554 1637 3579 ,
1692 3525 1784 3569 aut
1842 3517 2064 3587 dignum

490 3611 667 3657 morte
698 3603 901 3673 aliquid
931 3603 1062 3668 feci,
1092 3622 1201 3659 non
1234 3622 1427 3664 recuso
1460 3609 1594 3663 mori
1624 3627 1637 3675 ;
1673 3610 1718 3663 si
1755 3626 1883 3665 vero
1930 3612 2065 3665 nihil

494 3706 579 3750 est
610 3711 824 3760 eorum,
874 3714 995 3768 quae
1038 3698 1091 3751 bi
1126 3712 1389 3755 accusant
1437 3717 1544 3765 me,
1583 3719 1742 3757 nemo
1772 3714 1950 3770 potest
1980 3720 2067 3759 me

489 3792 600 3844 illis
626 3790 851 3844 donare.
879 3790 1147 3844 Caesarem
1199 3791 1431 3859 appello.
1487 3792 1641 3846 Tunc
1696 3794 1890 3847 Festus
1942 3809 2066 3848 cum

491 3882 727 3936 concilio
747 3881 989 3944 locutus,
1012 3882 1294 3950 respondit
1325 3882 1622 3937 :Ctesarem
1651 3885 1977 3953 appellasti?
1999 3885 2066 3938 ad

487 3974 755 4028 Ca'sarem
783 3973 906 4027 ibis.
937 3973 1002 4027 Et
1029 3988 1151 4027 cum
1187 3972 1305 4027 dies
1337 3973 1544 4042 aliquot
1577 3978 1831 4029 transacti
1860 3983 2067 4041 essent,

488 4067 727 4136 Agrippa
758 4081 850 4119 rex
878 4078 929 4119 et
962 4066 1188 4119 Berntce
1234 4066 1637 4121 descenderunt
1675 4067 1973 4122 Caesaream
2002 4069 2068 4123 ad

488 4158 837 4212 Salutandum
871 4157 1116 4212 Festum.
1151 4158 1215 4212 Et
1244 4173 1366 4212 cum
1396 4158 1515 4213 dies
1554 4162 1737 4228 plures
1773 4161 1847 4215 ibi
1886 4162 2073 4216 demo-

492 4256 765 4312 rarentur,
800 4248 994 4302 Festus
1028 4248 1140 4316 regi
1175 4246 1435 4301 indicavit
1486 4247 1553 4301 de
1584 4247 1772 4310 Paulo,
1829 4249 2018 4303 dicens
2052 4265 2067 4304 :

490 4339 589 4394 Vir
623 4341 846 4410 quidam
872 4349 955 4395 est
979 4339 1273 4394 derelictus
1302 4355 1331 4393 a
1361 4338 1542 4393 Felice
1579 4340 1815 4405 vinctus,
1864 4340 1932 4394 de
1962 4354 2071 4410 quo

2157 487 2551 557 cognitionem,
2576 485 2715 554 jussi
2742 483 2951 539 servari
2974 498 3124 546 eum,
3157 484 3329 537 donec
3357 487 3536 541 mittam
3555 506 3656 544 eum

2157 580 2222 633 ad
2249 579 2540 634 Cmsarem.
2565 579 2804 648 Agrippa
2833 586 3012 630 autem
3049 576 3181 631 dixit
3206 577 3269 629 ad
3304 576 3499 632 Festum
3527 598 3539 638 :
3570 580 3658 635 Vo-

2156 671 2333 725 lcbam
2364 682 2417 724 et
2450 672 2563 737 ipse
2596 670 2875 723 hominem
2910 669 3120 722 audire.
3151 668 3489 739 Cras,inquit,
3506 674 3663 729 audies

2157 778 2305 829 eum.
2332 764 2513 817 Altera
2545 772 2729 818 autem
2763 762 2871 831 die,
2897 778 3021 815 cum
3076 761 3315 815 venisset
3356 765 3594 832 Agrippa,
3620 776 3664 821 et

2158 836 2408 919 Bernice,
2440 869 2563 907 cum
2611 852 2784 914 multa
2838 852 3157 916 ambitione,
3215 862 3269 906 et
3315 851 3599 910 introissent
3623 860 3666 912 in

2158 946 2493 1000 auditorium
2527 962 2650 1000 cum
2717 946 2985 1011 tribunis,
3041 955 3097 1001 et
3148 946 3279 1000 viris
3332 949 3668 1015 principalibus

2159 1042 2418 1104 civitatis,
2449 1040 2681 1106 iubente
2743 1041 2899 1094 Festo
2925 1079 2941 1103 ,
2972 1039 3241 1093 adductus
3271 1049 3350 1093 est
3379 1040 3574 1094 Paulus.
3618 1043 3672 1096 Et

2160 1132 2293 1186 dirit
2352 1132 2546 1187 Festus
2579 1148 2595 1184 :
2639 1131 2876 1201 Agrippa
2910 1148 3025 1196 rex,
3079 1141 3134 1185 et
3164 1146 3351 1184 omnes
3375 1170 3388 1195 ,
3435 1135 3517 1201 qui
3543 1133 3672 1186 simul

2160 1223 2361 1277 adestis
2388 1223 2668 1278 nobiscum
2704 1224 2831 1286 viri,
2860 1223 3058 1277 videtis
3110 1223 3281 1285 hunc,
3313 1222 3377 1277 de
3400 1239 3499 1291 quo
3529 1229 3676 1279 omnis

2162 1316 2457 1369 multitudo
2490 1315 2802 1370 Iudaeorum
2830 1314 3202 1382 interpellavit
3234 1329 3319 1367 me
3346 1311 3674 1383 Jerosolymis,

2161 1416 2408 1476 petentes
2434 1416 2489 1462 et
2522 1408 2886 1463 acclamantes
2943 1423 3052 1461 non
3092 1416 3347 1476 oportere
3372 1423 3491 1461 eum
3529 1409 3679 1461 vivere

2161 1499 2416 1566 amplius.
2438 1499 2551 1567 Ego
2574 1514 2704 1553 vero
2731 1498 2972 1566 comperi
3001 1497 3134 1551 nihil
3160 1498 3379 1563 dignum
3406 1507 3562 1551 morte
3582 1513 3679 1551 eum

2161 1590 2468 1646 admisisse.
2497 1590 2620 1659 lpso
2651 1599 2832 1644 autem
2861 1590 2965 1643 hoc
2988 1587 3296 1657 appellante
3314 1587 3376 1641 ad
3404 1590 3680 1657 Augustum,

2158 1680 2398 1750 judicavi
2428 1683 2668 1736 mittere.
2702 1681 2777 1734 De
2804 1696 2912 1749 quo
2942 1681 3071 1748 quid
3112 1689 3323 1733 certum
3369 1681 3583 1733 scribam
3612 1680 3685 1733 do-

2162 1770 2330 1833 mino,
2349 1785 2455 1824 non
2480 1771 2681 1828 habeo.
2707 1771 2938 1838 Propter
2956 1770 3097 1837 quod
3126 1770 3357 1838 produxi
3379 1785 3497 1824 eum
3519 1770 3575 1823 ad
3592 1784 3682 1833 ves,

2161 1872 2217 1916 et
2247 1863 2480 1917 maxime
2526 1863 2592 1916 ad
2658 1874 2730 1926 te,
2760 1879 2855 1919 rex
2892 1862 3128 1932 Agrippa
3154 1907 3167 1926 ,
3198 1873 3259 1916 ut
3309 1863 3685 1931 interrogatione

2164 1954 2327 2016 facta,
2359 1955 2589 2009 habeam
2625 1955 2749 2023 quid
2814 1956 3066 2009 scribam.
3132 1953 3264 2008 Sine
3319 1956 3519 2008 ratione
3570 1953 3684 2007 enim

2164 2048 2295 2101 mihi
2338 2047 2554 2101 videtur
2593 2048 2809 2103 mittere
2848 2049 3112 2112 vinctum,
3146 2056 3202 2103 et
3231 2062 3424 2102 causas
3459 2049 3567 2118 ejus
3602 2062 3687 2101 non

2161 2135 2493 2204 signillcare.

2235 2228 2395 2298 [Cap.
2428 2227 2642 2299 XXVI.]
2674 2229 2907 2298 Agrippa
2934 2244 3069 2283 vero
3099 2228 3166 2282 ad
3207 2228 3437 2282 Paulum
3460 2230 3526 2281 ait
3554 2244 3566 2282 :
3594 2227 3697 2281 Per-

2164 2323 2400 2375 mittitur
2428 2322 2522 2374 tibi
2550 2322 2697 2389 loqui
2724 2336 2821 2389 pro
2854 2320 3163 2389 temetipso.
3209 2319 3368 2373 Tunc
3400 2317 3601 2377 Paulus,
3623 2331 3695 2369 ex-

2165 2419 2313 2463 tenta
2342 2425 2530 2469 manu,
2557 2408 2720 2477 coepit
2750 2409 3011 2461 rationem
3038 2407 3291 2462 reddere.
3348 2409 3420 2461 De
3461 2406 3697 2459 omnibus.

2163 2500 2362 2567 quibus
2388 2515 2615 2552 accusor
2649 2514 2677 2551 a
2723 2498 2949 2565 Iudaeis,
2973 2515 3066 2552 rex
3107 2500 3347 2567 Agrippa
3370 2536 3384 2558 .
3415 2499 3609 2551 aestimo
3633 2510 3698 2547 me

2163 2591 2408 2655 beatum,
2436 2590 2581 2660 apud
2613 2601 2662 2643 te
2696 2605 2821 2644 cum
2870 2590 2970 2643 sim
3022 2589 3363 2643 defensurus
3407 2604 3490 2639 me
3546 2586 3700 2641 hodie.

2164 2684 2399 2736 maxime
2434 2694 2483 2736 te
2512 2682 2719 2738 sciente
2740 2682 2947 2745 omnia,
2972 2690 3027 2736 et
3050 2697 3171 2750 qua:
3200 2680 3348 2750 apud
3378 2678 3582 2735 Juda'os
3602 2685 3704 2728 sunt

2165 2775 2613 2835 consuetudines.
2635 2784 2687 2828 et
2715 2775 3067 2843 quaestiones.
3097 2780 3330 2842 propter
3347 2771 3489 2841 quod
3514 2771 3706 2823 obsecro

2166 2846 2441 2933 patienter
2469 2879 2553 2918 me
2583 2864 2798 2918 audias.
2828 2863 2897 2916 Et
2923 2862 3144 2932 quidem
3177 2863 3351 2915 vitam
3388 2875 3555 2914 meam
3587 2874 3611 2910 a
3634 2858 3707 2925 ju-

2165 2966 2408 3016 ventute,
2438 2971 2560 3024 qua:
2593 2954 2660 3008 ab
2695 2955 2850 3008 initio
2876 2954 2982 3008 fuit
3009 2957 3061 3007 in
3082 2964 3260 3023 gente
3299 2968 3420 3007 mea
3448 2952 3499 3005 in
3522 2950 3709 3005 leroso-

2167 3047 2351 3117 lymis,
2382 3055 2649 3100 noverunt
2676 3062 2867 3102 omnes
2897 3037 3067 3100 Judaei
3103 3063 3117 3100 :
3150 3046 3513 3114 pra’scieutes
3551 3056 3625 3093 me
3657 3038 3711 3091 ab

2168 3140 2326 3193 initio
2379 3139 2448 3208 (si
2482 3139 2653 3192 velint
2684 3138 3058 3192 testimonium
3093 3138 3424 3206 perbibere)
3486 3134 3712 3203 quoniam

2167 3234 2468 3288 secundum
2529 3231 2890 3286 certissimam
2939 3240 3142 3283 sectam
3205 3238 3418 3283 nostra:
3475 3222 3717 3293 religionis

2168 3326 2274 3379 vixi
2319 3324 2651 3378 Phariszeus.
2679 3322 2748 3376 Et
2772 3336 2922 3375 nunc
2954 3321 3005 3374 in
3037 3336 3154 3388 spe,
3191 3335 3321 3388 quae
3353 3317 3418 3370 ad
3453 3328 3621 3385 patres
3644 3325 3718 3363 n0-

2167 3426 2311 3471 stros
2344 3413 2786 3483 repromissionis
2813 3412 2946 3466 l'acta
2981 3421 3061 3466 est
3116 3427 3145 3464 a
3206 3410 3346 3473 Deo,
3417 3420 3501 3463 sto
3547 3404 3720 3475 judicio

2168 3509 2449 3576 sobjectus
2484 3524 2496 3560 :
2535 3508 2587 3560 in
2623 3520 2785 3575 quam
2810 3504 3099 3558 duodecim
3128 3504 3317 3557 tribus
3344 3510 3565 3558 nostrae.
3590 3504 3719 3549 nocte

2168 3615 2231 3654 ac
2255 3600 2342 3652 die
2374 3598 2771 3662 descrvicntes,
2800 3604 3024 3664 sperant
3072 3594 3374 3647 devenire.
3414 3591 3487 3644 De
3522 3603 3618 3657 qua
3648 3599 3723 3652 spe

2168 3708 2399 3747 aecttsor
2429 3710 2455 3743 a
2482 3689 2712 3754 ludatis,
2747 3705 2863 3744 rex.
2924 3687 3062 3753 Quid
3117 3685 3459 3740 incredibile
3488 3681 3723 3750 judicatur

2170 3786 2312 3854 apud
2345 3799 2458 3847 vos,
2493 3784 2533 3835 si
2560 3784 2700 3837 Deus
2724 3791 2969 3835 mortuos
2991 3780 3226 3834 suscitat
3258 3779 3283 3832 ?
3319 3780 3391 3833 Et
3416 3793 3517 3844 ego
3540 3774 3726 3844 quidem

2169 3879 2607 3933 existimaveram
2644 3890 2730 3928 me
2760 3873 3026 3928 adversus
3069 3887 3282 3927 nomen
3320 3873 3456 3928 Iesu
3500 3863 3729 3923 .‘iazareni

2172 3967 2374 4021 debere
2405 3966 2573 4019 multa
2598 3964 2875 4019 contraria
2912 3978 3094 4032 agere.
3127 3961 3302 4027 Quod
3336 3970 3393 4014 et
3418 3956 3731 4014 IeciJeroso-

2174 4060 2353 4131 lymis,
2380 4071 2435 4112 et
2460 4059 2665 4111 multos
2694 4066 3011 4110 sanctorum
3069 4070 3171 4124 ego
3208 4055 3268 4108 in
3325 4051 3637 4107 carceribus
3667 4046 3734 4097 in-

2172 4152 2332 4213 clusi,
2367 4169 2395 4204 a
2420 4148 2760 4218 principibus
2789 4147 3132 4201 sacerdotum
3165 4154 3463 4215 potestate
3500 4147 3735 4206 accepta:

2172 4255 2228 4298 et
2285 4258 2411 4299 cum
2470 4241 2878 4305 occiderentur,
2928 4239 3100 4294 detuli
3168 4237 3545 4293 sententiam.
3573 4232 3629 4284 Et
3660 4241 3736 4297 per

2175 4350 2366 4390 omnes
2401 4349 2699 4405 synagogas
2727 4332 3043 4402 frequenter
3079 4331 3333 4400 puniens
3364 4336 3503 4395 eos},
3530 4322 3741 4392 compel-

494 4449 619 4488 cum
651 4449 828 4488 essem
863 4432 1240 4504 Jerosolymis,
1270 4432 1528 4515 adierunt
1556 4449 1641 4487 me
1678 4433 1955 4502 principes
1989 4448 2074 4486 sa-
2105 4430 2151 4489 D
2181 4427 2355 4482 lebam
2391 4426 2770 4495 blasphemare
2809 4440 2825 4479 :
2861 4434 2914 4478 et
2948 4422 3187 4492 amplius
3220 4423 3525 4477 insaniens
3554 4420 3605 4472 in
3645 4427 3737 4515 e05.

492 4526 799 4587 ccrdotum,
827 4536 882 4581 et
936 4528 1181 4581 seniores
1209 4526 1521 4581 Iudaeorum
1551 4567 1565 4591 ,
1602 4525 1937 4595 postulantes
1969 4524 2066 4578 ad—

493 4635 690 4675 versus
712 4621 865 4674 illum
886 4620 1318 4675 damnationem.
1342 4618 1420 4672 Ad
1447 4634 1586 4688 quos
1611 4617 1865 4687 respondi
1897 4635 1907 4669 :
1930 4616 2067 4682 Quia

494 4728 607 4767 non
636 4722 719 4768 est
753 4714 1013 4767 Romanis
1033 4712 1375 4767 consuetudo
1399 4711 1661 4765 damnare
1692 4710 1929 4777 aliquem
1968 4710 2068 4763 ho-

496 4802 700 4856 minem
720 4804 1036 4872 priusquam
1059 4804 1103 4856 is
1120 4803 1212 4872 qui
1234 4812 1539 4866 accusatur,
1560 4810 1854 4871 prazsentcs
1872 4799 2069 4853 habeat

494 4905 865 4960 accusatores,
899 4894 1192 4963 locumque
1219 4893 1546 4947 defendendi
1572 4892 1806 4962 accipiat
1828 4892 1893 4945 ad
1915 4890 2071 4944 ablu-

493 4986 634 5040 enda
662 4985 920 5040 crimina.
952 4985 1089 5040 Cum
1115 5001 1245 5055 ergo
1272 4986 1379 5040 huc
1406 4986 1794 5039 convenissent
1816 4983 1933 5038 sine
1961 4981 2068 5036 ulla

490 5077 774 5142 dilatione,
804 5078 1050 5146 sequenti
1096 5077 1185 5131 die
1216 5076 1415 5130 sedens
1447 5091 1545 5142 pro
1597 5075 1878 5141 tribunali,
1906 5072 2071 5141 jussit

491 5170 689 5226 adduci
719 5170 917 5223 virum.
950 5168 1025 5223 De
1055 5184 1185 5238 quo,
1218 5185 1340 5223 cum
1378 5171 1658 5224 stetissent
1700 5177 2066 5233 accusatores,

492 5264 698 5318 nullam
725 5275 945 5315 causam
1000 5259 1340 5323 deferebant,
1371 5260 1438 5314 de
1461 5259 1663 5329 quibus
1698 5274 1799 5329 ego
1823 5260 2073 5327 suspica-

490 5352 830 5407 bartnalum.
856 5350 1197 5416 Quaestiones
1224 5366 1353 5405 vero
1387 5351 1646 5419 quasdam
1674 5350 1741 5403 de
1759 5364 1858 5403 sua
1882 5364 2071 5417 supcr-

492 5446 719 5501 stitione
783 5443 1061 5497 habebant
1093 5443 1382 5496 adversum
1432 5459 1558 5497 eum
1586 5483 1601 5506 ,
1632 5451 1684 5496 et
1719 5442 1785 5495 de
1833 5442 2069 5510 quodam

490 5534 620 5591 Jesu
647 5536 931 5600 defuncto,
961 5551 1122 5606 quem
1156 5534 1464 5588 atﬁrmabat
1496 5536 1696 5588 Paulus
1717 5534 1922 5587 vivere.
1953 5533 2073 5587 llae-

489 5628 668 5682 sitans
699 5638 881 5682 autem
914 5643 1015 5698 ego
1051 5629 1115 5681 de
1138 5627 1446 5697 bujusmodi
1476 5625 1800 5696 quaestione,
1826 5626 2068 5679 dicebam

490 5718 538 5771 si
573 5719 732 5774 vellet
776 5720 856 5775 ire
904 5718 1321 5789 Jerosolymam,
1366 5727 1420 5773 et
1449 5718 1520 5773 ibi
1549 5717 1783 5788 judicari
1824 5718 1890 5773 de
1926 5717 2069 5775 istis.

2177 4522 2547 4590 persequebar
2575 4533 2745 4587 usque
2774 4518 2829 4570 in
2856 4527 3075 4571 exteras
3110 4515 3416 4569 civitates.
3469 4512 3528 4567 In
3575 4507 3742 4579 quibus

2177 4614 2306 4668 dum
2336 4613 2470 4665 irem
2505 4610 2826 4665 Damascum
2887 4622 3013 4662 cum
3052 4615 3347 4676 potestate
3401 4615 3460 4660 et
3510 4600 3738 4672 permissu

2176 4703 2487 4773 principum
2518 4701 2884 4762 sacerdotum,
2916 4698 3006 4753 die
3036 4698 3229 4751 media
3262 4698 3322 4751 in
3354 4697 3473 4761 via,
3499 4693 3626 4758 vidi,
3653 4701 3744 4748 rex.

2177 4799 2245 4854 de
2273 4799 2412 4853 etelo
2433 4812 2595 4863 supra
2630 4793 2976 4865 splendorem
3030 4791 3164 4845 solis
3219 4790 3657 4846 circumfulsisse
3679 4792 3745 4833 tne

2176 4892 2384 4953 lumen,
2411 4898 2467 4944 et
2510 4903 2607 4943 eos
2635 4886 2728 4957 qui
2764 4899 2972 4939 mecum
3012 4882 3180 4938 simul
3222 4892 3423 4940 erant.
3476 4879 3746 4941 Omnequ

2177 4996 2279 5036 nos
2311 4994 2436 5035 cum
2462 4977 2861 5032 decidissemus
2893 4974 2945 5026 in
2972 4982 3205 5037 terram,
3236 4971 3441 5025 audivi
3483 4980 3655 5021 vocem
3686 4962 3746 5013 lo-

2178 5080 2439 5144 quentem
2478 5069 2615 5124 mihi
2653 5066 2923 5122 Hebraica
2948 5064 3129 5132 lingua
3161 5079 3177 5116 :
3211 5064 3422 5127 Saule,
3448 5048 3746 5124 Saule,quid

2180 5181 2267 5220 me
2297 5163 2651 5235 persequeris
2680 5161 2704 5213 ?
2761 5159 2959 5213 durum
2989 5166 3073 5210 est
3125 5154 3241 5208 tibi
3273 5165 3479 5209 contra
3505 5148 3749 5206 stimulum

2178 5259 2491 5313 calcitrare.
2519 5255 2634 5323 Ego
2664 5263 2847 5307 autem
2880 5251 2990 5304 dixi
3023 5265 3038 5304 :
3065 5247 3213 5314 Quis
3241 5264 3333 5313 es,
3365 5241 3641 5303 Domine?
3666 5238 3749 5292 Do.

2182 5350 2361 5404 minus
2384 5355 2566 5401 autem
2601 5344 2738 5399 dixit
2767 5360 2780 5397 :
2812 5342 2922 5412 Ego
2948 5356 3068 5394 sum
3098 5339 3284 5394 Jesus
3308 5356 3485 5409 quem
3516 5346 3570 5390 tu
3604 5341 3754 5402 perse-

2177 5439 2387 5509 queris.
2440 5435 2545 5489 Sed
2578 5448 2831 5501 exsurge,
2869 5441 2919 5485 et
2950 5442 3032 5485 sta
3087 5445 3277 5498 super
3312 5434 3495 5500 pedes
3528 5438 3675 5479 tuos:
3701 5413 3754 5470 ad

2179 5535 2286 5587 hoc
2309 5532 2458 5587 enim
2502 5528 2728 5598 apparui
2754 5526 2873 5589 tibi,
2910 5534 2968 5578 ut
2999 5523 3365 5577 constituam
3400 5532 3453 5576 te
3484 5520 3757 5573 ministrum

2178 5632 2235 5676 et
2266 5631 2459 5677 testem
2490 5633 2683 5672 eorum
2720 5631 2841 5686 quae
2869 5613 3075 5677 vidisti,
3103 5621 3169 5666 et
3205 5628 3429 5668 eorum
3459 5610 3651 5681 quibus
3678 5614 3760 5669 ap-

2179 5713 2384 5784 parebo
2417 5709 2536 5777 tibi,
2574 5709 2816 5779 eripiens
2847 5718 2897 5764 te
2927 5706 2995 5763 de
3027 5704 3275 5777 populo,
3331 5716 3392 5761 et
3427 5700 3686 5777 gentibus,
3714 5692 3759 5746 in
