3946 6170
253 281 328 342 7m
1412 282 1643 342 LIBER
1691 247 2002 342 ACTUlIM
2048 281 2311 342 arosr.

3370 270 3475 331 762

251 408 372 461 quas
403 406 547 445 nunc
575 406 675 461 ego
702 391 859 444 mitto
889 399 939 445 te
963 432 979 457 ,
1012 392 1230 461 aperire
1280 392 1469 446 oculos
1504 406 1718 452 eorum,
1748 401 1803 443 ut
1839 404 1879 459 Α
1917 392 2229 447 animarum
2301 398 2609 445 nostrarum
2640 432 2654 455 ,
2722 386 2917 457 incipit
2977 398 3097 440 esse
3162 382 3433 451 navigatio
3459 418 3474 433 .

248 502 272 539 e
296 492 626 537 :uvertantur
662 499 688 534 a
721 483 964 537 tenebris
1008 484 1074 537 ad
1104 486 1306 549 lucem,
1335 494 1388 537 et
1422 484 1489 538 de
1528 493 1797 553 potestate

253 579 450 633 Satanae
482 574 547 627 ad
583 575 774 639 Deum,
801 585 860 629 ut
893 575 1170 645 accipiant
1193 576 1570 629 remissionem
1605 591 1801 645 pecca-

246 680 432 730 torum,
460 677 515 720 et
548 679 752 720 sortem
779 668 921 720 inter
942 676 1182 730 sanctos,
1215 684 1311 735 per
1345 668 1503 720 Iidem
1528 705 1543 728 ,
1573 683 1691 735 quae
1717 676 1799 722 est

244 764 290 813 in
323 777 351 810 n
377 774 427 812 e.
474 757 647 822 Unde,
684 774 775 812 rex
803 758 1063 827 Agrippa.
1100 775 1205 811 non
1231 758 1303 811 fui
1340 758 1652 811 incredulus
1686 773 1823 839 cura.

241 858 346 911 Ie~ti
383 853 579 907 visioni
619 870 632 906 :
692 852 784 906 sed
817 853 932 910 his.
964 853 1054 921 qui
1083 861 1209 905 sunt
1251 852 1493 904 Damasci
1521 854 1757 920 primum
1782 894 1796 915 ,

242 960 289 1003 et
317 946 691 1016 Jcrosolymis,
730 954 783 998 et
813 945 865 997 in
899 960 1117 997 omnem
1156 944 1437 1010 regionem
1470 943 1671 997 ludam
1698 984 1712 1005 ,
1745 951 1800 996 et

242 1040 487 1110 gentibus
524 1038 942 1096 annnntiabam,
983 1047 1040 1089 ut
1066 1036 1444 1103 paenitentiam
1474 1044 1719 1103 agerent,
1745 1043 1800 1087 et

243 1138 686 1183 converter.-ntnr
713 1127 777 1181 ad
804 1128 973 1180 Deum
998 1167 1011 1189 ,
1067 1127 1227 1197 digna
1263 1126 1597 1195 ptenitentite
1636 1132 1803 1194 Opera

241 1223 517 1275 iacientes.
553 1217 660 1272 llac
687 1233 752 1270 ex
783 1232 945 1270 causa
982 1233 1067 1270 me
1096 1217 1303 1279 Judaei,
1329 1216 1452 1270 cum
1506 1231 1684 1271 essem
1745 1217 1798 1269 in

242 1314 453 1381 templo,
487 1311 941 1380 comprehensmn
978 1310 1259 1363 tentabant
1293 1309 1627 1364 interﬁcere.
1682 1309 1796 1363 Au-

242 1406 361 1460 xilio
389 1414 570 1459 autem
609 1405 829 1473 adjutus
856 1402 972 1466 Dei,
1009 1418 1180 1471 usque
1212 1403 1266 1455 in
1303 1402 1629 1455 hodiernum
1655 1402 1797 1456 diem

241 1510 332 1562 sto,
363 1498 663 1551 testillcans
690 1498 890 1549 minori
925 1505 1088 1564 atque
1122 1496 1335 1565 majori,
1369 1496 1499 1548 nihil
1527 1490 1681 1548 extr'a
1710 1494 1796 1548 di-

239 1605 356 1644 cens
388 1604 547 1658 quam
585 1604 683 1664 ea,
714 1604 833 1655 qua:
882 1588 1163 1657 prophetae
1220 1586 1387 1640 loeuti
1437 1597 1567 1641 sunt
1614 1588 1797 1641 futura

238 1697 367 1743 esse,
399 1691 457 1735 et
492 1680 702 1749 Moyses
742 1697 755 1732 :
794 1681 838 1733 si
875 1678 1148 1747 passibilis
1201 1677 1473 1744 Christus,
1515 1678 1557 1731 si
1584 1682 1798 1748 primus

1907 484 2175 540 Centurio
2234 495 2415 538 autem
2484 482 2839 553 gubernatori
2880 491 2938 535 et
2982 478 3244 533 nauclero
3303 474 3479 541 magis

1906 578 2183 643 credebat,
2216 592 2378 647 quam
2430 578 2517 632 his
2545 593 2665 646 qu:e
2705 591 2733 628 a
2760 574 2931 628 Paulo
3004 570 3354 625 dicebantur.
3413 565 3482 619 Et

1906 685 2030 723 cum
2066 680 2225 738 aptus
2252 680 2441 739 portus
2474 688 2576 723 non
2610 678 2755 723 esset
2785 669 2850 721 ad
2875 663 3266 733 ihiemandum,
3303 659 3483 727 pluri-

1908 763 1981 814 mi
2011 771 2321 817 statuerunt
2351 762 2645 815 consilium
2670 760 2921 828 navigare
2950 757 3099 819 inde,
3138 754 3183 809 si
3206 748 3481 821 quomodo

1908 866 2133 923 possent
2187 854 2542 909 devenientes
2569 853 2904 915 thnieem,
2954 850 3216 906 hiemare.
3252 854 3478 913 portum

1907 947 2084 1000 Creta:
2110 947 2491 1015 respicientem
2525 946 2589 999 ad
2613 945 2881 1007 Africum,
2902 951 2958 996 et
2980 942 3045 995 ad
3079 940 3302 993 Corum.
3325 934 3483 1002 Aspi-

1909 1051 2065 1093 rante
2122 1050 2302 1094 autem
2360 1050 2569 1105 austro,
2608 1022 2972 1092 'mstimantes
3039 1031 3378 1101 propositum
3421 1041 3482 1079 se

1910 1141 2115 1199 tenere,
2138 1150 2259 1187 cum
2285 1135 2639 1187 sustulissent
2665 1132 2732 1186 de
2752 1133 2946 1193 Asson,
2966 1128 3215 1195 legebant
3238 1124 3477 1177 Cretam.

1908 1225 2025 1279 Non
2065 1235 2185 1294 post
2236 1225 2470 1279 multum
2528 1234 2710 1277 autem
2772 1222 3001 1276 misitse
3051 1227 3240 1272 contra
3304 1216 3480 1283 ipsam

1907 1329 2100 1373 ventus
2132 1317 2505 1388 Typhonicus,
2545 1318 2636 1387 qui
2672 1324 2899 1370 vocatur
2925 1311 3281 1377 Euroaquilo.
3310 1307 3480 1361 Cum-

1906 1426 2012 1479 que
2038 1423 2253 1480 arrepta
2288 1419 2433 1465 esset
2463 1410 2635 1469 navis.
2665 1420 2719 1462 et
2779 1424 2885 1461 non
2949 1414 3127 1475 posset
3184 1403 3370 1456 conari
3426 1400 3482 1452 in

1904 1513 2150 1569 ventum,
2182 1504 2307 1559 data
2335 1520 2470 1558 nave
2510 1504 2751 1568 flatibus,
2790 1502 3118 1555 ferebamur.
3146 1498 3203 1549 lu
3247 1495 3481 1547 insulam

1906 1605 2085 1650 autem
2117 1597 2417 1665 quamdam
2454 1603 2833 1656 decurrentes,
2877 1608 2997 1661 qua:
3019 1598 3247 1644 vocatur
3277 1587 3483 1647 (lauda.

1907 1688 2186 1759 potuimus
2215 1688 2301 1739 vix
2330 1687 2579 1739 obtinere
2638 1685 2917 1753 scapham.
2949 1680 3063 1747 Qua
3102 1678 3339 1743 sublata,
3381 1677 3483 1731 ad-

238 1790 295 1825 ex
323 1772 731 1826 resurrectione
756 1783 1122 1835 mortuorum,
1154 1768 1335 1825 lumen
1360 1774 1792 1828 annuntiaturus
1828 1758 1874 1820 Β
1898 1758 2122 1844 jutoriis
2162 1774 2479 1838 utebantur,
2506 1773 2857 1840 accingentes
2880 1784 3096 1831 navem,
3124 1770 3380 1821 timentes
3414 1779 3483 1820 ne

238 1875 310 1917 est
339 1866 566 1933 pepulo,
625 1874 681 1918 et
716 1864 995 1933 gentibus.
1030 1861 1155 1917 Haec
1192 1864 1451 1932 loquente
1489 1879 1579 1930 eo,
1610 1874 1665 1918 et
1707 1881 1796 1919 ra-

241 1959 432 2009 tionem
469 1956 751 2015 reddente.
778 1957 971 2010 Festus
992 1971 1185 2027 magna
1210 1971 1341 2010 voce
1369 1957 1504 2011 dixit
1524 1973 1539 2009 :
1558 1957 1796 2023 Insanis,

238 2050 411 2112 Paule,
447 2050 630 2103 multa:
661 2058 711 2103 te
748 2050 940 2103 littera:
992 2049 1059 2103 ad
1118 2050 1383 2103 insaniam
1448 2060 1798 2105 convertunt.

238 2142 295 2195 Et
326 2142 527 2197 Paulus
557 2158 571 2197 :
604 2140 719 2195 Non
754 2142 969 2197 insanio
990 2142 1239 2211 (inquit),
1267 2144 1473 2212 optime
1497 2143 1675 2209 Feste,
1704 2143 1799 2198 scd

236 2238 479 2291 veritatis
510 2247 564 2289 et
598 2236 913 2289 sobrietatis
949 2239 1111 2289 verba
1149 2236 1366 2304 loquor.
1398 2236 1513 2290 Scit
1556 2237 1701 2290 enim
1732 2237 1799 2289 de

240 2327 315 2380 his
336 2344 449 2384 rex.
476 2328 541 2380 ad
574 2342 734 2395 quem
756 2338 809 2381 et
830 2336 1144 2379 constanter
1177 2325 1373 2394 loquor
1405 2344 1419 2379 :
1453 2327 1623 2379 latere
1652 2327 1797 2378 enim

237 2436 351 2472 tum
388 2420 521 2472 nihil
556 2419 748 2471 horum
782 2419 1039 2471 arbitror.
1080 2418 1264 2487 Neque
1312 2418 1456 2471 enim
1505 2418 1558 2471 in
1602 2420 1800 2487 angulo

235 2514 523 2584 quidquam
561 2513 757 2566 horum
792 2522 1001 2581 gestum
1034 2520 1137 2566 est.
1174 2511 1387 2575 Credis,
1422 2529 1513 2565 rex
1538 2513 1796 2582 Agrippa,

236 2606 563 2675 prophetis?
620 2605 744 2659 Scio
786 2606 910 2674 quia
978 2605 1179 2659 credis.
1227 2606 1459 2676 Agrippa
1522 2615 1701 2659 autem
1733 2605 1806 2670 ad,

236 2700 456 2752 l'aulum
487 2722 498 2754 ;
533 2700 591 2753 ln
634 2699 847 2751 modico
882 2697 1077 2751 suades
1110 2711 1193 2750 me
1245 2696 1617 2750 Christianum
1660 2696 1799 2750 ﬁeri.

230 2790 289 2844 Et
323 2790 526 2845 Paulus
554 2808 567 2845 ;
598 2790 739 2860 Opto
764 2790 908 2859 apud
944 2790 1137 2851 Deum,
1188 2797 1243 2842 et
1276 2788 1329 2841 in
1369 2788 1607 2852 modico,
1657 2799 1711 2842 et
1745 2788 1799 2842 in

231 2899 448 2952 magno,
475 2899 582 2938 non
616 2892 822 2937 tantum
860 2892 933 2947 te,
965 2883 1056 2937 sed
1112 2882 1277 2937 etiam
1332 2898 1522 2936 omnes
1568 2882 1658 2951 qui
1700 2898 1799 2933 au-

228 2976 409 3041 diunt,
448 2976 610 3031 hodie
643 2976 757 3029 fieri
780 2975 934 3038 tales,
963 2974 1141 3044 qualis
1164 2984 1338 3045 etego
1374 2990 1517 3041 sum,
1549 2976 1794 3042 exceptis

230 3068 463 3122 vinculis
498 3068 605 3121 his.
645 3067 711 3121 Et
742 3066 1049 3121 exsurrexit
1090 3082 1204 3131 rex,
1240 3074 1294 3119 et
1322 3079 1544 3135 praeses,
1577 3073 1632 3117 et
1668 3062 1798 3116 Der-

224 3163 370 3229 nicc,
404 3171 458 3217 et
488 3164 581 3233 qui
603 3161 918 3215 assidebam
952 3160 1052 3214 eis.
1086 3158 1153 3214 Et
1183 3174 1304 3213 cum
1330 3158 1703 3220 secessissent,
1726 3156 1799 3209 lo-

227 3257 539 3327 quebantur
567 3258 632 3309 ad
665 3257 924 3316 invicem,
951 3254 1196 3307 dicentes
1224 3268 1238 3306 :
1271 3252 1407 3315 Quia
1438 3250 1574 3303 nihil
1603 3258 1798 3313 morte,

226 3360 323 3403 aut
350 3348 587 3403 vinculis
634 3348 855 3415 dignum
884 3346 1014 3412 quid
1059 3343 1188 3397 fecit
1213 3344 1378 3395 homo
1408 3342 1528 3395 iste.
1565 3342 1799 3409 Agrippa

228 3452 414 3495 autem
452 3440 612 3494 Festo
645 3440 782 3490 dixit
813 3452 825 3488 :
873 3436 1079 3488 Dimitti
1141 3443 1355 3504 poterat
1394 3434 1555 3485 homo
1609 3432 1719 3495 hic,
1755 3431 1801 3486 si

225 3548 334 3586 non
372 3531 700 3601 appellasset
727 3528 1016 3582 Caasarein.

295 3622 456 3695 [Cap.
492 3619 728 3690 XXVIIJ
756 3619 826 3685 Ut
858 3627 1037 3672 autem
1074 3614 1377 3686 judicatum
1409 3622 1493 3668 est
1546 3614 1801 3682 navigare

222 3731 354 3769 eum
396 3718 450 3769 in
489 3714 715 3777 ltaliazn,
747 3721 803 3765 et
830 3711 965 3766 tradi
1001 3710 1227 3763 Paulum
1262 3723 1383 3760 cum
1421 3707 1645 3775 reliquis
1681 3722 1805 3760 cus-

224 3809 397 3862 todiis
430 3803 739 3860 centurioni
779 3804 1000 3856 nomine
1022 3800 1169 3853 Iulio
1217 3799 1461 3854 cohortis
1524 3804 1801 3866 Augustae,

221 3901 595 3953 ascendentes
630 3910 824 3949 navem
854 3894 1292 3955 Adrumetinam,
1329 3891 1658 3960 incipientes
1699 3905 1803 3942 na-

220 3995 415 4060 vigare
444 3992 589 4045 circa
640 3989 783 4042 Asia:
811 3987 951 4050 loca,
1009 3985 1353 4045 sustulimus,
1417 3993 1805 4051 perseverante

219 4088 516 4139 nobiscum
538 4081 854 4137 Aristarcho
869 4078 1161 4133 Macedone
1180 4076 1680 4130 Thessalonicensi.
1706 4075 1805 4128 Se-

216 4175 422 4243 quenti
456 4182 639 4226 autem
688 4172 775 4225 die
834 4170 1159 4223 devenimus
1214 4168 1494 4224 Sidobem.
1557 4168 1805 4223 Humane

222 4280 423 4322 autem
459 4275 697 4321 tractans
722 4265 898 4321 Julius
933 4265 1184 4329 Paulum,
1217 4265 1466 4334 permisit
1501 4264 1567 4317 ad
1598 4264 1805 4317 amicos

212 4359 329 4419 ire.
357 4368 419 4413 et
444 4374 632 4413 curam
662 4358 745 4413 sui
768 4372 952 4427 agere.
974 4358 1037 4412 Et
1065 4358 1192 4411 inde
1219 4372 1341 4410 cum
1368 4356 1803 4420 sustulissemus,

1901 1870 1955 1923 in
1990 1868 2202 1938 Syriam
2234 1848 2563 1930 inciderent,
2620 1864 2895 1919 submisso
2950 1878 3076 1916 vase
3100 1863 3180 1915 sic
3236 1860 3487 1913 fereban-

1903 1970 2011 2014 tur.
2049 1960 2233 2014 Valide
2263 1969 2447 2013 autem
2485 1958 2646 2012 nobis
2709 1964 3038 2026 tempestate
3096 1954 3334 2024 iactatis,
3394 1966 3482 2005 se-

1901 2054 2089 2123 quenti
2118 2055 2206 2107 die
2254 2057 2457 2122 jactum
2519 2051 2825 2105 fecerunt:
2890 2059 2944 2101 et
2998 2048 3155 2101 tertia
3217 2045 3305 2099 die
3369 2044 3485 2098 suis

1904 2147 2155 2199 manibus
2184 2154 2518 2198 armamenta
2545 2143 2699 2197 navis
2750 2143 3125 2211 projecerunt.
3168 2137 3357 2206 Neque
3386 2152 3482 2189 att-

1902 2250 2008 2291 tem
2033 2239 2169 2302 sole,
2196 2252 2374 2305 neque
2406 2236 2683 2291 sideribus
2730 2233 3122 2303 apparentibus
3162 2245 3259 2299 per
3298 2230 3484 2298 plures

1902 2332 2039 2392 dies,
2101 2337 2155 2382 et
2186 2338 2508 2397 tempestate
2571 2341 2680 2379 non
2740 2324 2935 2391 exigua
2989 2320 3332 2383 imminente,
3368 2319 3481 2387 jam

1903 2423 2079 2477 ablata
2099 2431 2216 2475 erat
2247 2436 2368 2488 spes
2388 2419 2565 2472 omnis
2595 2416 2785 2472 salutis
2813 2426 3033 2469 nostra.
3090 2413 3295 2466 Etcum
3346 2411 3485 2463 mul—

1903 2515 2252 2585 tajejunatio
2282 2514 2492 2578 fuisset,
2537 2520 2667 2564 tunc
2723 2518 2872 2563 stans
2936 2508 3138 2561 Paulus
3178 2508 3231 2558 in
3299 2502 3481 2556 medio

1902 2622 2118 2670 eorum,
2154 2605 2337 2659 dixit:
2392 2602 2691 2673 Oportebat
2744 2600 2989 2670 quidem,
3028 2614 3060 2651 ο
3108 2597 3234 2658 viri,
3294 2594 3484 2647 audito

1906 2715 2012 2762 me,
2072 2714 2180 2752 non
2215 2698 2407 2751 tollere
2452 2711 2483 2749 a
2516 2694 2696 2753 Creta.
2739 2693 2988 2761 lucrique
3018 2692 3196 2744 laeere
3224 2688 3478 2758 injuriam

1903 2790 2045 2843 hanc
2072 2799 2124 2841 et
2152 2789 2440 2857 jacturam.
2468 2783 2529 2838 Et
2558 2801 2702 2838 nunc
2727 2783 2929 2837 suadeo
2969 2781 3126 2835 vobis
3171 2781 3313 2833 bono
3362 2778 3482 2832 aui-

1907 2896 1993 2934 mo
2017 2896 2153 2933 esse.
2192 2878 2426 2931 Amissio
2455 2878 2599 2930 enim
2626 2875 2829 2928 nullius
2849 2874 3044 2926 animze
3074 2872 3179 2925 erit
3204 2885 3267 2924 ex
3297 2870 3476 2932 vobis,

1906 2983 2269 3043 praeterquam
2306 2972 2487 3026 navis.
2512 2970 2714 3039 ,Astitit
2769 2969 2916 3023 enim
2972 2966 3108 3021 mihi
3167 2967 3267 3019 hac
3318 2975 3479 3018 nocte

1909 3066 2131 3136 angelus
2163 3066 2280 3127 Dei,
2310 3066 2465 3133 cuius
2485 3078 2603 3115 sum
2646 3078 2768 3128 ego,
2820 3071 2875 3115 et
2923 3060 3012 3114 cui
3066 3058 3340 3119 deservio,
3400 3057 3483 3109 di-

1904 3176 2066 3215 cens:
2100 3160 2178 3214 Ne
2213 3160 2431 3223 timeas,
2459 3158 2643 3220 Paule,
2667 3154 2865 3211 Caesari
2890 3164 2943 3207 te
2990 3162 3207 3222 oportet
3260 3151 3485 3205 assiste-

1906 3269 1963 3305 re
1996 3271 2010 3306 :
2040 3261 2095 3306 et
2133 3268 2261 3306 ecce
2289 3252 2514 3305 donavit
2551 3250 2647 3303 tibi
2685 3250 2825 3303 Deus
2856 3262 3049 3301 omnes
3081 3248 3174 3315 qui
3229 3246 3479 3311 navigant

1906 3355 2108 3398 tecum.
2147 3345 2377 3412 Propter
2444 3343 2588 3410 quod
2635 3342 2778 3395 bono
2826 3343 3013 3394 animo
3068 3346 3268 3401 estote,
3326 3338 3477 3390 viri:

1905 3439 2071 3492 credo
2099 3438 2244 3491 enim
2282 3436 2411 3501 Deo,
2442 3436 2570 3503 quia
2606 3436 2683 3488 sic
2714 3436 2839 3497 erit,
2882 3431 3341 3501 quemadmodum
3370 3431 3483 3484 dic-

1907 3532 2303 3585 tuutestmibi.
2336 3529 2393 3584 ln
2426 3531 2659 3584 insulam
2709 3542 2891 3583 autem
2935 3528 3229 3597 quamdam
3268 3534 3487 3595 oportet

1908 3639 2004 3677 nos
2056 3625 2329 3678 devenire.
2356 3623 2461 3677 Sed
2492 3632 2851 3691 posteaquam
2900 3630 3093 3688 quarta
3123 3618 3335 3672 decima
3376 3632 3487 3671 nox

1906 3715 2246 3784 supervenit,
2272 3714 2661 3784 navigantibus
2697 3714 2859 3765 nobis
2894 3712 2948 3763 in
2980 3709 3145 3763 Adria
3176 3711 3322 3763 circa
3362 3723 3479 3761 me-

1906 3808 2050 3860 diam
2082 3817 2322 3870 noctem,
2370 3805 2792 3874 suspicabantur
2820 3812 2995 3856 nauta:
3051 3816 3317 3871 apparere
3377 3798 3483 3855 sibi

1906 3898 2141 3966 aliquam
2201 3898 2499 3965 regionem.
2531 3895 2633 3960 Qui
2683 3904 2739 3949 et
2800 3895 3185 3951 submittentes
3222 3893 3482 3959 bolidem,

1908 3991 2236 4043 invenerunt
2263 4004 2453 4058 passus
2491 3983 2683 4058 viginti
2715 3997 2809 4042 :et
2853 3988 3109 4057 pusillum
3161 3988 3289 4042 inde
3328 4002 3487 4056 sepa-

1908 4084 2034 4146 rati,
2076 4085 2403 4137 invenerunt
2427 4098 2618 4153 passus
2670 4082 3011 4151 quindecim.
3062 4081 3340 4135 Timentes
3380 4096 3483 4135 au-

1910 4185 2015 4232 tem
2051 4194 2118 4230 nc
2150 4180 2203 4231 in
2232 4192 2424 4246 aspera
2446 4178 2560 4231 loca
2589 4176 2984 4236 incideremus.
3019 4174 3085 4229 de
3133 4174 3298 4243 puppi
3356 4174 3484 4226 mit-

1911 4276 2087 4323 tentes
2104 4269 2373 4322 anchoras
2394 4274 2648 4336 quatuor,
2682 4269 2944 4337 0ptabant
2975 4264 3116 4318 diem
3162 4266 3302 4320 ﬁeri.
3339 4264 3485 4317 Nau-

1911 4363 1980 4415 tis
2003 4376 2132 4414 vero
2158 4360 2529 4428 quaerentibus
2561 4357 2747 4426 fugere
2771 4360 2837 4409 de
2866 4356 3011 4418 navl,
3042 4370 3166 4410 cum
3199 4354 3485 4407 misissent

212 4453 715 4521 subnavigavimus
736 4452 1001 4521 Cyprum,
1056 4461 1345 4521 propterea
1408 4452 1554 4517 quod
1620 4459 1806 4505 essent
1838 4448 2434 4522 Dscaphaminmare,
2472 4452 2574 4505 sub
2610 4452 2836 4504 obtentu
2895 4450 3053 4519 quasi
3099 4450 3406 4517 inciperent
3452 4464 3484 4503 a

205 4544 378 4595 venti
429 4544 709 4597 contrarii.
743 4544 811 4597 Et
840 4542 1063 4612 pelagus
1104 4543 1307 4598 Ciliciae
1368 4552 1423 4597 et
1479 4542 1805 4613 Pamphylia:

206 4632 580 4703 navigantes,
609 4636 863 4689 venimus
900 4635 1175 4706 Lystram,
1208 4650 1330 4704 quae
1360 4645 1443 4690 est
1475 4635 1652 4705 Lyciae
1692 4653 1705 4688 :
1747 4644 1806 4689 et

206 4729 293 4782 ibi
330 4730 633 4783 inveniens
673 4730 927 4785 centurio
966 4744 1157 4783 navem
1194 4729 1619 4785 Alexandrinam
1656 4729 1809 4783 navi-

204 4831 454 4890 gentem
481 4822 533 4875 in
600 4822 837 4888 Italiam,
910 4823 1247 4892 transposuit
1300 4838 1399 4877 nos
1469 4822 1523 4876 in
1555 4837 1700 4877 eam.
1742 4823 1808 4877 Et

200 4932 350 4968 cum
400 4916 582 4970 multis
612 4915 808 4969 diebus
842 4916 995 4970 tarde
1035 4915 1437 4985 navigaremus.
1478 4923 1535 4970 et
1586 4914 1672 4967 vix
1710 4913 1809 4969 de-

204 5006 580 5059 venissemus
612 5014 797 5059 contra
826 5004 1061 5060 Cnidum
1088 5020 1103 5058 :
1143 5003 1471 5073 prohibente
1494 5018 1592 5057 nos
1622 5012 1805 5069 vento,

199 5096 685 5165 adnavigavimus
710 5096 909 5155 Cretas,
932 5096 1083 5166 juxta
1108 5094 1418 5150 Sulmonem
1451 5112 1464 5147 :
1496 5103 1549 5147 et
1575 5094 1661 5147 vix
1681 5095 1805 5166 jux-

203 5201 263 5243 ta
306 5189 669 5258 navigantes,
720 5188 971 5242 venimus
1024 5186 1078 5240 in
1130 5186 1307 5240 locum
1362 5187 1676 5255 quemdam,
1713 5188 1807 5257 qui

197 5291 466 5337 vocatur
486 5282 836 5351 Boniportus,
865 5281 952 5335 cui
980 5281 1133 5350 juxta
1160 5292 1274 5335 erat
1306 5280 1498 5335 civitas
1524 5280 1803 5334 ThalaSsa.

199 5373 410 5426 Multo
448 5383 625 5426 autem
674 5375 934 5440 tempore:
972 5380 1223 5439 peracto,
1285 5378 1338 5423 et
1392 5386 1514 5424 cum
1547 5371 1655 5435 jam
1700 5388 1805 5425 non

195 5472 381 5522 esset
448 5474 557 5518 tuta
617 5464 917 5533 navigatio,
956 5478 1022 5517 eo
1073 5463 1220 5533 quod
1273 5472 1326 5517 et
1383 5464 1649 5533 jejunium
1695 5466 1805 5535 jam

200 5553 638 5622 praeteriisset,
709 5553 1102 5608 consolabatur
1167 5568 1261 5609 eos
1337 5555 1540 5609 Paulus
1617 5556 1807 5611 dicens

198 5648 296 5701 eis
329 5663 349 5699 :
404 5643 537 5709 Viri,
594 5645 753 5701 video
816 5646 1071 5714 quoniam
1132 5663 1259 5703 cum
1303 5648 1504 5718 injuria
1536 5657 1593 5703 et
1634 5652 1807 5704 multo

200 5738 466 5803 damno,
525 5751 635 5792 non
703 5736 875 5793 solani
934 5739 1113 5798 oneris
1152 5749 1207 5799 et
1247 5740 1423 5813 navis,
1487 5744 1579 5799 sed
1642 5744 1805 5799 etiam

1911 4562 2069 4614 prora
2090 4546 2359 4599 anchoras
2390 4549 2705 4607 extendere,
2739 4542 2879 4596 dixit
2934 4541 3140 4595 Paulus
3174 4540 3483 4595 centurioni

1908 4648 1963 4694 ct
1988 4639 2249 4693 militibus
2283 4657 2299 4695 :
2353 4637 2464 4692 Nisi
2522 4638 2575 4691 hi
2610 4639 2661 4692 in
2693 4638 2817 4690 navi
2858 4639 3179 4699 manserint,
3223 4653 3319 4691 vos
3347 4634 3486 4689 salvi

1911 4730 2025 4785 ﬂeri
2056 4746 2161 4785 non
2192 4730 2440 4801 potestis.
2482 4729 2638 4786 Tunc
2660 4731 3018 4786 absciderunt
3049 4732 3254 4788 milites
3323 4732 3489 4788 funes

1908 4823 2145 4891 scaphae,
2168 4834 2224 4879 et
2281 4824 2423 4894 passi
2456 4834 2586 4879 sunt
2625 4840 2743 4879 eam
2790 4826 3064 4881 excidere.
3116 4827 3338 4882 Etcum
3390 4828 3487 4882 lux

1909 4914 2177 4985 inciperet
2222 4918 2362 4980 ﬁeri.
2394 4918 2621 4987 rogabat
2652 4920 2854 4975 Paulus
2889 4936 3081 4975 omnes
3133 4936 3351 4975 sumere
3410 4922 3491 4977 ci-

1909 5006 2064 5073 bum,
2098 5008 2283 5063 dicens
2305 5025 2320 5065 :
2340 5009 2540 5074 Quarta
2559 5011 2772 5066 decima
2802 5012 2890 5067 die
2917 5014 3078 5067 hodie
3103 5023 3489 5084 exspectantes

1904 5101 2076 5171 jejuni
2105 5105 2457 5171 permanetis,
2484 5106 2621 5160 nihil
2676 5106 3029 5178 accipientes.
3084 5107 3315 5178 Propter
3336 5107 3483 5177 quod

1914 5210 2044 5263 rogo
2073 5195 2169 5249 vos
2191 5197 2438 5267 accipere
2486 5198 2669 5253 cibum
2704 5216 2802 5269 pro
2860 5201 3037 5255 salute
3088 5210 3268 5254 vestra
3301 5215 3315 5251 :
3352 5198 3481 5267 quia

1913 5288 2125 5341 nullius
2156 5297 2395 5342 vestrum
2430 5290 2662 5359 capillus
2697 5294 2763 5346 de
2788 5292 2967 5362 capite
2994 5290 3229 5361 peribit.
3262 5291 3329 5344 Et
3356 5305 3483 5345 cum

1914 5378 2030 5432 haec
2080 5379 2327 5444 dixisset,
2376 5398 2600 5437 sumens
2650 5399 2867 5452 panem,
2906 5387 3106 5455 gratias
3141 5385 3252 5455 egit
3283 5384 3393 5436 Deo
3425 5383 3478 5434 in

1913 5480 2207 5537 conspectu
2244 5475 2530 5527 omnium:
2567 5486 2765 5529 etcum
2793 5476 3057 5544 fregisset,
3110 5476 3277 5543 cmpit
3328 5489 3481 5527 man-

1912 5559 2134 5614 ducare.
2170 5562 2599 5631 Anima-quiores
2628 5575 2810 5622 autem
2836 5564 2959 5618 lacti
3010 5579 3221 5626 omnes,
3286 5572 3342 5617 et
3375 5560 3479 5631 ipsi

1912 5663 2264 5721 sumpserunt
2288 5656 2494 5711 cibum.
2524 5658 2902 5712 Eramnsvero
2954 5657 3220 5711 universae
3282 5658 3474 5710 anima:

1913 5744 1968 5801 in
2002 5747 2398 5803 naviduccntte
2444 5750 2791 5819 septuaginta
2824 5766 2933 5807 scx.
2998 5751 3064 5807 Et
3114 5752 3294 5808 satiati
3353 5749 3481 5807 cibo
