  <div class='ocr_page' id='page_1' title='image "/cluster/home/n/w/nwhite01/storage/ocr_20150623/29/hvd.32044096580519/397.png"; bbox 0 0 3946 6170; ppageno 0'>
   <div class='ocr_carea' id='block_1_1' title="bbox 494 315 601 378">
    <p class='ocr_par' dir='ltr' id='par_1_1' title="bbox 494 315 601 378">
     <span class='ocr_line' id='line_1_1' title="bbox 494 315 601 378; baseline 0.028 -3"><span class='ocrx_word' id='word_1_1' title='bbox 494 315 601 378; x_wconf 76' lang='lat'><strong>763</strong></span> 
     </span>
    </p>
   </div>
   <div class='ocr_carea' id='block_1_2' title="bbox 1401 314 2855 381">
    <p class='ocr_par' dir='ltr' id='par_1_2' title="bbox 1401 314 2855 381">
     <span class='ocr_line' id='line_1_2' title="bbox 1401 314 2855 381; baseline 0 -6"><span class='ocrx_word' id='word_1_2' title='bbox 1401 318 1458 381; x_wconf 79' lang='lat' dir='ltr'><strong>S.</strong></span> <span class='ocrx_word' id='word_1_3' title='bbox 1500 314 1933 379; x_wconf 74' lang='lat' dir='ltr'><strong>DIERONYMI</strong></span> <span class='ocrx_word' id='word_1_4' title='bbox 1986 315 2250 378; x_wconf 79' lang='lat' dir='ltr'><strong>DIVINA</strong></span> <span class='ocrx_word' id='word_1_5' title='bbox 2315 315 2855 377; x_wconf 73' lang='lat' dir='ltr'><strong>BlBLlOTlIECA.</strong></span> 
     </span>
    </p>
   </div>
   <div class='ocr_carea' id='block_1_3' title="bbox 3622 317 3719 381">
    <p class='ocr_par' dir='ltr' id='par_1_3' title="bbox 3622 317 3719 381">
     <span class='ocr_line' id='line_1_3' title="bbox 3622 317 3719 381; baseline 0.021 -3"><span class='ocrx_word' id='word_1_6' title='bbox 3622 317 3719 381; x_wconf 66' lang='grc'><strong>704</strong></span> 
     </span>
    </p>
   </div>
   <div class='ocr_carea' id='block_1_4' title="bbox 474 427 3715 499">
    <p class='ocr_par' dir='ltr' id='par_1_4' title="bbox 474 427 3715 499">
     <span class='ocr_line' id='line_1_4' title="bbox 474 427 3715 499; baseline 0 -20"><span class='ocrx_word' id='word_1_7' title='bbox 474 427 1321 499; x_wconf 65' lang='lat' dir='ltr'><strong>alleviahantnavem,jactautes</strong></span> <span class='ocrx_word' id='word_1_8' title='bbox 1344 429 1583 482; x_wconf 86' lang='lat' dir='ltr'><strong>triticum</strong></span> <span class='ocrx_word' id='word_1_9' title='bbox 1625 430 1676 481; x_wconf 90' lang='lat' dir='ltr'><strong>in</strong></span> <span class='ocrx_word' id='word_1_10' title='bbox 1711 445 1881 487; x_wconf 83' lang='lat' dir='ltr'><strong>mare.</strong></span> <span class='ocrx_word' id='word_1_11' title='bbox 1903 428 2040 484; x_wconf 90' lang='lat' dir='ltr'><strong>Cum</strong></span> <span class='ocrx_word' id='word_1_12' title='bbox 2077 437 2116 491; x_wconf 75' lang='grc' dir='ltr'>Λ</span> <span class='ocrx_word' id='word_1_13' title='bbox 2149 445 2316 483; x_wconf 91' lang='lat' dir='ltr'><strong>unum</strong></span> <span class='ocrx_word' id='word_1_14' title='bbox 2347 430 2488 484; x_wconf 88' lang='lat' dir='ltr'><strong>diem</strong></span> <span class='ocrx_word' id='word_1_15' title='bbox 2520 430 2680 483; x_wconf 78' lang='lat' dir='ltr'><strong>ﬂatile</strong></span> <span class='ocrx_word' id='word_1_16' title='bbox 2708 439 2918 488; x_wconf 65' lang='lat' dir='ltr'><strong>austro.</strong></span> <span class='ocrx_word' id='word_1_17' title='bbox 2952 428 3188 483; x_wconf 81' lang='lat' dir='ltr'><strong>secunda</strong></span> <span class='ocrx_word' id='word_1_18' title='bbox 3219 428 3306 481; x_wconf 87' lang='lat' dir='ltr'><strong>die</strong></span> <span class='ocrx_word' id='word_1_19' title='bbox 3341 428 3587 485; x_wconf 84' lang='lat' dir='ltr'><strong>venimus</strong></span> <span class='ocrx_word' id='word_1_20' title='bbox 3613 427 3715 480; x_wconf 83' lang='lat' dir='ltr'><strong>Pu-</strong></span> 
     </span>
    </p>
   </div>
   <div class='ocr_carea' id='block_1_5' title="bbox 478 514 2041 589">
    <p class='ocr_par' dir='ltr' id='par_1_5' title="bbox 478 514 2041 589">
     <span class='ocr_line' id='line_1_5' title="bbox 478 514 2041 589; baseline -0.001 -15"><span class='ocrx_word' id='word_1_21' title='bbox 478 531 661 575; x_wconf 80' lang='lat' dir='ltr'><strong>autem</strong></span> <span class='ocrx_word' id='word_1_22' title='bbox 696 522 813 576; x_wconf 79' lang='lat' dir='ltr'><strong>dies</strong></span> <span class='ocrx_word' id='word_1_23' title='bbox 836 520 1009 576; x_wconf 77' lang='lat' dir='ltr'><strong>factus</strong></span> <span class='ocrx_word' id='word_1_24' title='bbox 1040 531 1203 583; x_wconf 88' lang='lat' dir='ltr'><strong>esset,</strong></span> <span class='ocrx_word' id='word_1_25' title='bbox 1238 514 1571 574; x_wconf 58' lang='lat' dir='ltr'><strong>terram‘non</strong></span> <span class='ocrx_word' id='word_1_26' title='bbox 1625 525 1993 589; x_wconf 74' lang='lat' dir='ltr'><strong>agnoscebant</strong></span> <span class='ocrx_word' id='word_1_27' title='bbox 2024 536 2041 573; x_wconf 92' lang='lat'><strong>:</strong></span> 
     </span>
    </p>
   </div>
   <div class='ocr_carea' id='block_1_6' title="bbox 481 612 2046 682">
    <p class='ocr_par' dir='ltr' id='par_1_6' title="bbox 481 612 2046 682">
     <span class='ocr_line' id='line_1_6' title="bbox 481 612 2046 682; baseline 0 -16"><span class='ocrx_word' id='word_1_28' title='bbox 481 614 662 669; x_wconf 66' lang='lat' dir='ltr'><strong>sinum</strong></span> <span class='ocrx_word' id='word_1_29' title='bbox 692 629 823 667; x_wconf 90' lang='lat' dir='ltr'><strong>vero</strong></span> <span class='ocrx_word' id='word_1_30' title='bbox 852 613 1141 682; x_wconf 84' lang='lat' dir='ltr'><strong>quemdam</strong></span> <span class='ocrx_word' id='word_1_31' title='bbox 1170 612 1595 667; x_wconf 89' lang='lat' dir='ltr'><strong>considerabant</strong></span> <span class='ocrx_word' id='word_1_32' title='bbox 1629 613 1924 667; x_wconf 91' lang='lat' dir='ltr'><strong>habentem</strong></span> <span class='ocrx_word' id='word_1_33' title='bbox 1953 615 2046 666; x_wconf 89' lang='lat' dir='ltr'><strong>lit-</strong></span> 
     </span>
    </p>
   </div>
   <div class='ocr_carea' id='block_1_7' title="bbox 482 703 2045 772">
    <p class='ocr_par' dir='ltr' id='par_1_7' title="bbox 482 703 2045 772">
     <span class='ocr_line' id='line_1_7' title="bbox 482 703 2045 772; baseline 0.003 -18"><span class='ocrx_word' id='word_1_34' title='bbox 482 713 592 769; x_wconf 65' lang='grc' dir='ltr'><strong>πυτ,</strong></span> <span class='ocrx_word' id='word_1_35' title='bbox 621 705 673 757; x_wconf 92' lang='lat' dir='ltr'><strong>in</strong></span> <span class='ocrx_word' id='word_1_36' title='bbox 708 718 867 772; x_wconf 87' lang='lat' dir='ltr'><strong>quem</strong></span> <span class='ocrx_word' id='word_1_37' title='bbox 899 703 1229 771; x_wconf 74' lang='lat' dir='ltr'><strong>cogitabant,</strong></span> <span class='ocrx_word' id='word_1_38' title='bbox 1263 707 1304 757; x_wconf 89' lang='lat' dir='ltr'><strong>si</strong></span> <span class='ocrx_word' id='word_1_39' title='bbox 1345 716 1585 771; x_wconf 84' lang='lat' dir='ltr'><strong>possent,</strong></span> <span class='ocrx_word' id='word_1_40' title='bbox 1608 704 1806 771; x_wconf 85' lang='lat' dir='ltr'><strong>ejicere</strong></span> <span class='ocrx_word' id='word_1_41' title='bbox 1832 720 2045 759; x_wconf 89' lang='lat' dir='ltr'><strong>navem.</strong></span> 
     </span>
    </p>
   </div>
   <div class='ocr_carea' id='block_1_8' title="bbox 482 790 2049 854">
    <p class='ocr_par' dir='ltr' id='par_1_8' title="bbox 482 790 2049 854">
     <span class='ocr_line' id='line_1_8' title="bbox 482 790 2049 854; baseline 0.004 -12"><span class='ocrx_word' id='word_1_42' title='bbox 482 790 548 843; x_wconf 81' lang='lat' dir='ltr'><strong>Et</strong></span> <span class='ocrx_word' id='word_1_43' title='bbox 586 807 707 843; x_wconf 87' lang='lat' dir='ltr'><strong>cum</strong></span> <span class='ocrx_word' id='word_1_44' title='bbox 766 792 1037 843; x_wconf 78' lang='lat' dir='ltr'><strong>anchoras</strong></span> <span class='ocrx_word' id='word_1_45' title='bbox 1103 793 1479 854; x_wconf 79' lang='lat' dir='ltr'><strong>sustulissent,</strong></span> <span class='ocrx_word' id='word_1_46' title='bbox 1522 794 1938 847; x_wconf 88' lang='lat' dir='ltr'><strong>committebant</strong></span> <span class='ocrx_word' id='word_1_47' title='bbox 1990 810 2049 849; x_wconf 88' lang='lat' dir='ltr'><strong>se</strong></span> 
     </span>
    </p>
   </div>
   <div class='ocr_carea' id='block_1_9' title="bbox 480 884 2051 955">
    <p class='ocr_par' dir='ltr' id='par_1_9' title="bbox 480 884 2051 955">
     <span class='ocr_line' id='line_1_9' title="bbox 480 884 2051 955; baseline 0.005 -21"><span class='ocrx_word' id='word_1_48' title='bbox 480 884 635 943; x_wconf 81' lang='lat' dir='ltr'><strong>mari,</strong></span> <span class='ocrx_word' id='word_1_49' title='bbox 660 884 819 936; x_wconf 77' lang='lat' dir='ltr'><strong>simul</strong></span> <span class='ocrx_word' id='word_1_50' title='bbox 844 889 1085 947; x_wconf 74' lang='lat' dir='ltr'><strong>laxantes</strong></span> <span class='ocrx_word' id='word_1_51' title='bbox 1110 886 1398 954; x_wconf 79' lang='lat' dir='ltr'><strong>juncturas</strong></span> <span class='ocrx_word' id='word_1_52' title='bbox 1426 887 1920 955; x_wconf 78' lang='lat' dir='ltr'><strong>gubernaculormn</strong></span> <span class='ocrx_word' id='word_1_53' title='bbox 1954 905 1968 945; x_wconf 89' lang='lat'><strong>:</strong></span> <span class='ocrx_word' id='word_1_54' title='bbox 1996 896 2051 942; x_wconf 89' lang='lat' dir='ltr'><strong>et</strong></span> 
     </span>
    </p>
   </div>
   <div class='ocr_carea' id='block_1_10' title="bbox 479 974 2051 1033">
    <p class='ocr_par' dir='ltr' id='par_1_10' title="bbox 479 974 2051 1033">
     <span class='ocr_line' id='line_1_10' title="bbox 479 974 2051 1033; baseline 0.004 -7"><span class='ocrx_word' id='word_1_55' title='bbox 479 974 656 1026; x_wconf 55' lang='lat' dir='ltr'><strong>luvan</strong></span> <span class='ocrx_word' id='word_1_56' title='bbox 687 985 967 1028; x_wconf 86' lang='lat' dir='ltr'><strong>artemone</strong></span> <span class='ocrx_word' id='word_1_57' title='bbox 991 980 1290 1030; x_wconf 74' lang='lat' dir='ltr'><strong>secundum</strong></span> <span class='ocrx_word' id='word_1_58' title='bbox 1332 994 1476 1032; x_wconf 74' lang='lat' dir='ltr'><strong>aura:</strong></span> <span class='ocrx_word' id='word_1_59' title='bbox 1510 978 1694 1031; x_wconf 80' lang='lat' dir='ltr'><strong>[latum</strong></span> <span class='ocrx_word' id='word_1_60' title='bbox 1758 980 2051 1033; x_wconf 87' lang='lat' dir='ltr'><strong>tendebant</strong></span> 
     </span>
    </p>
   </div>
   <div class='ocr_carea' id='block_1_11' title="bbox 478 1066 2046 1133">
    <p class='ocr_par' dir='ltr' id='par_1_11' title="bbox 478 1066 2046 1133">
     <span class='ocr_line' id='line_1_11' title="bbox 478 1066 2046 1133; baseline 0.005 -16"><span class='ocrx_word' id='word_1_61' title='bbox 478 1068 543 1118; x_wconf 85' lang='lat' dir='ltr'><strong>ad</strong></span> <span class='ocrx_word' id='word_1_62' title='bbox 565 1066 732 1119; x_wconf 87' lang='lat' dir='ltr'><strong>littus.</strong></span> <span class='ocrx_word' id='word_1_63' title='bbox 762 1068 825 1120; x_wconf 81' lang='lat' dir='ltr'><strong>Et</strong></span> <span class='ocrx_word' id='word_1_64' title='bbox 846 1084 968 1121; x_wconf 89' lang='lat' dir='ltr'><strong>eum</strong></span> <span class='ocrx_word' id='word_1_65' title='bbox 988 1070 1297 1123; x_wconf 84' lang='lat' dir='ltr'><strong>incidissem</strong></span> <span class='ocrx_word' id='word_1_66' title='bbox 1310 1072 1371 1122; x_wconf 73' lang='lat' dir='ltr'><strong>u&#39;s</strong></span> <span class='ocrx_word' id='word_1_67' title='bbox 1399 1072 1450 1124; x_wconf 92' lang='lat' dir='ltr'><strong>in</strong></span> <span class='ocrx_word' id='word_1_68' title='bbox 1472 1072 1646 1124; x_wconf 82' lang='lat' dir='ltr'><strong>locum</strong></span> <span class='ocrx_word' id='word_1_69' title='bbox 1666 1071 2046 1133; x_wconf 78' lang='lat' dir='ltr'><strong>dithalassum,</strong></span> 
     </span>
    </p>
   </div>
   <div class='ocr_carea' id='block_1_12' title="bbox 480 1156 2051 1230">
    <p class='ocr_par' dir='ltr' id='par_1_12' title="bbox 480 1156 2051 1230">
     <span class='ocr_line' id='line_1_12' title="bbox 480 1156 2051 1230; baseline 0.004 -21"><span class='ocrx_word' id='word_1_70' title='bbox 480 1156 825 1223; x_wconf 81' lang='lat' dir='ltr'><strong>impegeruut</strong></span> <span class='ocrx_word' id='word_1_71' title='bbox 858 1174 1048 1211; x_wconf 81' lang='lat' dir='ltr'><strong>navem</strong></span> <span class='ocrx_word' id='word_1_72' title='bbox 1078 1175 1091 1215; x_wconf 87' lang='lat'><strong>:</strong></span> <span class='ocrx_word' id='word_1_73' title='bbox 1124 1171 1179 1214; x_wconf 89' lang='lat' dir='ltr'><strong>et</strong></span> <span class='ocrx_word' id='word_1_74' title='bbox 1209 1178 1367 1229; x_wconf 85' lang='lat' dir='ltr'><strong>prora</strong></span> <span class='ocrx_word' id='word_1_75' title='bbox 1396 1164 1620 1230; x_wconf 85' lang='lat' dir='ltr'><strong>quidem</strong></span> <span class='ocrx_word' id='word_1_76' title='bbox 1661 1164 1762 1218; x_wconf 72' lang='lat' dir='ltr'><strong>lixa</strong></span> <span class='ocrx_word' id='word_1_77' title='bbox 1798 1163 2051 1215; x_wconf 74' lang='lat' dir='ltr'><strong>manebat</strong></span> 
     </span>
    </p>
   </div>
   <div class='ocr_carea' id='block_1_13' title="bbox 477 1246 2054 1318">
    <p class='ocr_par' dir='ltr' id='par_1_13' title="bbox 477 1246 2054 1318">
     <span class='ocr_line' id='line_1_13' title="bbox 477 1246 2054 1318; baseline 0.004 -18"><span class='ocrx_word' id='word_1_78' title='bbox 477 1246 796 1309; x_wconf 75' lang='lat' dir='ltr'><strong>immobilis,</strong></span> <span class='ocrx_word' id='word_1_79' title='bbox 829 1252 1025 1318; x_wconf 82' lang='lat' dir='ltr'><strong>puppis</strong></span> <span class='ocrx_word' id='word_1_80' title='bbox 1060 1268 1182 1305; x_wconf 74' lang='lat' dir='ltr'><strong>vero</strong></span> <span class='ocrx_word' id='word_1_81' title='bbox 1204 1253 1519 1307; x_wconf 84' lang='lat' dir='ltr'><strong>solvebatur</strong></span> <span class='ocrx_word' id='word_1_82' title='bbox 1549 1271 1573 1304; x_wconf 91' lang='lat' dir='ltr'><strong>a</strong></span> <span class='ocrx_word' id='word_1_83' title='bbox 1608 1256 1655 1307; x_wconf 89' lang='lat' dir='ltr'><strong>vi</strong></span> <span class='ocrx_word' id='word_1_84' title='bbox 1689 1256 1873 1308; x_wconf 79' lang='lat' dir='ltr'><strong>maris.</strong></span> <span class='ocrx_word' id='word_1_85' title='bbox 1917 1254 2054 1307; x_wconf 60' lang='lat' dir='ltr'><strong>illib-</strong></span> 
     </span>
    </p>
   </div>
   <div class='ocr_carea' id='block_1_14' title="bbox 481 1344 2051 1405">
    <p class='ocr_par' dir='ltr' id='par_1_14' title="bbox 481 1344 2051 1405">
     <span class='ocr_line' id='line_1_14' title="bbox 481 1344 2051 1405; baseline 0.006 -13"><span class='ocrx_word' id='word_1_86' title='bbox 481 1348 787 1393; x_wconf 84' lang='lat' dir='ltr'><strong>tumautem</strong></span> <span class='ocrx_word' id='word_1_87' title='bbox 834 1344 1124 1395; x_wconf 70' lang='lat' dir='ltr'><strong>consilium</strong></span> <span class='ocrx_word' id='word_1_88' title='bbox 1151 1346 1252 1397; x_wconf 80' lang='lat' dir='ltr'><strong>fuit</strong></span> <span class='ocrx_word' id='word_1_89' title='bbox 1274 1386 1287 1405; x_wconf 93' lang='lat'><strong>,</strong></span> <span class='ocrx_word' id='word_1_90' title='bbox 1308 1355 1365 1398; x_wconf 92' lang='lat' dir='ltr'><strong>ut</strong></span> <span class='ocrx_word' id='word_1_91' title='bbox 1388 1350 1667 1400; x_wconf 70' lang='lat' dir='ltr'><strong>custodias</strong></span> <span class='ocrx_word' id='word_1_92' title='bbox 1690 1350 2051 1403; x_wconf 64' lang='lat' dir='ltr'><strong>oeciilerent:</strong></span> 
     </span>
    </p>
   </div>
   <div class='ocr_carea' id='block_1_15' title="bbox 480 1429 2052 1503">
    <p class='ocr_par' dir='ltr' id='par_1_15' title="bbox 480 1429 2052 1503">
     <span class='ocr_line' id='line_1_15' title="bbox 480 1429 2052 1503; baseline 0.004 -23"><span class='ocrx_word' id='word_1_93' title='bbox 480 1443 549 1481; x_wconf 90' lang='lat' dir='ltr'><strong>ne</strong></span> <span class='ocrx_word' id='word_1_94' title='bbox 574 1429 697 1496; x_wconf 88' lang='lat' dir='ltr'><strong>quis</strong></span> <span class='ocrx_word' id='word_1_95' title='bbox 729 1445 852 1483; x_wconf 89' lang='lat' dir='ltr'><strong>cum</strong></span> <span class='ocrx_word' id='word_1_96' title='bbox 878 1441 1175 1497; x_wconf 61' lang='lat' dir='ltr'><strong>enalasset,</strong></span> <span class='ocrx_word' id='word_1_97' title='bbox 1208 1434 1499 1503; x_wconf 76' lang='lat' dir='ltr'><strong>ellugeret.</strong></span> <span class='ocrx_word' id='word_1_98' title='bbox 1544 1437 1814 1490; x_wconf 90' lang='lat' dir='ltr'><strong>Centurio</strong></span> <span class='ocrx_word' id='word_1_99' title='bbox 1870 1448 2052 1489; x_wconf 83' lang='lat' dir='ltr'><strong>autem</strong></span> 
     </span>
    </p>
   </div>
   <div class='ocr_carea' id='block_1_16' title="bbox 481 1519 2053 1598">
    <p class='ocr_par' dir='ltr' id='par_1_16' title="bbox 481 1519 2053 1598">
     <span class='ocr_line' id='line_1_16' title="bbox 481 1519 2053 1598; baseline 0.008 -28"><span class='ocrx_word' id='word_1_100' title='bbox 481 1519 673 1572; x_wconf 86' lang='lat' dir='ltr'><strong>volens</strong></span> <span class='ocrx_word' id='word_1_101' title='bbox 704 1536 923 1575; x_wconf 81' lang='lat' dir='ltr'><strong>servare</strong></span> <span class='ocrx_word' id='word_1_102' title='bbox 961 1524 1207 1587; x_wconf 79' lang='lat' dir='ltr'><strong>l’aulum,</strong></span> <span class='ocrx_word' id='word_1_103' title='bbox 1251 1529 1530 1595; x_wconf 87' lang='lat' dir='ltr'><strong>prohibuit</strong></span> <span class='ocrx_word' id='word_1_104' title='bbox 1592 1530 1703 1582; x_wconf 67' lang='lat' dir='ltr'><strong>fieri</strong></span> <span class='ocrx_word' id='word_1_105' title='bbox 1740 1548 1752 1582; x_wconf 90' lang='lat'><strong>:</strong></span> <span class='ocrx_word' id='word_1_106' title='bbox 1784 1529 2053 1598; x_wconf 66' lang='lat' dir='ltr'><strong>iussitque</strong></span> 
     </span>
    </p>
   </div>
   <div class='ocr_carea' id='block_1_17' title="bbox 477 1614 2053 1689">
    <p class='ocr_par' dir='ltr' id='par_1_17' title="bbox 477 1614 2053 1689">
     <span class='ocr_line' id='line_1_17' title="bbox 477 1614 2053 1689; baseline 0.006 -25"><span class='ocrx_word' id='word_1_107' title='bbox 477 1626 594 1673; x_wconf 86' lang='lat' dir='ltr'><strong>eos,</strong></span> <span class='ocrx_word' id='word_1_108' title='bbox 627 1614 719 1680; x_wconf 89' lang='lat' dir='ltr'><strong>qui</strong></span> <span class='ocrx_word' id='word_1_109' title='bbox 754 1625 975 1681; x_wconf 78' lang='lat' dir='ltr'><strong>possent</strong></span> <span class='ocrx_word' id='word_1_110' title='bbox 1032 1631 1239 1681; x_wconf 87' lang='lat' dir='ltr'><strong>natare,</strong></span> <span class='ocrx_word' id='word_1_111' title='bbox 1298 1621 1548 1675; x_wconf 86' lang='lat' dir='ltr'><strong>emittere</strong></span> <span class='ocrx_word' id='word_1_112' title='bbox 1599 1637 1657 1675; x_wconf 90' lang='lat' dir='ltr'><strong>se</strong></span> <span class='ocrx_word' id='word_1_113' title='bbox 1711 1623 1938 1689; x_wconf 66' lang='lat' dir='ltr'><strong>primoa,</strong></span> <span class='ocrx_word' id='word_1_114' title='bbox 1999 1632 2053 1674; x_wconf 90' lang='lat' dir='ltr'><strong>et</strong></span> 
     </span>
    </p>
   </div>
   <div class='ocr_carea' id='block_1_18' title="bbox 479 1704 2056 1767">
    <p class='ocr_par' dir='ltr' id='par_1_18' title="bbox 479 1704 2056 1767">
     <span class='ocr_line' id='line_1_18' title="bbox 479 1704 2056 1767; baseline 0.006 -12"><span class='ocrx_word' id='word_1_115' title='bbox 479 1704 736 1766; x_wconf 80' lang='lat' dir='ltr'><strong>evadere,</strong></span> <span class='ocrx_word' id='word_1_116' title='bbox 758 1714 813 1759; x_wconf 88' lang='lat' dir='ltr'><strong>et</strong></span> <span class='ocrx_word' id='word_1_117' title='bbox 831 1707 1116 1762; x_wconf 71' lang='lat' dir='ltr'><strong>ad&#39;tc:rram</strong></span> <span class='ocrx_word' id='word_1_118' title='bbox 1142 1713 1291 1764; x_wconf 88' lang='lat' dir='ltr'><strong>exire</strong></span> <span class='ocrx_word' id='word_1_119' title='bbox 1313 1729 1325 1761; x_wconf 93' lang='lat'>:</span> <span class='ocrx_word' id='word_1_120' title='bbox 1347 1725 1401 1766; x_wconf 86' lang='lat' dir='ltr'><strong>et</strong></span> <span class='ocrx_word' id='word_1_121' title='bbox 1420 1715 1801 1767; x_wconf 71' lang='lat' dir='ltr'><strong>creterosalios</strong></span> <span class='ocrx_word' id='word_1_122' title='bbox 1824 1716 1874 1767; x_wconf 89' lang='lat' dir='ltr'><strong>in</strong></span> <span class='ocrx_word' id='word_1_123' title='bbox 1904 1714 2056 1767; x_wconf 82' lang='lat' dir='ltr'><strong>tabu-</strong></span> 
     </span>
    </p>
   </div>
   <div class='ocr_carea' id='block_1_19' title="bbox 2156 521 3719 589">
    <p class='ocr_par' dir='ltr' id='par_1_19' title="bbox 2156 521 3719 589">
     <span class='ocr_line' id='line_1_19' title="bbox 2156 521 3719 589; baseline -0.002 -15"><span class='ocrx_word' id='word_1_124' title='bbox 2156 522 2325 574; x_wconf 85' lang='lat' dir='ltr'><strong>teolos</strong></span> <span class='ocrx_word' id='word_1_125' title='bbox 2355 541 2367 573; x_wconf 88' lang='lat'><strong>:</strong></span> <span class='ocrx_word' id='word_1_126' title='bbox 2410 523 2501 575; x_wconf 89' lang='lat' dir='ltr'><strong>ubi</strong></span> <span class='ocrx_word' id='word_1_127' title='bbox 2534 521 2773 575; x_wconf 88' lang='lat' dir='ltr'><strong>inventis</strong></span> <span class='ocrx_word' id='word_1_128' title='bbox 2810 521 3070 575; x_wconf 78' lang='lat' dir='ltr'><strong>fratribus</strong></span> <span class='ocrx_word' id='word_1_129' title='bbox 3098 521 3268 589; x_wconf 83' lang='lat' dir='ltr'><strong>rogati</strong></span> <span class='ocrx_word' id='word_1_130' title='bbox 3300 535 3487 573; x_wconf 81' lang='lat' dir='ltr'><strong>smnus</strong></span> <span class='ocrx_word' id='word_1_131' title='bbox 3516 532 3719 572; x_wconf 82' lang='lat' dir='ltr'><strong>manere</strong></span> 
     </span>
    </p>
   </div>
   <div class='ocr_carea' id='block_1_20' title="bbox 2153 608 3720 677">
    <p class='ocr_par' dir='ltr' id='par_1_20' title="bbox 2153 608 3720 677">
     <span class='ocr_line' id='line_1_20' title="bbox 2153 608 3720 677; baseline -0.003 -13"><span class='ocrx_word' id='word_1_132' title='bbox 2153 612 2297 677; x_wconf 73' lang='lat' dir='ltr'><strong>apud</strong></span> <span class='ocrx_word' id='word_1_133' title='bbox 2320 626 2415 665; x_wconf 88' lang='lat' dir='ltr'><strong>eos</strong></span> <span class='ocrx_word' id='word_1_134' title='bbox 2432 611 2547 665; x_wconf 87' lang='lat' dir='ltr'><strong>dies</strong></span> <span class='ocrx_word' id='word_1_135' title='bbox 2588 620 2794 677; x_wconf 67' lang='lat' dir='ltr'><strong>septem</strong></span> <span class='ocrx_word' id='word_1_136' title='bbox 2839 627 2852 665; x_wconf 92' lang='lat'><strong>:</strong></span> <span class='ocrx_word' id='word_1_137' title='bbox 2888 621 2942 663; x_wconf 87' lang='lat' dir='ltr'><strong>et</strong></span> <span class='ocrx_word' id='word_1_138' title='bbox 2969 611 3046 665; x_wconf 91' lang='lat' dir='ltr'><strong>sie</strong></span> <span class='ocrx_word' id='word_1_139' title='bbox 3078 611 3329 664; x_wconf 81' lang='lat' dir='ltr'><strong>venimus</strong></span> <span class='ocrx_word' id='word_1_140' title='bbox 3382 611 3626 663; x_wconf 73' lang='lat' dir='ltr'><strong>Ruinam.</strong></span> <span class='ocrx_word' id='word_1_141' title='bbox 3661 608 3720 661; x_wconf 84' lang='lat' dir='ltr'><strong>Et</strong></span> 
     </span>
    </p>
   </div>
   <div class='ocr_carea' id='block_1_21' title="bbox 2157 702 3719 764">
    <p class='ocr_par' dir='ltr' id='par_1_21' title="bbox 2157 702 3719 764">
     <span class='ocr_line' id='line_1_21' title="bbox 2157 702 3719 764; baseline -0.003 -7"><span class='ocrx_word' id='word_1_142' title='bbox 2157 704 2285 757; x_wconf 87' lang='lat' dir='ltr'><strong>inde</strong></span> <span class='ocrx_word' id='word_1_143' title='bbox 2319 720 2443 757; x_wconf 89' lang='lat' dir='ltr'><strong>cum</strong></span> <span class='ocrx_word' id='word_1_144' title='bbox 2478 702 2756 756; x_wconf 86' lang='lat' dir='ltr'><strong>audissent</strong></span> <span class='ocrx_word' id='word_1_145' title='bbox 2784 702 3003 764; x_wconf 76' lang='lat' dir='ltr'><strong>fratres.</strong></span> <span class='ocrx_word' id='word_1_146' title='bbox 3040 712 3405 755; x_wconf 89' lang='lat' dir='ltr'><strong>occurrerunt</strong></span> <span class='ocrx_word' id='word_1_147' title='bbox 3433 702 3587 754; x_wconf 81' lang='lat' dir='ltr'><strong>nobis</strong></span> <span class='ocrx_word' id='word_1_148' title='bbox 3638 716 3719 752; x_wconf 88' lang='lat' dir='ltr'><strong>us-</strong></span> 
     </span>
    </p>
   </div>
   <div class='ocr_carea' id='block_1_22' title="bbox 2156 795 3716 865">
    <p class='ocr_par' dir='ltr' id='par_1_22' title="bbox 2156 795 3716 865">
     <span class='ocr_line' id='line_1_22' title="bbox 2156 795 3716 865; baseline 0 -19"><span class='ocrx_word' id='word_1_149' title='bbox 2156 813 2263 865; x_wconf 87' lang='lat' dir='ltr'><strong>que</strong></span> <span class='ocrx_word' id='word_1_150' title='bbox 2294 796 2360 848; x_wconf 90' lang='lat' dir='ltr'><strong>ad</strong></span> <span class='ocrx_word' id='word_1_151' title='bbox 2392 796 2548 863; x_wconf 80' lang='lat' dir='ltr'><strong>Appii</strong></span> <span class='ocrx_word' id='word_1_152' title='bbox 2582 796 2780 851; x_wconf 82' lang='lat' dir='ltr'><strong>lorum.</strong></span> <span class='ocrx_word' id='word_1_153' title='bbox 2818 812 2880 849; x_wconf 85' lang='lat' dir='ltr'><strong>ao</strong></span> <span class='ocrx_word' id='word_1_154' title='bbox 2922 806 3032 849; x_wconf 87' lang='lat' dir='ltr'><strong>tres</strong></span> <span class='ocrx_word' id='word_1_155' title='bbox 3062 796 3369 849; x_wconf 75' lang='lat' dir='ltr'><strong>Tabernas.</strong></span> <span class='ocrx_word' id='word_1_156' title='bbox 3400 795 3547 859; x_wconf 87' lang='lat' dir='ltr'><strong>Quos</strong></span> <span class='ocrx_word' id='word_1_157' title='bbox 3606 810 3716 847; x_wconf 88' lang='lat' dir='ltr'><strong>cum</strong></span> 
     </span>
    </p>
   </div>
   <div class='ocr_carea' id='block_1_23' title="bbox 2142 876 3718 955">
    <p class='ocr_par' dir='ltr' id='par_1_23' title="bbox 2142 876 3718 955">
     <span class='ocr_line' id='line_1_23' title="bbox 2142 876 3718 955; baseline 0 -18"><span class='ocrx_word' id='word_1_158' title='bbox 2142 876 2630 948; x_wconf 58' lang='lat' dir='ltr'><strong>&#39;vidissetl’auius,</strong></span> <span class='ocrx_word' id='word_1_159' title='bbox 2668 888 2867 953; x_wconf 71' lang='lat' dir='ltr'><strong>gratias</strong></span> <span class='ocrx_word' id='word_1_160' title='bbox 2890 903 3050 955; x_wconf 79' lang='lat' dir='ltr'><strong>agens</strong></span> <span class='ocrx_word' id='word_1_161' title='bbox 3111 888 3265 947; x_wconf 85' lang='lat' dir='ltr'><strong>Deo,</strong></span> <span class='ocrx_word' id='word_1_162' title='bbox 3326 886 3534 954; x_wconf 85' lang='lat' dir='ltr'><strong>accepit</strong></span> <span class='ocrx_word' id='word_1_163' title='bbox 3591 885 3718 937; x_wconf 86' lang='lat' dir='ltr'><strong>lidu-</strong></span> 
     </span>
    </p>
   </div>
   <div class='ocr_carea' id='block_1_24' title="bbox 2158 978 3716 1044">
    <p class='ocr_par' dir='ltr' id='par_1_24' title="bbox 2158 978 3716 1044">
     <span class='ocr_line' id='line_1_24' title="bbox 2158 978 3716 1044; baseline -0.004 -11"><span class='ocrx_word' id='word_1_164' title='bbox 2158 984 2318 1033; x_wconf 83' lang='lat' dir='ltr'><strong>ciam.</strong></span> <span class='ocrx_word' id='word_1_165' title='bbox 2360 981 2493 1032; x_wconf 85' lang='lat' dir='ltr'><strong>Cum</strong></span> <span class='ocrx_word' id='word_1_166' title='bbox 2518 989 2695 1033; x_wconf 90' lang='lat' dir='ltr'><strong>autem</strong></span> <span class='ocrx_word' id='word_1_167' title='bbox 2733 979 3071 1031; x_wconf 74' lang='lat' dir='ltr'><strong>venissemus</strong></span> <span class='ocrx_word' id='word_1_168' title='bbox 3103 978 3349 1038; x_wconf 73' lang='lat' dir='ltr'><strong>Romam,</strong></span> <span class='ocrx_word' id='word_1_169' title='bbox 3403 979 3716 1044; x_wconf 85' lang='lat' dir='ltr'><strong>permissum</strong></span> 
     </span>
    </p>
   </div>
   <div class='ocr_carea' id='block_1_25' title="bbox 2160 1065 3719 1122">
    <p class='ocr_par' dir='ltr' id='par_1_25' title="bbox 2160 1065 3719 1122">
     <span class='ocr_line' id='line_1_25' title="bbox 2160 1065 3719 1122; baseline -0.002 -2"><span class='ocrx_word' id='word_1_170' title='bbox 2160 1080 2242 1121; x_wconf 76' lang='lat' dir='ltr'><strong>est</strong></span> <span class='ocrx_word' id='word_1_171' title='bbox 2285 1071 2447 1122; x_wconf 78' lang='lat' dir='ltr'><strong>Paulo</strong></span> <span class='ocrx_word' id='word_1_172' title='bbox 2482 1085 2703 1121; x_wconf 74' lang='lat' dir='ltr'><strong>manere</strong></span> <span class='ocrx_word' id='word_1_173' title='bbox 2732 1069 2952 1121; x_wconf 85' lang='lat' dir='ltr'><strong>sibimet</strong></span> <span class='ocrx_word' id='word_1_174' title='bbox 2983 1084 3107 1121; x_wconf 89' lang='lat' dir='ltr'><strong>cum</strong></span> <span class='ocrx_word' id='word_1_175' title='bbox 3164 1066 3511 1120; x_wconf 73' lang='lat' dir='ltr'><strong>custodiente</strong></span> <span class='ocrx_word' id='word_1_176' title='bbox 3533 1082 3587 1119; x_wconf 88' lang='lat' dir='ltr'><strong>se</strong></span> <span class='ocrx_word' id='word_1_177' title='bbox 3628 1065 3719 1117; x_wconf 88' lang='lat' dir='ltr'><strong>mi-</strong></span> 
     </span>
    </p>
   </div>
   <div class='ocr_carea' id='block_1_26' title="bbox 2162 1156 3717 1222">
    <p class='ocr_par' dir='ltr' id='par_1_26' title="bbox 2162 1156 3717 1222">
     <span class='ocr_line' id='line_1_26' title="bbox 2162 1156 3717 1222; baseline -0.004 -11"><span class='ocrx_word' id='word_1_178' title='bbox 2162 1158 2275 1211; x_wconf 84' lang='lat' dir='ltr'><strong>lite.</strong></span> <span class='ocrx_word' id='word_1_179' title='bbox 2310 1159 2436 1211; x_wconf 75' lang='lat' dir='ltr'><strong>l’ost</strong></span> <span class='ocrx_word' id='word_1_180' title='bbox 2493 1159 2709 1211; x_wconf 85' lang='lat' dir='ltr'><strong>tertium</strong></span> <span class='ocrx_word' id='word_1_181' title='bbox 2767 1169 2948 1211; x_wconf 85' lang='lat' dir='ltr'><strong>autem</strong></span> <span class='ocrx_word' id='word_1_182' title='bbox 2983 1158 3125 1209; x_wconf 86' lang='lat' dir='ltr'><strong>diem</strong></span> <span class='ocrx_word' id='word_1_183' title='bbox 3157 1156 3480 1209; x_wconf 66' lang='lat' dir='ltr'><strong>COIIVOCilVll</strong></span> <span class='ocrx_word' id='word_1_184' title='bbox 3528 1157 3717 1222; x_wconf 80' lang='lat' dir='ltr'><strong>primos</strong></span> 
     </span>
    </p>
   </div>
   <div class='ocr_carea' id='block_1_27' title="bbox 2112 1247 3718 1317">
    <p class='ocr_par' dir='ltr' id='par_1_27' title="bbox 2112 1247 3718 1317">
     <span class='ocr_line' id='line_1_27' title="bbox 2112 1247 3718 1317; baseline -0.007 -14"><span class='ocrx_word' id='word_1_185' title='bbox 2112 1249 2493 1303; x_wconf 62' lang='grc' dir='ltr'><strong>Δ«Ιυιιςιουτυιιι.</strong></span> <span class='ocrx_word' id='word_1_186' title='bbox 2560 1248 2809 1317; x_wconf 89' lang='lat' dir='ltr'><strong>Cumque</strong></span> <span class='ocrx_word' id='word_1_187' title='bbox 2854 1248 3267 1311; x_wconf 77' lang='lat' dir='ltr'><strong>convenissem,</strong></span> <span class='ocrx_word' id='word_1_188' title='bbox 3328 1247 3540 1296; x_wconf 82' lang='lat' dir='ltr'><strong>diccbat</strong></span> <span class='ocrx_word' id='word_1_189' title='bbox 3607 1248 3718 1298; x_wconf 71' lang='lat' dir='ltr'><strong>eis:</strong></span> 
     </span>
    </p>
   </div>
   <div class='ocr_carea' id='block_1_28' title="bbox 2166 1339 3715 1407">
    <p class='ocr_par' dir='ltr' id='par_1_28' title="bbox 2166 1339 3715 1407">
     <span class='ocr_line' id='line_1_28' title="bbox 2166 1339 3715 1407; baseline -0.001 -16"><span class='ocrx_word' id='word_1_190' title='bbox 2166 1342 2295 1407; x_wconf 64' lang='lat' dir='ltr'><strong>ligo,</strong></span> <span class='ocrx_word' id='word_1_191' title='bbox 2321 1342 2417 1393; x_wconf 84' lang='lat' dir='ltr'><strong>viri</strong></span> <span class='ocrx_word' id='word_1_192' title='bbox 2452 1342 2667 1405; x_wconf 75' lang='lat' dir='ltr'><strong>fratres,</strong></span> <span class='ocrx_word' id='word_1_193' title='bbox 2729 1342 2861 1394; x_wconf 85' lang='lat' dir='ltr'><strong>nihil</strong></span> <span class='ocrx_word' id='word_1_194' title='bbox 2914 1342 3180 1393; x_wconf 83' lang='lat' dir='ltr'><strong>adversus</strong></span> <span class='ocrx_word' id='word_1_195' title='bbox 3231 1341 3436 1407; x_wconf 81' lang='lat' dir='ltr'><strong>plebem</strong></span> <span class='ocrx_word' id='word_1_196' title='bbox 3510 1339 3715 1399; x_wconf 71' lang='lat' dir='ltr'><strong>faciens,</strong></span> 
     </span>
    </p>
   </div>
   <div class='ocr_carea' id='block_1_29' title="bbox 2164 1432 3719 1502">
    <p class='ocr_par' dir='ltr' id='par_1_29' title="bbox 2164 1432 3719 1502">
     <span class='ocr_line' id='line_1_29' title="bbox 2164 1432 3719 1502; baseline -0.001 -19"><span class='ocrx_word' id='word_1_197' title='bbox 2164 1444 2258 1485; x_wconf 78' lang='lat' dir='ltr'><strong>aut</strong></span> <span class='ocrx_word' id='word_1_198' title='bbox 2293 1450 2496 1486; x_wconf 77' lang='lat' dir='ltr'><strong>mon-in</strong></span> <span class='ocrx_word' id='word_1_199' title='bbox 2524 1447 2829 1502; x_wconf 85' lang='lat' dir='ltr'><strong>paternum,</strong></span> <span class='ocrx_word' id='word_1_200' title='bbox 2858 1435 3072 1487; x_wconf 85' lang='lat' dir='ltr'><strong>vinctus</strong></span> <span class='ocrx_word' id='word_1_201' title='bbox 3096 1434 3164 1488; x_wconf 87' lang='lat' dir='ltr'><strong>ab</strong></span> <span class='ocrx_word' id='word_1_202' title='bbox 3186 1432 3540 1501; x_wconf 77' lang='lat' dir='ltr'><strong>Jerosolymis</strong></span> <span class='ocrx_word' id='word_1_203' title='bbox 3572 1433 3719 1483; x_wconf 80' lang='lat' dir='ltr'><strong>trudi-</strong></span> 
     </span>
    </p>
   </div>
   <div class='ocr_carea' id='block_1_30' title="bbox 2166 1526 3719 1595">
    <p class='ocr_par' dir='ltr' id='par_1_30' title="bbox 2166 1526 3719 1595">
     <span class='ocr_line' id='line_1_30' title="bbox 2166 1526 3719 1595; baseline 0.003 -20"><span class='ocrx_word' id='word_1_204' title='bbox 2166 1536 2383 1579; x_wconf 77' lang='lat' dir='ltr'><strong>Iussum</strong></span> <span class='ocrx_word' id='word_1_205' title='bbox 2420 1529 2470 1580; x_wconf 89' lang='lat' dir='ltr'><strong>in</strong></span> <span class='ocrx_word' id='word_1_206' title='bbox 2504 1544 2693 1581; x_wconf 88' lang='lat' dir='ltr'><strong>manus</strong></span> <span class='ocrx_word' id='word_1_207' title='bbox 2723 1528 3090 1581; x_wconf 81' lang='lat' dir='ltr'><strong>Romanorum</strong></span> <span class='ocrx_word' id='word_1_208' title='bbox 3118 1545 3132 1581; x_wconf 86' lang='lat'>:</span> <span class='ocrx_word' id='word_1_209' title='bbox 3166 1526 3255 1595; x_wconf 92' lang='lat' dir='ltr'><strong>qui</strong></span> <span class='ocrx_word' id='word_1_210' title='bbox 3284 1544 3406 1579; x_wconf 90' lang='lat' dir='ltr'><strong>cum</strong></span> <span class='ocrx_word' id='word_1_211' title='bbox 3436 1529 3719 1594; x_wconf 55' lang='lat' dir='ltr'><strong>interroga-</strong></span> 
     </span>
    </p>
   </div>
   <div class='ocr_carea' id='block_1_31' title="bbox 2168 1620 3719 1684">
    <p class='ocr_par' dir='ltr' id='par_1_31' title="bbox 2168 1620 3719 1684">
     <span class='ocr_line' id='line_1_31' title="bbox 2168 1620 3719 1684; baseline -0.001 -14"><span class='ocrx_word' id='word_1_212' title='bbox 2168 1620 2373 1672; x_wconf 88' lang='lat' dir='ltr'><strong>tionem</strong></span> <span class='ocrx_word' id='word_1_213' title='bbox 2406 1622 2470 1673; x_wconf 87' lang='lat' dir='ltr'><strong>de</strong></span> <span class='ocrx_word' id='word_1_214' title='bbox 2504 1638 2588 1674; x_wconf 87' lang='lat' dir='ltr'><strong>me</strong></span> <span class='ocrx_word' id='word_1_215' title='bbox 2619 1622 2968 1684; x_wconf 81' lang='lat' dir='ltr'><strong>habuissent,</strong></span> <span class='ocrx_word' id='word_1_216' title='bbox 2996 1622 3283 1674; x_wconf 78' lang='lat' dir='ltr'><strong>voluerunt</strong></span> <span class='ocrx_word' id='word_1_217' title='bbox 3314 1635 3400 1672; x_wconf 86' lang='lat' dir='ltr'><strong>me</strong></span> <span class='ocrx_word' id='word_1_218' title='bbox 3430 1620 3719 1682; x_wconf 76' lang='lat' dir='ltr'><strong>dimittere,</strong></span> 
     </span>
    </p>
   </div>
   <div class='ocr_carea' id='block_1_32' title="bbox 2165 1712 3723 1782">
    <p class='ocr_par' dir='ltr' id='par_1_32' title="bbox 2165 1712 3723 1782">
     <span class='ocr_line' id='line_1_32' title="bbox 2165 1712 3723 1782; baseline -0.001 -17"><span class='ocrx_word' id='word_1_219' title='bbox 2165 1728 2229 1765; x_wconf 76' lang='lat' dir='ltr'><strong>eo</strong></span> <span class='ocrx_word' id='word_1_220' title='bbox 2254 1714 2399 1782; x_wconf 89' lang='lat' dir='ltr'><strong>quod</strong></span> <span class='ocrx_word' id='word_1_221' title='bbox 2460 1715 2605 1767; x_wconf 86' lang='lat' dir='ltr'><strong>nulla</strong></span> <span class='ocrx_word' id='word_1_222' title='bbox 2636 1723 2786 1767; x_wconf 83' lang='lat' dir='ltr'><strong>esset</strong></span> <span class='ocrx_word' id='word_1_223' title='bbox 2835 1729 2998 1767; x_wconf 82' lang='lat' dir='ltr'><strong>causa</strong></span> <span class='ocrx_word' id='word_1_224' title='bbox 3037 1714 3230 1767; x_wconf 86' lang='lat' dir='ltr'><strong>mortis</strong></span> <span class='ocrx_word' id='word_1_225' title='bbox 3260 1714 3311 1765; x_wconf 91' lang='lat' dir='ltr'><strong>in</strong></span> <span class='ocrx_word' id='word_1_226' title='bbox 3348 1727 3450 1765; x_wconf 84' lang='lat' dir='ltr'><strong>me.</strong></span> <span class='ocrx_word' id='word_1_227' title='bbox 3510 1712 3723 1765; x_wconf 84' lang='lat' dir='ltr'><strong>Contra-</strong></span> 
     </span>
    </p>
   </div>
   <div class='ocr_carea' id='block_1_33' title="bbox 480 1795 3721 1872">
    <p class='ocr_par' dir='ltr' id='par_1_33' title="bbox 480 1795 3721 1872">
     <span class='ocr_line' id='line_1_33' title="bbox 480 1795 3721 1872; baseline 0.002 -25"><span class='ocrx_word' id='word_1_228' title='bbox 480 1795 549 1847; x_wconf 86' lang='lat' dir='ltr'><strong>lis</strong></span> <span class='ocrx_word' id='word_1_229' title='bbox 573 1796 817 1851; x_wconf 82' lang='lat' dir='ltr'><strong>ferebant</strong></span> <span class='ocrx_word' id='word_1_230' title='bbox 851 1815 865 1851; x_wconf 86' lang='lat'><strong><em>:</em></strong></span> <span class='ocrx_word' id='word_1_231' title='bbox 900 1802 1159 1868; x_wconf 82' lang='lat' dir='ltr'><strong>quosdam</strong></span> <span class='ocrx_word' id='word_1_232' title='bbox 1186 1818 1350 1872; x_wconf 81' lang='lat' dir='ltr'><strong>super</strong></span> <span class='ocrx_word' id='word_1_233' title='bbox 1380 1820 1463 1862; x_wconf 91' lang='lat' dir='ltr'><strong>ea.</strong></span> <span class='ocrx_word' id='word_1_234' title='bbox 1496 1807 1703 1872; x_wconf 69' lang='lat' dir='ltr'><strong>quaedc</strong></span> <span class='ocrx_word' id='word_1_235' title='bbox 1728 1808 1847 1859; x_wconf 83' lang='lat' dir='ltr'><strong>navi</strong></span> <span class='ocrx_word' id='word_1_236' title='bbox 1880 1819 2055 1860; x_wconf 90' lang='lat' dir='ltr'><strong>erant.</strong></span> <span class='ocrx_word' id='word_1_237' title='bbox 2095 1798 2135 1855; x_wconf 83' lang='grc' dir='ltr'><strong>Β</strong></span> <span class='ocrx_word' id='word_1_238' title='bbox 2169 1805 2482 1860; x_wconf 75' lang='lat' dir='ltr'><strong>dicentibus</strong></span> <span class='ocrx_word' id='word_1_239' title='bbox 2506 1818 2687 1859; x_wconf 82' lang='lat' dir='ltr'><strong>autem</strong></span> <span class='ocrx_word' id='word_1_240' title='bbox 2717 1806 2942 1868; x_wconf 72' lang='lat' dir='ltr'><strong>Judzeis,</strong></span> <span class='ocrx_word' id='word_1_241' title='bbox 3010 1816 3233 1858; x_wconf 78' lang='lat' dir='ltr'><strong>coactus</strong></span> <span class='ocrx_word' id='word_1_242' title='bbox 3292 1819 3411 1857; x_wconf 87' lang='lat' dir='ltr'><strong>sum</strong></span> <span class='ocrx_word' id='word_1_243' title='bbox 3469 1804 3721 1871; x_wconf 65' lang='lat' dir='ltr'><strong>appellare</strong></span> 
     </span>
    </p>
   </div>
   <div class='ocr_carea' id='block_1_34' title="bbox 484 1887 2053 1957">
    <p class='ocr_par' dir='ltr' id='par_1_34' title="bbox 484 1887 2053 1957">
     <span class='ocr_line' id='line_1_34' title="bbox 484 1887 2053 1957; baseline 0.009 -20"><span class='ocrx_word' id='word_1_244' title='bbox 484 1887 543 1937; x_wconf 74' lang='lat' dir='ltr'><strong>l-Zt</strong></span> <span class='ocrx_word' id='word_1_245' title='bbox 578 1887 656 1941; x_wconf 86' lang='lat' dir='ltr'><strong>sic</strong></span> <span class='ocrx_word' id='word_1_246' title='bbox 689 1888 886 1943; x_wconf 75' lang='lat' dir='ltr'><strong>factum</strong></span> <span class='ocrx_word' id='word_1_247' title='bbox 925 1901 1024 1957; x_wconf 80' lang='lat' dir='ltr'><strong>est,</strong></span> <span class='ocrx_word' id='word_1_248' title='bbox 1058 1902 1114 1947; x_wconf 94' lang='lat' dir='ltr'><strong>ut</strong></span> <span class='ocrx_word' id='word_1_249' title='bbox 1169 1911 1361 1948; x_wconf 82' lang='lat' dir='ltr'><strong>omnes</strong></span> <span class='ocrx_word' id='word_1_250' title='bbox 1414 1897 1611 1950; x_wconf 73' lang='lat' dir='ltr'><strong>anima:</strong></span> <span class='ocrx_word' id='word_1_251' title='bbox 1649 1902 1947 1951; x_wconf 51' lang='lat' dir='ltr'><strong>evaderent</strong></span> <span class='ocrx_word' id='word_1_252' title='bbox 1988 1897 2053 1951; x_wconf 90' lang='lat' dir='ltr'><strong>ad</strong></span> 
     </span>
    </p>
   </div>
   <div class='ocr_carea' id='block_1_35' title="bbox 482 1986 710 2031">
    <p class='ocr_par' dir='ltr' id='par_1_35' title="bbox 482 1986 710 2031">
     <span class='ocr_line' id='line_1_35' title="bbox 482 1986 710 2031; baseline 0.013 -3"><span class='ocrx_word' id='word_1_253' title='bbox 482 1986 710 2031; x_wconf 84' lang='lat' dir='ltr'><strong>terram.</strong></span> 
     </span>
    </p>
   </div>
   <div class='ocr_carea' id='block_1_36' title="bbox 557 2069 2061 2149">
    <p class='ocr_par' dir='ltr' id='par_1_36' title="bbox 557 2069 2061 2149">
     <span class='ocr_line' id='line_1_36' title="bbox 557 2069 2061 2149; baseline 0.008 -28"><span class='ocrx_word' id='word_1_254' title='bbox 557 2069 708 2140; x_wconf 81' lang='lat' dir='ltr'><strong>|Cap.</strong></span> <span class='ocrx_word' id='word_1_255' title='bbox 736 2070 997 2144; x_wconf 74' lang='lat' dir='ltr'><strong>XXVlll.]</strong></span> <span class='ocrx_word' id='word_1_256' title='bbox 1020 2075 1085 2128; x_wconf 85' lang='lat' dir='ltr'><strong>Et</strong></span> <span class='ocrx_word' id='word_1_257' title='bbox 1116 2092 1238 2130; x_wconf 88' lang='lat' dir='ltr'><strong>cum</strong></span> <span class='ocrx_word' id='word_1_258' title='bbox 1264 2078 1654 2141; x_wconf 82' lang='lat' dir='ltr'><strong>evasissemus,</strong></span> <span class='ocrx_word' id='word_1_259' title='bbox 1691 2089 1819 2132; x_wconf 88' lang='lat' dir='ltr'><strong>tunc</strong></span> <span class='ocrx_word' id='word_1_260' title='bbox 1858 2094 2061 2149; x_wconf 83' lang='lat' dir='ltr'><strong>cegno-</strong></span> 
     </span>
    </p>
   </div>
   <div class='ocr_carea' id='block_1_37' title="bbox 483 2162 2061 2231">
    <p class='ocr_par' dir='ltr' id='par_1_37' title="bbox 483 2162 2061 2231">
     <span class='ocr_line' id='line_1_37' title="bbox 483 2162 2061 2231; baseline 0.009 -19"><span class='ocrx_word' id='word_1_261' title='bbox 483 2162 662 2215; x_wconf 71' lang='lat' dir='ltr'><strong>Vinius</strong></span> <span class='ocrx_word' id='word_1_262' title='bbox 691 2166 816 2231; x_wconf 86' lang='lat' dir='ltr'><strong>quia</strong></span> <span class='ocrx_word' id='word_1_263' title='bbox 860 2165 1035 2221; x_wconf 74' lang='lat' dir='ltr'><strong>Molita</strong></span> <span class='ocrx_word' id='word_1_264' title='bbox 1068 2169 1243 2223; x_wconf 86' lang='lat' dir='ltr'><strong>insula</strong></span> <span class='ocrx_word' id='word_1_265' title='bbox 1272 2172 1591 2226; x_wconf 78' lang='lat' dir='ltr'><strong>vocabatur.</strong></span> <span class='ocrx_word' id='word_1_266' title='bbox 1646 2172 1872 2226; x_wconf 83' lang='lat' dir='ltr'><strong>Barbari</strong></span> <span class='ocrx_word' id='word_1_267' title='bbox 1931 2188 2061 2227; x_wconf 89' lang='lat' dir='ltr'><strong>vero</strong></span> 
     </span>
    </p>
   </div>
   <div class='ocr_carea' id='block_1_38' title="bbox 484 2257 2063 2321">
    <p class='ocr_par' dir='ltr' id='par_1_38' title="bbox 484 2257 2063 2321">
     <span class='ocr_line' id='line_1_38' title="bbox 484 2257 2063 2321; baseline 0.01 -18"><span class='ocrx_word' id='word_1_268' title='bbox 484 2257 819 2321; x_wconf 69' lang='lat' dir='ltr'><strong>prmStabant</strong></span> <span class='ocrx_word' id='word_1_269' title='bbox 854 2275 959 2311; x_wconf 88' lang='lat' dir='ltr'><strong>non</strong></span> <span class='ocrx_word' id='word_1_270' title='bbox 1000 2263 1264 2316; x_wconf 81' lang='lat' dir='ltr'><strong>modicam</strong></span> <span class='ocrx_word' id='word_1_271' title='bbox 1305 2264 1699 2319; x_wconf 88' lang='lat' dir='ltr'><strong>hmnauitatcm</strong></span> <span class='ocrx_word' id='word_1_272' title='bbox 1746 2266 1924 2318; x_wconf 88' lang='lat' dir='ltr'><strong>nobis.</strong></span> <span class='ocrx_word' id='word_1_273' title='bbox 1960 2264 2063 2319; x_wconf 82' lang='lat' dir='ltr'><strong>Ac-</strong></span> 
     </span>
    </p>
   </div>
   <div class='ocr_carea' id='block_1_39' title="bbox 482 2346 2063 2425">
    <p class='ocr_par' dir='ltr' id='par_1_39' title="bbox 482 2346 2063 2425">
     <span class='ocr_line' id='line_1_39' title="bbox 482 2346 2063 2425; baseline 0.008 -31"><span class='ocrx_word' id='word_1_274' title='bbox 482 2357 649 2398; x_wconf 88' lang='lat' dir='ltr'><strong>censa</strong></span> <span class='ocrx_word' id='word_1_275' title='bbox 700 2346 844 2399; x_wconf 81' lang='lat' dir='ltr'><strong>enim</strong></span> <span class='ocrx_word' id='word_1_276' title='bbox 900 2366 1026 2419; x_wconf 82' lang='lat' dir='ltr'><strong>pyra</strong></span> <span class='ocrx_word' id='word_1_277' title='bbox 1088 2351 1402 2406; x_wconf 75' lang='lat' dir='ltr'><strong>reﬁciebant</strong></span> <span class='ocrx_word' id='word_1_278' title='bbox 1435 2370 1532 2410; x_wconf 92' lang='lat' dir='ltr'><strong>nos</strong></span> <span class='ocrx_word' id='word_1_279' title='bbox 1584 2371 1797 2421; x_wconf 89' lang='lat' dir='ltr'><strong>omnes,</strong></span> <span class='ocrx_word' id='word_1_280' title='bbox 1843 2368 2063 2425; x_wconf 85' lang='lat' dir='ltr'><strong>propter</strong></span> 
     </span>
    </p>
   </div>
   <div class='ocr_carea' id='block_1_40' title="bbox 486 2435 2063 2517">
    <p class='ocr_par' dir='ltr' id='par_1_40' title="bbox 486 2435 2063 2517">
     <span class='ocr_line' id='line_1_40' title="bbox 486 2435 2063 2517; baseline 0.01 -30"><span class='ocrx_word' id='word_1_281' title='bbox 486 2435 742 2503; x_wconf 78' lang='lat' dir='ltr'><strong>imbrem,</strong></span> <span class='ocrx_word' id='word_1_282' title='bbox 775 2442 867 2509; x_wconf 90' lang='lat' dir='ltr'><strong>qui</strong></span> <span class='ocrx_word' id='word_1_283' title='bbox 900 2443 1241 2503; x_wconf 87' lang='lat' dir='ltr'><strong>imminebat.</strong></span> <span class='ocrx_word' id='word_1_284' title='bbox 1267 2458 1320 2499; x_wconf 92' lang='lat' dir='ltr'><strong>et</strong></span> <span class='ocrx_word' id='word_1_285' title='bbox 1343 2447 1531 2516; x_wconf 82' lang='lat' dir='ltr'><strong>frigus.</strong></span> <span class='ocrx_word' id='word_1_286' title='bbox 1584 2449 1718 2503; x_wconf 84' lang='lat' dir='ltr'><strong>Cum</strong></span> <span class='ocrx_word' id='word_1_287' title='bbox 1737 2464 2063 2517; x_wconf 76' lang='lat' dir='ltr'><strong>congregas-</strong></span> 
     </span>
    </p>
   </div>
   <div class='ocr_carea' id='block_1_41' title="bbox 486 2533 2065 2609">
    <p class='ocr_par' dir='ltr' id='par_1_41' title="bbox 486 2533 2065 2609">
     <span class='ocr_line' id='line_1_41' title="bbox 486 2533 2065 2609; baseline 0.01 -31"><span class='ocrx_word' id='word_1_288' title='bbox 486 2537 760 2583; x_wconf 81' lang='lat' dir='ltr'><strong>setautem</strong></span> <span class='ocrx_word' id='word_1_289' title='bbox 784 2533 1390 2592; x_wconf 74' lang='lat' dir='ltr'><strong>l‘aulnssarmentorum</strong></span> <span class='ocrx_word' id='word_1_290' title='bbox 1416 2540 1747 2609; x_wconf 78' lang='lat' dir='ltr'><strong>aliquantam</strong></span> <span class='ocrx_word' id='word_1_291' title='bbox 1768 2540 2065 2594; x_wconf 64' lang='lat' dir='ltr'><strong>multitudi-</strong></span> 
     </span>
    </p>
   </div>
   <div class='ocr_carea' id='block_1_42' title="bbox 486 2624 2064 2699">
    <p class='ocr_par' dir='ltr' id='par_1_42' title="bbox 486 2624 2064 2699">
     <span class='ocr_line' id='line_1_42' title="bbox 486 2624 2064 2699; baseline 0.007 -27"><span class='ocrx_word' id='word_1_292' title='bbox 486 2635 633 2685; x_wconf 86' lang='lat' dir='ltr'><strong>nem,</strong></span> <span class='ocrx_word' id='word_1_293' title='bbox 665 2632 719 2674; x_wconf 89' lang='lat' dir='ltr'><strong>et</strong></span> <span class='ocrx_word' id='word_1_294' title='bbox 754 2624 1105 2693; x_wconf 81' lang='lat' dir='ltr'><strong>imposuisset</strong></span> <span class='ocrx_word' id='word_1_295' title='bbox 1136 2643 1301 2695; x_wconf 87' lang='lat' dir='ltr'><strong>super</strong></span> <span class='ocrx_word' id='word_1_296' title='bbox 1334 2632 1537 2699; x_wconf 77' lang='lat' dir='ltr'><strong>ignem,</strong></span> <span class='ocrx_word' id='word_1_297' title='bbox 1602 2631 1785 2698; x_wconf 85' lang='lat' dir='ltr'><strong>vipera</strong></span> <span class='ocrx_word' id='word_1_298' title='bbox 1814 2648 1841 2683; x_wconf 91' lang='lat' dir='ltr'><strong>a</strong></span> <span class='ocrx_word' id='word_1_299' title='bbox 1883 2631 2064 2684; x_wconf 87' lang='lat' dir='ltr'><strong>calore</strong></span> 
     </span>
    </p>
   </div>
   <div class='ocr_carea' id='block_1_43' title="bbox 485 2719 2068 2792">
    <p class='ocr_par' dir='ltr' id='par_1_43' title="bbox 485 2719 2068 2792">
     <span class='ocr_line' id='line_1_43' title="bbox 485 2719 2068 2792; baseline 0.009 -28"><span class='ocrx_word' id='word_1_300' title='bbox 485 2727 610 2767; x_wconf 86' lang='lat' dir='ltr'><strong>cum</strong></span> <span class='ocrx_word' id='word_1_301' title='bbox 635 2719 1009 2781; x_wconf 79' lang='lat' dir='ltr'><strong>processisset,</strong></span> <span class='ocrx_word' id='word_1_302' title='bbox 1034 2721 1230 2773; x_wconf 88' lang='lat' dir='ltr'><strong>invasit</strong></span> <span class='ocrx_word' id='word_1_303' title='bbox 1262 2740 1481 2776; x_wconf 73' lang='lat' dir='ltr'><strong>manum</strong></span> <span class='ocrx_word' id='word_1_304' title='bbox 1508 2724 1642 2792; x_wconf 86' lang='lat' dir='ltr'><strong>ejus.</strong></span> <span class='ocrx_word' id='word_1_305' title='bbox 1678 2721 1746 2776; x_wconf 92' lang='lat' dir='ltr'><strong>Ut</strong></span> <span class='ocrx_word' id='word_1_306' title='bbox 1767 2738 1897 2776; x_wconf 83' lang='lat' dir='ltr'><strong>vero</strong></span> <span class='ocrx_word' id='word_1_307' title='bbox 1920 2724 2068 2778; x_wconf 88' lang='lat' dir='ltr'><strong>vide-</strong></span> 
     </span>
    </p>
   </div>
   <div class='ocr_carea' id='block_1_44' title="bbox 490 2808 2062 2884">
    <p class='ocr_par' dir='ltr' id='par_1_44' title="bbox 490 2808 2062 2884">
     <span class='ocr_line' id='line_1_44' title="bbox 490 2808 2062 2884; baseline 0.006 -27"><span class='ocrx_word' id='word_1_308' title='bbox 490 2816 620 2860; x_wconf 86' lang='lat' dir='ltr'><strong>runt</strong></span> <span class='ocrx_word' id='word_1_309' title='bbox 652 2808 874 2862; x_wconf 79' lang='lat' dir='ltr'><strong>Barbari</strong></span> <span class='ocrx_word' id='word_1_310' title='bbox 900 2812 1227 2879; x_wconf 73' lang='lat' dir='ltr'><strong>pendentem</strong></span> <span class='ocrx_word' id='word_1_311' title='bbox 1254 2813 1485 2866; x_wconf 83' lang='lat' dir='ltr'><strong>bestiam</strong></span> <span class='ocrx_word' id='word_1_312' title='bbox 1523 2814 1589 2867; x_wconf 86' lang='lat' dir='ltr'><strong>de</strong></span> <span class='ocrx_word' id='word_1_313' title='bbox 1627 2830 1787 2867; x_wconf 84' lang='lat' dir='ltr'><strong>manu</strong></span> <span class='ocrx_word' id='word_1_314' title='bbox 1815 2814 1955 2884; x_wconf 86' lang='lat' dir='ltr'><strong>ejus,</strong></span> <span class='ocrx_word' id='word_1_315' title='bbox 1995 2814 2062 2867; x_wconf 85' lang='lat' dir='ltr'><strong>ad</strong></span> 
     </span>
    </p>
   </div>
   <div class='ocr_carea' id='block_1_45' title="bbox 492 2897 2061 2973">
    <p class='ocr_par' dir='ltr' id='par_1_45' title="bbox 492 2897 2061 2973">
     <span class='ocr_line' id='line_1_45' title="bbox 492 2897 2061 2973; baseline 0.008 -25"><span class='ocrx_word' id='word_1_316' title='bbox 492 2897 727 2952; x_wconf 87' lang='lat' dir='ltr'><strong>invicem</strong></span> <span class='ocrx_word' id='word_1_317' title='bbox 752 2901 1007 2958; x_wconf 88' lang='lat' dir='ltr'><strong>dicebant</strong></span> <span class='ocrx_word' id='word_1_318' title='bbox 1041 2920 1055 2958; x_wconf 85' lang='lat'><strong>:</strong></span> <span class='ocrx_word' id='word_1_319' title='bbox 1094 2903 1288 2973; x_wconf 90' lang='lat' dir='ltr'><strong>Utique</strong></span> <span class='ocrx_word' id='word_1_320' title='bbox 1334 2906 1609 2960; x_wconf 89' lang='lat' dir='ltr'><strong>homicida</strong></span> <span class='ocrx_word' id='word_1_321' title='bbox 1639 2917 1723 2961; x_wconf 91' lang='lat' dir='ltr'><strong>est</strong></span> <span class='ocrx_word' id='word_1_322' title='bbox 1749 2907 1912 2960; x_wconf 91' lang='lat' dir='ltr'><strong>homo</strong></span> <span class='ocrx_word' id='word_1_323' title='bbox 1951 2907 2061 2971; x_wconf 89' lang='lat' dir='ltr'><strong>hic,</strong></span> 
     </span>
    </p>
   </div>
   <div class='ocr_carea' id='block_1_46' title="bbox 486 2991 2067 3061">
    <p class='ocr_par' dir='ltr' id='par_1_46' title="bbox 486 2991 2067 3061">
     <span class='ocr_line' id='line_1_46' title="bbox 486 2991 2067 3061; baseline 0.007 -19"><span class='ocrx_word' id='word_1_324' title='bbox 486 2991 583 3059; x_wconf 90' lang='lat' dir='ltr'><strong>qui</strong></span> <span class='ocrx_word' id='word_1_325' title='bbox 614 3007 736 3046; x_wconf 89' lang='lat' dir='ltr'><strong>cum</strong></span> <span class='ocrx_word' id='word_1_326' title='bbox 775 2996 1013 3050; x_wconf 79' lang='lat' dir='ltr'><strong>evaserit</strong></span> <span class='ocrx_word' id='word_1_327' title='bbox 1057 2997 1123 3048; x_wconf 90' lang='lat' dir='ltr'><strong>de</strong></span> <span class='ocrx_word' id='word_1_328' title='bbox 1149 2999 1309 3061; x_wconf 83' lang='lat' dir='ltr'><strong>mari,</strong></span> <span class='ocrx_word' id='word_1_329' title='bbox 1340 2999 1475 3053; x_wconf 87' lang='lat' dir='ltr'><strong>ultio</strong></span> <span class='ocrx_word' id='word_1_330' title='bbox 1509 3015 1617 3053; x_wconf 89' lang='lat' dir='ltr'><strong>non</strong></span> <span class='ocrx_word' id='word_1_331' title='bbox 1659 2998 1791 3053; x_wconf 77' lang='lat' dir='ltr'><strong>sinit</strong></span> <span class='ocrx_word' id='word_1_332' title='bbox 1829 3015 1953 3052; x_wconf 90' lang='lat' dir='ltr'><strong>eum</strong></span> <span class='ocrx_word' id='word_1_333' title='bbox 1988 3000 2067 3053; x_wconf 84' lang='lat' dir='ltr'><strong>vi-</strong></span> 
     </span>
    </p>
   </div>
   <div class='ocr_carea' id='block_1_47' title="bbox 485 3086 2060 3163">
    <p class='ocr_par' dir='ltr' id='par_1_47' title="bbox 485 3086 2060 3163">
     <span class='ocr_line' id='line_1_47' title="bbox 485 3086 2060 3163; baseline 0.006 -27"><span class='ocrx_word' id='word_1_334' title='bbox 485 3099 637 3139; x_wconf 87' lang='lat' dir='ltr'><strong>vere.</strong></span> <span class='ocrx_word' id='word_1_335' title='bbox 674 3086 734 3137; x_wconf 66' lang='lat' dir='ltr'><strong>lit</strong></span> <span class='ocrx_word' id='word_1_336' title='bbox 767 3086 855 3142; x_wconf 81' lang='lat' dir='ltr'><strong>ille</strong></span> <span class='ocrx_word' id='word_1_337' title='bbox 883 3088 1103 3156; x_wconf 85' lang='lat' dir='ltr'><strong>quidem</strong></span> <span class='ocrx_word' id='word_1_338' title='bbox 1130 3092 1416 3144; x_wconf 75' lang='lat' dir='ltr'><strong>excutiens</strong></span> <span class='ocrx_word' id='word_1_339' title='bbox 1464 3093 1695 3146; x_wconf 80' lang='lat' dir='ltr'><strong>bestiam</strong></span> <span class='ocrx_word' id='word_1_340' title='bbox 1737 3094 1789 3146; x_wconf 91' lang='lat' dir='ltr'><strong>in</strong></span> <span class='ocrx_word' id='word_1_341' title='bbox 1858 3094 2060 3163; x_wconf 87' lang='lat' dir='ltr'><strong>ignem,</strong></span> 
     </span>
    </p>
   </div>
   <div class='ocr_carea' id='block_1_48' title="bbox 2163 1894 3717 1965">
    <p class='ocr_par' dir='ltr' id='par_1_48' title="bbox 2163 1894 3717 1965">
     <span class='ocr_line' id='line_1_48' title="bbox 2163 1894 3717 1965; baseline -0.004 -14"><span class='ocrx_word' id='word_1_342' title='bbox 2163 1900 2456 1959; x_wconf 60' lang='lat' dir='ltr'><strong>Caesarem,</strong></span> <span class='ocrx_word' id='word_1_343' title='bbox 2487 1913 2593 1949; x_wconf 90' lang='lat' dir='ltr'><strong>non</strong></span> <span class='ocrx_word' id='word_1_344' title='bbox 2622 1897 2775 1964; x_wconf 87' lang='lat' dir='ltr'><strong>quasi</strong></span> <span class='ocrx_word' id='word_1_345' title='bbox 2808 1906 3022 1965; x_wconf 78' lang='lat' dir='ltr'><strong>gentem</strong></span> <span class='ocrx_word' id='word_1_346' title='bbox 3058 1911 3231 1948; x_wconf 89' lang='lat' dir='ltr'><strong>meam</strong></span> <span class='ocrx_word' id='word_1_347' title='bbox 3266 1895 3472 1948; x_wconf 88' lang='lat' dir='ltr'><strong>habens</strong></span> <span class='ocrx_word' id='word_1_348' title='bbox 3531 1894 3717 1962; x_wconf 72' lang='lat' dir='ltr'><strong>aliquid</strong></span> 
     </span>
    </p>
   </div>
   <div class='ocr_carea' id='block_1_49' title="bbox 2162 1987 3711 2057">
    <p class='ocr_par' dir='ltr' id='par_1_49' title="bbox 2162 1987 3711 2057">
     <span class='ocr_line' id='line_1_49' title="bbox 2162 1987 3711 2057; baseline -0.004 -15"><span class='ocrx_word' id='word_1_349' title='bbox 2162 2006 2445 2043; x_wconf 73' lang='lat' dir='ltr'><strong>accusare.</strong></span> <span class='ocrx_word' id='word_1_350' title='bbox 2482 1993 2713 2057; x_wconf 75' lang='lat' dir='ltr'><strong>Propter</strong></span> <span class='ocrx_word' id='word_1_351' title='bbox 2767 1990 2907 2041; x_wconf 88' lang='lat' dir='ltr'><strong>hanc</strong></span> <span class='ocrx_word' id='word_1_352' title='bbox 2956 1988 3121 2057; x_wconf 78' lang='lat' dir='ltr'><strong>igitur</strong></span> <span class='ocrx_word' id='word_1_353' title='bbox 3161 2001 3380 2039; x_wconf 84' lang='lat' dir='ltr'><strong>causam</strong></span> <span class='ocrx_word' id='word_1_354' title='bbox 3419 1987 3603 2051; x_wconf 63' lang='lat' dir='ltr'><strong>rogavi</strong></span> <span class='ocrx_word' id='word_1_355' title='bbox 3633 2000 3711 2036; x_wconf 77' lang='lat' dir='ltr'><strong>vos</strong></span> 
     </span>
    </p>
   </div>
   <div class='ocr_carea' id='block_1_50' title="bbox 2164 2077 3718 2150">
    <p class='ocr_par' dir='ltr' id='par_1_50' title="bbox 2164 2077 3718 2150">
     <span class='ocr_line' id='line_1_50' title="bbox 2164 2077 3718 2150; baseline -0.006 -14"><span class='ocrx_word' id='word_1_356' title='bbox 2164 2087 2372 2149; x_wconf 78' lang='lat' dir='ltr'><strong>videre,</strong></span> <span class='ocrx_word' id='word_1_357' title='bbox 2403 2096 2457 2138; x_wconf 87' lang='lat' dir='ltr'><strong>et</strong></span> <span class='ocrx_word' id='word_1_358' title='bbox 2487 2083 2715 2150; x_wconf 84' lang='lat' dir='ltr'><strong>alloqui.</strong></span> <span class='ocrx_word' id='word_1_359' title='bbox 2748 2082 2973 2149; x_wconf 84' lang='lat' dir='ltr'><strong>Propter</strong></span> <span class='ocrx_word' id='word_1_360' title='bbox 3000 2097 3151 2149; x_wconf 84' lang='lat' dir='ltr'><strong>spem</strong></span> <span class='ocrx_word' id='word_1_361' title='bbox 3179 2080 3324 2131; x_wconf 86' lang='lat' dir='ltr'><strong>enim</strong></span> <span class='ocrx_word' id='word_1_362' title='bbox 3356 2077 3547 2138; x_wconf 80' lang='lat' dir='ltr'><strong>Israel,</strong></span> <span class='ocrx_word' id='word_1_363' title='bbox 3587 2092 3718 2129; x_wconf 83' lang='lat' dir='ltr'><strong>ca:e-</strong></span> 
     </span>
    </p>
   </div>
   <div class='ocr_carea' id='block_1_51' title="bbox 2166 2172 3718 2233">
    <p class='ocr_par' dir='ltr' id='par_1_51' title="bbox 2166 2172 3718 2233">
     <span class='ocr_line' id='line_1_51' title="bbox 2166 2172 3718 2233; baseline -0.006 -1"><span class='ocrx_word' id='word_1_364' title='bbox 2166 2197 2230 2233; x_wconf 83' lang='lat' dir='ltr'><strong>na</strong></span> <span class='ocrx_word' id='word_1_365' title='bbox 2260 2180 2360 2232; x_wconf 83' lang='lat' dir='ltr'><strong>hac</strong></span> <span class='ocrx_word' id='word_1_366' title='bbox 2384 2180 2751 2230; x_wconf 52' lang='lat' dir='ltr'><strong>circumdatus</strong></span> <span class='ocrx_word' id='word_1_367' title='bbox 2782 2190 2921 2233; x_wconf 84' lang='lat' dir='ltr'><strong>sun).</strong></span> <span class='ocrx_word' id='word_1_368' title='bbox 2959 2174 3020 2225; x_wconf 85' lang='lat' dir='ltr'><strong>At</strong></span> <span class='ocrx_word' id='word_1_369' title='bbox 3057 2173 3129 2225; x_wconf 83' lang='lat' dir='ltr'><strong>illi</strong></span> <span class='ocrx_word' id='word_1_370' title='bbox 3160 2172 3414 2224; x_wconf 77' lang='lat' dir='ltr'><strong>dixerunt</strong></span> <span class='ocrx_word' id='word_1_371' title='bbox 3448 2172 3515 2222; x_wconf 83' lang='lat' dir='ltr'><strong>ad</strong></span> <span class='ocrx_word' id='word_1_372' title='bbox 3559 2185 3676 2223; x_wconf 88' lang='lat' dir='ltr'><strong>eum</strong></span> <span class='ocrx_word' id='word_1_373' title='bbox 3707 2187 3718 2222; x_wconf 87' lang='lat'><strong>:</strong></span> 
     </span>
    </p>
   </div>
   <div class='ocr_carea' id='block_1_52' title="bbox 2167 2261 3717 2338">
    <p class='ocr_par' dir='ltr' id='par_1_52' title="bbox 2167 2261 3717 2338">
     <span class='ocr_line' id='line_1_52' title="bbox 2167 2261 3717 2338; baseline -0.008 -11"><span class='ocrx_word' id='word_1_374' title='bbox 2167 2274 2273 2327; x_wconf 80' lang='lat' dir='ltr'><strong>Nos</strong></span> <span class='ocrx_word' id='word_1_375' title='bbox 2296 2286 2471 2338; x_wconf 82' lang='lat' dir='ltr'><strong>neque</strong></span> <span class='ocrx_word' id='word_1_376' title='bbox 2503 2270 2715 2323; x_wconf 88' lang='lat' dir='ltr'><strong>litteras</strong></span> <span class='ocrx_word' id='word_1_377' title='bbox 2744 2266 3057 2333; x_wconf 87' lang='lat' dir='ltr'><strong>accepimus</strong></span> <span class='ocrx_word' id='word_1_378' title='bbox 3083 2266 3148 2317; x_wconf 85' lang='lat' dir='ltr'><strong>de</strong></span> <span class='ocrx_word' id='word_1_379' title='bbox 3175 2274 3224 2317; x_wconf 91' lang='lat' dir='ltr'><strong>te</strong></span> <span class='ocrx_word' id='word_1_380' title='bbox 3257 2281 3286 2316; x_wconf 88' lang='lat' dir='ltr'><strong>a</strong></span> <span class='ocrx_word' id='word_1_381' title='bbox 3312 2261 3523 2328; x_wconf 66' lang='lat' dir='ltr'><strong>Iudaea,</strong></span> <span class='ocrx_word' id='word_1_382' title='bbox 3563 2279 3717 2330; x_wconf 80' lang='lat' dir='ltr'><strong>neque</strong></span> 
     </span>
    </p>
   </div>
   <div class='ocr_carea' id='block_1_53' title="bbox 2166 2355 3724 2427">
    <p class='ocr_par' dir='ltr' id='par_1_53' title="bbox 2166 2355 3724 2427">
     <span class='ocr_line' id='line_1_53' title="bbox 2166 2355 3724 2427; baseline -0.01 -8"><span class='ocrx_word' id='word_1_383' title='bbox 2166 2364 2470 2419; x_wconf 84' lang='lat' dir='ltr'><strong>adveniens</strong></span> <span class='ocrx_word' id='word_1_384' title='bbox 2500 2360 2699 2427; x_wconf 86' lang='lat' dir='ltr'><strong>aliquis</strong></span> <span class='ocrx_word' id='word_1_385' title='bbox 2732 2358 2985 2416; x_wconf 79' lang='lat' dir='ltr'><strong>fratrum,</strong></span> <span class='ocrx_word' id='word_1_386' title='bbox 3048 2357 3341 2419; x_wconf 85' lang='lat' dir='ltr'><strong>nuntiavit,</strong></span> <span class='ocrx_word' id='word_1_387' title='bbox 3403 2364 3498 2407; x_wconf 85' lang='lat' dir='ltr'><strong>aut</strong></span> <span class='ocrx_word' id='word_1_388' title='bbox 3529 2355 3724 2407; x_wconf 71' lang='lat' dir='ltr'><strong>locutus</strong></span> 
     </span>
    </p>
   </div>
   <div class='ocr_carea' id='block_1_54' title="bbox 2166 2446 3728 2524">
    <p class='ocr_par' dir='ltr' id='par_1_54' title="bbox 2166 2446 3728 2524">
     <span class='ocr_line' id='line_1_54' title="bbox 2166 2446 3728 2524; baseline -0.008 -13"><span class='ocrx_word' id='word_1_389' title='bbox 2166 2468 2249 2511; x_wconf 89' lang='lat' dir='ltr'><strong>est</strong></span> <span class='ocrx_word' id='word_1_390' title='bbox 2280 2455 2410 2524; x_wconf 89' lang='lat' dir='ltr'><strong>quid</strong></span> <span class='ocrx_word' id='word_1_391' title='bbox 2445 2454 2511 2507; x_wconf 89' lang='lat' dir='ltr'><strong>de</strong></span> <span class='ocrx_word' id='word_1_392' title='bbox 2539 2462 2590 2506; x_wconf 91' lang='lat' dir='ltr'><strong>te</strong></span> <span class='ocrx_word' id='word_1_393' title='bbox 2622 2452 2847 2504; x_wconf 88' lang='lat' dir='ltr'><strong>malum.</strong></span> <span class='ocrx_word' id='word_1_394' title='bbox 2888 2451 3165 2517; x_wconf 77' lang='lat' dir='ltr'><strong>Rogamus</strong></span> <span class='ocrx_word' id='word_1_395' title='bbox 3211 2459 3390 2501; x_wconf 89' lang='lat' dir='ltr'><strong>autem</strong></span> <span class='ocrx_word' id='word_1_396' title='bbox 3418 2464 3446 2499; x_wconf 86' lang='lat' dir='ltr'><strong>a</strong></span> <span class='ocrx_word' id='word_1_397' title='bbox 3480 2457 3531 2499; x_wconf 89' lang='lat' dir='ltr'><strong>te</strong></span> <span class='ocrx_word' id='word_1_398' title='bbox 3563 2446 3728 2499; x_wconf 83' lang='lat' dir='ltr'><strong>audire</strong></span> 
     </span>
    </p>
   </div>
   <div class='ocr_carea' id='block_1_55' title="bbox 2167 2538 3729 2616">
    <p class='ocr_par' dir='ltr' id='par_1_55' title="bbox 2167 2538 3729 2616">
     <span class='ocr_line' id='line_1_55' title="bbox 2167 2538 3729 2616; baseline -0.008 -16"><span class='ocrx_word' id='word_1_399' title='bbox 2167 2564 2289 2616; x_wconf 67' lang='lat' dir='ltr'><strong>qum</strong></span> <span class='ocrx_word' id='word_1_400' title='bbox 2328 2546 2541 2601; x_wconf 83' lang='lat' dir='ltr'><strong>sentis:</strong></span> <span class='ocrx_word' id='word_1_401' title='bbox 2588 2558 2711 2595; x_wconf 82' lang='lat' dir='ltr'><strong>nam</strong></span> <span class='ocrx_word' id='word_1_402' title='bbox 2744 2541 2812 2593; x_wconf 92' lang='lat' dir='ltr'><strong>de</strong></span> <span class='ocrx_word' id='word_1_403' title='bbox 2870 2550 3017 2594; x_wconf 86' lang='lat' dir='ltr'><strong>secta</strong></span> <span class='ocrx_word' id='word_1_404' title='bbox 3055 2540 3155 2594; x_wconf 91' lang='lat' dir='ltr'><strong>hac</strong></span> <span class='ocrx_word' id='word_1_405' title='bbox 3206 2550 3396 2593; x_wconf 88' lang='lat' dir='ltr'><strong>notum</strong></span> <span class='ocrx_word' id='word_1_406' title='bbox 3427 2551 3514 2592; x_wconf 85' lang='lat' dir='ltr'><strong>est</strong></span> <span class='ocrx_word' id='word_1_407' title='bbox 3577 2538 3729 2598; x_wconf 74' lang='lat' dir='ltr'><strong>nobis,</strong></span> 
     </span>
    </p>
   </div>
   <div class='ocr_carea' id='block_1_56' title="bbox 2167 2632 3733 2709">
    <p class='ocr_par' dir='ltr' id='par_1_56' title="bbox 2167 2632 3733 2709">
     <span class='ocr_line' id='line_1_56' title="bbox 2167 2632 3733 2709; baseline -0.006 -19"><span class='ocrx_word' id='word_1_408' title='bbox 2167 2641 2295 2709; x_wconf 88' lang='lat' dir='ltr'><strong>quia</strong></span> <span class='ocrx_word' id='word_1_409' title='bbox 2328 2638 2531 2705; x_wconf 90' lang='lat' dir='ltr'><strong>ubique</strong></span> <span class='ocrx_word' id='word_1_410' title='bbox 2561 2636 2613 2690; x_wconf 89' lang='lat' dir='ltr'><strong>ei</strong></span> <span class='ocrx_word' id='word_1_411' title='bbox 2664 2632 3089 2689; x_wconf 85' lang='lat' dir='ltr'><strong>contradicitur.</strong></span> <span class='ocrx_word' id='word_1_412' title='bbox 3147 2632 3281 2686; x_wconf 88' lang='lat' dir='ltr'><strong>Cum</strong></span> <span class='ocrx_word' id='word_1_413' title='bbox 3335 2632 3733 2685; x_wconf 82' lang='lat' dir='ltr'><strong>constituissent</strong></span> 
     </span>
    </p>
   </div>
   <div class='ocr_carea' id='block_1_57' title="bbox 2168 2725 3722 2792">
    <p class='ocr_par' dir='ltr' id='par_1_57' title="bbox 2168 2725 3722 2792">
     <span class='ocr_line' id='line_1_57' title="bbox 2168 2725 3722 2792; baseline -0.008 -5"><span class='ocrx_word' id='word_1_414' title='bbox 2168 2743 2349 2787; x_wconf 88' lang='lat' dir='ltr'><strong>autem</strong></span> <span class='ocrx_word' id='word_1_415' title='bbox 2408 2732 2484 2786; x_wconf 91' lang='lat' dir='ltr'><strong>illi</strong></span> <span class='ocrx_word' id='word_1_416' title='bbox 2537 2730 2705 2792; x_wconf 89' lang='lat' dir='ltr'><strong>diem,</strong></span> <span class='ocrx_word' id='word_1_417' title='bbox 2754 2737 3026 2781; x_wconf 90' lang='lat' dir='ltr'><strong>venerunt</strong></span> <span class='ocrx_word' id='word_1_418' title='bbox 3057 2726 3121 2779; x_wconf 81' lang='lat' dir='ltr'><strong>ad</strong></span> <span class='ocrx_word' id='word_1_419' title='bbox 3162 2742 3289 2780; x_wconf 91' lang='lat' dir='ltr'><strong>eum</strong></span> <span class='ocrx_word' id='word_1_420' title='bbox 3333 2725 3388 2778; x_wconf 90' lang='lat' dir='ltr'><strong>in</strong></span> <span class='ocrx_word' id='word_1_421' title='bbox 3437 2725 3722 2791; x_wconf 75' lang='lat' dir='ltr'><strong>hospitium</strong></span> 
     </span>
    </p>
   </div>
   <div class='ocr_carea' id='block_1_58' title="bbox 2171 2816 3731 2895">
    <p class='ocr_par' dir='ltr' id='par_1_58' title="bbox 2171 2816 3731 2895">
     <span class='ocr_line' id='line_1_58' title="bbox 2171 2816 3731 2895; baseline -0.007 -17"><span class='ocrx_word' id='word_1_422' title='bbox 2171 2826 2415 2895; x_wconf 86' lang='lat' dir='ltr'><strong>plurimi.</strong></span> <span class='ocrx_word' id='word_1_423' title='bbox 2446 2823 2647 2893; x_wconf 91' lang='lat' dir='ltr'><strong>quibus</strong></span> <span class='ocrx_word' id='word_1_424' title='bbox 2678 2821 2986 2891; x_wconf 81' lang='lat' dir='ltr'><strong>exponebat</strong></span> <span class='ocrx_word' id='word_1_425' title='bbox 3019 2818 3319 2873; x_wconf 78' lang='lat' dir='ltr'><strong>testiﬁcans</strong></span> <span class='ocrx_word' id='word_1_426' title='bbox 3375 2832 3601 2888; x_wconf 74' lang='lat' dir='ltr'><strong>regnum</strong></span> <span class='ocrx_word' id='word_1_427' title='bbox 3630 2816 3731 2877; x_wconf 85' lang='lat' dir='ltr'><strong>Dei,</strong></span> 
     </span>
    </p>
   </div>
   <div class='ocr_carea' id='block_1_59' title="bbox 2168 2909 3732 2986">
    <p class='ocr_par' dir='ltr' id='par_1_59' title="bbox 2168 2909 3732 2986">
     <span class='ocr_line' id='line_1_59' title="bbox 2168 2909 3732 2986; baseline -0.006 -15"><span class='ocrx_word' id='word_1_428' title='bbox 2168 2918 2513 2986; x_wconf 81' lang='lat' dir='ltr'><strong>suadensque</strong></span> <span class='ocrx_word' id='word_1_429' title='bbox 2544 2914 2623 2970; x_wconf 85' lang='lat' dir='ltr'><strong>eis</strong></span> <span class='ocrx_word' id='word_1_430' title='bbox 2656 2913 2724 2967; x_wconf 86' lang='lat' dir='ltr'><strong>de</strong></span> <span class='ocrx_word' id='word_1_431' title='bbox 2740 2913 2870 2968; x_wconf 81' lang='lat' dir='ltr'><strong>.lesu</strong></span> <span class='ocrx_word' id='word_1_432' title='bbox 2896 2928 2960 2967; x_wconf 89' lang='lat' dir='ltr'><strong>ex</strong></span> <span class='ocrx_word' id='word_1_433' title='bbox 2993 2912 3105 2979; x_wconf 75' lang='lat' dir='ltr'><strong>lege</strong></span> <span class='ocrx_word' id='word_1_434' title='bbox 3140 2911 3304 2980; x_wconf 72' lang='lat' dir='ltr'><strong>Moysi</strong></span> <span class='ocrx_word' id='word_1_435' title='bbox 3340 2922 3399 2964; x_wconf 89' lang='lat' dir='ltr'><strong>et</strong></span> <span class='ocrx_word' id='word_1_436' title='bbox 3446 2909 3732 2979; x_wconf 82' lang='lat' dir='ltr'><strong>prophetis,</strong></span> 
     </span>
    </p>
   </div>
   <div class='ocr_carea' id='block_1_60' title="bbox 2170 3000 3733 3071">
    <p class='ocr_par' dir='ltr' id='par_1_60' title="bbox 2170 3000 3733 3071">
     <span class='ocr_line' id='line_1_60' title="bbox 2170 3000 3733 3071; baseline -0.007 -10"><span class='ocrx_word' id='word_1_437' title='bbox 2170 3023 2199 3061; x_wconf 90' lang='lat' dir='ltr'><strong>a</strong></span> <span class='ocrx_word' id='word_1_438' title='bbox 2262 3022 2426 3059; x_wconf 88' lang='lat' dir='ltr'><strong>manu</strong></span> <span class='ocrx_word' id='word_1_439' title='bbox 2484 3017 2658 3071; x_wconf 91' lang='lat' dir='ltr'><strong>usque</strong></span> <span class='ocrx_word' id='word_1_440' title='bbox 2711 3003 2779 3055; x_wconf 88' lang='lat' dir='ltr'><strong>ad</strong></span> <span class='ocrx_word' id='word_1_441' title='bbox 2842 3016 3150 3069; x_wconf 88' lang='lat' dir='ltr'><strong>vesperam.</strong></span> <span class='ocrx_word' id='word_1_442' title='bbox 3213 3000 3282 3054; x_wconf 81' lang='lat' dir='ltr'><strong>Et</strong></span> <span class='ocrx_word' id='word_1_443' title='bbox 3336 3000 3560 3068; x_wconf 86' lang='lat' dir='ltr'><strong>quidam</strong></span> <span class='ocrx_word' id='word_1_444' title='bbox 3624 3013 3733 3051; x_wconf 87' lang='lat' dir='ltr'><strong>cre-</strong></span> 
     </span>
    </p>
   </div>
   <div class='ocr_carea' id='block_1_61' title="bbox 2170 3094 3733 3166">
    <p class='ocr_par' dir='ltr' id='par_1_61' title="bbox 2170 3094 3733 3166">
     <span class='ocr_line' id='line_1_61' title="bbox 2170 3094 3733 3166; baseline -0.008 -10"><span class='ocrx_word' id='word_1_445' title='bbox 2170 3102 2375 3156; x_wconf 89' lang='lat' dir='ltr'><strong>debant</strong></span> <span class='ocrx_word' id='word_1_446' title='bbox 2449 3099 2535 3153; x_wconf 91' lang='lat' dir='ltr'><strong>his</strong></span> <span class='ocrx_word' id='word_1_447' title='bbox 2604 3114 2722 3166; x_wconf 75' lang='lat' dir='ltr'><strong>qine</strong></span> <span class='ocrx_word' id='word_1_448' title='bbox 2772 3097 3132 3153; x_wconf 64' lang='lat' dir='ltr'><strong>dicebautur,</strong></span> <span class='ocrx_word' id='word_1_449' title='bbox 3174 3094 3399 3160; x_wconf 57' lang='lat' dir='ltr'><strong>quirlasn</strong></span> <span class='ocrx_word' id='word_1_450' title='bbox 3436 3109 3567 3147; x_wconf 83' lang='lat' dir='ltr'><strong>vero</strong></span> <span class='ocrx_word' id='word_1_451' title='bbox 3637 3106 3733 3144; x_wconf 89' lang='lat' dir='ltr'><strong>non</strong></span> 
     </span>
    </p>
   </div>
   <div class='ocr_carea' id='block_1_62' title="bbox 488 3163 3737 3258">
    <p class='ocr_par' dir='ltr' id='par_1_62' title="bbox 488 3163 3737 3258">
     <span class='ocr_line' id='line_1_62' title="bbox 488 3163 3737 3258; baseline -0.004 -12"><span class='ocrx_word' id='word_1_452' title='bbox 488 3178 631 3233; x_wconf 64' lang='lat' dir='ltr'><strong>&quot;mil</strong></span> <span class='ocrx_word' id='word_1_453' title='bbox 658 3179 783 3233; x_wconf 67' lang='lat' dir='ltr'><strong>mali</strong></span> <span class='ocrx_word' id='word_1_454' title='bbox 842 3196 1034 3249; x_wconf 66' lang='grc'><strong>[³³5⁸113</strong></span> <span class='ocrx_word' id='word_1_455' title='bbox 1059 3191 1162 3237; x_wconf 65' lang='grc' dir='ltr'><strong>οδε·</strong></span> <span class='ocrx_word' id='word_1_456' title='bbox 1197 3183 1266 3237; x_wconf 71' lang='lat' dir='ltr'><strong>Al</strong></span> <span class='ocrx_word' id='word_1_457' title='bbox 1292 3184 1369 3237; x_wconf 75' lang='lat' dir='ltr'><strong>illi</strong></span> <span class='ocrx_word' id='word_1_458' title='bbox 1419 3185 1816 3240; x_wconf 64' lang='lat' dir='ltr'><strong>Ciislilllabanl</strong></span> <span class='ocrx_word' id='word_1_459' title='bbox 1854 3201 1980 3239; x_wconf 81' lang='lat' dir='ltr'><strong>eum</strong></span> <span class='ocrx_word' id='word_1_460' title='bbox 2007 3186 2060 3239; x_wconf 78' lang='lat' dir='ltr'><strong>ill</strong></span> <span class='ocrx_word' id='word_1_461' title='bbox 2093 3163 2135 3223; x_wconf 66' lang='grc' dir='ltr'>Ο</span> <span class='ocrx_word' id='word_1_462' title='bbox 2168 3191 2485 3248; x_wconf 78' lang='lat' dir='ltr'><strong>credebant.</strong></span> <span class='ocrx_word' id='word_1_463' title='bbox 2524 3190 2769 3258; x_wconf 87' lang='lat' dir='ltr'><strong>Cumque</strong></span> <span class='ocrx_word' id='word_1_464' title='bbox 2798 3186 3033 3241; x_wconf 84' lang='lat' dir='ltr'><strong>invicem</strong></span> <span class='ocrx_word' id='word_1_465' title='bbox 3054 3200 3163 3237; x_wconf 90' lang='lat' dir='ltr'><strong>non</strong></span> <span class='ocrx_word' id='word_1_466' title='bbox 3188 3194 3374 3238; x_wconf 90' lang='lat' dir='ltr'><strong>essent</strong></span> <span class='ocrx_word' id='word_1_467' title='bbox 3405 3182 3737 3237; x_wconf 85' lang='lat' dir='ltr'><strong>consentien-</strong></span> 
     </span>
    </p>
   </div>
   <div class='ocr_carea' id='block_1_63' title="bbox 489 3275 2070 3343">
    <p class='ocr_par' dir='ltr' id='par_1_63' title="bbox 489 3275 2070 3343">
     <span class='ocr_line' id='line_1_63' title="bbox 489 3275 2070 3343; baseline 0.003 -18"><span class='ocrx_word' id='word_1_468' title='bbox 489 3281 757 3325; x_wconf 87' lang='lat' dir='ltr'><strong>tumorem</strong></span> <span class='ocrx_word' id='word_1_469' title='bbox 777 3275 1232 3337; x_wconf 86' lang='lat' dir='ltr'><strong>convertendum,</strong></span> <span class='ocrx_word' id='word_1_470' title='bbox 1270 3284 1326 3329; x_wconf 90' lang='lat' dir='ltr'><strong>et</strong></span> <span class='ocrx_word' id='word_1_471' title='bbox 1351 3278 1533 3330; x_wconf 89' lang='lat' dir='ltr'><strong>subito</strong></span> <span class='ocrx_word' id='word_1_472' title='bbox 1576 3293 1855 3343; x_wconf 84' lang='lat' dir='ltr'><strong>casurum,</strong></span> <span class='ocrx_word' id='word_1_473' title='bbox 1878 3287 1934 3332; x_wconf 91' lang='lat' dir='ltr'><strong>et</strong></span> <span class='ocrx_word' id='word_1_474' title='bbox 1957 3292 2070 3329; x_wconf 87' lang='lat' dir='ltr'><strong>mo-</strong></span> 
     </span>
    </p>
   </div>
   <div class='ocr_carea' id='block_1_64' title="bbox 487 3363 2071 3437">
    <p class='ocr_par' dir='ltr' id='par_1_64' title="bbox 487 3363 2071 3437">
     <span class='ocr_line' id='line_1_64' title="bbox 487 3363 2071 3437; baseline 0.004 -20"><span class='ocrx_word' id='word_1_475' title='bbox 487 3363 559 3418; x_wconf 81' lang='lat' dir='ltr'><strong>ri.</strong></span> <span class='ocrx_word' id='word_1_476' title='bbox 595 3363 693 3417; x_wconf 90' lang='lat' dir='ltr'><strong>Diu</strong></span> <span class='ocrx_word' id='word_1_477' title='bbox 724 3374 905 3418; x_wconf 88' lang='lat' dir='ltr'><strong>autem</strong></span> <span class='ocrx_word' id='word_1_478' title='bbox 934 3365 1038 3419; x_wconf 89' lang='lat' dir='ltr'><strong>illis</strong></span> <span class='ocrx_word' id='word_1_479' title='bbox 1066 3369 1531 3437; x_wconf 78' lang='lat' dir='ltr'><strong>exspectantibus,</strong></span> <span class='ocrx_word' id='word_1_480' title='bbox 1565 3372 1949 3425; x_wconf 70' lang='lat' dir='ltr'><strong>etviilentihus</strong></span> <span class='ocrx_word' id='word_1_481' title='bbox 1984 3370 2071 3426; x_wconf 84' lang='lat' dir='ltr'><strong>ni-</strong></span> 
     </span>
    </p>
   </div>
   <div class='ocr_carea' id='block_1_65' title="bbox 489 3456 2075 3527">
    <p class='ocr_par' dir='ltr' id='par_1_65' title="bbox 489 3456 2075 3527">
     <span class='ocr_line' id='line_1_65' title="bbox 489 3456 2075 3527; baseline 0.008 -19"><span class='ocrx_word' id='word_1_482' title='bbox 489 3456 568 3509; x_wconf 88' lang='lat' dir='ltr'><strong>hil</strong></span> <span class='ocrx_word' id='word_1_483' title='bbox 637 3456 764 3510; x_wconf 84' lang='lat' dir='ltr'><strong>mali</strong></span> <span class='ocrx_word' id='word_1_484' title='bbox 830 3457 881 3511; x_wconf 92' lang='lat' dir='ltr'><strong>in</strong></span> <span class='ocrx_word' id='word_1_485' title='bbox 940 3474 1006 3512; x_wconf 88' lang='lat' dir='ltr'><strong>eo</strong></span> <span class='ocrx_word' id='word_1_486' title='bbox 1040 3459 1181 3525; x_wconf 78' lang='lat' dir='ltr'><strong>ﬁeri,</strong></span> <span class='ocrx_word' id='word_1_487' title='bbox 1239 3473 1623 3523; x_wconf 75' lang='lat' dir='ltr'><strong>convertentes</strong></span> <span class='ocrx_word' id='word_1_488' title='bbox 1685 3478 1765 3527; x_wconf 83' lang='lat' dir='ltr'><strong>se,</strong></span> <span class='ocrx_word' id='word_1_489' title='bbox 1817 3465 2075 3520; x_wconf 87' lang='lat' dir='ltr'><strong>dicebant</strong></span> 
     </span>
    </p>
   </div>
   <div class='ocr_carea' id='block_1_66' title="bbox 487 3551 2072 3613">
    <p class='ocr_par' dir='ltr' id='par_1_66' title="bbox 487 3551 2072 3613">
     <span class='ocr_line' id='line_1_66' title="bbox 487 3551 2072 3613; baseline 0.006 -9"><span class='ocrx_word' id='word_1_490' title='bbox 487 3564 617 3604; x_wconf 86' lang='lat' dir='ltr'><strong>eum</strong></span> <span class='ocrx_word' id='word_1_491' title='bbox 710 3565 830 3606; x_wconf 74' lang='lat' dir='ltr'><strong>esse</strong></span> <span class='ocrx_word' id='word_1_492' title='bbox 914 3551 1099 3606; x_wconf 88' lang='lat' dir='ltr'><strong>deum.</strong></span> <span class='ocrx_word' id='word_1_493' title='bbox 1165 3552 1224 3607; x_wconf 91' lang='lat' dir='ltr'><strong>ln</strong></span> <span class='ocrx_word' id='word_1_494' title='bbox 1301 3554 1439 3609; x_wconf 86' lang='lat' dir='ltr'><strong>locis</strong></span> <span class='ocrx_word' id='word_1_495' title='bbox 1521 3568 1703 3610; x_wconf 86' lang='lat' dir='ltr'><strong>autem</strong></span> <span class='ocrx_word' id='word_1_496' title='bbox 1760 3558 1865 3612; x_wconf 87' lang='lat' dir='ltr'><strong>illis</strong></span> <span class='ocrx_word' id='word_1_497' title='bbox 1916 3568 2072 3613; x_wconf 87' lang='lat' dir='ltr'><strong>erant</strong></span> 
     </span>
    </p>
   </div>
   <div class='ocr_carea' id='block_1_67' title="bbox 488 3641 2069 3719">
    <p class='ocr_par' dir='ltr' id='par_1_67' title="bbox 488 3641 2069 3719">
     <span class='ocr_line' id='line_1_67' title="bbox 488 3641 2069 3719; baseline 0.006 -26"><span class='ocrx_word' id='word_1_498' title='bbox 488 3641 693 3710; x_wconf 65' lang='lat' dir='ltr'><strong>prandia</strong></span> <span class='ocrx_word' id='word_1_499' title='bbox 765 3642 1032 3712; x_wconf 85' lang='lat' dir='ltr'><strong>principis</strong></span> <span class='ocrx_word' id='word_1_500' title='bbox 1117 3644 1329 3709; x_wconf 75' lang='lat' dir='ltr'><strong>insula:,</strong></span> <span class='ocrx_word' id='word_1_501' title='bbox 1414 3648 1635 3701; x_wconf 84' lang='lat' dir='ltr'><strong>nomine</strong></span> <span class='ocrx_word' id='word_1_502' title='bbox 1708 3648 1911 3715; x_wconf 77' lang='lat' dir='ltr'><strong>Publii,</strong></span> <span class='ocrx_word' id='word_1_503' title='bbox 1972 3649 2069 3719; x_wconf 91' lang='lat' dir='ltr'><strong>qui</strong></span> 
     </span>
    </p>
   </div>
   <div class='ocr_carea' id='block_1_68' title="bbox 493 3735 2072 3811">
    <p class='ocr_par' dir='ltr' id='par_1_68' title="bbox 493 3735 2072 3811">
     <span class='ocr_line' id='line_1_68' title="bbox 493 3735 2072 3811; baseline 0.005 -23"><span class='ocrx_word' id='word_1_504' title='bbox 493 3750 591 3788; x_wconf 88' lang='lat' dir='ltr'><strong>nos</strong></span> <span class='ocrx_word' id='word_1_505' title='bbox 617 3735 941 3804; x_wconf 86' lang='lat' dir='ltr'><strong>suscipiens,</strong></span> <span class='ocrx_word' id='word_1_506' title='bbox 973 3736 1153 3790; x_wconf 89' lang='lat' dir='ltr'><strong>triduo</strong></span> <span class='ocrx_word' id='word_1_507' title='bbox 1208 3737 1442 3807; x_wconf 86' lang='lat' dir='ltr'><strong>benigne</strong></span> <span class='ocrx_word' id='word_1_508' title='bbox 1497 3739 1767 3794; x_wconf 70' lang='lat' dir='ltr'><strong>exhibuit.</strong></span> <span class='ocrx_word' id='word_1_509' title='bbox 1827 3740 2072 3811; x_wconf 78' lang='lat' dir='ltr'><strong>Contigit</strong></span> 
     </span>
    </p>
   </div>
   <div class='ocr_carea' id='block_1_69' title="bbox 488 3827 2069 3901">
    <p class='ocr_par' dir='ltr' id='par_1_69' title="bbox 488 3827 2069 3901">
     <span class='ocr_line' id='line_1_69' title="bbox 488 3827 2069 3901; baseline 0.004 -21"><span class='ocrx_word' id='word_1_510' title='bbox 488 3837 669 3880; x_wconf 72' lang='lat' dir='ltr'><strong>autem</strong></span> <span class='ocrx_word' id='word_1_511' title='bbox 696 3837 903 3896; x_wconf 84' lang='lat' dir='ltr'><strong>patrem</strong></span> <span class='ocrx_word' id='word_1_512' title='bbox 930 3828 1102 3881; x_wconf 86' lang='lat' dir='ltr'><strong>Publii</strong></span> <span class='ocrx_word' id='word_1_513' title='bbox 1126 3827 1368 3884; x_wconf 83' lang='lat' dir='ltr'><strong>febribus</strong></span> <span class='ocrx_word' id='word_1_514' title='bbox 1383 3842 1437 3883; x_wconf 88' lang='lat' dir='ltr'><strong>et</strong></span> <span class='ocrx_word' id='word_1_515' title='bbox 1466 3831 1772 3901; x_wconf 84' lang='lat' dir='ltr'><strong>dysenteria</strong></span> <span class='ocrx_word' id='word_1_516' title='bbox 1819 3845 2069 3888; x_wconf 87' lang='lat' dir='ltr'><strong>vexatum</strong></span> 
     </span>
    </p>
   </div>
   <div class='ocr_carea' id='block_1_70' title="bbox 490 3920 2068 3989">
    <p class='ocr_par' dir='ltr' id='par_1_70' title="bbox 490 3920 2068 3989">
     <span class='ocr_line' id='line_1_70' title="bbox 490 3920 2068 3989; baseline 0.004 -18"><span class='ocrx_word' id='word_1_517' title='bbox 490 3920 689 3989; x_wconf 72' lang='lat' dir='ltr'><strong>jacere.</strong></span> <span class='ocrx_word' id='word_1_518' title='bbox 722 3921 801 3974; x_wconf 75' lang='lat' dir='ltr'><strong>Ad</strong></span> <span class='ocrx_word' id='word_1_519' title='bbox 828 3939 990 3989; x_wconf 89' lang='lat' dir='ltr'><strong>quem</strong></span> <span class='ocrx_word' id='word_1_520' title='bbox 1029 3923 1229 3976; x_wconf 76' lang='lat' dir='ltr'><strong>Paulus</strong></span> <span class='ocrx_word' id='word_1_521' title='bbox 1282 3924 1506 3977; x_wconf 88' lang='lat' dir='ltr'><strong>intravit</strong></span> <span class='ocrx_word' id='word_1_522' title='bbox 1539 3940 1554 3978; x_wconf 87' lang='lat'><strong>:</strong></span> <span class='ocrx_word' id='word_1_523' title='bbox 1587 3936 1789 3978; x_wconf 90' lang='lat' dir='ltr'><strong>etcum</strong></span> <span class='ocrx_word' id='word_1_524' title='bbox 1837 3933 2068 3989; x_wconf 85' lang='lat' dir='ltr'><strong>orasset,</strong></span> 
     </span>
    </p>
   </div>
   <div class='ocr_carea' id='block_1_71' title="bbox 490 4013 2070 4083">
    <p class='ocr_par' dir='ltr' id='par_1_71' title="bbox 490 4013 2070 4083">
     <span class='ocr_line' id='line_1_71' title="bbox 490 4013 2070 4083; baseline 0.001 -17"><span class='ocrx_word' id='word_1_525' title='bbox 490 4025 545 4066; x_wconf 88' lang='lat' dir='ltr'><strong>et</strong></span> <span class='ocrx_word' id='word_1_526' title='bbox 570 4013 918 4083; x_wconf 85' lang='lat' dir='ltr'><strong>imposuisset</strong></span> <span class='ocrx_word' id='word_1_527' title='bbox 948 4016 997 4067; x_wconf 89' lang='lat' dir='ltr'><strong>ei</strong></span> <span class='ocrx_word' id='word_1_528' title='bbox 1022 4031 1237 4079; x_wconf 72' lang='lat' dir='ltr'><strong>manus,</strong></span> <span class='ocrx_word' id='word_1_529' title='bbox 1276 4015 1508 4069; x_wconf 71' lang='lat' dir='ltr'><strong>salvavit</strong></span> <span class='ocrx_word' id='word_1_530' title='bbox 1557 4031 1703 4072; x_wconf 92' lang='lat' dir='ltr'><strong>eum.</strong></span> <span class='ocrx_word' id='word_1_531' title='bbox 1733 4015 1855 4082; x_wconf 83' lang='lat' dir='ltr'><strong>Quo</strong></span> <span class='ocrx_word' id='word_1_532' title='bbox 1903 4018 2070 4079; x_wconf 77' lang='lat' dir='ltr'><strong>facto,</strong></span> 
     </span>
    </p>
   </div>
   <div class='ocr_carea' id='block_1_72' title="bbox 490 4107 2071 4175">
    <p class='ocr_par' dir='ltr' id='par_1_72' title="bbox 490 4107 2071 4175">
     <span class='ocr_line' id='line_1_72' title="bbox 490 4107 2071 4175; baseline 0.004 -19"><span class='ocrx_word' id='word_1_533' title='bbox 490 4120 705 4168; x_wconf 82' lang='lat' dir='ltr'><strong>omnes,</strong></span> <span class='ocrx_word' id='word_1_534' title='bbox 731 4108 898 4175; x_wconf 88' lang='lat' dir='ltr'><strong>quiin</strong></span> <span class='ocrx_word' id='word_1_535' title='bbox 932 4107 1107 4160; x_wconf 88' lang='lat' dir='ltr'><strong>insula</strong></span> <span class='ocrx_word' id='word_1_536' title='bbox 1138 4108 1410 4161; x_wconf 85' lang='lat' dir='ltr'><strong>habebant</strong></span> <span class='ocrx_word' id='word_1_537' title='bbox 1433 4108 1802 4171; x_wconf 76' lang='lat' dir='ltr'><strong>inﬁrmitates.</strong></span> <span class='ocrx_word' id='word_1_538' title='bbox 1839 4109 2071 4163; x_wconf 85' lang='lat' dir='ltr'><strong>accede-</strong></span> 
     </span>
    </p>
   </div>
   <div class='ocr_carea' id='block_1_73' title="bbox 495 4199 2073 4269">
    <p class='ocr_par' dir='ltr' id='par_1_73' title="bbox 495 4199 2073 4269">
     <span class='ocr_line' id='line_1_73' title="bbox 495 4199 2073 4269; baseline 0.002 -16"><span class='ocrx_word' id='word_1_539' title='bbox 495 4199 647 4261; x_wconf 84' lang='lat' dir='ltr'><strong>bant,</strong></span> <span class='ocrx_word' id='word_1_540' title='bbox 686 4210 741 4251; x_wconf 91' lang='lat' dir='ltr'><strong>et</strong></span> <span class='ocrx_word' id='word_1_541' title='bbox 791 4199 1133 4253; x_wconf 83' lang='lat' dir='ltr'><strong>curabantur</strong></span> <span class='ocrx_word' id='word_1_542' title='bbox 1170 4218 1182 4253; x_wconf 91' lang='lat'>:</span> <span class='ocrx_word' id='word_1_543' title='bbox 1216 4202 1308 4269; x_wconf 67' lang='lat' dir='ltr'><strong>qui</strong></span> <span class='ocrx_word' id='word_1_544' title='bbox 1370 4202 1534 4254; x_wconf 90' lang='lat' dir='ltr'><strong>etiam</strong></span> <span class='ocrx_word' id='word_1_545' title='bbox 1602 4203 1786 4254; x_wconf 87' lang='lat' dir='ltr'><strong>multis</strong></span> <span class='ocrx_word' id='word_1_546' title='bbox 1855 4204 2073 4256; x_wconf 80' lang='lat' dir='ltr'><strong>honori-</strong></span> 
     </span>
    </p>
   </div>
   <div class='ocr_carea' id='block_1_74' title="bbox 494 4292 2068 4363">
    <p class='ocr_par' dir='ltr' id='par_1_74' title="bbox 494 4292 2068 4363">
     <span class='ocr_line' id='line_1_74' title="bbox 494 4292 2068 4363; baseline 0.001 -16"><span class='ocrx_word' id='word_1_547' title='bbox 494 4292 598 4347; x_wconf 83' lang='lat' dir='ltr'><strong>bus</strong></span> <span class='ocrx_word' id='word_1_548' title='bbox 628 4308 724 4345; x_wconf 85' lang='lat' dir='ltr'><strong>nos</strong></span> <span class='ocrx_word' id='word_1_549' title='bbox 758 4292 1185 4355; x_wconf 85' lang='lat' dir='ltr'><strong>honoraverunt,</strong></span> <span class='ocrx_word' id='word_1_550' title='bbox 1218 4303 1271 4348; x_wconf 91' lang='lat' dir='ltr'><strong>et</strong></span> <span class='ocrx_word' id='word_1_551' title='bbox 1328 4294 1715 4361; x_wconf 80' lang='lat' dir='ltr'><strong>navigantibus</strong></span> <span class='ocrx_word' id='word_1_552' title='bbox 1788 4294 2068 4363; x_wconf 80' lang='lat' dir='ltr'><strong>imposue-</strong></span> 
     </span>
    </p>
   </div>
   <div class='ocr_carea' id='block_1_75' title="bbox 495 4387 2062 4455">
    <p class='ocr_par' dir='ltr' id='par_1_75' title="bbox 495 4387 2062 4455">
     <span class='ocr_line' id='line_1_75' title="bbox 495 4387 2062 4455; baseline 0.002 -17"><span class='ocrx_word' id='word_1_553' title='bbox 495 4394 625 4438; x_wconf 90' lang='lat' dir='ltr'><strong>runt</strong></span> <span class='ocrx_word' id='word_1_554' title='bbox 670 4402 791 4455; x_wconf 69' lang='lat' dir='ltr'><strong>quae</strong></span> <span class='ocrx_word' id='word_1_555' title='bbox 825 4387 1129 4442; x_wconf 75' lang='lat' dir='ltr'><strong>necessaria</strong></span> <span class='ocrx_word' id='word_1_556' title='bbox 1178 4398 1359 4442; x_wconf 89' lang='lat' dir='ltr'><strong>erant.</strong></span> <span class='ocrx_word' id='word_1_557' title='bbox 1420 4387 1546 4441; x_wconf 77' lang='lat' dir='ltr'><strong>Post</strong></span> <span class='ocrx_word' id='word_1_558' title='bbox 1594 4404 1811 4442; x_wconf 78' lang='lat' dir='ltr'><strong>menses</strong></span> <span class='ocrx_word' id='word_1_559' title='bbox 1877 4397 2062 4442; x_wconf 88' lang='lat' dir='ltr'><strong>autem</strong></span> 
     </span>
    </p>
   </div>
   <div class='ocr_carea' id='block_1_76' title="bbox 496 4479 2072 4551">
    <p class='ocr_par' dir='ltr' id='par_1_76' title="bbox 496 4479 2072 4551">
     <span class='ocr_line' id='line_1_76' title="bbox 496 4479 2072 4551; baseline 0.002 -20"><span class='ocrx_word' id='word_1_560' title='bbox 496 4488 631 4541; x_wconf 86' lang='lat' dir='ltr'><strong>tres,</strong></span> <span class='ocrx_word' id='word_1_561' title='bbox 672 4479 1050 4550; x_wconf 68' lang='lat' dir='ltr'><strong>navigavimus</strong></span> <span class='ocrx_word' id='word_1_562' title='bbox 1076 4481 1128 4534; x_wconf 92' lang='lat' dir='ltr'><strong>in</strong></span> <span class='ocrx_word' id='word_1_563' title='bbox 1161 4482 1283 4534; x_wconf 83' lang='lat' dir='ltr'><strong>navi</strong></span> <span class='ocrx_word' id='word_1_564' title='bbox 1320 4480 1708 4539; x_wconf 72' lang='lat' dir='ltr'><strong>Alexandrina.</strong></span> <span class='ocrx_word' id='word_1_565' title='bbox 1737 4498 1860 4551; x_wconf 57' lang='lat' dir='ltr'><strong>qua:</strong></span> <span class='ocrx_word' id='word_1_566' title='bbox 1892 4482 1945 4535; x_wconf 90' lang='lat' dir='ltr'><strong>in</strong></span> <span class='ocrx_word' id='word_1_567' title='bbox 1990 4484 2072 4534; x_wconf 85' lang='lat' dir='ltr'><strong>in-</strong></span> 
     </span>
    </p>
   </div>
   <div class='ocr_carea' id='block_1_77' title="bbox 494 4569 2073 4642">
    <p class='ocr_par' dir='ltr' id='par_1_77' title="bbox 494 4569 2073 4642">
     <span class='ocr_line' id='line_1_77' title="bbox 494 4569 2073 4642; baseline 0.001 -19"><span class='ocrx_word' id='word_1_568' title='bbox 494 4569 615 4623; x_wconf 80' lang='lat' dir='ltr'><strong>sula</strong></span> <span class='ocrx_word' id='word_1_569' title='bbox 647 4569 1001 4634; x_wconf 88' lang='lat' dir='ltr'><strong>hiemaverat,</strong></span> <span class='ocrx_word' id='word_1_570' title='bbox 1062 4574 1149 4626; x_wconf 92' lang='lat' dir='ltr'><strong>cui</strong></span> <span class='ocrx_word' id='word_1_571' title='bbox 1206 4580 1328 4627; x_wconf 77' lang='lat' dir='ltr'><strong>erat</strong></span> <span class='ocrx_word' id='word_1_572' title='bbox 1381 4574 1592 4642; x_wconf 77' lang='lat' dir='ltr'><strong>insigne</strong></span> <span class='ocrx_word' id='word_1_573' title='bbox 1642 4574 1953 4628; x_wconf 80' lang='lat' dir='ltr'><strong>Castorum.</strong></span> <span class='ocrx_word' id='word_1_574' title='bbox 2006 4573 2073 4626; x_wconf 86' lang='lat' dir='ltr'><strong>Et</strong></span> 
     </span>
    </p>
   </div>
   <div class='ocr_carea' id='block_1_78' title="bbox 497 4664 2073 4735">
    <p class='ocr_par' dir='ltr' id='par_1_78' title="bbox 497 4664 2073 4735">
     <span class='ocr_line' id='line_1_78' title="bbox 497 4664 2073 4735; baseline 0.001 -17"><span class='ocrx_word' id='word_1_575' title='bbox 497 4680 623 4718; x_wconf 86' lang='lat' dir='ltr'><strong>cum</strong></span> <span class='ocrx_word' id='word_1_576' title='bbox 649 4664 989 4718; x_wconf 79' lang='lat' dir='ltr'><strong>venissemus</strong></span> <span class='ocrx_word' id='word_1_577' title='bbox 1027 4664 1373 4735; x_wconf 77' lang='lat' dir='ltr'><strong>Syracusani,</strong></span> <span class='ocrx_word' id='word_1_578' title='bbox 1409 4668 1712 4720; x_wconf 83' lang='lat' dir='ltr'><strong>mansimus</strong></span> <span class='ocrx_word' id='word_1_579' title='bbox 1762 4667 1837 4720; x_wconf 90' lang='lat' dir='ltr'><strong>ibi</strong></span> <span class='ocrx_word' id='word_1_580' title='bbox 1870 4666 2073 4720; x_wconf 87' lang='lat' dir='ltr'><strong>triduo.</strong></span> 
     </span>
    </p>
   </div>
   <div class='ocr_carea' id='block_1_79' title="bbox 500 4755 2073 4828">
    <p class='ocr_par' dir='ltr' id='par_1_79' title="bbox 500 4755 2073 4828">
     <span class='ocr_line' id='line_1_79' title="bbox 500 4755 2073 4828; baseline 0.002 -18"><span class='ocrx_word' id='word_1_581' title='bbox 500 4755 629 4811; x_wconf 78' lang='lat' dir='ltr'><strong>lude</strong></span> <span class='ocrx_word' id='word_1_582' title='bbox 664 4757 1119 4828; x_wconf 84' lang='lat' dir='ltr'><strong>circumlegentes</strong></span> <span class='ocrx_word' id='word_1_583' title='bbox 1159 4758 1482 4812; x_wconf 86' lang='lat' dir='ltr'><strong>devenimus</strong></span> <span class='ocrx_word' id='word_1_584' title='bbox 1532 4758 1797 4827; x_wconf 76' lang='lat' dir='ltr'><strong>Rhegium</strong></span> <span class='ocrx_word' id='word_1_585' title='bbox 1829 4768 1919 4813; x_wconf 88' lang='lat' dir='ltr'><strong>:ct</strong></span> <span class='ocrx_word' id='word_1_586' title='bbox 1952 4770 2073 4827; x_wconf 87' lang='lat' dir='ltr'><strong>post</strong></span> 
     </span>
    </p>
   </div>
   <div class='ocr_carea' id='block_1_80' title="bbox 2105 4523 2152 4579">
    <p class='ocr_par' dir='ltr' id='par_1_80' title="bbox 2105 4523 2152 4579">
     <span class='ocr_line' id='line_1_80' title="bbox 2105 4523 2152 4579; baseline 0 0"><span class='ocrx_word' id='word_1_587' title='bbox 2105 4523 2152 4579; x_wconf 87' lang='lat' dir='ltr'><strong>D</strong></span> 
     </span>
    </p>
   </div>
   <div class='ocr_carea' id='block_1_81' title="bbox 2174 3276 3737 3349">
    <p class='ocr_par' dir='ltr' id='par_1_81' title="bbox 2174 3276 3737 3349">
     <span class='ocr_line' id='line_1_81' title="bbox 2174 3276 3737 3349; baseline -0.007 -11"><span class='ocrx_word' id='word_1_588' title='bbox 2174 3295 2276 3349; x_wconf 84' lang='lat' dir='ltr'><strong>tes,</strong></span> <span class='ocrx_word' id='word_1_589' title='bbox 2301 3282 2685 3346; x_wconf 87' lang='lat' dir='ltr'><strong>discedebant,</strong></span> <span class='ocrx_word' id='word_1_590' title='bbox 2710 3280 2925 3335; x_wconf 87' lang='lat' dir='ltr'><strong>dicente</strong></span> <span class='ocrx_word' id='word_1_591' title='bbox 2961 3277 3127 3331; x_wconf 83' lang='lat' dir='ltr'><strong>Paulo</strong></span> <span class='ocrx_word' id='word_1_592' title='bbox 3147 3294 3311 3331; x_wconf 87' lang='lat' dir='ltr'><strong>unum</strong></span> <span class='ocrx_word' id='word_1_593' title='bbox 3337 3277 3563 3331; x_wconf 84' lang='lat' dir='ltr'><strong>verbum</strong></span> <span class='ocrx_word' id='word_1_594' title='bbox 3587 3295 3598 3329; x_wconf 90' lang='lat'>:</span> <span class='ocrx_word' id='word_1_595' title='bbox 3618 3276 3737 3342; x_wconf 68' lang='lat' dir='ltr'><strong>Qui:</strong></span> 
     </span>
    </p>
   </div>
   <div class='ocr_carea' id='block_1_82' title="bbox 2171 3372 3738 3446">
    <p class='ocr_par' dir='ltr' id='par_1_82' title="bbox 2171 3372 3738 3446">
     <span class='ocr_line' id='line_1_82' title="bbox 2171 3372 3738 3446; baseline -0.01 -13"><span class='ocrx_word' id='word_1_596' title='bbox 2171 3379 2313 3433; x_wconf 90' lang='lat' dir='ltr'><strong>bene</strong></span> <span class='ocrx_word' id='word_1_597' title='bbox 2344 3376 2581 3446; x_wconf 90' lang='lat' dir='ltr'><strong>Spiritus</strong></span> <span class='ocrx_word' id='word_1_598' title='bbox 2613 3384 2833 3427; x_wconf 89' lang='lat' dir='ltr'><strong>sanctus</strong></span> <span class='ocrx_word' id='word_1_599' title='bbox 2884 3373 3101 3427; x_wconf 89' lang='lat' dir='ltr'><strong>locutus</strong></span> <span class='ocrx_word' id='word_1_600' title='bbox 3126 3381 3208 3426; x_wconf 90' lang='lat' dir='ltr'><strong>est</strong></span> <span class='ocrx_word' id='word_1_601' title='bbox 3241 3387 3338 3436; x_wconf 85' lang='lat' dir='ltr'><strong>per</strong></span> <span class='ocrx_word' id='word_1_602' title='bbox 3376 3372 3571 3423; x_wconf 87' lang='lat' dir='ltr'><strong>Isaiam</strong></span> <span class='ocrx_word' id='word_1_603' title='bbox 3627 3382 3738 3437; x_wconf 85' lang='lat' dir='ltr'><strong>pro-</strong></span> 
     </span>
    </p>
   </div>
   <div class='ocr_carea' id='block_1_83' title="bbox 2173 3462 3736 3538">
    <p class='ocr_par' dir='ltr' id='par_1_83' title="bbox 2173 3462 3736 3538">
     <span class='ocr_line' id='line_1_83' title="bbox 2173 3462 3736 3538; baseline -0.006 -17"><span class='ocrx_word' id='word_1_604' title='bbox 2173 3469 2391 3538; x_wconf 82' lang='lat' dir='ltr'><strong>phetain</strong></span> <span class='ocrx_word' id='word_1_605' title='bbox 2410 3466 2477 3520; x_wconf 86' lang='lat' dir='ltr'><strong>ad</strong></span> <span class='ocrx_word' id='word_1_606' title='bbox 2509 3475 2688 3535; x_wconf 87' lang='lat' dir='ltr'><strong>patres</strong></span> <span class='ocrx_word' id='word_1_607' title='bbox 2714 3473 2952 3527; x_wconf 89' lang='lat' dir='ltr'><strong>nostros,</strong></span> <span class='ocrx_word' id='word_1_608' title='bbox 2982 3463 3175 3517; x_wconf 89' lang='lat' dir='ltr'><strong>dicens</strong></span> <span class='ocrx_word' id='word_1_609' title='bbox 3210 3482 3223 3516; x_wconf 90' lang='lat'><strong>:</strong></span> <span class='ocrx_word' id='word_1_610' title='bbox 3270 3462 3417 3517; x_wconf 77' lang='lat' dir='ltr'><strong>Vade</strong></span> <span class='ocrx_word' id='word_1_611' title='bbox 3461 3463 3530 3515; x_wconf 88' lang='lat' dir='ltr'><strong>ad</strong></span> <span class='ocrx_word' id='word_1_612' title='bbox 3585 3475 3736 3529; x_wconf 81' lang='lat' dir='ltr'><strong>popu-</strong></span> 
     </span>
    </p>
   </div>
   <div class='ocr_carea' id='block_1_84' title="bbox 2174 3550 3733 3622">
    <p class='ocr_par' dir='ltr' id='par_1_84' title="bbox 2174 3550 3733 3622">
     <span class='ocr_line' id='line_1_84' title="bbox 2174 3550 3733 3622; baseline -0.01 -11"><span class='ocrx_word' id='word_1_613' title='bbox 2174 3559 2283 3612; x_wconf 87' lang='lat' dir='ltr'><strong>lum</strong></span> <span class='ocrx_word' id='word_1_614' title='bbox 2314 3558 2504 3622; x_wconf 78' lang='lat' dir='ltr'><strong>istum,</strong></span> <span class='ocrx_word' id='word_1_615' title='bbox 2533 3568 2589 3610; x_wconf 90' lang='lat' dir='ltr'><strong>et</strong></span> <span class='ocrx_word' id='word_1_616' title='bbox 2622 3556 2708 3609; x_wconf 91' lang='lat' dir='ltr'><strong>die</strong></span> <span class='ocrx_word' id='word_1_617' title='bbox 2737 3557 2802 3607; x_wconf 88' lang='lat' dir='ltr'><strong>ad</strong></span> <span class='ocrx_word' id='word_1_618' title='bbox 2844 3569 2942 3607; x_wconf 88' lang='lat' dir='ltr'><strong>eos</strong></span> <span class='ocrx_word' id='word_1_619' title='bbox 2974 3571 2987 3606; x_wconf 89' lang='lat'><strong>:</strong></span> <span class='ocrx_word' id='word_1_620' title='bbox 3034 3554 3181 3605; x_wconf 83' lang='lat' dir='ltr'><strong>Aure</strong></span> <span class='ocrx_word' id='word_1_621' title='bbox 3247 3550 3508 3615; x_wconf 88' lang='lat' dir='ltr'><strong>audietis,</strong></span> <span class='ocrx_word' id='word_1_622' title='bbox 3552 3558 3606 3603; x_wconf 84' lang='lat' dir='ltr'><strong>et</strong></span> <span class='ocrx_word' id='word_1_623' title='bbox 3648 3560 3733 3599; x_wconf 91' lang='lat' dir='ltr'><strong>non</strong></span> 
     </span>
    </p>
   </div>
   <div class='ocr_carea' id='block_1_85' title="bbox 2173 3642 3739 3720">
    <p class='ocr_par' dir='ltr' id='par_1_85' title="bbox 2173 3642 3739 3720">
     <span class='ocr_line' id='line_1_85' title="bbox 2173 3642 3739 3720; baseline -0.01 -15"><span class='ocrx_word' id='word_1_624' title='bbox 2173 3651 2485 3720; x_wconf 79' lang='lat' dir='ltr'><strong>intelligetis</strong></span> <span class='ocrx_word' id='word_1_625' title='bbox 2539 3667 2554 3703; x_wconf 88' lang='lat'><strong>:</strong></span> <span class='ocrx_word' id='word_1_626' title='bbox 2605 3658 2660 3703; x_wconf 88' lang='lat' dir='ltr'><strong>et</strong></span> <span class='ocrx_word' id='word_1_627' title='bbox 2724 3646 2975 3701; x_wconf 79' lang='lat' dir='ltr'><strong>videntes</strong></span> <span class='ocrx_word' id='word_1_628' title='bbox 3029 3642 3285 3699; x_wconf 84' lang='lat' dir='ltr'><strong>videbitis</strong></span> <span class='ocrx_word' id='word_1_629' title='bbox 3364 3651 3420 3695; x_wconf 86' lang='lat' dir='ltr'><strong>et</strong></span> <span class='ocrx_word' id='word_1_630' title='bbox 3504 3657 3608 3695; x_wconf 92' lang='lat' dir='ltr'><strong>non</strong></span> <span class='ocrx_word' id='word_1_631' title='bbox 3638 3654 3739 3708; x_wconf 88' lang='lat' dir='ltr'><strong>per-</strong></span> 
     </span>
    </p>
   </div>
   <div class='ocr_carea' id='block_1_86' title="bbox 2172 3732 3739 3813">
    <p class='ocr_par' dir='ltr' id='par_1_86' title="bbox 2172 3732 3739 3813">
     <span class='ocr_line' id='line_1_86' title="bbox 2172 3732 3739 3813; baseline -0.01 -15"><span class='ocrx_word' id='word_1_632' title='bbox 2172 3744 2432 3813; x_wconf 87' lang='lat' dir='ltr'><strong>spicietis.</strong></span> <span class='ocrx_word' id='word_1_633' title='bbox 2471 3742 2858 3810; x_wconf 40' lang='lat' dir='ltr'><strong>.Incrassatum</strong></span> <span class='ocrx_word' id='word_1_634' title='bbox 2910 3748 2993 3793; x_wconf 88' lang='lat' dir='ltr'><strong>est</strong></span> <span class='ocrx_word' id='word_1_635' title='bbox 3053 3737 3201 3792; x_wconf 90' lang='lat' dir='ltr'><strong>enim</strong></span> <span class='ocrx_word' id='word_1_636' title='bbox 3256 3750 3349 3789; x_wconf 85' lang='lat' dir='ltr'><strong>cor</strong></span> <span class='ocrx_word' id='word_1_637' title='bbox 3412 3734 3601 3804; x_wconf 88' lang='lat' dir='ltr'><strong>populi</strong></span> <span class='ocrx_word' id='word_1_638' title='bbox 3652 3732 3739 3783; x_wconf 87' lang='lat' dir='ltr'><strong>bu-</strong></span> 
     </span>
    </p>
   </div>
   <div class='ocr_carea' id='block_1_87' title="bbox 2168 3828 3742 3906">
    <p class='ocr_par' dir='ltr' id='par_1_87' title="bbox 2168 3828 3742 3906">
     <span class='ocr_line' id='line_1_87' title="bbox 2168 3828 3742 3906; baseline -0.01 -19"><span class='ocrx_word' id='word_1_639' title='bbox 2168 3836 2279 3906; x_wconf 88' lang='lat' dir='ltr'><strong>jus,</strong></span> <span class='ocrx_word' id='word_1_640' title='bbox 2320 3846 2375 3889; x_wconf 89' lang='lat' dir='ltr'><strong>et</strong></span> <span class='ocrx_word' id='word_1_641' title='bbox 2404 3834 2627 3887; x_wconf 74' lang='lat' dir='ltr'><strong>auribus</strong></span> <span class='ocrx_word' id='word_1_642' title='bbox 2653 3833 2899 3902; x_wconf 86' lang='lat' dir='ltr'><strong>graviter</strong></span> <span class='ocrx_word' id='word_1_643' title='bbox 2932 3828 3253 3891; x_wconf 85' lang='lat' dir='ltr'><strong>audierunt,</strong></span> <span class='ocrx_word' id='word_1_644' title='bbox 3281 3836 3339 3881; x_wconf 91' lang='lat' dir='ltr'><strong>et</strong></span> <span class='ocrx_word' id='word_1_645' title='bbox 3391 3829 3586 3879; x_wconf 88' lang='lat' dir='ltr'><strong>oculos</strong></span> <span class='ocrx_word' id='word_1_646' title='bbox 3627 3834 3742 3875; x_wconf 79' lang='lat' dir='ltr'><strong>suos</strong></span> 
     </span>
    </p>
   </div>
   <div class='ocr_carea' id='block_1_88' title="bbox 2173 3915 3743 3997">
    <p class='ocr_par' dir='ltr' id='par_1_88' title="bbox 2173 3915 3743 3997">
     <span class='ocr_line' id='line_1_88' title="bbox 2173 3915 3743 3997; baseline -0.012 -14"><span class='ocrx_word' id='word_1_647' title='bbox 2173 3935 2640 3997; x_wconf 80' lang='lat' dir='ltr'><strong>emnpresserunt,</strong></span> <span class='ocrx_word' id='word_1_648' title='bbox 2674 3941 2741 3981; x_wconf 93' lang='lat' dir='ltr'><strong>ne</strong></span> <span class='ocrx_word' id='word_1_649' title='bbox 2770 3924 2911 3979; x_wconf 81' lang='lat' dir='ltr'><strong>forte</strong></span> <span class='ocrx_word' id='word_1_650' title='bbox 2951 3924 3171 3978; x_wconf 87' lang='lat' dir='ltr'><strong>videant</strong></span> <span class='ocrx_word' id='word_1_651' title='bbox 3204 3922 3402 3984; x_wconf 89' lang='lat' dir='ltr'><strong>oculis,</strong></span> <span class='ocrx_word' id='word_1_652' title='bbox 3452 3930 3511 3974; x_wconf 90' lang='lat' dir='ltr'><strong>et</strong></span> <span class='ocrx_word' id='word_1_653' title='bbox 3535 3915 3743 3970; x_wconf 78' lang='lat' dir='ltr'><strong>auribus</strong></span> 
     </span>
    </p>
   </div>
   <div class='ocr_carea' id='block_1_89' title="bbox 2171 4018 3747 4088">
    <p class='ocr_par' dir='ltr' id='par_1_89' title="bbox 2171 4018 3747 4088">
     <span class='ocr_line' id='line_1_89' title="bbox 2171 4018 3747 4088; baseline -0.01 -12"><span class='ocrx_word' id='word_1_654' title='bbox 2171 4023 2423 4083; x_wconf 86' lang='lat' dir='ltr'><strong>audiant,</strong></span> <span class='ocrx_word' id='word_1_655' title='bbox 2452 4031 2508 4074; x_wconf 91' lang='lat' dir='ltr'><strong>et</strong></span> <span class='ocrx_word' id='word_1_656' title='bbox 2533 4020 2700 4073; x_wconf 88' lang='lat' dir='ltr'><strong>corde</strong></span> <span class='ocrx_word' id='word_1_657' title='bbox 2730 4018 3057 4088; x_wconf 76' lang='lat' dir='ltr'><strong>intelligant,</strong></span> <span class='ocrx_word' id='word_1_658' title='bbox 3080 4025 3137 4071; x_wconf 88' lang='lat' dir='ltr'><strong>et</strong></span> <span class='ocrx_word' id='word_1_659' title='bbox 3162 4024 3577 4075; x_wconf 79' lang='lat' dir='ltr'><strong>convertantur,</strong></span> <span class='ocrx_word' id='word_1_660' title='bbox 3599 4020 3648 4063; x_wconf 90' lang='lat' dir='ltr'><strong>et</strong></span> <span class='ocrx_word' id='word_1_661' title='bbox 3667 4024 3747 4061; x_wconf 81' lang='lat' dir='ltr'><strong>sa-</strong></span> 
     </span>
    </p>
   </div>
   <div class='ocr_carea' id='block_1_90' title="bbox 2173 4102 3745 4180">
    <p class='ocr_par' dir='ltr' id='par_1_90' title="bbox 2173 4102 3745 4180">
     <span class='ocr_line' id='line_1_90' title="bbox 2173 4102 3745 4180; baseline -0.01 -15"><span class='ocrx_word' id='word_1_662' title='bbox 2173 4128 2299 4167; x_wconf 88' lang='lat' dir='ltr'><strong>nem</strong></span> <span class='ocrx_word' id='word_1_663' title='bbox 2320 4127 2438 4165; x_wconf 83' lang='lat' dir='ltr'><strong>eos.</strong></span> <span class='ocrx_word' id='word_1_664' title='bbox 2466 4110 2668 4165; x_wconf 89' lang='lat' dir='ltr'><strong>Notum</strong></span> <span class='ocrx_word' id='word_1_665' title='bbox 2723 4124 2857 4180; x_wconf 83' lang='lat' dir='ltr'><strong>ergo</strong></span> <span class='ocrx_word' id='word_1_666' title='bbox 2884 4110 2955 4162; x_wconf 89' lang='lat' dir='ltr'><strong>sit</strong></span> <span class='ocrx_word' id='word_1_667' title='bbox 2986 4109 3141 4162; x_wconf 87' lang='lat' dir='ltr'><strong>vobis</strong></span> <span class='ocrx_word' id='word_1_668' title='bbox 3198 4106 3462 4175; x_wconf 84' lang='lat' dir='ltr'><strong>quoniam</strong></span> <span class='ocrx_word' id='word_1_669' title='bbox 3510 4102 3745 4173; x_wconf 76' lang='lat' dir='ltr'><strong>gentibus</strong></span> 
     </span>
    </p>
   </div>
   <div class='ocr_carea' id='block_1_91' title="bbox 2176 4192 3746 4268">
    <p class='ocr_par' dir='ltr' id='par_1_91' title="bbox 2176 4192 3746 4268">
     <span class='ocr_line' id='line_1_91' title="bbox 2176 4192 3746 4268; baseline -0.009 -11"><span class='ocrx_word' id='word_1_670' title='bbox 2176 4203 2637 4259; x_wconf 87' lang='lat' dir='ltr'><strong>missumesthoc</strong></span> <span class='ocrx_word' id='word_1_671' title='bbox 2674 4202 2911 4255; x_wconf 81' lang='lat' dir='ltr'><strong>salutare</strong></span> <span class='ocrx_word' id='word_1_672' title='bbox 2974 4201 3092 4264; x_wconf 90' lang='lat' dir='ltr'><strong>Dei,</strong></span> <span class='ocrx_word' id='word_1_673' title='bbox 3134 4211 3190 4255; x_wconf 91' lang='lat' dir='ltr'><strong>et</strong></span> <span class='ocrx_word' id='word_1_674' title='bbox 3234 4200 3340 4268; x_wconf 88' lang='lat' dir='ltr'><strong>ipsi</strong></span> <span class='ocrx_word' id='word_1_675' title='bbox 3400 4199 3646 4251; x_wconf 85' lang='lat' dir='ltr'><strong>audient.</strong></span> <span class='ocrx_word' id='word_1_676' title='bbox 3689 4192 3746 4245; x_wconf 84' lang='lat' dir='ltr'><strong>Et</strong></span> 
     </span>
    </p>
   </div>
   <div class='ocr_carea' id='block_1_92' title="bbox 2175 4287 3742 4354">
    <p class='ocr_par' dir='ltr' id='par_1_92' title="bbox 2175 4287 3742 4354">
     <span class='ocr_line' id='line_1_92' title="bbox 2175 4287 3742 4354; baseline -0.01 -5"><span class='ocrx_word' id='word_1_677' title='bbox 2175 4309 2298 4349; x_wconf 91' lang='lat' dir='ltr'><strong>cum</strong></span> <span class='ocrx_word' id='word_1_678' title='bbox 2338 4294 2451 4347; x_wconf 81' lang='lat' dir='ltr'><strong>haec</strong></span> <span class='ocrx_word' id='word_1_679' title='bbox 2482 4295 2731 4354; x_wconf 84' lang='lat' dir='ltr'><strong>dixisset,</strong></span> <span class='ocrx_word' id='word_1_680' title='bbox 2761 4293 3019 4347; x_wconf 86' lang='lat' dir='ltr'><strong>exierunt</strong></span> <span class='ocrx_word' id='word_1_681' title='bbox 3051 4292 3121 4344; x_wconf 90' lang='lat' dir='ltr'><strong>ab</strong></span> <span class='ocrx_word' id='word_1_682' title='bbox 3169 4304 3235 4344; x_wconf 90' lang='lat' dir='ltr'><strong>eo</strong></span> <span class='ocrx_word' id='word_1_683' title='bbox 3284 4287 3491 4352; x_wconf 62' lang='lat' dir='ltr'><strong>Judaei,</strong></span> <span class='ocrx_word' id='word_1_684' title='bbox 3540 4287 3742 4339; x_wconf 86' lang='lat' dir='ltr'><strong>multam</strong></span> 
     </span>
    </p>
   </div>
   <div class='ocr_carea' id='block_1_93' title="bbox 2177 4380 3747 4456">
    <p class='ocr_par' dir='ltr' id='par_1_93' title="bbox 2177 4380 3747 4456">
     <span class='ocr_line' id='line_1_93' title="bbox 2177 4380 3747 4456; baseline -0.01 -12"><span class='ocrx_word' id='word_1_685' title='bbox 2177 4389 2442 4444; x_wconf 87' lang='lat' dir='ltr'><strong>habentes</strong></span> <span class='ocrx_word' id='word_1_686' title='bbox 2474 4389 2615 4442; x_wconf 89' lang='lat' dir='ltr'><strong>inter</strong></span> <span class='ocrx_word' id='word_1_687' title='bbox 2641 4403 2701 4443; x_wconf 90' lang='lat' dir='ltr'><strong>se</strong></span> <span class='ocrx_word' id='word_1_688' title='bbox 2725 4386 3107 4456; x_wconf 62' lang='lat' dir='ltr'><strong>questionem.</strong></span> <span class='ocrx_word' id='word_1_689' title='bbox 3144 4384 3339 4439; x_wconf 82' lang='lat' dir='ltr'><strong>Mansit</strong></span> <span class='ocrx_word' id='word_1_690' title='bbox 3360 4394 3549 4438; x_wconf 88' lang='lat' dir='ltr'><strong>autem</strong></span> <span class='ocrx_word' id='word_1_691' title='bbox 3608 4380 3747 4433; x_wconf 86' lang='lat' dir='ltr'><strong>bien-</strong></span> 
     </span>
    </p>
   </div>
   <div class='ocr_carea' id='block_1_94' title="bbox 2182 4466 3746 4545">
    <p class='ocr_par' dir='ltr' id='par_1_94' title="bbox 2182 4466 3746 4545">
     <span class='ocr_line' id='line_1_94' title="bbox 2182 4466 3746 4545; baseline -0.008 -9"><span class='ocrx_word' id='word_1_692' title='bbox 2182 4482 2272 4536; x_wconf 91' lang='lat' dir='ltr'><strong>nio</strong></span> <span class='ocrx_word' id='word_1_693' title='bbox 2301 4492 2413 4536; x_wconf 90' lang='lat' dir='ltr'><strong>toto</strong></span> <span class='ocrx_word' id='word_1_694' title='bbox 2441 4483 2492 4535; x_wconf 93' lang='lat' dir='ltr'><strong>in</strong></span> <span class='ocrx_word' id='word_1_695' title='bbox 2523 4496 2624 4535; x_wconf 92' lang='lat' dir='ltr'><strong>suo</strong></span> <span class='ocrx_word' id='word_1_696' title='bbox 2644 4480 2948 4534; x_wconf 81' lang='lat' dir='ltr'><strong>conducto:</strong></span> <span class='ocrx_word' id='word_1_697' title='bbox 2978 4489 3034 4532; x_wconf 87' lang='lat' dir='ltr'><strong>et</strong></span> <span class='ocrx_word' id='word_1_698' title='bbox 3057 4476 3398 4545; x_wconf 86' lang='lat' dir='ltr'><strong>suscipiebat</strong></span> <span class='ocrx_word' id='word_1_699' title='bbox 3428 4488 3639 4530; x_wconf 88' lang='lat' dir='ltr'><strong>omnes.</strong></span> <span class='ocrx_word' id='word_1_700' title='bbox 3664 4466 3746 4537; x_wconf 83' lang='lat' dir='ltr'><strong>qui</strong></span> 
     </span>
    </p>
   </div>
   <div class='ocr_carea' id='block_1_95' title="bbox 2179 4563 3742 4643">
    <p class='ocr_par' dir='ltr' id='par_1_95' title="bbox 2179 4563 3742 4643">
     <span class='ocr_line' id='line_1_95' title="bbox 2179 4563 3742 4643; baseline -0.012 -14"><span class='ocrx_word' id='word_1_701' title='bbox 2179 4575 2632 4643; x_wconf 78' lang='lat' dir='ltr'><strong>ingrediebantur</strong></span> <span class='ocrx_word' id='word_1_702' title='bbox 2680 4570 2745 4625; x_wconf 88' lang='lat' dir='ltr'><strong>ad</strong></span> <span class='ocrx_word' id='word_1_703' title='bbox 2776 4587 2925 4636; x_wconf 86' lang='lat' dir='ltr'><strong>eum,</strong></span> <span class='ocrx_word' id='word_1_704' title='bbox 2957 4570 3262 4640; x_wconf 79' lang='lat' dir='ltr'><strong>praedicans</strong></span> <span class='ocrx_word' id='word_1_705' title='bbox 3285 4584 3519 4637; x_wconf 81' lang='lat' dir='ltr'><strong>regnum</strong></span> <span class='ocrx_word' id='word_1_706' title='bbox 3552 4563 3661 4626; x_wconf 82' lang='lat' dir='ltr'><strong>Dei,</strong></span> <span class='ocrx_word' id='word_1_707' title='bbox 3693 4568 3742 4613; x_wconf 83' lang='lat' dir='ltr'><strong>et</strong></span> 
     </span>
    </p>
   </div>
   <div class='ocr_carea' id='block_1_96' title="bbox 2182 4660 3748 4734">
    <p class='ocr_par' dir='ltr' id='par_1_96' title="bbox 2182 4660 3748 4734">
     <span class='ocr_line' id='line_1_96' title="bbox 2182 4660 3748 4734; baseline -0.013 -11"><span class='ocrx_word' id='word_1_708' title='bbox 2182 4669 2390 4723; x_wconf 85' lang='lat' dir='ltr'><strong>docens</strong></span> <span class='ocrx_word' id='word_1_709' title='bbox 2407 4681 2528 4734; x_wconf 68' lang='lat' dir='ltr'><strong>qua:</strong></span> <span class='ocrx_word' id='word_1_710' title='bbox 2555 4676 2685 4719; x_wconf 91' lang='lat' dir='ltr'><strong>sunt</strong></span> <span class='ocrx_word' id='word_1_711' title='bbox 2709 4666 2774 4717; x_wconf 87' lang='lat' dir='ltr'><strong>de</strong></span> <span class='ocrx_word' id='word_1_712' title='bbox 2812 4664 3042 4717; x_wconf 89' lang='lat' dir='ltr'><strong>Domino</strong></span> <span class='ocrx_word' id='word_1_713' title='bbox 3070 4661 3197 4715; x_wconf 83' lang='lat' dir='ltr'><strong>Jesu</strong></span> <span class='ocrx_word' id='word_1_714' title='bbox 3228 4660 3478 4722; x_wconf 85' lang='lat' dir='ltr'><strong>Christo,</strong></span> <span class='ocrx_word' id='word_1_715' title='bbox 3498 4673 3617 4714; x_wconf 86' lang='lat' dir='ltr'><strong>cum</strong></span> <span class='ocrx_word' id='word_1_716' title='bbox 3650 4669 3748 4709; x_wconf 83' lang='lat' dir='ltr'><strong>oni-</strong></span> 
     </span>
    </p>
   </div>
   <div class='ocr_carea' id='block_1_97' title="bbox 2183 4758 3049 4826">
    <p class='ocr_par' dir='ltr' id='par_1_97' title="bbox 2183 4758 3049 4826">
     <span class='ocr_line' id='line_1_97' title="bbox 2183 4758 3049 4826; baseline -0.003 -14"><span class='ocrx_word' id='word_1_717' title='bbox 2183 4760 2237 4813; x_wconf 91' lang='lat' dir='ltr'><strong>ui</strong></span> <span class='ocrx_word' id='word_1_718' title='bbox 2268 4759 2486 4825; x_wconf 85' lang='lat' dir='ltr'><strong>tiducia,</strong></span> <span class='ocrx_word' id='word_1_719' title='bbox 2512 4758 2633 4811; x_wconf 87' lang='lat' dir='ltr'><strong>sine</strong></span> <span class='ocrx_word' id='word_1_720' title='bbox 2658 4758 3049 4826; x_wconf 87' lang='lat' dir='ltr'><strong>prohibitione.</strong></span> 
     </span>
    </p>
   </div>
   <div class='ocr_carea' id='block_1_98' title="bbox 1596 4913 2670 4985">
    <p class='ocr_par' dir='ltr' id='par_1_98' title="bbox 1596 4913 2670 4985">
     <span class='ocr_line' id='line_1_98' title="bbox 1596 4913 2670 4985; baseline 0.001 -17"><span class='ocrx_word' id='word_1_721' title='bbox 1596 4913 1823 4984; x_wconf 63' lang='lat' dir='ltr'><strong>Explica</strong></span> <span class='ocrx_word' id='word_1_722' title='bbox 1861 4914 1991 4969; x_wconf 82' lang='lat' dir='ltr'><strong>liber</strong></span> <span class='ocrx_word' id='word_1_723' title='bbox 2018 4917 2244 4970; x_wconf 82' lang='lat' dir='ltr'><strong>Actuum</strong></span> <span class='ocrx_word' id='word_1_724' title='bbox 2281 4916 2670 4985; x_wconf 60' lang='lat' dir='ltr'><strong>apes-(olorum.</strong></span> 
     </span>
    </p>
   </div>
  </div>
