3946 6170
223 321 314 381 765
1320 325 1373 384 S.
1426 322 1658 382 PAULI
1694 322 1934 382 EPIST.
1982 326 2080 383 ΛΓ)
2140 326 2322 384 ROM.

3337 326 3443 388 75s

241 470 3436 513 ΝΜ

916 644 1086 756 Β.
1163 645 1732 759 PAULI
1813 647 2710 762 APOSTOLI

1673 857 1963 920 INCIPIT

429 1037 1523 1220 EPISTULA.
1631 1037 1930 1216 AD
2071 1041 3172 1231 ROMANOS.

266 1499 408 1573 [ϐαρ.
440 1496 504 1568 1.]
539 1497 770 1555 Paulus,
814 1511 1007 1550 servus
1055 1495 1181 1549 Jesu
1209 1496 1464 1558 'Chri‘ti,
1527 1506 1754 1548 vocatus
1790 1508 1827 1559 Α
1862 1512 2123 1553 caverunt.
2149 1545 2162 1564 ,
2207 1511 2296 1555 aut.
2327 1507 2529 1573 gratias
2559 1518 2811 1575 egerunt,
2870 1511 2964 1563 sed
3002 1525 3346 1567 ονειηηρι-ηηι
3378 1517 3431 1568 in

206 1592 474 1661 apostolus,
520 1601 846 1658 segregatus
900 1591 952 1642 in
1012 1588 1363 1658 Evangeliuut
1439 1591 1557 1652 Dei,
1609 1594 1756 1657 quod

208 1698 310 1742 ante
343 1686 665 1753 promiserat
710 1698 808 1751 per
839 1683 1132 1751 prophetas
1163 1699 1292 1736 suos
1335 1683 1388 1736 in
1447 1685 1760 1751 Scripturis

208 1778 383 1832 sanctis
405 1777 468 1828 de
503 1775 646 1827 Filio
697 1787 818 1834 suo,
861 1774 957 1842 qui
1009 1772 1189 1826 factus
1248 1782 1331 1826 est
1365 1773 1414 1826 ci
1441 1789 1505 1827 ex
1545 1775 1760 1829 semine

210 1869 348 1922 David
384 1868 684 1922 secundum
742 1880 968 1920 carnem
997 1906 1012 1929 ,
1065 1865 1160 1934 qui
1201 1865 1626 1934 przedestinatus
1677 1876 1760 1919 est

210 1962 350 2016 Filius
383 1960 469 2014 Dei
521 1962 579 2013 in
632 1961 832 2012 virtute
861 1959 1164 2011 secundum
1219 1957 1472 2026 spiritum
1512 1959 1758 2012 sanctiﬁ-

209 2054 404 2108 cationis
452 2069 517 2106 ex
570 2053 976 2107 resurrectione
1013 2061 1356 2105 mertuorum
1396 2053 1522 2104 Jesu
1554 2050 1757 2106 Christi

210 2145 385 2198 Domini
433 2145 607 2200 nostri
642 2159 659 2197 τ
699 2160 796 2213 per
847 2159 1007 2213 quem
1044 2143 1362 2212 accepimus
1411 2143 1666 2212 gratiam,
1701 2155 1758 2198 et

205 2239 525 2305 apostolatum
569 2279 586 2300 ,
644 2237 711 2290 ad
755 2237 1124 2291 obediendutn
1181 2238 1309 2291 fidei
1368 2239 1419 2290 in
1481 2240 1749 2292 omnibus

207 2330 428 2395 gentibus
470 2344 573 2398 pro
631 2325 853 2382 nomine
886 2329 1006 2399 ejus
1036 2369 1050 2388 .
1088 2329 1140 2382 in
1174 2329 1378 2396 quibus
1411 2329 1544 2383 estis
1570 2340 1627 2382 et
1662 2346 1758 2384 vos

203 2425 348 2475 vocati
389 2419 511 2474 Jesu
569 2420 820 2476 Christi:
875 2422 1132 2474 Omnibus
1183 2424 1274 2489 qui
1335 2432 1463 2476 sunt
1501 2421 1691 2475 ltotnze
1731 2457 1747 2483 ,

203 2512 386 2567 dilectis
433 2514 549 2575 Dei,
611 2514 818 2567 vocatis
875 2514 1119 2568 sanctis.
1159 2512 1345 2567 Gratia
1382 2513 1532 2567 vobis
1564 2523 1617 2566 et
1650 2527 1753 2580 pax

203 2619 227 2656 ι
271 2605 367 2657 Deo
412 2606 575 2660 Patre
639 2614 829 2658 nostro
864 2645 879 2670 ,
929 2615 984 2659 et
1021 2607 1250 2659 Domino
1289 2605 1416 2660 Jesu
1477 2606 1695 2660 Christo
1734 2643 1749 2659 .

209 2694 417 2751 Primum
455 2699 682 2767 quidem
716 2698 918 2768 gratias
943 2714 1047 2769 ago
1099 2700 1206 2752 Deo
1237 2715 1334 2769 per
1363 2697 1549 2754 Jesum
1591 2697 1752 2752 Chri-

198 2799 318 2841 stum
359 2805 449 2858 pro
489 2791 753 2844 omnibus
801 2790 1000 2844 vobis:
1047 2790 1173 2859 quia
1226 2790 1362 2842 fides
1414 2798 1593 2842 vestra
1648 2805 1747 2842 an-

202 2882 452 2935 nuntiatur
507 2885 565 2936 in
621 2884 879 2935 universo
937 2883 1162 2936 mundo.
1213 2878 1392 2934 Testis
1431 2882 1577 2933 enim
1617 2880 1748 2932 ntihi

202 2983 270 3025 est
296 2976 422 3029 Deus
448 3015 462 3038 ,
505 2973 602 3029 cui
638 2975 821 3028 servio
856 2973 909 3026 in
966 2973 1161 3042 spiritu
1198 2988 1320 3026 meo
1357 2973 1409 3026 in
1459 2973 1751 3039 Evangelia

202 3066 303 3120 Filii
354 3069 469 3137 ejus
503 3111 516 3133 ,
584 3067 729 3136 quod
784 3067 902 3120 sine
961 3065 1372 3120 intermissione
1429 3066 1748 3119 memoriam

198 3160 339 3212 vestri
364 3159 500 3214 facio
529 3174 751 3226 semper
783 3158 834 3211 in
859 3159 1202 3212 orationibus
1227 3158 1365 3210 meis
1396 3156 1751 3222 :obsecrans,

199 3253 234 3303 si
263 3251 522 3319 quomodo
560 3249 778 3303 tandem
825 3250 1123 3318 aliquando
1157 3264 1481 3317 prosperum
1519 3249 1624 3302 iter
1657 3248 1752 3301 ha-

200 3347 335 3398 beam
386 3343 438 3397 in
466 3345 756 3398 voluntate
791 3343 885 3396 Dei
932 3341 1192 3395 veniendi
1229 3341 1295 3393 ad
1331 3355 1451 3394 vos.
1490 3339 1753 3394 Desidere

199 3436 320 3487 enim
352 3437 538 3491 videre
579 3451 699 3499 vos,
735 3443 792 3489 ut
822 3435 1028 3502 aliquid
1064 3435 1350 3502 impertiar
1381 3433 1536 3485 vobis
1563 3433 1754 3499 gratia:

198 3526 472 3593 Spiritualis
527 3525 596 3580 ad
654 3524 1060 3580 confirmandos
1117 3539 1254 3578 vos:
1304 3524 1354 3576 id
1395 3533 1476 3578 est
1517 3517 1556 3586 ,'
1589 3525 1754 3576 simul

201 3620 440 3674 consolari
498 3619 554 3674 in
600 3619 758 3674 vobis
788 3660 803 3686 ,
842 3634 937 3688 per
974 3633 1094 3672 eam
1154 3633 1276 3686 quae
1331 3617 1564 3669 invicem
1619 3625 1704 3669 est
1735 3655 1752 3678 ,

199 3710 338 3764 fidem
369 3723 610 3766 vestram
657 3720 820 3777 atque
851 3725 1053 3764 meam.
1089 3707 1226 3764 Nolo
1262 3717 1442 3761 autem
1475 3722 1571 3761 vos
1604 3709 1758 3775 igno-

200 3817 341 3866 rare,
397 3803 596 3856 fratres
629 3813 648 3853 :
683 3801 811 3870 quia
864 3815 1006 3870 stupe
1040 3799 1299 3869 proposui
1338 3801 1526 3852 venire
1557 3799 1624 3850 ad
1658 3811 1754 3851 vos

201 3895 281 3960 (et
310 3895 619 3965 prohibitus
649 3909 768 3949 sum
807 3908 979 3961 usque
1006 3892 1244 3958 adhuc),
1279 3904 1335 3946 ut
1362 3893 1598 3960 aliquem
1635 3891 1757 3945 fru-

197 3997 323 4038 ctum
373 3987 605 4041 habeam
657 3995 713 4040 et
762 3985 818 4040 in
873 3986 1025 4039 vobis
1056 4027 1071 4050 ,
1127 3985 1270 4039 sicut
1327 3995 1380 4039 et
1437 3983 1492 4038 itt
1532 3983 1751 4039 CiBlcriS

198 4078 446 4144 gentibus.
499 4078 704 4133 Graecis
756 4093 822 4130 ac
849 4076 1122 4135 Barbaris.
1156 4075 1495 4143 sapientibus
1528 4087 1585 4128 et
1623 4076 1754 4129 insi-

197 4172 448 4235 pientibns
493 4171 712 4225 debitor
745 4184 863 4222 sunt

197 4273 327 4328 ptum
377 4273 464 4317 est
491 4274 547 4318 et
578 4264 757 4322 vobis.
795 4262 887 4328 qui
922 4262 1104 4315 Romae
1134 4260 1288 4323 estis,
1319 4260 1696 4330 cvangelizare
1732 4300 1746 4315 .

192 4351 294 4405 Non
328 4359 471 4407 enim
513 4358 782 4407 erubesco
816 4353 1194 4418 Evangelium.
1236 4352 1421 4406 Virtus
1463 4355 1609 4406 enim
1655 4353 1748 4408 Dei

191 4455 262 4497 est
307 4446 359 4498 in
393 4448 626 4500 salutem
683 4444 834 4498 omni
888 4445 1157 4509 credenti,
1209 4443 1399 4498 Judaeo
1428 4445 1663 4512 primum
1696 4459 1752 4499 et

189 4538 381 4596 Graeco.
431 4541 653 4596 Justitia
693 4543 843 4596 enim
885 4539 977 4595 Dei
1008 4541 1159 4595 ineo
1212 4540 1488 4594 revelatur
1539 4555 1602 4592 ex
1643 4537 1750 4592 ﬁde

191 4631 235 4682 iu
287 4632 471 4700 fidem,
550 4634 693 4686 sicut
747 4631 1012 4700 seriptmu
1054 4641 1136 4686 est
1173 4644 1188 4685 :
1226 4629 1417 4685 Jusws
1464 4640 1644 4684 autem
1683 4645 1752 4683 ex

190 4718 283 4774 ﬁde
312 4721 470 4776 vivit.
501 4723 795 4777 Revelatur
831 4724 978 4775 ettitn
1012 4721 1090 4774 ira
1137 4721 1234 4775 Dei
1272 4721 1339 4776 de
1369 4721 1530 4782 cmln,
1579 4734 1748 4788 super

191 4824 392 4864 onmem
429 4814 768 4881 impietatem
805 4823 857 4866 et
886 4811 1210 4882 injustitiam
1237 4812 1522 4866 hominum
1555 4826 1747 4866 eorum

190 4903 269 4970 qui
315 4906 598 4959 veritatem
662 4904 755 4959 Dei
810 4905 865 4959 in
919 4904 1185 4972 injustitia
1246 4903 1496 4959 detinent
1542 4916 1558 4958 :
1623 4908 1752 4972 quia

190 4994 324 5056 quod
386 5006 576 5050 uotum
639 5007 726 5052 est
783 4998 880 5052 Dei
916 5035 931 5059 ,
968 4997 1322 5052 manifestum
1373 5008 1457 5051 est
1497 4998 1549 5050 in
1592 4998 1702 5052 illis
1733 5035 1749 5050 .

193 5083 322 5139 Deus
380 5091 528 5141 enim
590 5091 700 5143 illis
761 5089 1179 5144 manifestavit.
1241 5089 1540 5145 lnvisibilia
1602 5091 1750 5143 enim

191 5175 372 5242 ipsius,
425 5196 456 5232 a
487 5192 741 5234 creatura
790 5181 1004 5246 mundi,
1035 5197 1132 5250 per
1164 5197 1226 5234 ea
1262 5197 1387 5250 quae
1419 5181 1562 5236 facta
1595 5193 1749 5245 sunt,

190 5265 483 5337 intellecta,
515 5273 930 5339 conspiciuntur
959 5288 974 5326 :
1013 5274 1346 5344 sempiterna
1382 5291 1601 5344 quoque
1629 5277 1755 5347 ejus

193 5360 370 5423 virtus.
406 5374 465 5418 et
491 5366 748 5419 divinitas
784 5379 799 5416 :
845 5366 919 5418 ita
946 5375 1005 5418 ut
1023 5366 1133 5420 sint
1162 5367 1583 5420 inexcusabiles.
1616 5368 1752 5430 Quia

193 5467 302 5505 cum
338 5461 723 5526 cognovissent
764 5457 957 5522 Deum,
996 5473 1102 5511 non
1135 5459 1282 5511 sicut
1327 5457 1496 5511 Deum
1549 5459 1756 5527 glorifi-

262 5613 277 5642 ¹
308 5613 598 5688 Εξςεείηιιιε
633 5618 793 5671 hasce
847 5615 997 5672 Pauli
1031 5659 1046 5680 .
1079 5619 1421 5688 aliorumque
1471 5619 1745 5688 apostolo-

202 5698 309 5759 rum
369 5685 634 5759 Epistolas
677 5689 826 5756 juxta
880 5692 1154 5759 exemplar
1195 5685 1518 5742 Vaticanum
1549 5707 1576 5744 a
1610 5691 1750 5744 Mar-

204 5757 386 5810 ti..ua:o
419 5757 592 5813 editas
625 5796 639 5821 ,
675 5761 740 5812 ad
788 5759 945 5814 fidem
981 5757 1085 5819 ms.
1141 5763 1268 5820 cod.
1325 5759 1548 5816 Palatini
1578 5804 1592 5830 ,
1655 5760 1747 5832 qui

1864 1594 2287 1660 Cogitatinnibus
2333 1600 2446 1649 suis
2476 1639 2491 1663 ,
2521 1608 2575 1651 et
2631 1603 2986 1654 obscuratum
3021 1611 3106 1656 est
3173 1604 3436 1672 insipiens

1863 1699 1958 1736 cor
2015 1699 2204 1736 eorum
2242 1701 2259 1739 :
2299 1687 2545 1742 dicentes
2602 1689 2748 1741 enim
2810 1704 2868 1742 se
2925 1706 3047 1744 esse
3104 1695 3378 1760 sapientes
3416 1735 3434 1759 ,

1861 1773 2014 1826 stulti
2069 1774 2194 1826 facti
2225 1785 2396 1829 sunt.
2433 1777 2496 1829 Et
2536 1789 2883 1833 mutaverunt
2918 1781 3148 1848 gloriam
3186 1784 3438 1838 illCOl'l‘U-

1861 1863 2086 1931 ptibilis
2112 1863 2230 1930 Dei,
2262 1867 2315 1919 in
2365 1869 2782 1924 similitudinem
2821 1872 3071 1941 imaginis
3102 1875 3435 1944 corruptibi-

1859 1955 1927 2009 lis
1979 1957 2216 2012 hontinis
2248 1998 2262 2022 ,
2299 1969 2353 2013 et
2409 1961 2688 2015 volucrum
2719 2004 2732 2024 .
2787 1973 2841 2018 et
2885 1966 3297 2034 quadrupednut
3325 2009 3340 2032 ,
3380 1979 3437 2022 et

1860 2049 2218 2114 serpentium.
2273 2051 2498 2118 Propter
2553 2054 2700 2122 quod
2737 2056 2957 2110 tradidit
3014 2059 3134 2113 illos
3188 2060 3328 2115 Deus
3379 2062 3434 2115 in

1860 2139 2129 2194 desideria
2163 2141 2344 2198 cordis
2375 2159 2591 2206 eorum.
2625 2147 2676 2200 in
2722 2147 3126 2203 immunditiam
3163 2165 3178 2202 :
3215 2159 3272 2204 ut
3305 2168 3438 2206 con-

1861 2234 2103 2287 tunteliis
2135 2234 2371 2288 aiiieiattt
2425 2252 2657 2306 corpora
2703 2255 2800 2292 sua
2849 2240 2901 2292 iu
2939 2244 3252 2312 semetipsis
3289 2259 3303 2296 :
3338 2245 3435 2313 qui

1857 2335 2345 2381 commutaveruut
2393 2331 2672 2383 veritatem
2711 2331 2802 2383 Dei
2843 2331 2895 2385 in
2946 2334 3288 2387 mendacium
3326 2351 3340 2386 :
3382 2345 3438 2390 et

1857 2417 2147 2472 coluerunt
2195 2458 2208 2482 ,
2243 2429 2297 2472 et
2351 2422 2665 2474 setvierunt
2713 2434 2981 2476 creatura:
3037 2426 3217 2492 potius
3273 2442 3434 2494 quam

1854 2509 2099 2565 Creatori
2129 2551 2144 2574 ,
2192 2513 2285 2580 qui
2340 2523 2424 2566 est
2474 2515 2796 2570 benedictus
2851 2518 2904 2570 in
2938 2519 3156 2572 saecula.
3205 2518 3378 2572 Amen
3417 2557 3431 2572 .

1857 2602 2150 2670 Propterea
2186 2605 2415 2659 tradidit
2454 2607 2574 2660 illos
2619 2607 2762 2661 Deus
2797 2607 2849 2661 in
2879 2611 3164 2678 passiones
3200 2610 3434 2678 ignomi-

1815 2710 1819 2715 '
1858 2697 1960 2748 nia:
1992 2710 2007 2749 :
2045 2712 2168 2749 nam
2212 2699 2428 2752 femina:
2474 2714 2667 2752 eorum
2726 2700 3157 2754 immolaverunt
3211 2712 3435 2756 natura-

1854 2789 1960 2844 lem
2000 2805 2179 2855 usum,
2236 2791 2288 2843 in
2322 2807 2446 2846 cum
2486 2808 2639 2846 usum
2691 2795 2782 2862 qui
2812 2802 2899 2846 est
2926 2803 3116 2848 contra
3151 2805 3430 2852 naturam.

1858 2871 2140 2936 Similiter
2171 2895 2353 2938 autem
2407 2895 2463 2938 et
2498 2887 2749 2952 masculi,
2797 2887 2990 2941 relicto
3043 2888 3280 2940 naturali
3330 2903 3431 2941 usu

1854 2971 2070 3025 feminae
2101 3015 2115 3038 ,
2151 2986 2473 3029 exarserunt
2522 2978 2574 3029 in
2612 2977 2901 3030 desideriis
2941 2977 3056 3031 suis
3084 2978 3135 3030 in
3169 2978 3429 3042 invicem,

1857 3066 2087 3119 masculi
2146 3069 2198 3120 iit
2229 3068 2506 3122 masculos
2553 3069 2953 3136 turpitudinem
3001 3078 3293 3138 operantes
3324 3109 3339 3132 ,
3375 3083 3432 3126 et

1856 3160 2190 3225 mercedem,
2231 3177 2394 3228 quam
2430 3167 2711 3230 oportuit,
2745 3164 2951 3216 erroris
3007 3164 3091 3214 sui
3134 3163 3190 3216 in
3223 3172 3428 3216 semet—

1856 3252 1992 3322 ipsis
2031 3253 2361 3321 recipientes
2388 3291 2403 3306 .
2437 3254 2505 3308 Et
2534 3256 2677 3308 sicut
2711 3271 2818 3308 tton
2855 3257 3224 3324 probaverunt
3263 3254 3434 3309 Deum

1856 3345 2059 3399 habere
2112 3348 2165 3399 in
2211 3347 2406 3400 notitia
2439 3361 2456 3401 :
2485 3347 2729 3416 jtradidit
2778 3348 2899 3403 illos
2942 3349 3084 3402 Deus
3122 3349 3172 3401 in
3241 3363 3432 3416 repro-

1855 3440 1985 3492 butn
2036 3455 2255 3493 sensum
2287 3481 2301 3502 ,
2337 3451 2396 3493 ut
2428 3439 2627 3494 faciant
2656 3455 2719 3494 ea
2747 3479 2763 3504 ,
2795 3457 2914 3510 qua:
2943 3457 3051 3495 non
3079 3441 3433 3507 conveniunt,

1855 3533 2095 3600 repletos
2141 3533 2290 3585 omni
2345 3533 2657 3602 iniquitate,
2729 3535 2956 3600 malitia,
3017 3533 3376 3589 fornicatione
3414 3575 3430 3591 .

1855 3624 2083 3676 avaritia
2117 3663 2133 3688 ,
2171 3624 2414 3692 nequitia
2447 3663 2463 3688 ,
2519 3625 2712 3691 plenos
2772 3625 2974 3678 invidia
3009 3663 3025 3688 ,
3078 3616 3376 3680 homicidio
3414 3665 3432 3688 ,

1856 3715 2232 3774 contentione,
2265 3714 2413 3775 dolo,
2443 3714 2803 3782 malignitate,
2839 3730 3188 3779 susurrones,
3243 3718 3432 3773 detra-

1853 3815 2034 3860 Ctores
2062 3845 2078 3870 ,
2124 3806 2236 3859 Deo
2291 3806 2522 3860 odibiles
2549 3847 2564 3871 ,
2595 3808 3023 3862 contumeliosos
3055 3847 3070 3872 ,
3107 3810 3375 3878 superbos
3413 3849 3429 3875 ,

1854 3900 2029 3952 elatos
2063 3939 2078 3962 ,
2111 3896 2432 3951 inventores
2465 3897 2730 3950 malorum
2762 3939 2777 3961 ,
2810 3899 3125 3966 parentibus
3157 3915 3260 3953 non
3304 3901 3434 3954 obe.

1855 3991 2091 4050 dientes,
2127 3988 2468 4055 insipientes,
2501 3989 2918 4058 incompositos,
2952 3993 3071 4045 sine
3120 3994 3430 4062 affectione,

1857 4083 2064 4151 absque
2104 4082 2311 4136 foedere
2336 4121 2351 4144 ,
2391 4083 2512 4136 sine
2559 4083 2936 4136 misericordia
2971 4123 2985 4138 .
3025 4085 3127 4149 Qui
3186 4100 3307 4155 cum
3341 4087 3433 4156 ju-

919 4184 933 4222 :
978 4170 1051 4222 ita
1103 4167 1287 4237 (quod
1321 4168 1375 4220 in
1409 4170 1531 4235 Ille)
1567 4185 1754 4236 pI'OIII-
1781 4197 1825 4253 ο
1857 4175 2061 4230 stitiam
2120 4175 2212 4229 Dei
2266 4175 2669 4244 cognovissent,
2727 4192 2835 4230 non
2871 4176 3263 4231 intellexerunt
3299 4195 3437 4247 ψω-

1853 4271 2000 4325 niam
2044 4271 2137 4341 qui
2166 4271 2294 4324 talia
2349 4281 2513 4340 agunt
2543 4309 2558 4332 ,
2592 4269 2742 4339 digni
2779 4281 2907 4324 sunt
2959 4282 3133 4326 morte
3167 4289 3180 4326 :
3215 4283 3270 4326 et
3321 4288 3434 4327 non

1853 4365 2030 4418 Solum
2077 4365 2170 4432 qui
2219 4380 2282 4417 ea
2314 4363 2520 4418 faciunt
2551 4405 2564 4427 ,
2603 4365 2698 4418 sed
2731 4365 2893 4418 etiam
2932 4368 3024 4434 qui
3080 4365 3434 4421 consentiunt

1852 4455 2180 4511 facientibus
2213 4493 2228 4507 .
2691 4437 2722 4464 ⁸

1927 4548 2083 4619 [ϐαρ.
2118 4544 2204 4616 ΙΙ.]
2236 4544 2470 4615 Propter
2508 4546 2654 4612 quod
2686 4543 3075 4601 inexcusabilis
3094 4561 3175 4610 es,
3205 4562 3238 4601 ο
3269 4549 3441 4602 homo

1853 4639 2056 4701 omnis,
2093 4639 2187 4708 qui
2221 4639 2460 4708 judicas.
2521 4639 2579 4691 In
2613 4652 2724 4706 quo
2756 4641 2904 4690 enim
2928 4639 3144 4708 judicas
3174 4639 3436 4704 alterum,

1855 4731 2089 4799 teipsum
2119 4731 2501 4784 condemnas:
2549 4731 2740 4784 eadem
2793 4730 2940 4782 enim
2994 4731 3110 4798 agis
3135 4746 3256 4799 quae
3293 4732 3440 4803 judi-

1853 4836 1963 4875 cas.
1999 4821 2213 4876 Scimus
2240 4822 2386 4876 enim
2419 4823 2674 4890 quoniam
2703 4822 2968 4889 judicium
3008 4821 3101 4874 Dei
3135 4833 3216 4875 est
3242 4839 3444 4877 secun-

1855 4911 1984 4967 dum
2016 4915 2304 4967 veritatem
2341 4914 2396 4967 in
2452 4929 2548 4968 eos
2578 4914 2672 4983 qui
2715 4905 2840 4966 talia
2898 4921 3086 4985 agunt.
3146 4915 3446 4969 Existimas

1855 5014 2036 5060 autem
2067 5007 2190 5071 hoc,
2222 5023 2254 5060 ο
2285 5008 2469 5074 homo,
2503 5007 2829 5076 quijudicas
2850 5023 2946 5062 eos
2973 5010 3064 5078 qui
3099 5009 3224 5062 talia
3249 5017 3438 5078 agunt,

1857 5107 1912 5152 et
1949 5097 2082 5152 lacis
2120 5113 2206 5161 ea,
2268 5100 2392 5168 quia
2429 5109 2484 5152 tu
2550 5099 2784 5170 effugies
2840 5101 3107 5171 judicium
3170 5101 3314 5155 Dei?
3358 5103 3442 5153 An

1860 5189 2080 5242 divitias
2116 5189 2376 5243 bonitatis
2414 5190 2557 5260 ejus,
2601 5201 2656 5246 et
2686 5193 2986 5261 patientize,
3026 5205 3078 5247 ct
3114 5191 3441 5260 longanimi-

1863 5282 1989 5333 tatis
2026 5281 2375 5335 contemnis?
2413 5284 2633 5350 ignoras
2669 5283 2796 5355 [Μαι.
2851 5285 3130 5355 ignorans]
3179 5283 3439 5352 quoniam

1859 5370 2166 5440 benignitas
2203 5371 2293 5424 Dei
2323 5372 2390 5424 ad
2428 5373 2808 5442 pmnitentiam
2853 5385 2906 5430 te
2945 5372 3438 5428 atlduett?Secun-

1863 5461 1994 5515 dum
2037 5472 2219 5517 autem
2270 5463 2531 5518 duritiam
2584 5476 2732 5520 tuam
2766 5477 2822 5520 et
2892 5467 3239 5534 impoenitens
3295 5480 3440 5527 cor,

1855 5621 1910 5677 in
1929 5623 2114 5677 eadem
2140 5623 2313 5679 Vatic.
2344 5624 2676 5680 bibliotheca
2695 5634 3006 5680 asservatur
3027 5624 3130 5678 sub
3159 5640 3314 5678 num.
3344 5625 3439 5687 57,

1856 5703 1915 5744 et
1956 5710 2118 5761 quem
2158 5698 2404 5747 omnium
2465 5696 2906 5759 antiquissimqu
2961 5695 3274 5752 invenimus
3309 5735 3324 5762 ,
3376 5712 3442 5750 at:

1866 5765 2018 5818 bona:
2055 5781 2162 5835 prie
2197 5767 2410 5820 caeteris
2445 5773 2583 5818 notae
2619 5777 2683 5818 ac
2719 5764 2890 5838 frugis
2916 5807 2929 5821 .
