3946 6170
554 341 662 403 76⁵1

1446 343 1509 402 S.
1552 338 1990 400 lllEllONYMl
2036 338 2299 399 DIVINA
2341 335 2867 397 BIBLIOTHECA.

3608 344 3698 405 ’168

535 452 872 505 thesaurizas
924 451 1019 504 libi
1063 450 1198 504 iram
1262 451 1315 502 in
1347 449 1435 503 die
1496 451 1589 503 ira:
1648 460 1703 502 et
1763 446 2115 503 revelationis
2146 456 2188 509 Α
2219 447 2571 501 crediderunt
2600 448 2623 499 ?
2650 445 2925 514 Numquid
2969 444 3319 501 incredulitas
3348 446 3539 502 illorum
3572 452 3703 506 ﬁdem

528 537 659 605 justi
688 543 879 611 judicii
933 542 1045 605 Dei,
1078 542 1168 609 qui
1232 540 1423 595 reddet
1465 542 1764 609 unicuique
1803 543 2104 593 secundum

531 649 700 701 opera
731 636 885 705 ejus:
916 635 983 687 iis
1013 633 1257 702 quidem,
1295 632 1391 701 qui
1444 634 1744 686 secundum
1784 629 2129 699 patientiam,

532 727 663 780 boni
700 728 899 793 operis,
937 724 1187 793 gloriam,
1221 736 1273 777 et
1308 724 1569 777 hooorem
1596 764 1610 787 ,
1643 733 1692 775 et
1744 720 2109 789 incorruptio-

532 831 656 869 ncm
712 823 981 881 quaerunt,
1019 814 1182 866 vitam
1235 822 1540 866 aeternam:
1603 812 1670 864 iis
1722 822 1902 863 autem
1943 848 1957 871 ,
2013 807 2106 877 qui

530 917 658 959 sunt
697 922 761 958 ex
793 905 1171 965 contentione.
1210 915 1262 958 et
1288 905 1379 971 qui
1417 920 1523 957 non
1555 906 1908 971 acquiescunt
1949 901 2099 953 veri-

541 998 659 1058 tati,
701 1003 927 1049 credunt
961 1006 1141 1048 autem
1192 995 1488 1063 iniquitati,
1520 994 1601 1047 ira
1631 1003 1685 1047 et
1740 994 2045 1062 indignatio
2090 1033 2104 1047 .

531 1084 836 1140 Trinulatio
875 1096 929 1139 et
958 1086 1210 1155 angustia
1248 1086 1300 1138 in
1343 1100 1560 1139 onmem
1596 1086 1831 1137 animam
1872 1086 2110 1141 hominis

529 1180 810 1247 operantis
842 1179 1064 1240 malum,
1097 1178 1269 1232 Juda-i
1310 1178 1565 1245 primum,
1599 1187 1654 1230 et
1690 1178 1861 1232 (ira-ci
1893 1195 1905 1230 :
1936 1179 2107 1247 gloria

529 1282 733 1333 autem,
767 1279 821 1322 ct
852 1272 1022 1322 honor
1048 1310 1062 1333 ,
1105 1280 1157 1323 et
1195 1285 1294 1337 pax
1350 1269 1495 1321 omni
1543 1268 1795 1337 operanti
1849 1269 2051 1322 bonum
2092 1309 2107 1332 ,

529 1361 718 1413 Judzeo
756 1362 1015 1427 primum,
1050 1371 1105 1413 et
1134 1361 1324 1413 Graeco
1358 1376 1371 1413 :
1404 1376 1508 1412 non
1550 1360 1695 1413 enim
1732 1369 1817 1422 est
1865 1363 2109 1430 acceptio

531 1469 886 1521 personarum
938 1456 1077 1520 apud
1115 1454 1333 1509 Deum.
1390 1454 1725 1524 Quicunque
1777 1457 1922 1509 enim
1987 1458 2105 1510 sine

530 1543 648 1611 lege
682 1555 1064 1608 peccaverunt,
1096 1546 1212 1598 sine
1234 1547 1351 1614 lege
1393 1547 1686 1614 peribunt:
1713 1556 1767 1600 et
1798 1548 2111 1615 quicunque

534 1635 587 1686 in
626 1635 742 1703 lege
775 1646 1163 1703 peccaverunt,
1204 1652 1301 1705 per
1338 1638 1508 1705 legem
1536 1637 1959 1707 iudicabuntur.
1991 1639 2110 1692 Non

532 1728 677 1780 enim
709 1729 986 1793 auditores
1015 1728 1150 1795 legis
1180 1729 1310 1797 justi
1333 1732 1614 1797 suntapud
1647 1732 1839 1794 Deutn,
1870 1732 1962 1784 sed
1994 1732 2110 1784 fac-

535 1832 681 1875 tores
711 1822 844 1883 legis
869 1822 1341 1891 justiﬁcnbuntur.
1372 1821 1507 1875 Cum
1552 1824 1696 1876 enim
1726 1834 1939 1890 gentes.
1988 1840 2109 1891 quae

534 1912 705 1980 ligem
740 1926 845 1965 noii
890 1911 1108 1969 habent.
1152 1911 1474 1964 naturaliter
1511 1927 1594 1975 ea,
1630 1927 1750 1979 qua:
1779 1912 1913 1979 legis
1943 1923 2067 1965 sunt
2096 1952 2112 1974 ,

535 2001 762 2061 faciunt,
786 2002 1057 2069 ejusmodi
1098 2003 1269 2070 legem
1290 2017 1399 2053 non
1428 2003 1712 2066 habentes,
1733 2002 1833 2071 ipsi
1856 2002 1961 2055 sibi
1991 2009 2116 2054 sunt

537 2090 625 2143 lex
653 2108 667 2144 :
693 2091 787 2158 qui
820 2093 1115 2145 ostendunt
1137 2106 1274 2160 opus
1303 2092 1438 2161 legis
1469 2093 1734 2160 scriptum
1771 2093 1821 2145 in
1854 2091 2115 2145 cordibus

535 2182 675 2239 suis,
719 2181 1090 2234 testin‘ionium
1126 2182 1391 2235 reddente
1426 2182 1533 2236 illis
1582 2183 1918 2237 conscientia
1968 2185 2116 2251 ipso-

536 2286 677 2331 rum.
737 2283 792 2324 et
825 2273 968 2325 inter
1008 2288 1065 2324 se
1103 2273 1332 2327 invicem
1386 2275 1812 2344 cogitationibus
1862 2290 2119 2328 accusan-

539 2362 706 2419 tibus.
738 2373 831 2418 aut
859 2367 1019 2416 etiam
1052 2364 1477 2421 defendentibus
1514 2367 1531 2397 ¹
1564 2367 1617 2419 in
1656 2368 1767 2429 die,
1799 2383 1925 2419 cum
1954 2368 2112 2437 judi-

535 2452 683 2504 cabit
712 2452 855 2505 Deus
884 2455 1095 2508 occulta
1132 2456 1437 2517 hominum,
1481 2456 1785 2509 secundum
1867 2457 2114 2524 Evange-

535 2542 667 2595 lium
692 2552 880 2597 meum
942 2560 1039 2613 per
1096 2545 1281 2599 Jcsum
1340 2546 1666 2603 Christum.
1730 2546 1785 2601 Si
1837 2556 2021 2599 autem
2060 2557 2115 2600 tu

533 2632 753 2686 Indicus
808 2634 1209 2703 coguoiniuaris
1246 2675 1261 2701 ,
1314 2646 1369 2689 et
1417 2636 1713 2705 requiescis
1772 2638 1825 2690 in
1858 2636 1977 2705 lege
2011 2678 2025 2704 ,
2062 2645 2117 2692 et

535 2722 782 2792 gloriaris
813 2722 866 2775 in
904 2724 1031 2787 Deo,
1065 2732 1119 2777 et
1146 2725 1285 2778 nosti
1316 2726 1648 2780 voluntatem
1681 2728 1818 2798 ejus,
1842 2739 1898 2782 et
1920 2731 2117 2796 probas

539 2818 763 2871 meliora
798 2861 813 2879 ,
848 2819 1151 2872 instructus
1188 2835 1283 2884 pcr
1332 2822 1544 2889 legem,
1594 2820 1821 2874 conﬁdis
1878 2822 2113 2890 tcipsum

537 2924 654 2963 esse
687 2911 880 2963 ducem
914 2925 1203 2972 caecorum,
1228 2910 1414 2966 lumen
1441 2926 1633 2965 eorum
1663 2916 1751 2981 qui
1786 2913 1838 2966 in
1876 2916 2117 2968 tenebris

538 3013 691 3064 sunt,
746 3005 1079 3059 eruditorem
1145 3006 1542 3075 insipientium,
1570 3006 1888 3076 magistrum
1941 3007 2116 3061 inlan-

2213 538 2304 591 Dl‘i
2333 539 2662 591 evacuabit?
2692 538 2887 591 Absit.
2922 538 3014 590 Est
3070 546 3247 591 autem
3278 547 3388 605 (ms.
3427 541 3569 609 enim)
3594 544 3709 599 Deus

2188 614 2373 685 ~verax
2404 646 2419 685 :
2453 632 2824 685 omnisautem
2862 630 3024 683 homo
3066 628 3313 692 mendax,
3349 631 3471 684 sicut
3491 634 3707 701 scripturn

2209 732 2292 777 est
2324 739 2338 778 :
2368 723 2436 777 Ut
2463 720 2779 792 justiﬁceris
2820 721 2871 772 iu
2931 720 3276 773 sermonibus
3323 720 3441 785 tuis,
3473 729 3521 773 et
3563 724 3715 779 vincas

2210 830 2333 868 cum
2362 814 2647 884 judicaris.
2685 811 2741 867 Si
2779 819 2962 865 autem
3001 810 3261 880 iniquitas
3301 820 3470 864 nostra
3495 812 3711 881 justitiam

2213 906 2306 960 Dei
2345 905 2692 959 cummendat
2723 944 2737 969 ,
2771 904 2899 973 quid
2934 902 3227 957 dicemus?
3254 901 3508 971 Numquid
3537 904 3717 974 iniquus

2212 1009 2293 1053 est
2348 1001 2485 1052 Deus
2522 1038 2537 1063 ,
2595 998 2687 1066 qui
2745 998 2909 1051 infert
2942 996 3073 1049 iram
3105 996 3128 1048 ἲ
3156 996 3460 1064 (secundum
3491 997 3715 1053 hominem

2211 1090 2355 1155 dico)
2398 1090 2574 1143 Absit.
2603 1089 2855 1157 Alioquin
2889 1088 3163 1157 quomodo
3187 1087 3439 1157 judicabit
3468 1088 3587 1143 Deus
3609 1091 3721 1145 hunc

2210 1182 2529 1237 mundum?
2587 1180 2642 1234 Si
2673 1182 2817 1234 enim
2864 1181 3065 1234 veritas
3116 1180 3208 1232 Dei
3250 1181 3301 1232 in
3343 1196 3455 1233 meo
3487 1184 3717 1235 mend.:cio

2211 1273 2509 1326 abundavit
2563 1274 2616 1326 in
2666 1272 2894 1341 gloriam
2929 1272 3100 1336 ipsius
3132 1289 3146 1327 :
3179 1270 3311 1340 quid
3359 1272 3523 1326 adhuc
3557 1282 3602 1324 et
3642 1289 3720 1342 ego

2215 1377 2467 1433 tanquam
2505 1376 2758 1434 peccatur
2796 1364 3064 1434 judicor?
3105 1374 3160 1417 et
3197 1378 3304 1416 non
3338 1364 3486 1431 (sicut
3522 1364 3722 1431 blasphe-

2212 1471 2447 1518 iuamur,
2482 1469 2536 1509 et
2567 1455 2709 1509 sicut
2740 1456 2893 1508 aiunt
2919 1453 2940 1482 ⁸
2964 1453 3183 1521 quidam
3245 1466 3343 1505 nos
3379 1452 3563 1516 dicere)
3595 1452 3719 1505 facia-

2214 1563 2334 1599 mus
2384 1548 2519 1600 inala
2579 1558 2638 1600 ut
2688 1548 2914 1599 veniant
2962 1546 3151 1598 bona:
3210 1558 3438 1612 quorum
3492 1544 3719 1595 damnatio

2208 1640 2351 1709 justa
2377 1648 2478 1691 est.
2500 1638 2780 1706 Quidergo
2803 1637 2826 1691 ἳ
2868 1636 3229 1704 ρτωςεΙΙίῐηυε
3254 1650 3347 1688 eos
3368 1635 3389 1686 ‘.’
3410 1634 3721 1702 Nequaquam.

2213 1729 2434 1782 Cansati
2468 1728 2612 1782 enim
2647 1742 2853 1790 sumus,
2884 1726 3098 1779 Iudaeos
3128 1733 3182 1779 et
3210 1724 3423 1778 Gnecos
3451 1738 3617 1776 omnes
3636 1723 3716 1775 sub

2220 1828 2444 1888 peccato
2476 1833 2619 1882 esse,
2669 1818 2810 1871 sicut
2854 1818 3119 1885 scriptum
3178 1826 3307 1869 est:
3350 1816 3479 1879 Quia
3529 1829 3617 1867 non
3661 1820 3723 1866 est

2216 1911 2393 1980 justus
2441 1910 2730 1978 quisquam
2766 1951 2782 1977 ,
2838 1924 2947 1962 non
3002 1916 3087 1961 est
3137 1906 3439 1975 intelligens
3470 1947 3483 1971 ,
3532 1919 3620 1958 non
3663 1915 3725 1957 est

2220 2003 2506 2071 requirens
2555 2001 2722 2056 Deum
2760 2041 2774 2054 .
2825 2001 3028 2055 Omnes
3087 2000 3493 2053 declinaverunt
3523 2035 3537 2057 .
3590 1997 3714 2050 simul

2219 2092 2441 2147 inutiles
2496 2092 2622 2146 facti
2656 2103 2783 2146 sunt
2822 2135 2837 2158 ,
2896 2106 3003 2144 non
3060 2100 3144 2144 est
3188 2092 3286 2158 qui
3329 2090 3482 2142 faciat
3523 2089 3723 2147 bonum,

2218 2201 2327 2238 non
2376 2195 2461 2241 est
2514 2200 2683 2253 usque
2737 2184 2802 2237 ad
2840 2198 3007 2236 unum
3041 2221 3055 2236 .
3112 2182 3433 2248 Sepulcrum
3471 2191 3631 2247 patens
3665 2186 3726 2230 est

2217 2287 2408 2345 guttur
2455 2293 2669 2341 eorum,
2716 2276 2914 2343 linguis
2944 2275 3060 2329 suis
3093 2275 3281 2327 dolose
3314 2274 3568 2341 agebant;
3599 2285 3721 2324 vene-

2221 2383 2349 2419 num
2391 2368 2642 2435 aspidum
2687 2368 2788 2419 sub
2819 2366 2980 2419 labiis
3015 2379 3229 2427 eorum,
3264 2378 3488 2430 quorum
3517 2376 3570 2414 os
3597 2360 3725 2412 male-

2220 2458 2460 2511 dictione
2487 2468 2541 2511 et
2566 2458 2932 2511 amaritudine
2965 2457 3181 2525 plenum
3214 2462 3297 2509 est
3325 2470 3340 2520 ;
3374 2453 3567 2507 veloces
3600 2449 3729 2519 pedes

2219 2561 2405 2598 eorum
2462 2545 2528 2598 ad
2579 2544 2972 2598 ell'undcndum
3007 2545 3328 2611 sanguinem
3364 2560 3377 2607 ;
3434 2541 3652 2595 contritio
3688 2546 3729 2589 et

2222 2639 2516 2692 infelicitas
2562 2640 2614 2691 in
2656 2638 2759 2689 viis
2789 2652 2999 2699 eorum,
3032 2648 3086 2690 ct
3112 2636 3253 2688 viain
3290 2635 3552 2704 paciwon
3579 2643 3733 2698 cogno-

2204 2722 2455 2793 'verunt;
2502 2744 2612 2781 non
2644 2740 2728 2780 cst
2767 2726 2931 2779 timor
2970 2726 3066 2780 Dei
3117 2735 3248 2779 ante
3298 2725 3483 2779 oculos
3532 2735 3687 2774 eorum
3719 2757 3731 2769 .

2220 2819 2441 2873 Scimus
2493 2829 2675 2872 autem
2710 2821 2967 2886 quoniam
3007 2830 3350 2885 quaecunque
3400 2814 3479 2866 lex
3521 2812 3732 2879 loquitur.

2220 2913 2285 2964 iis
2315 2926 2435 2980 qua:
2480 2910 2534 2963 in
2585 2910 2702 2978 lege
2751 2917 2881 2962 sunt
2919 2908 3212 2975 loquitur:
3257 2916 3316 2960 ut
3364 2919 3514 2958 omne
3552 2919 3604 2955 os
3660 2900 3733 2952 ob.

2220 3013 2488 3065 struatur,
2522 3011 2576 3055 et
2607 3001 2861 3055 subditus
2893 3000 2986 3053 liat
3014 3001 3195 3053 omnis
3222 2998 3455 3052 mundus
3474 2997 3603 3049 Deo:
3636 2990 3732 3059 quia

539 3095 698 3151 tium,
737 3092 1026 3146 habentem
1082 3093 1311 3149 formam
1366 3097 1606 3151 scientiae
1645 3106 1701 3149 et
1758 3099 2003 3152 veritatis
2056 3100 2110 3151 in
2140 3115 2182 3171 ς
2217 3110 2282 3147 ex
2345 3094 2602 3162 operibus
2663 3093 2796 3161 legis
2840 3108 2947 3145 non
3000 3091 3395 3161 justificabitur
3433 3087 3593 3141 omnis
3636 3097 3734 3136 caro

535 3180 677 3251 lege.
709 3184 808 3246 Qui
840 3198 969 3251 ergo
1020 3184 1185 3238 alium
1224 3185 1388 3240 doces
1417 3228 1431 3252 ,
1474 3191 1707 3256 tcipsum
1735 3204 1842 3243 non
1893 3191 2061 3243 doces
2094 3206 2109 3245 :

537 3276 631 3341 qui
665 3275 929 3342 praedicas
960 3289 1065 3328 non
1104 3277 1417 3345 iurandum,
1451 3280 1652 3333 iuraris
1680 3299 1692 3334 :
1723 3283 1816 3349 qui
1850 3280 1981 3335 dicis
2004 3296 2115 3335 non

539 3366 947 3431 mmchanilum,
989 3368 1328 3423 nitecharis:
1382 3371 1472 3439 qui
1529 3372 1865 3425 abominaris
1922 3373 2061 3425 idola
2095 3410 2111 3434 ,

539 3461 884 3529 sacrilegium
919 3462 1090 3516 facis:
1126 3466 1217 3532 qui
1262 3466 1315 3519 in
1349 3466 1465 3536 lege
1515 3467 1800 3536 gloriaris,
1837 3484 1932 3537 per
1982 3485 2117 3538 prato

538 3553 928 3606 varicatiouem
962 3556 1096 3623 legis
1136 3554 1305 3609 Deum
1340 3557 1641 3613 inhonorus
1694 3561 1915 3630 {nomen
1966 3563 2114 3615 enim

540 3646 634 3699 Dei
666 3662 763 3716 per
795 3660 889 3701 vos
913 3647 1323 3717 blasphematur
1357 3651 1502 3706 inter
1523 3665 1734 3719 gentes,
1770 3654 1914 3707 sicut
1979 3654 2117 3710 scrio

540 3752 693 3809 ptum
724 3752 807 3794 est
836 3740 878 3810 ).
912 3740 1272 3797 Circumcisio
1305 3746 1525 3814 quidem
1562 3748 1806 3815 prodest,
1843 3748 1886 3801 si
1942 3748 2115 3815 legem

542 3832 805 3885 obseries
850 3833 868 3861 ’
913 3849 930 3886 :
966 3833 1009 3887 si
1039 3844 1222 3887 autem
1262 3837 1649 3903 praevaricator
1682 3838 1814 3907 legis
1846 3838 1922 3892 sis
1959 3880 1973 3900 ,
2008 3838 2117 3889 cir-

545 3922 809 3975 cumcisio
840 3930 931 3975 tua
976 3925 1302 3992 praeputium
1347 3927 1487 3980 facta
1519 3936 1598 3980 est
1635 3967 1647 3979 .
1682 3927 1738 3980 Si
1774 3927 1934 3995 igitur
1983 3940 2117 3993 prte-

545 4014 759 4083 putium
794 4014 1033 4081 justitias
1062 4017 1198 4085 legis
1231 4018 1505 4073 custodiat
1532 4034 1546 4073 :
1576 4033 1757 4072 nonne
1790 4018 2117 4087 praeputium

548 4105 697 4161 illius
727 4108 777 4160 in
817 4108 1296 4164 circnmcisionem
1333 4112 1722 4181 reputabitur?
1759 4120 1814 4165 et
1846 4111 2121 4181 judicabit

547 4194 600 4249 id
634 4197 653 4225 ³
692 4198 834 4265 quod
869 4213 935 4253 ex
966 4210 1159 4253 natura
1213 4208 1298 4254 est
1353 4200 1677 4270 pra'putium
1719 4238 1734 4265 ,
1768 4202 1941 4270 legem
1991 4214 2122 4254 con-

550 4305 832 4345 summatis
862 4331 876 4352 .
915 4302 965 4345 te
996 4294 1089 4361 qui
1128 4308 1225 4361 per
1260 4293 1496 4347 litteram
1548 4302 1604 4347 et
1645 4294 2120 4349 circnmcisionem

548 4386 932 4451 praevaricator
969 4384 1099 4453 legis
1134 4399 1193 4438 es
1216 4384 1239 4438 ?
1266 4383 1385 4439 Non
1416 4386 1561 4439 enim
1595 4386 1685 4454 qui
1721 4388 1773 4438 in
1808 4384 2116 4450 manifesto,

2179 3201 2188 3211 '
2218 3202 2401 3239 coram
2431 3186 2545 3240 illo.
2574 3184 2866 3254 Perlegem
2892 3186 3038 3237 enim
3077 3183 3322 3252 cognitio
3353 3182 3584 3252 peccati.
3613 3175 3733 3228 Nunc

2217 3288 2397 3331 autem
2434 3277 2552 3330 sine
2585 3278 2702 3345 lege
2739 3276 2953 3346 justitia
2987 3275 3079 3330 Dei
3123 3274 3469 3329 manifestata
3497 3281 3590 3334 est,
3620 3266 3735 3321 testi-

2219 3372 2375 3424 licata
2407 3386 2435 3421 a
2473 3369 2591 3437 lege
2622 3379 2680 3422 et
2712 3369 3015 3438 prephctis.
3067 3369 3291 3423 Justitia
3332 3376 3502 3420 autem
3547 3364 3626 3416 Dci
3656 3372 3729 3429 per

2219 3462 2379 3515 liJcm
2417 3461 2543 3516 Jesu
2595 3461 2847 3525 Christi,
2902 3461 2958 3513 in
3006 3475 3197 3513 omnes
3235 3502 3249 3524 ,
3291 3471 3343 3513 et
3388 3472 3543 3527 super
3588 3463 3733 3505 omnes

2217 3557 2311 3625 qui
2366 3558 2599 3610 credunt
2652 3556 2710 3609 in
2765 3570 2937 3619 eum;
2987 3571 3094 3609 non
3124 3556 3299 3625 enim
3342 3562 3425 3607 est
3475 3549 3720 3604 distinctio.

2220 3656 2421 3706 Omnes
2455 3652 2600 3705 enim
2643 3658 3061 3721 peccaverunt,
3108 3660 3163 3704 et
3214 3658 3381 3719 egent
3437 3646 3589 3715 gloria
3632 3639 3733 3693 Dei.

2219 3741 2506 3796 Justiticati
2541 3742 2711 3810 gratis
2744 3755 2845 3809 per
2898 3740 3129 3807 gratiam
3173 3740 3352 3807 ipsius
3380 3779 3394 3802 ,
3432 3750 3523 3803 per
3565 3730 3735 3783 redem-

2222 3835 2467 3901 ptionem
2501 3847 2625 3900 quae
2655 3843 2736 3884 est
2769 3832 2824 3884 in
2873 3832 3088 3885 Christo
3135 3831 3292 3891 Jesu,
3324 3842 3481 3895 quem
3513 3822 3737 3893 proposuit

2221 3928 2365 3980 Deus
2396 3924 2836 3994 propitiationem
2876 3940 2971 3992 per
3005 3924 3164 3976 (idem
3204 3923 3259 3974 in
3296 3920 3556 3988 sanguine
3581 3912 3734 3981 ipsius,

2221 4019 2285 4071 ad
2326 4017 2693 4071 osmusiouem
2729 4014 2955 4084 justitia:
2993 4029 3126 4074 sum,
3167 4023 3396 4082 pr0ptor
3427 4006 3740 4063 remissionem

2222 4109 2647 4179 praecedentium
2699 4108 3026 4161 delictorum
3062 4110 3116 4160 in
3148 4107 3544 4160 sustentatione
3574 4096 3667 4157 Dei.
3692 4089 3741 4144 θά

2223 4205 2589 4257 ostensionem
2604 4201 2827 4272 jusutiae
2842 4199 2963 4268 ejus
2982 4202 3033 4253 in
3059 4201 3159 4253 hoc
3190 4208 3443 4266 tempore
3470 4207 3551 4259 ;ttt
3570 4191 3629 4243 sit
3644 4189 3737 4254 ipse

2219 4297 2424 4365 justus,
2449 4308 2505 4349 ct
2532 4294 2837 4362 justilicans
2858 4308 2983 4346 eum
3012 4294 3207 4361 quiest
3238 4307 3305 4343 ex
3353 4291 3456 4342 ﬁde
3489 4286 3599 4341 Jcsu
3622 4277 3747 4334 Cliri-

2226 4389 2295 4442 sti
2326 4388 2367 4439 ⁵.
2429 4386 2523 4443 Ubi
2556 4398 2639 4439 est
2682 4399 2810 4454 ergo
2844 4386 3095 4453 gloriatio
3127 4393 3217 4437 tua
3244 4384 3269 4435 ’ἰ
3304 4382 3525 4436 Exclttsa
3548 4387 3650 4429 est.
3672 4370 3749 4422 Per

546 4447 767 4528 duilteus
800 4484 920 4529 est:
958 4447 1135 4544 neque
1187 4490 1309 4544 qua:
1340 4476 1393 4529 in
1451 4447 1762 4540 manifesto,
1816 4476 1869 4531 in
1906 4447 2117 4541 carne,
2156 4447 2201 4506 θ
2226 4494 2391 4549 quam
2445 4477 2662 4546 legem?
2718 4447 3059 4531 Factorum?
3113 4474 3285 4540 Non;
3344 4473 3439 4526 sed
3487 4484 3574 4539 per
3618 4466 3747 4531 legem

546 4578 631 4620 est
655 4568 997 4623 circumcisio
1024 4583 1040 4625 :
1068 4568 1163 4624 sed
1188 4568 1280 4636 qui
1310 4568 1363 4622 in
1387 4570 1725 4630 abscondito.
1753 4568 1972 4623 Judaeus
1993 4581 2076 4624 est
2102 4588 2117 4624 :

548 4672 604 4711 et
635 4662 980 4717 circumcisio
1012 4662 1194 4715 cordis
1226 4662 1280 4715 in
1315 4663 1531 4731 spiritu,
1572 4679 1679 4716 non
1712 4664 1891 4717 littera
1923 4666 2121 4735 :cujus

548 4750 670 4805 laus
700 4766 807 4805 non
835 4767 900 4805 ex
934 4751 1272 4816 hominibus,
1307 4754 1403 4807 sed
1440 4769 1505 4806 ex
1538 4754 1648 4807 Deo
1683 4764 1789 4807 est.

625 4842 777 4914 (Cap.
818 4843 930 4914 lll.]
986 4842 1123 4909 Quid
1150 4858 1281 4913 ergo
1336 4847 1567 4912 amplius
1617 4844 1807 4899 Judzeo
1858 4846 2122 4900 estiaut

550 4951 675 5005 qua:
716 4935 921 4989 utilitas
954 4930 1434 4991 circumcisionis?
1481 4935 1707 4990 Multum
1749 4951 1847 5006 per
1898 4950 2119 4992 omnem

556 5032 822 5080 modum.
859 5025 1098 5081 Primum
1134 5028 1356 5097 quidem
1419 5027 1546 5096 quia
1604 5029 1808 5083 credita
1846 5038 1975 5083 sunt
2014 5029 2121 5085 illis

550 5119 767 5188 eloquia
820 5118 959 5174 Dei.
996 5118 1136 5186 Quid
1193 5120 1340 5173 enim
1397 5119 1445 5174 si
1478 5119 1701 5189 quidam
1757 5120 1974 5176 illorum
2008 5134 2119 5174 non

631 5256 647 5286 ⁸
679 5254 737 5309 ln
773 5254 979 5309 Palatin
1011 5295 1024 5309 .
1075 5271 1157 5311 ms
1190 5293 1206 5309 .
1252 5259 1597 5310 contentiose
1654 5257 1820 5323 magis
1871 5254 1936 5307 ad
1972 5254 2121 5308 Grin-

552 5339 681 5380 cum
719 5335 964 5388 textum,
1001 5327 1138 5380 inter
1186 5342 1241 5379 se
1270 5328 1492 5380 invicem
1545 5328 1921 5395 cogitationum
1965 5339 2123 5376 accu-

552 5398 816 5457 santium,
852 5410 942 5449 aut
979 5397 1140 5449 etiam
1171 5398 1577 5465 defendentium,
1614 5398 1667 5447 in
1701 5398 1801 5455 die,
1838 5405 1944 5465 etc.

627 5468 647 5496 ⁸
682 5466 827 5519 ldein
880 5484 983 5519 ms.
1018 5507 1033 5530 ,
1065 5463 1352 5530 custodias,
1387 5482 1485 5534 pro
1518 5465 1751 5517 observes
1782 5479 1801 5534 ς
1836 5464 1885 5515 iu
1920 5463 2126 5518 lira-cis

554 5536 767 5599 aliquot
801 5537 975 5604 libris,
1011 5540 1288 5605 tpudasn;
1341 5533 1436 5603 pro
1480 5536 1731 5604 πράσσῃς
1780 5533 1978 5601 legitur

628 5606 650 5637 ³
706 5605 926 5661 [tectius
980 5609 1171 5662 saltem
1212 5608 1278 5660 ad
1329 5607 1579 5660 Gracum
1638 5613 1839 5659 textum
1888 5605 2130 5726 xpwaia

628 5678 779 5726 i160):
824 5678 1181 5726 ἁκῡυδυστίι.
1225 5678 1278 5726 in
1344 5676 1588 5726 Palatino
1638 5689 1718 5726 IL:
1755 5711 1766 5726 .
1832 5674 2021 5726 vocula
2077 5675 2091 5725 t'

560 5675 779 5754 φύῗεως
824 5678 1182 5749 exprimam,
1225 5678 1278 5731 in
1344 5676 1588 5731 Palatino
1638 5689 1766 5730 tu.
1832 5674 2021 5727 vocula
2077 5675 2091 5725 ἱ

561 5754 821 5800 rettcetur

2227 4572 2388 4624 lidei.
2446 4570 2792 4623 Arbitrantur
2851 4569 2997 4623 enim
3053 4566 3345 4636 justilicari
3404 4562 3653 4617 hominem
3678 4564 3749 4620 per

2223 4663 2387 4717 ﬁdem
2441 4664 2560 4716 sine
2614 4660 2874 4731 operibus
2938 4660 3074 4729 legis
3106 4697 3120 4711 .
3160 4660 3248 4711 An
3291 4656 3596 4713 Judacoruin
3643 4647 3747 4697 Deus

2224 4756 2484 4811 tantum?
2553 4768 2736 4809 nonne
2782 4762 2837 4807 et
2882 4752 3181 4823 gentium?
3255 4751 3396 4815 lmo,
3438 4758 3491 4802 et
3541 4741 3747 4815 gentium-

2220 4850 2491 4915 Quoniam
2539 4848 2755 4917 quidem
2812 4861 2955 4901 unus
3001 4854 3086 4899 est
3140 4843 3293 4899 Deus
3347 4844 3443 4913 qui
3484 4824 3747 4910 justiﬁat‘

2221 4941 2687 4995 circumcisionem
2724 4952 2793 4993 ex
2834 4937 2960 5002 (ide,
2991 4948 3047 4993 et
3099 4937 3438 5006 praeputium
3491 4943 3578 5002 per
3608 4920 3749 5006 ﬁdem.

2221 5032 2422 5101 Legem
2484 5046 2615 5101 ergo
2645 5031 2984 5086 destruimus
3031 5004 3130 5100 per
3190 5004 3417 5082 ﬁdem?
3467 5019 3642 5079 Absit;
3681 5004 3751 5063 κά

2220 5122 2392 5195 legem
2422 5128 2718 5182 statuimus
2747 5160 2765 5178 .

2295 5261 2316 5291 ⁸
2347 5258 2565 5329 Repetit
2615 5262 2850 5331 negandi
2910 5261 3245 5331 particulam
3284 5259 3529 5315 Palatin.
3572 5266 3685 5312 ωε..
3718 5237 3755 5295 ι’

2224 5346 2331 5386 non
2377 5334 2508 5383 sicut
2538 5334 2690 5385 aiunt
2713 5374 2726 5393 ,
2758 5342 2846 5386 etc
2870 5372 2884 5386 .

2298 5403 2318 5433 ⁸
2378 5400 2492 5454 Non
2536 5403 2686 5455 addit
2714 5403 2905 5457 Christi
2940 5402 3222 5457 Palatinus
3256 5419 3342 5455 ms
3370 5400 3559 5469 ..quod
3604 5400 3755 5447 nomen

2226 5470 2449 5526 Graecus
2499 5489 2718 5541 quoque
2755 5483 2932 5525 textus
2960 5474 3046 5523 hic
3095 5475 3317 5526 reticet.

2300 5543 2320 5571 °
2355 5538 2671 5607 ldein'msi,
2704 5546 2791 5611 qui
2823 5543 3139 5611 justiﬁcavit
3177 5582 3190 5603 ,
3265 5538 3495 5596 solemni
3558 5540 3759 5611 praenun-

2233 5612 2477 5670 tiationis
2502 5615 2635 5669 vitio
2660 5604 2757 5683 pro
2775 5604 3106 5683 justiﬁcabit,
3131 5613 3294 5681 juxta
3324 5612 3561 5667 ercum
3583 5604 3760 5655 δικαιω-

2235 5698 2317 5732 σει
2347 5717 2359 5731 ς
