3946 6170
154 218 269 284 ’169
1315 218 1377 280 S.
1416 221 1651 285 PAULI
1694 220 1943 284 EPIST.
1985 221 2085 282 AD
2129 222 2313 287 ROM.
3307 234 3417 299 770

224 334 379 406 (Cap.
412 332 529 405 lV.]
563 332 701 400 Quid
753 348 882 405 ergo
931 333 1181 390 dicemus
1235 334 1512 392 invenisse
1564 336 1740 391 Abra-
1769 344 1815 399 Α
1847 335 1967 390 Νοη
2020 347 2105 393 est
2132 344 2315 393 autem
2364 335 2629 407 scriptum
2669 347 2879 395 tantum
2931 349 3155 411 propter
3191 343 3365 413 ipsum
3399 384 3415 408 .

153 429 277 483 ham
318 436 524 499 patrem
554 441 805 483 nostrum
835 429 1137 484 secundum
1191 443 1411 486 carnem
1437 432 1461 485 τ
1506 430 1562 486 Si
1589 431 1736 485 enim
1842 430 1973 499 quia
1996 440 2305 500 reputatum
2342 440 2427 487 est
2447 431 2524 487 illi
2555 431 2621 487 ad
2641 432 2910 503 justitiam
2942 452 2957 489 :
2986 434 3079 489 sed
3108 444 3162 490 et
3194 446 3420 506 propter

157 522 430 577 Abraham
475 537 540 577 ex
573 523 837 591 aperibus
884 521 1217 593 justiﬁeatus
1262 531 1366 588 est,
1417 522 1583 577 habet
1623 523 1712 589 glo
1841 538 1978 587 nos,
2025 522 2226 591 quibus
2258 524 2606 592 reputabitur
2636 524 2990 581 credentibus
3027 528 3079 581 in
3118 543 3245 583 eum
3272 568 3287 592 ,
3322 528 3417 598 qui

152 616 310 677 riam.
345 612 439 668 sed
479 630 588 669 non
633 614 778 685 apud
816 614 984 669 Deum
1010 652 1025 669 .
1066 614 1210 681 Quid
1240 616 1391 671 enim
1422 617 1557 673 dicit
1587 617 1736 674 Scri-
1844 615 2131 671 suscitavit
2157 613 2343 670 .lesum
2387 615 2669 671 Christum
2704 618 2724 649 ⁶
2759 618 3051 672 Dominum
3107 628 3357 674 nostrum
3388 636 3422 675 a

154 706 363 779 ptura?
392 704 643 761 Credidit
693 706 973 760 Abraham
1026 706 1161 774 Deo,
1195 716 1252 762 et
1310 718 1623 778 reputatum
1656 718 1741 764 est
1844 708 2075 764 mortuis
2101 747 2117 773 ,
2151 706 2247 777 qui
2304 706 2537 763 traditus
2583 719 2670 763 est
2721 719 2946 779 propter
2977 708 3174 764 delicta
3208 719 3421 776 nostra,

153 798 229 853 illi
278 798 345 853 ad
371 799 641 867 justitiam
672 838 686 853 .
744 799 803 853 Ei
838 810 1018 854 autem
1055 800 1147 869 qui
1207 810 1491 869 operatur,
1529 815 1741 857 merces
1842 806 1897 853 et
1923 797 2226 853 resurrexit
2258 808 2482 865 propter
2510 798 2965 865 justiﬁeationem
3006 810 3276 855 nostram.

151 908 260 947 non
298 891 619 960 imputatur
652 891 958 946 secundum
1010 891 1238 958 gratiam
1266 931 1282 957 ,
1314 892 1407 946 sed
1434 894 1739 948 secundum
1918 887 2072 960 (Cap.
2105 888 2194 955 ν.)
2225 888 2516 944 Justiﬁcati
2554 906 2685 960 ergo
2724 906 2789 944 ex
2822 892 2925 945 ﬁde
2953 932 2968 955 ,
3004 907 3189 961 pacem
3220 894 3422 948 habea-

153 985 395 1038 debitum
450 1001 467 1050 ;
524 983 576 1038 ci
637 998 764 1038 vero
798 986 891 1053 qui
956 999 1066 1038 non
1118 994 1416 1054 Operatur,
1475 987 1709 1041 credent
1844 999 1965 1038 mus
2010 985 2075 1037 ad
2110 984 2280 1038 Deum
2311 1000 2409 1055 per
2449 986 2733 1040 Dominum
2763 994 3008 1040 nostrum
3043 988 3227 1043 Jesum
3256 989 3419 1043 Citri-

156 1087 333 1131 autem
390 1077 441 1128 in
497 1092 620 1129 eum
674 1078 765 1145 qui
815 1076 1083 1146 justiﬁcat
1130 1078 1357 1148 impium
1390 1121 1404 1145 ,
1449 1089 1742 1150 reputatur
1843 1087 2032 1129 stum:
2066 1090 2165 1143 per
2196 1091 2359 1145 quem
2399 1088 2455 1131 et
2487 1078 2752 1133 habemus
2779 1093 3081 1138 accessum.
3128 1095 3223 1147 per
3255 1082 3416 1135 ﬁdem

157 1168 286 1222 ﬁdes
316 1173 436 1237 ejus
473 1168 539 1221 ad
576 1168 843 1238 justitiam
897 1169 1198 1223 secundum
1236 1186 1573 1240 proposuum
1622 1188 1744 1242 gra-
1845 1167 1900 1221 in
1932 1168 2162 1237 gratiam
2200 1167 2219 1198 ⁷
2252 1167 2412 1221 istam
2447 1208 2462 1233 ,
2499 1171 2552 1222 in
2587 1185 2691 1237 qua
2728 1180 2937 1224 stamus
2969 1212 2983 1236 ,
3018 1182 3072 1224 et
3124 1171 3422 1240 gloriamur

160 1262 241 1313 tiae
278 1260 394 1317 Dei.
441 1261 455 1291 ¹
504 1261 658 1315 Sicut
693 1271 747 1313 et
774 1260 943 1314 David
973 1260 1105 1314 dicit
1147 1262 1542 1317 beatitudinem
1573 1266 1741 1316 ltomt-
1846 1258 1900 1312 in
1942 1274 2039 1329 Spe
2070 1261 2256 1331 gloria:
2288 1262 2524 1315 ﬁliorum
2560 1262 2675 1315 Dei.
2713 1263 2833 1315 Non
2881 1262 3056 1316 solum
3091 1272 3294 1322 autem.
3327 1264 3424 1318 sed

161 1355 262 1416 nis,
302 1354 391 1407 cui
434 1351 576 1408 Deus
611 1363 839 1421 accepto
870 1353 975 1406 lert
1002 1352 1268 1422 justitiam
1299 1358 1416 1409 sine
1441 1358 1743 1425 Operibus:
1846 1361 1900 1406 et
1966 1351 2266 1421 gloriamur
2319 1353 2372 1407 in
2430 1353 2881 1409 tribulationibus
2918 1369 2932 1407 :
2991 1355 3230 1408 scientes
3280 1355 3425 1423 qttod

161 1448 304 1500 Beati
336 1462 574 1515 quorum
611 1446 854 1498 remissae
882 1455 1011 1499 sunt
1040 1445 1381 1514 iniquitates,
1418 1457 1473 1503 et
1501 1465 1736 1518 quorum
1850 1444 2127 1499 tribulatio
2184 1445 2503 1513 patientiam
2562 1457 2843 1515 operatur,
2916 1446 3177 1515 patientia
3243 1454 3425 1500 autem

164 1549 298 1591 tecta
332 1548 464 1591 sunt
504 1547 765 1606 peccata.
810 1537 1007 1591 Beatus
1043 1539 1124 1591 vir
1162 1539 1249 1593 cui
1292 1555 1402 1595 non
1450 1542 1743 1610 imputavit
1847 1536 2225 1606 probationem
2248 1576 2263 1601 ,
2296 1538 2547 1605 probatio
2578 1553 2708 1593 vero
2738 1553 2915 1607 spem,
2950 1553 3073 1607 spes
3105 1546 3283 1591 autem
3317 1552 3427 1589 non

84 1654 89 1665 νη
163 1632 418 1685 Dominus
452 1642 760 1700 peccatum.
805 1631 1093 1686 Beatitudo
1126 1646 1256 1703 ergo
1291 1633 1407 1689 tunc
1431 1635 1482 1687 in
1511 1635 1747 1689 circum.
1849 1626 2138 1682 confundit
2170 1630 2331 1696 :quia
2356 1629 2597 1682 charitas
2619 1628 2711 1684 Dei
2743 1629 2940 1683 diﬁ‘usa
2972 1637 3055 1683 est
3083 1628 3137 1681 in
3168 1626 3429 1681 cordibus

161 1724 364 1777 cisione
403 1732 615 1776 tantum
674 1735 857 1777 manet
883 1726 903 1757 '
934 1764 949 1787 ,
985 1740 1053 1777 an
1111 1726 1273 1778 etiam
1323 1725 1375 1779 in
1433 1728 1735 1796 praeputio?
1766 1712 1804 1763 Π
1838 1720 2043 1773 nostris
2072 1733 2165 1787 per
2191 1720 2457 1789 Spiritum
2491 1730 2763 1785 sanctum,
2797 1721 2890 1789 qui
2923 1722 3083 1773 datus
3116 1729 3200 1773 est
3235 1718 3422 1774 nobis.

164 1814 400 1867 Dicimus
443 1814 589 1867 enim
631 1815 764 1883 quia
806 1827 1053 1884 reputata
1090 1828 1170 1871 est
1215 1817 1445 1872 Abrahzn
1486 1821 1619 1873 tides
1671 1821 1734 1873 ad
1838 1810 2042 1879 thuid
2072 1809 2217 1863 enim
2247 1810 2527 1876 Christus,
2563 1825 2688 1865 cum
2717 1812 2897 1866 adhuc
2933 1812 3129 1865 inlirmi
3157 1826 3429 1875 essemus,

162 1904 442 1974 justitiam.
482 1905 769 1970 Quomodo
798 1922 930 1975 ergo
969 1918 1217 1976 reputata
1251 1919 1333 1963 est
1362 1909 1385 1961 ?
1417 1913 1469 1964 in
1502 1912 1720 1966 circum-

1867 1900 2141 1954 ecundutn
2195 1910 2412 1970 tempus
2463 1918 2565 1970 pro
2619 1902 2801 1972 impiis
2860 1914 3113 1958 mortuus
3160 1904 3291 1959 est?
3324 1904 3424 1957 Vis

165 1997 384 2057 cisione.
416 2013 485 2051 an
520 1999 570 2049 in
603 1998 870 2067 praeputio
894 1999 916 2051 ?
938 1997 1055 2053 Non
1090 2000 1143 2054 in
1176 2001 1619 2064 circumcisione.
1644 2005 1738 2059 sed
1841 1996 1986 2047 enim
2028 2010 2123 2062 pro
2145 1994 2302 2060 justo
2334 1994 2460 2063 (illis
2495 1996 2729 2049 moritur
2760 2012 2773 2051 :
2804 2011 2929 2049 nam
2970 2013 3066 2066 pro
3097 1997 3239 2051 bono
3268 1997 3432 2051 {orsi-

167 2090 215 2141 iu
254 2091 523 2157 praeputio
550 2090 570 2120 ³
600 2132 614 2145 .
653 2090 718 2144 Ει
749 2092 963 2161 signum
1004 2096 1219 2165 accepit
1261 2098 1725 2163 circumcisionis,

1869 2100 1936 2139 an
1984 2087 2109 2155 quis
2138 2087 2338 2141 audeat
2388 2088 2550 2143 mori.
2594 2087 2957 2143 Commendat
3009 2097 3189 2144 autem
3242 2088 3427 2143 chari-

167 2183 500 2251 signacnlum
555 2184 780 2254 iustitia:
837 2185 959 2241 ﬁdei
994 2228 1009 2253 ,
1060 2205 1179 2258 quae
1216 2202 1297 2245 εει
1330 2192 1381 2244 in
1422 2193 1686 2260 prmpuiiu
1722 2210 1738 2259 ;
1844 2188 2008 2233 tatem
2048 2195 2203 2233 suam
2256 2182 2402 2234 Deus
2431 2182 2483 2234 in
2525 2182 2730 2236 nobis:
2792 2183 3051 2252 quoniam
3088 2197 3212 2236 cum
3248 2181 3431 2235 adhuc

169 2286 221 2329 ut
256 2278 321 2330 sit
352 2288 513 2345 pater
550 2279 795 2333 omnium
831 2282 1174 2336 credentium
1232 2300 1327 2351 per
1368 2286 1691 2353 pra-putium
1723 2324 1737 2349 ,
1844 2283 2166 2343 ρεοοθιοτθθ
2200 2289 2450 2329 essemus
2476 2315 2490 2339 ι
2525 2276 2833 2330 secllndum
2907 2286 3124 2345 tempus
3151 2276 3172 2306 ⁸
3203 2318 3217 2341 ,
3273 2274 3434 2329 Chri-

170 2374 223 2417 nt
251 2376 539 2434 reputetur
562 2378 616 2420 et
649 2367 759 2420 illis
785 2367 851 2421 ad
878 2369 1145 2439 justitiam
1174 2386 1188 2435 ;
1236 2381 1292 2425 et
1324 2373 1395 2427 sit
1429 2384 1587 2441 page.-
1631 2375 1740 2428 Cir-
1846 2374 1964 2417 stus
1989 2379 2086 2432 pro
2112 2365 2272 2419 nobis
2298 2376 2548 2420 mortuus
2574 2378 2653 2421 est
2680 2368 2888 2423 :multo
2910 2369 3074 2437 igitur
3096 2369 3265 2433 magis
3287 2383 3433 2421 nunc

169 2457 519 2511 cumcisionis
557 2473 665 2513 non
694 2459 762 2511 iis
801 2468 1012 2512 tantum
1047 2462 1143 2531 qui
1177 2472 1308 2517 sunt
1343 2479 1405 2516 ex
1451 2466 1727 2520 circumci.

1873 2459 2127 2513 ustiiicati
2182 2459 2235 2511 in
2270 2458 2536 2526 sanguine
2574 2460 2749 2527 ipsius
2773 2500 2787 2522 ,
2818 2460 2950 2513 salvi
2999 2461 3203 2514 erimus
3236 2460 3304 2514 ab
3350 2460 3431 2512 ira

173 2549 349 2613 εἰοιιεν
386 2550 479 2603 sed
518 2558 573 2603 ει
611 2550 679 2602 iis
709 2551 801 2620 qui
851 2564 1134 2608 sectantur
1182 2558 1405 2628 vestigia
1465 2560 1589 2613 ﬁdei
1625 2577 1745 2629 qua:
1846 2566 1945 2619 per
1977 2550 2178 2619 ipsum.
2208 2549 2263 2602 Si
2295 2551 2440 2604 enim
2492 2566 2615 2605 cum
2672 2551 2878 2605 inimici
2916 2567 3185 2615 essemus,
3237 2565 3432 2605 recon-

168 2652 244 2694 est
293 2641 350 2694 in
400 2643 667 2711 praeputio
704 2644 875 2712 patris
928 2647 1100 2700 nostri
1137 2648 1389 2703 Abraham,
1441 2651 1558 2704 Non
1596 2654 1766 2706 enim
1848 2643 2016 2696 ciliati
2053 2657 2243 2695 sumus
2292 2642 2403 2695 Deo
2456 2656 2553 2711 per
2602 2652 2832 2696 mortem
2890 2643 3013 2696 Filii
3047 2645 3167 2712 ejus
3203 2660 3218 2699 :
3261 2646 3433 2696 multo

170 2748 259 2796 per
294 2733 473 2801 legem
508 2736 799 2803 promissio
847 2737 1081 2792 Abrahag
1130 2749 1225 2793 aut
1254 2742 1447 2795 semini
1486 2744 1605 2811 eius;
1635 2784 1650 2809 ,
1690 2752 1746 2796 ιιι
1848 2736 2018 2803 magis
2059 2734 2397 2787 reconciliati
2430 2774 2445 2796 ,
2481 2734 2616 2787 salvi
2646 2735 2876 2801 [erimus
2932 2736 2985 2788 in
3046 2736 3152 2788 vita
3210 2736 3383 2805 ipsius
3413 2774 3431 2794 .

170 2824 343 2876 limes
395 2832 543 2877 esset
596 2824 833 2889 mundi,
886 2826 982 2880 sed
1034 2843 1130 2897 per
1156 2829 1425 2898 justitiam
1465 2830 1636 2885 ﬁdei.
1690 2832 1744 2885 Si
1847 2825 1968 2879 Non
1998 2825 2174 2879 solum
2221 2836 2450 2881 autem:
2502 2826 2596 2881 sed
2631 2836 2684 2880 et
2728 2826 3026 2895 gloriamur
3065 2828 3119 2881 in
3166 2828 3278 2882 Deo
3334 2842 3433 2897 per

170 2916 307 2966 enim
357 2914 550 2983 quies
605 2916 757 2985 lege,
811 2916 1060 2972 hzeredes
1111 2929 1282 2974 sunt:
1326 2923 1633 2976 examinata
1664 2932 1749 2977 est
1852 2920 2141 2973 Dominum
2198 2929 2447 2973 nostrum
2509 2919 2694 2973 Jcsum
2744 2919 3069 2985 Christum,
3122 2936 3217 2988 per
3267 2937 3431 2990 quem

172 3004 321 3067 ﬁdes,
358 3006 559 3060 abolita
594 3017 679 3061 est
710 3010 1021 3077 promissio.
1051 3009 1160 3064 Lex
1203 3014 1350 3066 enim
1387 3016 1520 3067 iram
1556 3030 1749 3084 Opera-
1776 3061 1820 3119 Ο
1851 3025 1998 3065 nunc
2029 3010 2531 3066 reconciliationem
2562 3010 2898 3078 accepimus.
2934 3012 3229 3081 Propterea
3274 3013 3423 3067 sicut

174 3104 254 3119 ο..-
295 3096 689 3119 11ι2-..2..μ---
729 3102 903 3119 .-.πεί
980 3118 1055 3119 ,,,
1318 3107 1328 3116 -
1405 3108 1438 3119 -o
1534 3107 1584 3119 ι.
1902 3118 1911 3119 ,
2256 3103 2270 3119 ι
2394 3103 2401 3112 ·
2466 3118 2471 3119 ,
2772 3112 2784 3119 .
2960 3105 2971 3115 σ
3072 3106 3083 3119 ι

174 3096 399 3152 tur.Ubi
419 3098 695 3152 enimnon
714 3109 798 3155 est
822 3102 930 3165 les,
964 3118 1064 3157 nec
1102 3107 1501 3172 praevaricatio.
1531 3107 1659 3161 ideo
1680 3124 1747 3161 ex
1776 3096 1820 3119 ν
1853 3118 1951 3171 per
2016 3119 2183 3157 unum
2256 3103 2535 3157 hominem
2601 3112 2885 3171 peceatum
2960 3105 3013 3157 in
3070 3106 3217 3158 huue
3270 3121 3433 3157 mun-

173 3187 294 3251 ﬁde,
334 3200 391 3243 ut
420 3191 722 3245 secundum
753 3193 981 3262 gratiam
1014 3194 1168 3249 ﬁrma
1193 3196 1748 3266 sitpromissiomnni
1852 3196 1983 3249 dum
2029 3195 2293 3260 intravit,
2353 3204 2408 3249 et
2454 3211 2552 3264 per
2605 3205 2888 3263 peccatum
2932 3212 3079 3250 mors
3110 3236 3125 3259 ,
3158 3206 3213 3250 et
3259 3196 3333 3249 ita
3379 3196 3434 3249 in

174 3284 408 3348 semini,
463 3298 569 3337 non
614 3285 662 3338 ei
693 3286 788 3354 qui
846 3301 912 3339 ex
960 3286 1077 3356 lege
1114 3299 1199 3342 est
1231 3290 1408 3345 solum
1435 3332 1449 3354 ,
1487 3295 1579 3345 sed
1616 3300 1671 3345 et
1698 3292 1749 3345 ei
1853 3302 2043 3342 omnes
2092 3286 2341 3339 homines
2378 3300 2523 3338 mors
2571 3284 2941 3353 pertransivit.
2998 3285 3049 3338 in
3102 3300 3214 3354 quo
3244 3300 3435 3339 omnes

176 3377 258 3443 qui
298 3390 371 3429 ex
414 3376 521 3430 ﬁde
552 3386 638 3430 est
684 3378 918 3433 Abrahae
946 3419 959 3443 ,
1012 3379 1107 3447 qui
1168 3393 1322 3449 pater
1380 3393 1465 3437 est
1504 3387 1750 3437 omnium
1854 3392 2243 3450 peccaverunt.
2298 3379 2480 3447 Usque
2511 3378 2578 3433 ad
2611 3378 2784 3447 legem
2827 3379 2973 3432 enim
3009 3388 3288 3447 peccatum
3319 3390 3436 3431 erat

176 3477 453 3519 nostrum.
489 3466 668 3536 (Sicut
696 3468 960 3536 scripturn
990 3480 1117 3524 est:
1173 3472 1310 3536 Quia
1360 3482 1568 3541 patrem
1612 3475 1751 3527 mul-
1855 3475 1910 3529 in
1954 3476 2161 3529 mundo
2192 3490 2209 3528 :
2244 3483 2528 3543 peccatum
2582 3483 2765 3525 autem
2821 3488 2927 3526 non
2967 3474 3382 3541 imputahatur’
3418 3514 3437 3538 ,

178 3566 352 3609 tarum
380 3558 622 3626 gentium
648 3560 803 3626 posui
840 3565 913 3628 te)
943 3570 1070 3615 ante
1103 3560 1296 3625 Deum,
1330 3566 1418 3616 cui
1450 3564 1750 3628 credidit‘,
1854 3584 1978 3623 cutn
2011 3569 2098 3621 lex
2156 3583 2260 3620 non
2295 3578 2465 3620 esset.
2504 3566 2609 3619 Sed
2667 3568 2914 3633 regnavit
2949 3581 3096 3619 mors
3141 3565 3210 3618 ab
3265 3566 3434 3619 Adam

178 3650 263 3716 qui
316 3651 560 3704 viviticat
612 3662 879 3715 mortuos,
912 3662 966 3707 et
1017 3664 1177 3707 vocat
1207 3670 1269 3707 ea
1303 3670 1422 3723 qua:
1463 3671 1571 3710 non
1603 3668 1751 3723 sunt,
1857 3677 2031 3731 usque
2060 3661 2127 3714 ad
2186 3661 2405 3728 Moysen
2438 3660 2608 3711 etiam
2652 3660 2708 3709 in
2739 3673 2855 3723 eos,
2887 3660 2977 3726 qui
3012 3673 3120 3711 non
3170 3673 3437 3725 peccave-

180 3751 427 3810 tanquam
460 3759 523 3796 ea
552 3759 675 3812 qua:
712 3755 864 3798 sunt.
906 3744 1011 3810 Qui
1060 3758 1251 3801 contra
1304 3763 1455 3817 spem
1492 3750 1547 3803 in
1601 3766 1751 3820 spem
1857 3765 1985 3808 runt
2035 3755 2088 3805 in
2132 3750 2547 3805 similitudinem
2606 3751 3081 3818 praevaricationis
3116 3750 3251 3804 Adae
3289 3789 3306 3814 ,
3342 3751 3435 3818 qui

181 3836 425 3903 credidit,
461 3847 516 3889 ut
554 3843 709 3891 ticret
742 3847 896 3906 pater
926 3839 1219 3893 multarum
1254 3843 1521 3910 gentium,
1552 3859 1752 3898 secun-
1857 3856 1942 3899 est
1977 3847 2150 3899 forma
2192 3845 2386 3897 futuri.
2426 3842 2531 3897 Sed
2582 3859 2689 3897 non
2725 3845 2869 3898 sicut
2912 3842 3172 3897 delictum
3203 3884 3217 3909 ,
3254 3846 3327 3898 ita
3380 3854 3438 3898 et

185 3926 305 3982 dum
349 3933 492 3999 quod
532 3931 739 3985 dictum
788 3941 872 3987 est
901 3933 951 3987 ei
985 3949 999 3987 :
1036 3933 1125 3987 Sic
1171 3935 1279 3988 erit
1317 3950 1506 3989 semen
1556 3948 1708 3991 tuum
1738 3976 1752 3991 .
1857 3934 2057 3989 donum
2086 3976 2099 3989 .
2131 3934 2183 3989 Si
2231 3936 2374 3987 enim
2410 3934 2570 3987 unius
2598 3934 2800 3989 delicto
2848 3936 3002 3989 multi
3031 3936 3229 3988 mortui
3264 3945 3431 3998 sunt,

183 4022 244 4077 Et
276 4040 383 4078 non
438 4024 747 4079 inﬁrmatus
786 4034 871 4079 est
919 4025 1047 4091 ﬁde,
1095 4041 1197 4081 nec
1235 4030 1603 4085 consideravit
1634 4047 1755 4084 cor-
1859 4031 2030 4083 multo
2063 4028 2231 4093 magis
2262 4031 2432 4097 gratia
2473 4028 2562 4082 Dei
2597 4036 2653 4081 et
2681 4030 2881 4080 donum
2938 4028 2989 4080 in
3043 4029 3216 4096 gratia
3272 4032 3437 4082 unius

182 4136 280 4191 pus
320 4138 478 4177 suum
518 4134 854 4188 emortuum,
890 4139 1013 4179 cum
1044 4126 1156 4196 jam
1188 4124 1305 4179 fere
1342 4133 1565 4179 centum
1608 4132 1757 4178 esset
1858 4122 2099 4178 hominis
2169 4116 2297 4175 .les'u
2352 4119 2557 4175 Christi
2631 4121 2683 4172 in
2743 4120 2924 4189 plures
2974 4120 3273 4173 abundaiit
3301 4158 3315 4173 .
3370 4121 3439 4174 Et

182 4232 480 4282 annorum,
526 4227 584 4270 et
620 4227 925 4272 emortuam
962 4219 1178 4272 vulvam
1227 4218 1377 4273 Sara:
1404 4257 1417 4269 .
1460 4217 1517 4270 In
1568 4231 1757 4285 repro-
1861 4231 1966 4269 non
2018 4223 2163 4269 Sicut
2196 4227 2294 4278 per
2334 4228 2504 4265 unum
2557 4221 2843 4279 peccatum
2883 4212 2951 4275 ”,
2991 4211 3062 4264 ita
3109 4224 3163 4264 et
3206 4211 3435 4264 donum.

187 4308 440 4364 missione
470 4312 636 4363 etiam
685 4310 780 4363 Dei
814 4326 923 4363 non
957 4310 1225 4364 litesitavit
1262 4309 1560 4363 diﬁidentia
1590 4349 1604 4371 ,
1659 4307 1753 4362 sed
1859 4307 1995 4361 Nam
2019 4307 2281 4378 judicium
2306 4307 2525 4375 quidem
2555 4321 2622 4359 es
2650 4320 2760 4359 uno
2790 4305 2841 4358 in
2874 4304 3388 4359 condemnationem
3422 4318 3439 4369 ;

184 4401 522 4455 confortatus
549 4412 634 4456 est
666 4401 791 4465 ﬁde,
829 4402 966 4455 dans
997 4401 1221 4471 gloriam
1259 4401 1409 4456 Deo:
1440 4400 1756 4471 plenissime
1793 4406 1837 4464 υ
1867 4403 2035 4468 gratia
2070 4413 2252 4454 autem
2287 4416 2351 4453 ex
2395 4400 2581 4452 multis
2617 4399 2831 4452 delictis
2866 4399 2919 4451 in
2966 4398 3438 4467 justilicatimtem.

185 4494 363 4547 sciens
396 4496 524 4563 quia
579 4510 921 4563 quaecunque
962 4495 1212 4563 promisit
1239 4496 1259 4525 ⁵
1288 4533 1302 4557 ,
1339 4504 1535 4563 potens
1574 4503 1659 4547 est
1705 4503 1763 4548 et
1868 4496 1923 4550 Si
1953 4498 2099 4551 enim
2138 4499 2304 4549 unius
2343 4494 2542 4548 delicto
2590 4507 2738 4547 mors
2791 4493 3037 4559 regnavit
3093 4505 3189 4560 per
3225 4507 3390 4542 unum
3423 4507 3438 4543 :

187 4584 365 4639 facere
395 4625 408 4639 .
465 4585 595 4639 ldeo
646 4596 703 4640 et
756 4596 1068 4656 reputatum
1105 4596 1185 4641 est
1244 4586 1321 4640 illi
1366 4586 1432 4640 ad
1465 4586 1760 4656 justitiam.
1865 4590 2037 4645 multo
2069 4589 2242 4658 magis
2294 4586 2684 4663 abundantiam
2743 4586 2977 4654 gratiae,
3028 4594 3084 4637 et
3134 4583 3447 4637 donations

256 4774 272 4845 ξ
316 4773 492 4827 Verba
546 4772 830 4826 secundum
888 4775 1213 4844 propositum
1265 4775 1457 4845 gratia:
1518 4773 1653 4837 Dei,
1706 4775 1764 4829 in
1937 4773 1958 4803 ⁸
1988 4770 2152 4825 Addit
2184 4768 2460 4845 Palatinus
2491 4783 2610 4845 ms.
2646 4780 2845 4845 nomen
2875 4765 3063 4845 pem,
3097 4765 3245 4845 quod
3280 4764 3451 4819 mini-

192 4840 435 4916 Palatino
467 4859 570 4916 ms.
604 4846 850 4916 omnino
886 4837 998 4898 non
1026 4856 1155 4898 sunt
1182 4884 1195 4897 .
1264 4837 1336 4898 Ea
1379 4844 1550 4899 Graeci
1579 4846 1763 4916 etiam
1866 4857 1954 4916 me
1977 4852 2158 4916 tamen
2195 4841 2249 4892 in
2280 4839 2798 4916 Grmcmarchetypo
2834 4837 2921 4916 hic
2953 4838 3054 4916 ioci
3094 4837 3374 4916 habetur;
3406 4906 3414 4916 ι

191 4913 435 4981 plerique
488 4913 617 4967 libri
648 4913 902 4982 ignorant
930 4954 946 4977 ,
984 4930 1047 4968 ac
1072 4924 1204 4983 puto
1229 4956 1243 4980 ,
1279 4933 1308 4970 e
1344 4916 1537 4970 \‘clcsii
1575 4915 1765 4968 lectio—
1937 4913 1957 4943 ⁸
1996 4912 2093 4965 Hic
2123 4924 2251 4963 vero
2282 4926 2405 4963 cum
2452 4907 2642 4963 Grzeco
2675 4906 2976 4975 exemplari
3028 4922 3227 4960 nomen
3282 4906 3452 4960 Cirri-

191 4985 351 5035 nibus
382 4993 590 5036 tantum
626 4983 981 5037 prodierunt.
1866 4992 2003 5035 slum
2038 4980 2243 5034 Palatin
2266 5020 2278 5031 .
2316 4996 2412 5032 nis.
2440 4986 2613 5033 tacet.

190 4999 351 5035 “IDUS
382 4999 590 5036 tantum
626 4999 981 5050 proaterunt.
1866 4999 2003 5035 stum
2038 4999 2243 5034 rataun
2266 5020 2278 5031 .
2316 4999 2412 5032 IIIS.
2440 4999 2613 5033 ιδυει.

258 5054 278 5083 ⁸
322 5056 499 5121 Atque
528 5054 624 5134 hic.
646 5055 756 5106 duo
788 5060 952 5139 verba
987 5065 1196 5110 tantum
1242 5065 1455 5137 manet,
1489 5055 1767 5139 Palatinus
1880 5125 1905 5139 ἒ
1933 5053 1958 5139 ,⁷
1993 5049 2466 5139 Pressiuscraaca:
2499 5048 2679 5117 phrasi
2717 5048 2927 5103 Palatin
2954 5089 2967 5103 .
3002 5064 3086 5103 tus
3110 5087 3123 5100 .
3156 5062 3451 5111 ,accesrum

192 5138 299 5176 ms.
348 5126 564 5189 nescit,
608 5125 761 5193 juxta
825 5125 1071 5179 Graecum
1122 5134 1331 5180 textum
1386 5130 1436 5181 in
1492 5127 1748 5197 plerisqut

190 5195 432 5248 melioris
466 5205 608 5248 notae
638 5211 783 5247 tuss.
824 5194 1110 5251 codicibus
1136 5237 1150 5250 .

1891 5125 1971 5175 ide
2012 5125 2066 5173 in
2107 5125 2377 5189 gratiam.

1942 5194 1962 5223 ‘
1999 5191 2171 5253 Verba
2215 5191 2504 5245 secundum
2537 5200 2737 5258 tempus
2765 5232 2780 5253 ,
2816 5207 2937 5260 qua)
2969 5203 3147 5257 neque
3177 5188 3228 5241 in
3260 5184 3449 5238 Graeco

257 5265 278 5294 ³
314 5263 475 5319 Plura
519 5264 608 5318 hic
660 5264 943 5318 Palatinus
972 5283 1053 5321 ms
1087 5307 1099 5321 .
1136 5266 1303 5321 habet
1336 5305 1351 5326 .
1409 5269 1462 5320 iu
1498 5268 1768 5321 circumci-
1872 5272 2024 5319 textu
2063 5262 2335 5315 habentur
2365 5301 2378 5321 ,
2412 5261 2695 5315 Palatinus
2726 5278 2807 5315 ms
2832 5300 2845 5311 .7
2876 5263 3100 5314 omnino
3137 5262 3387 5325 ignorat.

194 5336 335 5387 sione
357 5352 474 5388 cum
502 5343 733 5395 esset,au
760 5336 995 5388 etiamin
1022 5341 1298 5403 pra'putio.
1332 5337 1505 5393 Graec.
1537 5341 1595 5391 ἐν
1616 5356 1771 5403 περι.
1941 5335 1961 5364 ⁹
1993 5332 2052 5387 In
2091 5332 2316 5385 instanti
2352 5332 2763 5403 Palatiuusms.
2790 5349 2892 5385 nou
2953 5332 3266 5397 imputatur,
3324 5336 3439 5403 cum

195 5355 335 5387 stone
357 5355 474 5388 cum
502 5355 733 5395 esset,au
760 5355 919 5387 ειιαιη
943 5355 995 5388 m
1022 5355 1298 5408 pra‘putto.
1332 5355 1505 5393 brato.
1537 5355 1595 5391 sv
1616 5356 1753 5411 περι

195 5408 332 5473 τομῇ
387 5406 499 5458 bim.
534 5404 565 5473 ἢ
600 5406 657 5457 ἔν
691 5404 1057 5473 ἀκροόυστιᾳ.

1943 5355 1960 5364 ⁷
1993 5355 2052 5387 ΙΙΙ
2091 5355 2316 5385 ΙΙΙδιὶΙΙΙιΙ
2352 5355 2635 5386 ιἰιιςιιιιιιιδ
2661 5355 2763 5385 IIIS.
2790 5355 2892 5385 ηωι
2953 5355 3266 5397 ιηιμιηαιιυ,
3324 5355 3439 5373 ιυση

1888 5404 1961 5457 ἵει
1993 5419 2097 5457 non
2135 5411 2233 5465 est,
2292 5402 2379 5457 cui
2444 5401 2662 5458 lectibni
2729 5402 2951 5456 (ὗε-πως
3003 5410 3223 5466 quoque
3269 5399 3446 5444 textus

262 5463 282 5503 λ
306 5463 375 5529 ’1η
404 5463 649 5554 Palatino
672 5463 832 5554 ms},
865 5480 948 5528 ctn'
970 5463 1271 5554 credidisti,
1303 5493 1401 5545 pro
1422 5479 1507 5532 cui
1529 5481 1767 5554 credidit.
1872 5463 2229 5554 suffragatur.
2389 5545 2400 5554 _
2504 5546 2535 5554 ﬂ
2902 5541 2914 5554 Ι
3021 5463 3036 5466 ’
3137 5463 3149 5466 ’
3240 5548 3319 5554 Α-
3340 5542 3427 5554 ΜΛ

198 5546 259 5599 Et
293 5547 454 5613 paulo
500 5556 623 5615 post
656 5546 937 5614 pluribus,
984 5552 1061 5603 sic
1089 5554 1190 5604 erit
1234 5541 1408 5603 semen
1443 5560 1589 5603 tuum
1636 5552 1769 5603 sicut
1948 5547 1989 5578 ¹⁰
2015 5544 2202 5597 Denuo
2229 5545 2474 5613 pressius
2497 5546 2682 5615 Grif‘CO
2706 5541 3025 5615 CXCmPlleg
3052 5556 3143 5607 Ρεν
3164 5542 3456 5615 κῗ’⁸¹”¹Ρῗ””¹Ῐ“

200 5610 358 5692 uelit:
392 5610 566 5692 gravii,
623 5610 744 5685 quae
811 5631 988 5692 neque
1045 5622 1101 5676 in
1153 5622 1343 5678 ϐιωςο
1405 5628 1557 5677 textu
1616 5620 1771 5692 juxta
1874 5610 2973 5692 ςᾳηιεηε,ριόίρςςεςιιιηηο(ἶπες.δι’ὲνδς
3006 5610 3455 5692 ἀιμαρτήπῇγξξθ

202 5688 432 5743 melioris
464 5670 606 5743 nota:
638 5670 984 5756 Exemplaria'
1003 5670 1336 5750 τέὲὸηῖιὶιῖῗ
1407 5670 1557 5677 "mw
1616 5670 1771 5692 νὼ*
1877 5687 2020 5756 Mox,
2054 5670 2193 5739 Νᾶηι
2216 5670 2479 5753 judicium
2516 5698 2576 5736 ex
2608 5697 2739 5750 uno,
2779 5670 3149 5755 printernti'au
3204 5670 3444 5743 quidem-
