3946 6170
466 292 572 359 τη

1380 291 1442 349 S.
1486 283 1918 347 HIERONYMI
1962 283 2229 344 υιγιΝΑ
2273 281 2800 341 BiBIJOTllECA.

3590 278 3686 339 ΤΞ

467 423 523 468 ct
575 406 802 481 iustitia
852 407 1180 475 accipientes
1214 445 1228 466 .
1289 403 1346 456 in
1403 403 1514 454 vita
1577 401 1882 468 regnabunt
1941 414 2038 466 per
2071 406 2112 458 Λ
2143 401 2288 453 enim
2324 398 2469 452 servi
2514 397 2708 450 essetis
2757 395 2982 462 peccati,
3038 392 3198 447 liberi
3253 393 3433 447 fuistis
3463 392 3690 462 iustitiae.

469 519 640 558 unum
709 501 896 557 Jesum
955 500 1228 553 Christum
1267 534 1284 549 .
1343 495 1510 563 Igitur
1555 494 1701 547 sicut
1727 508 1824 562 per
1881 492 2044 545 unius

468 595 730 649 delictum
765 593 818 645 in
851 605 1040 644 omnes
1095 587 1348 640 homines
1379 587 1432 639 in
1465 584 1984 639 condemnationem
2026 599 2041 634 :

471 687 550 740 sic
579 695 634 739 et
665 700 760 752 per
810 680 1266 749 uniusjustitiam
1321 678 1374 730 in
1433 691 1624 730 omnes
1675 675 1927 729 homines
1987 674 2043 727 in

466 774 913 846 jnstiﬁcatiouem
946 772 1087 824 vita.
1122 771 1275 824 Sicut
1303 769 1452 824 enim
1486 783 1583 836 per
1616 767 2040 820 iuobedieutiam

472 868 635 919 unius
669 864 925 926 hominis,
978 873 1288 930 peccatores
1339 858 1620 913 constituti
1661 866 1788 912 sunt
1841 856 2044 910 multi:

470 957 542 1010 ita
573 964 628 1008 et
657 971 756 1024 per
808 955 971 1007 unius
1003 953 1373 1006 oboditionem
1407 989 1422 1012 .
1449 950 1580 1018 justi
1636 948 2045 1003 constituentur

470 1047 648 1100 multi.
682 1048 788 1099 Lex
826 1055 1008 1098 autem
1045 1044 1398 1106 subintravit,
1437 1055 1495 1096 ut
1529 1042 1840 1096 abundaret
1905 1041 2045 1093 deli-

469 1150 641 1193 ctum.
682 1139 784 1193 Ubi
817 1147 996 1192 autent
1051 1135 1351 1189 abundavit
1393 1134 1672 1193 delictum.
1706 1133 2050 1199 superabun-

469 1231 622 1284 davit
658 1231 851 1299 gratia.
901 1229 969 1283 Ut
996 1229 1138 1282 sicut
1192 1227 1437 1296 regnavit
1485 1236 1767 1295 peccaturo
1819 1224 1874 1276 in
1903 1238 2048 1274 mur-

471 1333 579 1378 tem
613 1337 629 1375 ε
660 1323 731 1375 ita
757 1334 813 1376 et
859 1321 1032 1390 gratia
1089 1329 1279 1388 regnet
1331 1334 1429 1388 per
1472 1318 1737 1385 justitiam
1787 1315 1841 1368 in
1880 1315 2045 1366 vitam

467 1426 732 1468 aeternam
760 1453 773 1473 .
805 1429 900 1482 per
928 1412 1118 1467 Jesum
1146 1410 1426 1465 Christum
1458 1408 1743 1461 Dominum
1773 1415 2045 1459 nostrum.

545 1504 704 1575 [Cap.
740 1502 806 1556 Vl
859 1501 880 1573 ]
917 1501 1060 1566 Quid
1105 1515 1237 1570 ergo
1271 1499 1568 1554 dicemus?
1613 1497 2050 1567 pennattcbimns

480 1600 535 1654 in
570 1613 816 1668 peccato.
852 1610 912 1651 ut
962 1598 1133 1666 gratia
1191 1597 1479 1650 abundet?
1532 1596 1709 1650 Absit.
1740 1594 1841 1660 Qui
1898 1591 2046 1647 enim

479 1691 682 1743 mortui
717 1705 906 1743 sumus
940 1697 1186 1758 peccato.
1246 1687 1523 1756 quomodo
1577 1689 1755 1740 adhuc
1805 1687 2050 1738 vivemus

2145 492 2320 556 Quem
2353 505 2483 559 ergo
2514 489 2751 542 fructum
2816 487 3085 540 habuistis
3139 498 3267 539 tunc
3303 487 3354 539 in
3413 487 3513 539 illis
3545 489 3585 549 ’,
3643 487 3692 540 in

2147 583 2346 652 quibus
2383 597 2527 634 nunc
2554 579 2927 634 erubescitis?
2956 578 3092 631 Nam
3135 576 3260 630 ﬁnis
3297 577 3509 628 illorum
3559 591 3697 630 mors

2145 683 2250 726 est.
2281 673 2434 728 Nunc
2457 687 2586 726 vero
2611 671 2824 724 liberati
2869 685 2895 722 a
2928 679 3174 738 peccato,
3206 667 3346 723 servi
3379 676 3552 718 autem
3577 665 3697 720 iacti

2146 763 2279 826 Deo,
2315 764 2528 817 habetis
2561 763 2803 817 fructum
2829 771 3068 815 vestrum
3100 763 3154 815 in
3195 761 3697 826 sanctiﬁcationem,

2156 858 2318 910 linem
2347 871 2477 908 vero
2508 856 2676 908 vitam
2711 864 2994 908 aeternam.
3032 855 3312 922 Stipendia
3333 855 3479 907 enim
3526 869 3699 921 [tecm-

2151 948 2212 1008 ti.
2247 961 2414 1000 mors.
2443 945 2624 1000 Gratia
2662 954 2841 1000 autem
2877 945 2993 1010 Dei,
3026 947 3134 998 vita
3160 954 3382 1005 a'terna,
3415 944 3466 996 in
3491 942 3699 997 Christo

2145 1039 2270 1093 Jesu
2311 1038 2538 1091 Domino
2568 1047 2778 1092 nostro.

2218 1124 2397 1195 (Cap.
2434 1125 2550 1178 Vll.
2580 1127 2597 1194 )
2633 1126 2716 1179 An
2771 1125 3057 1194 ignoratis,
3115 1125 3313 1180 fratres
3376 1125 3703 1195 (scientibus

2147 1219 2292 1272 enim
2330 1219 2504 1287 legem
2538 1219 2767 1286 loquor)
2798 1219 2924 1286 quia
2967 1219 3048 1270 lex
3089 1219 3142 1271 in
3198 1219 3415 1271 hou'iue
3464 1218 3701 1271 domina-

2147 1319 2257 1374 tur,
2288 1321 2493 1379 quanto
2536 1319 2780 1378 tempore
2811 1311 2946 1364 vivit
2977 1310 3000 1362 ?
3031 1309 3161 1362 Nam
3209 1324 3330 1376 quae
3360 1309 3462 1361 suit
3487 1311 3600 1360 viro
3629 1318 3703 1360 est

2148 1405 2367 1466 mulier,
2401 1405 2619 1458 vivente
2650 1404 2790 1469 viro.
2839 1404 3052 1470 alligata
3103 1412 3188 1454 cst
3219 1403 3318 1470 legi
3363 1417 3380 1457 :
3435 1401 3484 1455 si
3535 1410 3700 1453 autem

2149 1505 2415 1548 mortuus
2439 1494 2605 1548 fuerit
2631 1498 2713 1547 vir
2743 1497 2882 1563 ejus,
2907 1495 3083 1548 solum
3107 1503 3186 1547 est
3215 1508 3243 1546 a
3308 1493 3420 1560 lege
3449 1491 3576 1544 viri.
3607 1490 3704 1554 lgi-

2153 1596 2264 1651 tur,
2326 1587 2547 1641 vivente
2588 1588 2731 1650 viro.
2794 1586 3078 1642 vocabitur
3129 1586 3398 1647 adultera,
3452 1587 3500 1637 si
3560 1583 3708 1636 fuerit

2150 1695 2273 1730 cum
2309 1678 2422 1732 alio
2449 1679 2568 1732 viro
2609 1696 2625 1734 :
2661 1679 2704 1732 si
2738 1689 2920 1732 autem
2954 1687 3205 1731 mortuus
3235 1676 3398 1730 fuerit
3435 1677 3524 1728 vir
3575 1673 3703 1742 ejus.

473 1783 527 1835 in
552 1782 646 1835 illo
676 1781 698 1834 i
724 1784 802 1833 An
833 1780 1099 1848 ignoratis
1152 1779 1280 1849 quia
1321 1779 1633 1848 quicunque
1661 1778 1922 1847 baptizati
1955 1793 2051 1831 su-
2080 1787 2123 1844 B
2155 1771 2382 1826 liberata
2413 1784 2498 1827 est
2531 1789 2561 1826 a
2600 1772 2716 1841 lege
2749 1773 2874 1838 viri,
2932 1780 2991 1826 ut
3051 1785 3157 1824 non
3212 1771 3282 1824 sit
3339 1769 3618 1825 adultera.
3667 1767 3705 1818 si

471 1890 595 1928 mus
627 1875 679 1926 in
704 1873 922 1927 Christo
947 1873 1097 1936 Jesu,
1131 1873 1188 1926 in
1225 1884 1400 1925 morte
1427 1871 1599 1939 ipsius
1663 1871 1925 1940 baptizati
1954 1887 2049 1925 su-

473 1981 596 2019 mus
621 1965 644 2020 τ
671 1965 986 2033 Conseptt-lti
1015 1966 1161 2017 enim
1191 1979 1380 2018 sutnus
1428 1977 1552 2017 cum
1588 1963 1681 2017 illo
1739 1976 1836 2032 per
1869 1962 2049 2030 bapti-

471 2072 655 2110 sinum
689 2058 741 2109 in
778 2066 1006 2110 mortem
1037 2074 1050 2109 ε
1079 2065 1138 2109 ιιι
1171 2055 1449 2124 quomodo
1480 2055 1730 2110 Christus
1755 2056 1994 2110 surrexit
2019 2069 2050 2108 a

474 2144 701 2196 mort'vis
735 2159 831 2214 per
855 2144 1080 2213 gloriam
1106 2143 1302 2208 Patris,
1332 2144 1400 2198 ita
1447 2154 1503 2198 et
1556 2159 1657 2198 nos
1684 2145 1738 2197 in
1808 2144 2050 2200 novitate

486 2234 615 2305 vitae
635 2234 1000 2290 ambulemus.
1053 2235 1110 2290 Si
1138 2236 1282 2290 enim
1309 2236 1659 2306 complantati
1684 2237 1810 2292 facti
1861 2253 2052 2292 sumus

474 2323 820 2378 similiudini
879 2327 1069 2380 mortis
1106 2327 1247 2396 ejus,
1307 2327 1473 2381 simul
1529 2335 1584 2381 et
1635 2328 2052 2382 resurrectionis

473 2415 702 2470 erimus.
738 2415 849 2470 Hoc
873 2419 1130 2480 scientes,
1160 2417 1288 2485 quia
1315 2427 1471 2470 vetus
1501 2417 1667 2472 homo
1727 2431 1908 2472 noster
1976 2419 2051 2471 si-

477 2506 589 2559 tuul
629 2507 928 2560 cruciﬁxus
967 2517 1070 2572 est,
1105 2516 1164 2560 ut
1196 2507 1509 2562 destruatur
1559 2524 1759 2578 corpus
1816 2509 2048 2578 peccati,

476 2611 533 2652 ct
565 2599 702 2652 ultra
745 2614 850 2651 non
880 2604 1182 2654 serviamus
1206 2612 1449 2669 peccato.
1480 2601 1584 2666 Qui
1611 2602 1761 2656 enim
1801 2611 2052 2659 mortuus

472 2701 580 2752 est,
613 2691 945 2761 justiﬁcatus
969 2702 1052 2744 est
1090 2709 1116 2743 a
1175 2703 1423 2760 peccato.
1462 2694 1518 2746 Si
1577 2705 1758 2747 autem
1819 2696 2020 2748 mortui

474 2797 672 2838 sumus
708 2798 831 2836 cum
867 2784 1110 2845 Christo.
1142 2784 1422 2838 credimus
1478 2787 1606 2854 quia
1667 2786 1827 2840 simul
1887 2788 2051 2841 etiam

476 2874 727 2928 vivemus
757 2891 879 2929 cum
908 2875 1125 2930 Christo
1160 2893 1179 2930 :
1209 2878 1445 2932 scientes
1474 2877 1621 2946 quod
1667 2879 1916 2933 Christus
1961 2895 2051 2933 re-

475 2980 709 3032 surgens
733 2980 799 3018 ex
828 2966 1057 3020 mortuis
1082 2967 1192 3034 jam
1229 2983 1335 3020 non
1371 2969 1622 3030 moritur,
1660 2984 1806 3022 tnors
1837 2969 1916 3022 illi
1966 2970 2053 3022 ul-

481 3068 563 3110 tra
589 3072 696 3110 non
727 3057 1118 3113 dominabitur.
1147 3059 1298 3124 Quod
1341 3061 1487 3114 enim
1517 3072 1767 3115 mortuus
1796 3073 1878 3116 est
1923 3078 2052 3130 pec-

2156 1868 2321 1922 fuerit
2360 1882 2484 1920 cum
2522 1867 2631 1920 alio
2659 1849 2796 1920 viro.
2831 1865 3038 1933 itaque,
3079 1865 3277 1918 fratres
3330 1862 3462 1925 mei,
3521 1870 3574 1916 cl
3624 1873 3708 1912 vos

2157 1959 2475 2014 mortiﬁcati
2515 1959 2647 2014 estis
2680 1959 2782 2029 legi
2815 1975 2914 2028 per
2945 1973 3146 2026 corpus
3191 1955 3392 2010 Christi
3423 1973 3439 2008 :
3495 1965 3555 2007 ut
3600 1953 3705 2008 sitis

2153 2051 2404 2114 alterius.
2435 2051 2530 2120 qui
2555 2067 2623 2105 ex
2651 2052 2885 2105 mortuis
2914 2051 3303 2111 resurrexit,ut
3327 2046 3710 2100 fructiﬁcemus

2157 2143 2178 2176 ⁸
2218 2143 2347 2198 Deo.
2379 2143 2517 2199 Cum
2539 2143 2684 2198 enim
2707 2158 2957 2197 essemus
2985 2143 3040 2196 in
3067 2157 3253 2205 carne,
3283 2139 3568 2211 passiones
3598 2151 3711 2206 pec-

2155 2246 2426 2302 catorum,
2469 2252 2592 2306 qua:
2641 2251 2738 2305 per
2790 2235 2962 2305 legem
3012 2242 3191 2298 erant,
3236 2232 3608 2302 operabantur
3662 2228 3710 2281 in

2155 2331 2422 2385 membris
2479 2331 2706 2395 nostris,
2761 2338 2822 2382 ut
2887 2326 3290 2382 l‘ructiﬁcarent
3339 2326 3526 2378 morti.
3576 2320 3713 2374 Nunc

2155 2433 2338 2479 autem
2370 2421 2533 2477 soluti
2562 2437 2754 2477 sumus
2780 2436 2810 2474 a
2837 2420 2955 2491 lege
3015 2419 3227 2482 mortis,
3265 2419 3317 2471 in
3363 2432 3474 2486 qua
3520 2415 3714 2468 detine-

2155 2518 2372 2581 bamur,
2409 2517 2486 2570 ita
2535 2523 2595 2567 ut
2627 2513 2934 2568 serviamus
2983 2512 3039 2566 in
3097 2510 3336 2564 novitate
3394 2508 3714 2577 spiritus.et

2157 2627 2266 2665 non
2295 2610 2347 2663 itt
2385 2616 2657 2661 vetustate
2691 2605 2907 2658 littera}.
2937 2601 3075 2667 Quid
3111 2615 3244 2670 ergo
3282 2598 3536 2652 dicemus
3568 2596 3590 2649 ?
3637 2594 3711 2646 lex

2159 2710 2436 2772 peccatum
2467 2708 2551 2754 est
2577 2699 2600 2750 ?
2623 2685 2806 2752 Absit:
2831 2696 2937 2750 Sed
2994 2704 3274 2763 peccatum
3318 2706 3424 2772 non
3476 2687 3712 2756 cognovi,

2154 2797 2258 2849 nisi
2293 2809 2392 2864 per
2432 2793 2602 2861 legem
2634 2807 2648 2844 :
2681 2805 2804 2843 nam
2855 2785 3349 2854 concupiscentiam
3391 2781 3712 2841 nesciebam,

2155 2889 2260 2941 nisi
2299 2887 2380 2940 lex
2439 2883 2826 2938 diceret:Nou
2873 2879 3242 2947 concupisces.
3287 2875 3594 2930 Occasione
3623 2887 3715 2924 au-

2159 2988 2266 3033 tem
2306 2984 2559 3044 accepta.
2607 2983 2894 3043 peccatum
2930 2986 3030 3039 per
3073 2967 3389 3021 mandatum
3440 2973 3715 3033 operatum

2156 3081 2239 3124 est
2272 3071 2430 3122 inme
2457 3082 2676 3120 omnem
2702 3062 3221 3132 concupiscentiam.
3253 3059 3384 3112 Sine
3411 3057 3534 3124 lege
3583 3055 3717 3108 enim

475 3163 622 3213 εδιον
657 3164 907 3206 ιιιοΐιυυε
929 3162 1010 3207 εει
1048 3155 1214 3206 semel
1248 3165 1263 3206 Σ
1301 3155 1445 3223 quod
1478 3166 1656 3208 autem
1710 3156 1862 3221 vivit,
1920 3155 2054 3210 vivit
2082 3143 2122 3199 (δ
2160 3149 2440 3226 peccatum
2471 3171 2753 3211 mortuum
2784 3166 2921 3210 erat.
2951 3154 3065 3224 Ego
3117 3161 3300 3206 autem
3337 3150 3586 3202 vivebam
3613 3146 3720 3197 sine

477 3243 722 3298 Deo.l:a
749 3253 803 3297 et
843 3259 941 3298 vos
1000 3246 1325 3312 existimate,
1388 3261 1484 3298 vos
1537 3256 1781 3300 mortuos
1835 3247 2054 3315 quidem

477 3351 601 3390 esse
639 3350 888 3403 peccazo,
917 3338 1163 3391 viventes
1187 3349 1365 3390 autem
1397 3337 1528 3402 Deo,
1568 3340 1620 3390 in
1657 3338 1876 3392 Christo
1922 3340 2049 3394 .Iesu

481 3427 715 3480 Domino
758 3439 949 3482 nostro
980 3427 1020 3481 ³.
1048 3428 1166 3481 Non
1218 3445 1350 3498 ergo
1419 3442 1604 3498 regnet
1672 3443 1952 3499 peccatum
2000 3431 2054 3485 iu

483 3530 672 3574 vestro
706 3521 922 3574 mortali
957 3535 1206 3591 corpore,
1241 3532 1302 3576 ut
1333 3523 1601 3577 obediatis
1657 3524 2056 3594 concupiscen-

485 3617 576 3670 tiis
609 3618 748 3683 ejus.
784 3617 888 3670 Sed
915 3631 1091 3685 neque
1129 3616 1437 3672 exhibeatis
1488 3618 1728 3672 membra
1762 3632 1937 3674 vestra
1968 3638 2056 3675 ar-

479 3723 568 3760 tua
602 3707 907 3775 iniquitatis
931 3719 1151 3774 peccato
1184 3724 1199 3761 ;
1231 3707 1592 3763 setlexhibele
1630 3725 1724 3764 vos
1757 3711 1888 3775 Deo,
1924 3724 2056 3765 tau-

476 3813 644 3865 quam
677 3814 741 3851 ex
773 3799 1004 3851 mortuis
1031 3799 1272 3852 viventes
1297 3815 1312 3863 ;
1336 3810 1391 3854 et
1417 3803 1658 3855 membra
1691 3815 1870 3856 veSIra
1903 3820 2051 3858 arma

475 3892 707 3961 justitiae
736 3891 868 3945 Deo.
901 3891 1192 3946 Peccatum
1228 3891 1372 3946 enim
1401 3894 1554 3948 vobis
1593 3911 1699 3949 non
1747 3897 2055 3951 dominabi-

483 3995 619 4037 tur:
657 4000 764 4038 non
819 3986 966 4037 enim
1031 3985 1135 4038 sub
1203 3986 1321 4054 lege
1367 3987 1645 4050 estis,sed
1699 3989 1802 4042 sub
1862 3990 2054 4059 gratia.

482 4074 626 4140 Quid
659 4091 790 4143 ergo
821 4076 843 4128 Ἰ
879 4077 1255 4144 peccabimus,
1297 4079 1557 4145 quoniam
1593 4096 1702 4133 non
1734 4096 1925 4135 sumus
1953 4087 2056 4136 sub

485 4169 629 4235 lege,
671 4165 765 4221 sed
800 4169 900 4221 sub
929 4167 1143 4236 gratia?
1174 4167 1346 4222 Absit.
1403 4169 1634 4225 Nescitis
1677 4176 1934 4240 quoniam
1967 4176 2056 4229 cui

481 4257 758 4312 exhibetis
790 4272 884 4311 vos
907 4274 1095 4314 servos
1149 4260 1216 4312 ad
1277 4259 1665 4323 obcdiendum,
1726 4267 1867 4318 servi
1923 4267 2058 4320 estis

481 4350 626 4418 cjus,
660 4350 746 4402 cui
775 4349 1033 4418 obcditis,
1071 4351 1187 4405 sive
1231 4353 1439 4420 peccati
1505 4355 1570 4408 ad
1629 4365 1882 4422 mortem,
1943 4357 2058 4412 sive

478 4442 815 4534 obeditionis
839 4445 904 4496 ad
924 4445 1189 4514 justitiam
1220 4449 1242 4499 ἲ
1269 4447 1486 4502 Gratias
1509 4459 1690 4503 autem
1756 4450 1886 4515 Deo,
1911 4453 2054 4521 quod
2089 4481 2130 4534 υ
2161 4460 2305 4509 enim
2341 4455 2486 4524 quod
2521 4455 2645 4508 volo
2679 4454 2905 4516 bonum,
2941 4452 2962 4482 ‘
2992 4451 3096 4505 hoc
3118 4467 3218 4522 ago
3263 4469 3276 4503 :

484 4533 669 4588 fuistis
706 4535 853 4590 servi
886 4539 1112 4605 peccati,
1137 4540 1400 4595 obedistis
1443 4552 1627 4596 autem
1673 4558 1740 4597 ex
1789 4550 1952 4599 corde
2001 4547 2055 4600 in

483 4642 605 4680 eam
621 4625 849 4680 formam
871 4630 1154 4694 doctrinae,
1181 4631 1234 4684 in
1254 4648 1414 4700 quam
1433 4637 1614 4690 traditi
1636 4637 1787 4690 estis.
1817 4637 2056 4693 Liberati

485 4726 664 4769 autem
685 4738 712 4769 a
740 4730 984 4786 peceato,
1004 4723 1142 4772 servi
1162 4722 1283 4775 lacti
1312 4725 1445 4776 estis
1464 4726 1716 4794 justitize.
1748 4727 2053 4783 Humanum

489 4809 637 4867 dico.
656 4821 878 4879 propter
899 4812 1269 4866 inﬁrmitatem
1286 4816 1466 4868 carnis
1495 4827 1687 4870 vestrae
1713 4835 1728 4871 :
1748 4819 1889 4873 sicut
1909 4823 2056 4875 enim

483 4903 812 4956 exhibuistis
845 4903 1086 4956 membra
1116 4913 1294 4958 vestra
1322 4904 1532 4959 servire
1591 4908 1970 4980 intmundilite,
2000 4924 2058 4968 et

487 4996 763 5064 lniqnitati
804 4995 872 5049 ad
895 4996 1261 5066 iniquitatem;
1296 4999 1370 5054 ita
1403 5016 1545 5056 nunc
1574 5004 1829 5058 exhibete
1882 5021 2057 5060 ntem-

484 5087 582 5142 bra
610 5098 786 5142 vestra
817 5090 1022 5145 servire
1046 5090 1274 5160 justitia:
1298 5095 1353 5148 in
1383 5095 1894 5154 sanctiﬁcationem.
1918 5099 2055 5152 Cum

559 5316 574 5345 ¹
614 5313 745 5378 Quae
762 5323 815 5368 et
840 5315 1087 5368 nonnulli
1114 5313 1284 5370 Graeci
1325 5318 1542 5371 codices
1571 5332 1904 5384 praetereunt
1935 5338 2056 5378 ver-

484 5385 548 5439 ba
595 5385 818 5437 Domino
844 5395 1045 5448 nostra.
1077 5387 1354 5440 Palatinus
1387 5404 1605 5456 quoque
1634 5406 1734 5443 tns.
1768 5397 1961 5447 nescit.

555 5456 574 5485 ²
611 5457 716 5508 Sed
748 5471 926 5523 neque
957 5457 1072 5510 Itat‘c
1099 5458 1210 5509 duo
1253 5462 1436 5516 verba.
1471 5462 1524 5510 in
1583 5459 1708 5522 illis,
1745 5461 1799 5512 in
1857 5465 2055 5518 eodem

486 5526 731 5579 Palatino
773 5542 868 5578 nis.
907 5528 1178 5580 habentur
1213 5543 1225 5580 :
1254 5533 1399 5596 quod
1429 5542 1482 5580 et
1517 5546 1743 5596 propius
1789 5545 1872 5583 est
1908 5533 2056 5590 GN:-

483 5613 560 5648 ca:
583 5599 796 5647 litterae.

557 5667 578 5698 ³
616 5666 674 5718 In
710 5668 952 5720 Palatino
988 5684 1091 5722 ms.
1127 5678 1180 5718 ut
1217 5669 1678 5736 fructiﬁcaret-mis,
1713 5671 1774 5723 ad
1804 5673 2054 5730 Graecum

481 5739 782 5805 exemplar,
819 5740 902 5791 ἵνα
935 5743 1464 5808 καρπςιφορήςωμεν.

2157 3255 2275 3322 lege
2300 3251 2614 3320 aliquando.
2649 3249 2755 3303 Sed
2772 3263 2897 3301 cum
2951 3247 3188 3300 venisset
3227 3242 3572 3300 mandatum.
3604 3252 3722 3307 pec.

2160 3359 2341 3402 catum
2380 3344 2594 3398 revixit.
2649 3343 2759 3411 Ego
2796 3352 2980 3393 autem
3024 3347 3266 3391 mortuus
3299 3351 3420 3388 sum
3466 3352 3481 3388 :
3537 3341 3597 3387 et
3650 3335 3722 3383 in-

2159 3447 2386 3490 ventum
2421 3443 2504 3488 est
2526 3433 3023 3486 mihi'mandatutn
3071 3428 3214 3496 quod
3248 3434 3364 3480 erat
3404 3426 3474 3478 ad
3545 3427 3723 3484 vitam,

2161 3531 2262 3583 hoc
2289 3542 2409 3581 esse
2435 3525 2501 3580 ad
2539 3537 2787 3578 mortem.
2830 3521 2964 3576 Nam
2999 3527 3277 3590 peceatum
3307 3518 3606 3571 oceasione'
3644 3530 3722 3568 ac-

2158 3632 2314 3690 cepta
2351 3635 2445 3688 per
2475 3617 2814 3680 mandatum.
2845 3615 3061 3670 seduxit
3095 3623 3259 3677 me,et
3289 3627 3384 3682 per
3418 3611 3551 3664 illud
3583 3608 3724 3662 occi-

2161 3713 2259 3766 dit.
2302 3713 2492 3780 Itaque
2530 3711 2614 3763 lt-x
2650 3708 2871 3776 quidem
2899 3713 3107 3768 sancta,
3141 3711 3196 3758 et
3231 3703 3550 3756 tuandatum
3607 3715 3722 3754 san-

2158 3816 2331 3867 ctum,
2361 3815 2417 3858 et
2450 3805 2675 3873 justum,
2713 3816 2768 3854 et
2791 3802 3012 3854 bonum.
3050 3796 3203 3861 Quod
3235 3795 3592 3863 ergubonum
3624 3801 3718 3852 est.

2161 3898 2297 3952 inibi
2327 3899 2526 3952 factum
2574 3906 2656 3950 est
2690 3909 2837 3948 mors
2873 3894 2896 3947 ἲ
2931 3891 3107 3944 Absit.
3170 3889 3277 3944 Sed
3322 3898 3631 3957 peccatum,
3670 3893 3726 3936 ut

2158 3999 2416 4058 appareat
2443 3999 2749 4058 peccatum.
2788 4000 2883 4054 per
2921 3985 3126 4037 bonurn
3158 3992 3439 4050 operatum
3468 3990 3557 4034 est
3597 3974 3723 4030 mihi

2164 4092 2394 4135 mortem
2429 4098 2442 4136 :
2481 4090 2538 4133 ut
2571 4081 2662 4132 ﬁat
2689 4093 2852 4146 supra
2891 4077 3111 4130 modum
3165 4089 3399 4144 pet-cans
3444 4080 3727 4142 peccatqu

2160 4191 2260 4244 per
2295 4174 2630 4227 mandatum.
2666 4172 2883 4225 Scimus
2912 4171 3059 4223 enim
3103 4169 3232 4238 quia
3286 4169 3374 4222 lex
3427 4162 3724 4234 spiritualis

2160 4278 2246 4322 est
2283 4287 2295 4320 :
2338 4282 2438 4336 ego
2477 4279 2660 4320 autem
2691 4263 2928 4318 carnalis
2984 4279 3128 4328 sum,
3194 4261 3564 4316 venumdatus
3631 4261 3726 4312 sub

2166 4373 2409 4430 peccato.
2452 4361 2604 4424 Quod
2632 4359 2778 4412 enim
2823 4372 3046 4426 operor,
3118 4372 3228 4410 non
3281 4357 3549 4424 intelligo.
3611 4351 3727 4404 Non

3319 4450 3413 4504 sed
3443 4449 3595 4518 quod
3642 4446 3726 4498 odi

2162 4549 2384 4610 malum,
2412 4547 2543 4600 illud
2573 4548 2735 4600 facio.
2779 4547 2833 4600 Si
2864 4554 3046 4599 autem
3086 4544 3229 4613 quod
3261 4544 3406 4606 nolo,
3455 4544 3592 4596 illud
3653 4542 3729 4594 fa-

2159 4642 2246 4694 cio
2289 4658 2304 4696 :
2347 4641 2632 4695 consentio
2660 4641 2786 4708 legi,
2823 4639 3076 4707 quoniam
3114 4640 3253 4691 bona
3285 4647 3386 4691 est.
3441 4638 3605 4690 Nunc
3634 4653 3729 4689 au—

2160 4743 2269 4787 tetu
2303 4735 2412 4803 jam
2441 4750 2547 4786 non
2581 4748 2682 4800 ego
2710 4747 2908 4800 operor
2946 4731 3104 4794 illttd,
3138 4731 3396 4799 sedquod
3435 4733 3649 4785 habitat
3675 4731 3725 4784 in

2161 4845 2246 4883 me
2282 4840 2592 4899 peceatum.
2619 4828 2744 4882 Scio
2773 4828 2919 4880 enim
2951 4827 3078 4896 quia
3113 4842 3221 4879 non
3251 4827 3456 4880 habitat
3513 4830 3568 4880 in
3621 4841 3725 4888 me.

2161 4921 2262 4975 hoc
2289 4930 2372 4976 est
2397 4921 2451 4973 in
2484 4935 2645 4974 carne
2692 4936 2829 4980 mea,
2869 4927 3090 4972 bonum.
3129 4919 3266 4973 Nam
3297 4919 3452 4981 velle,
3517 4919 3726 4986 adiacet

2160 5014 2294 5066 mihi
2332 5030 2348 5066 :
2384 5012 2647 5082 perﬁcere
2676 5022 2858 5066 autem
2892 5011 3118 5073 bonum.
3160 5027 3268 5066 non
3332 5011 3576 5066 invenio.
3613 5012 3726 5064 Non

2157 5109 2304 5162 enim
2337 5107 2481 5175 quod
2517 5106 2636 5161 volo
2668 5109 2889 5169 bonum,
2933 5106 3033 5159 hoc
3055 5104 3198 5181 facio
3227 5123 3239 5158 :
3275 5106 3370 5158 sed
3402 5107 3551 5174 quod
3605 5103 3725 5155 nolo

2233 5333 2543 5388 ‘Absolute
2580 5334 2633 5386 in
2682 5333 2922 5387 Palatino
2957 5348 3054 5386 ms.
3121 5351 3222 5394 non
3278 5335 3414 5402 quod
3466 5335 3590 5387 volo
3639 5335 3732 5386 hoc

2160 5423 2278 5474 ago,
2319 5407 2406 5456 sed
2436 5417 2570 5474 quod
2593 5404 2701 5466 odi,
2735 5406 2956 5458 vocrhus
2981 5407 3171 5456 bonum
3203 5417 3258 5458 et
3312 5406 3502 5459 malum
3558 5406 3730 5473 priori

2161 5479 2326 5528 hocce
2360 5476 2480 5526 loco
2522 5487 2740 5542 pen.tus
2790 5477 3072 5543 ignoratis,
3135 5491 3256 5540 qua:
3292 5492 3462 5544 neque
3504 5479 3556 5526 in
3589 5475 3733 5527 Cra:—

2160 5564 2224 5598 co
2250 5555 2399 5598 textu
2445 5547 2734 5605 habentur.
2768 5553 2858 5597 sed
2889 5561 2953 5596 ev
3013 5545 3202 5598 Velcsii
3264 5546 3572 5598 lectonibus
3627 5545 3735 5597 ad-

2160 5618 2310 5669 scitu!
2347 5616 2624 5667 inGraccis
2655 5617 2805 5668 libris
2839 5616 3085 5679 fuerunt,
3116 5615 3200 5666 Vel
3224 5630 3289 5666 ex
3323 5614 3567 5667 SULJIICIU
3603 5619 3730 5666 hu.c
3785 5629 3794 5632 ·

2162 5687 2364 5739 ἰδοςυιυ
2399 5696 2514 5754 post
2543 5693 2776 5753 quatuor
2813 5701 3003 5738 versus
3032 5700 3083 5736 tn
3116 5685 3345 5738 Latztns.
