3946 6170
246 256 352 321 773

1377 250 1440 308 S.
1469 247 1700 309 PAULI
1733 247 1984 311 EPIST.
2013 250 2114 310 AD
2156 250 2340 314 ROM.

3400 245 3511 308 776,

244 375 472 433 malum,
502 371 606 424 hoc
641 382 761 438 ago.
789 365 844 422 Si
874 373 1056 420 autem
1091 362 1232 433 quod
1279 363 1426 427 nolo,
1465 364 1595 418 illud
1647 361 1786 417 facio
1821 376 1836 419 :
1870 379 1906 432 Α
1940 376 2190 420 creatura
2225 367 2468 436 subjecta
2510 373 2723 420 estnon
2757 364 2964 427 volens,
3006 365 3100 418 sed
3137 372 3360 433 propter
3381 380 3510 418 eum

240 467 352 534 jam
382 462 504 532 [ms.
539 471 647 514 tor.
677 457 813 529 jam]
843 473 952 511 non
974 470 1096 526 rgo
1131 469 1328 524 operor
1360 457 1515 518 illud,
1553 456 1647 510 sed
1679 456 1822 524 quod

245 556 460 609 habitat
491 553 542 605 in
575 566 661 605 me
689 559 998 620 peccatum.
1035 546 1259 600 Invenio
1286 548 1451 617 igitur
1500 549 1671 617 legem
1737 563 1833 600 vo-

243 648 383 702 lenti
423 645 764 699 ntihil‘acere
812 643 1038 705 bonum,
1098 641 1358 709 quoniam
1433 640 1564 693 mihi
1625 642 1825 694 malum

249 740 466 807 adiacet
506 756 521 792 :
553 737 899 792 condclector
931 733 1078 788 enim
1113 732 1213 802 legi
1246 731 1339 786 Dei
1392 730 1693 786 secundum
1747 732 1830 783 iu-

249 836 510 887 tcriorem
555 831 828 884 hominem
873 846 886 882 :
930 829 1091 881 video
1122 832 1307 879 autem
1342 825 1502 878 aliam
1537 828 1708 892 legem
1773 828 1825 878 iu

247 926 514 980 memhris
545 923 703 987 meis,
746 931 1139 990 repugnantem
1175 918 1278 987 legi
1321 918 1518 986 mentis
1559 933 1711 978 meze,
1773 926 1828 970 et

246 1019 614 1086 captivantem
650 1031 735 1069 nte
764 1015 816 1067 in
842 1015 955 1082 lege
988 1013 1217 1078 peccati,
1244 1013 1464 1078 quazlest
1493 1011 1543 1062 itt
1570 1010 1830 1064 membris

253 1111 410 1164 meis.
450 1107 640 1161 Infelix
682 1122 782 1175 ego
813 1106 998 1170 homo,
1035 1106 1161 1173 quis
1200 1119 1286 1156 me
1319 1103 1571 1156 liberabit
1611 1103 1677 1156 de
1708 1118 1828 1154 cor-

251 1217 388 1272 pore
421 1199 612 1254 mortis
642 1199 803 1268 hujus
832 1196 1060 1250 ?Cratia
1091 1195 1178 1248 Dei
1215 1210 1309 1263 per
1335 1193 1521 1247 Jesum
1548 1193 1829 1246 Christum

261 1294 558 1349 Dominum
598 1300 866 1344 nostrum.
908 1288 1075 1358 Igitur
1102 1303 1203 1356 ego
1239 1286 1354 1355 ipse
1408 1296 1592 1339 mente
1647 1285 1830 1339 servio

257 1388 359 1456 legi
401 1385 518 1441 Dei:
547 1396 710 1436 carne
741 1391 922 1434 autem
955 1379 1056 1446 legi
1087 1378 1312 1448 peccati.

327 1476 486 1548 [Cap.
525 1471 723 1541 V‘lll.]
784 1469 1078 1537 Nihilergo
1128 1483 1276 1522 nunc
1323 1467 1694 1522 damnationis
1751 1476 1834 1521 est

255 1571 344 1632 iis,
379 1572 470 1638 qui
505 1577 631 1621 sunt
653 1568 705 1618 in
736 1564 954 1619 Christo
983 1563 1134 1623 .lesu,
1189 1564 1281 1630 qni
1355 1576 1462 1612 non
1527 1557 1830 1613 secundum

258 1677 486 1716 carnem
544 1659 851 1712 ambulant.
911 1656 1016 1710 Lex
1068 1657 1212 1708 enim
1299 1652 1528 1722 spiritus
1591 1654 1715 1706 vita:
1776 1652 1830 1704 in

1930 459 2023 526 qui
2050 458 2280 524 subjecit
2309 473 2428 510 eam
2467 459 2486 489 ’
2516 459 2573 511 in
2612 472 2706 525 spe
2753 471 2768 511 :
2828 455 2954 523 quia
3005 465 3056 509 et.
3086 459 3206 524 Ipsa
3259 468 3510 511 creatura

1929 547 2257 602 liberabitur
2298 564 2326 601 a
2359 548 2622 601 servitute
2651 546 3044 616 corruptionis,
3084 547 3136 599 in
3195 545 3506 599 libet-tatem

1929 639 2114 709 gloriae
2143 639 2378 692 ﬁliorum
2408 639 2524 693 Dei.
2558 638 2768 694 Scimus
2799 638 2947 708 enim
2980 637 3123 706 quod
3151 636 3328 690 omnis
3357 651 3512 688 crea-

1934 744 2054 788 tura
2083 734 2394 804 ingemiscit
2424 743 2478 786 et
2511 735 2746 800 parturit
2775 747 2948 800 usque
2982 732 3184 786 adhuc.
3246 731 3365 785 Non
3417 747 3510 784 so-

1932 826 2044 881 lum
2087 835 2270 878 autem
2317 825 2532 888 illa,sed
2563 833 2617 878 et
2649 839 2748 877 nos
2796 823 2898 892 ipsi
2959 823 3230 892 primitias
3281 823 3511 891 spiritus

1934 919 2224 985 habentes;
2256 926 2311 972 et
2342 917 2444 985 ipsi
2480 917 2619 970 intra
2663 931 2763 969 nos
2811 916 3104 985 gemimus,
3158 915 3510 982 adoptionem

1932 1011 2173 1065 ﬁliorum
2243 1009 2284 1061 D
2325 1011 2336 1062 i
2388 1017 2790 1078 exspectantes,
2825 1007 3262 1076 redemptionem
3310 1019 3510 1074 corpo-

1937 1103 2013 1156 ris
2123 1101 2324 1156 nosui.
2435 1101 2543 1169 Spe
2626 1097 2773 1150 enim
2860 1097 2993 1150 salvi
3080 1096 3214 1150 facti
3298 1109 3514 1149 smnus.

1934 1194 2070 1263 Spes
2127 1203 2306 1247 autent
2392 1208 2509 1262 qua:
2565 1187 2803 1253 videtur,
2869 1203 2977 1241 non
3040 1195 3123 1241 est
3190 1199 3350 1254 spes;
3386 1197 3519 1237 nam

1931 1287 2074 1356 quod
2123 1286 2268 1339 videt
2325 1289 2469 1354 quis.
2518 1284 2648 1352 quid
2710 1280 2830 1355 [ηις.
2863 1280 2982 1352 qui]
3049 1289 3231 1348 sperat
3261 1281 3282 1330 ll
3313 1278 3372 1333 Si
3407 1293 3514 1331 au-

1937 1388 2042 1432 tem
2062 1377 2206 1446 quod
2230 1391 2338 1430 non
2367 1377 2615 1430 videmus
2635 1383 2941 1443 speramus,
2967 1387 3064 1441 per
3097 1369 3391 1439 patentiam
3417 1385 3514 1423 ex-

1934 1476 2262 1537 spectamus.
2335 1467 2598 1522 Similitcr
2657 1477 2839 1520 autem
2899 1474 2956 1518 et
2989 1463 3227 1532 Spiritus
3291 1461 3516 1532 adjuvat

1935 1560 2305 1615 inﬁrmitatem
2362 1569 2607 1614 nostram
2655 1573 2671 1612 ς
2724 1571 2847 1610 nam
2889 1555 3020 1622 quid
3072 1567 3317 1618 oremus,
3371 1553 3526 1607 sicut

1935 1669 2170 1726 oportet,
2206 1655 2516 1708 nescimus:
2543 1651 2636 1706 sed
2701 1651 2819 1720 ipse
2851 1650 3080 1718 spiritus
3121 1648 3360 1716 postulat
3413 1661 3516 1715 pro

252 1754 478 1808 Christo
515 1749 643 1804 Jesu
675 1750 924 1804 liberavit
965 1764 1051 1802 me
1087 1764 1116 1800 a
1167 1749 1280 1817 lege
1313 1746 1516 1816 peccati
1573 1757 1629 1800 et
1687 1759 1828 1798 utor-
1865 1735 1905 1790 Β
1935 1747 2094 1803 nobis
2111 1741 2897 1817 gemitibusiuenarrabilibus.
2920 1739 3520 1802 Ottiautemscrutatur

259 1845 350 1901 tis.
382 1843 517 1897 Nam
544 1840 688 1910 quod
731 1840 1062 1910 impossibile
1092 1850 1210 1894 erat
1239 1839 1364 1909 legi,
1422 1840 1474 1894 in
1514 1854 1623 1908 quo
1682 1837 1836 1892 inﬁr-

260 1940 514 1990 mabatur
544 1951 638 2004 per
670 1949 886 1989 carnem
921 1935 1096 1989 :Deus
1120 1932 1315 1988 Filium
1345 1947 1503 1987 suum
1538 1931 1758 1986 mittens
1782 1931 1838 1984 in

260 2029 684 2085 similitudinem
725 2027 904 2081 carnis
929 2028 1162 2097 peccati.
1198 2035 1253 2080 et
1282 2026 1350 2080 de
1404 2035 1628 2096 peccato
1683 2025 1835 2077 dam-

259 2121 414 2175 navit
453 2131 739 2190 peccatum
764 2119 817 2172 in
849 2133 1034 2183 carne,
1066 2116 1462 2189 utjustiﬁcatio
1486 2116 1621 2186 legis
1647 2116 1843 2186 imple-

262 2226 419 2270 retur
453 2216 510 2285 in
540 2213 718 2276 nobis,
747 2213 838 2282 qui
875 2227 984 2266 non
1013 2213 1315 2266 secundum
1350 2226 1569 2264 carnem
1599 2209 1844 2263 ambula-

259 2321 405 2364 mus.
434 2305 528 2359 sed
564 2303 863 2358 secundum
889 2303 1163 2370 spiritum.
1200 2300 1300 2366 Qui
1333 2303 1478 2353 enim
1538 2299 1840 2355 secundum

260 2415 487 2456 carnem
527 2410 676 2462 sunt,
706 2413 828 2467 quae
852 2397 1035 2451 carnis
1074 2406 1222 2456 sunt,
1256 2395 1497 2463 sapiunt.
1555 2394 1656 2461 Qui
1711 2408 1842 2448 vero

262 2492 572 2548 secundum
601 2491 852 2559 spiritum
885 2500 1032 2552 sunt,
1069 2504 1190 2558 quae
1248 2495 1376 2544 sunt
1433 2487 1661 2556 spiritus
1719 2501 1844 2541 sen-

265 2592 434 2640 tiunt.
478 2584 612 2638 Nam
645 2583 928 2654 prudentia
955 2583 1158 2644 carnis,
1206 2595 1353 2633 mors
1404 2589 1488 2633 est
1532 2594 1547 2635 :
1606 2580 1844 2647 pruden-

266 2681 340 2732 tia
383 2686 566 2729 autem
603 2676 852 2744 spiritus,
895 2674 1001 2728 vita
1036 2682 1090 2727 et
1123 2687 1247 2742 pax.
1275 2671 1544 2737 Quoniam
1572 2669 1844 2739 sapientia

263 2772 454 2823 carnis
495 2768 713 2821 inimica
761 2775 842 2820 est
883 2763 990 2818 Deo
1022 2782 1036 2817 :
1067 2765 1172 2834 legi
1233 2765 1378 2819 enim
1450 2763 1541 2818 Dei
1597 2778 1706 2815 non
1757 2773 1846 2815 est

262 2862 514 2929 subjecta
554 2878 566 2913 :
601 2873 701 2912 nec
733 2859 1118 2926 enim-potest.
1174 2856 1273 2921 Qui
1329 2865 1512 2928 autem
1570 2857 1623 2909 in
1680 2871 1845 2910 carne.

263 2966 422 3020 sunt,
454 2955 561 3007 Deo
587 2955 797 3023 placere
829 2968 934 3004 non
966 2959 1209 3018 posmmt.
1246 2949 1351 3004 Vos
1383 2959 1567 3003 autem
1599 2954 1652 3001 in
1679 2962 1844 3001 carne

264 3064 380 3102 non
422 3050 582 3109 estis,
610 3048 704 3100 sed
740 3047 792 3098 iu
830 3047 1023 3114 Spiritu
1065 3045 1154 3098 :si
1208 3053 1388 3096 tamen
1445 3040 1683 3109 Spiritus
1752 3039 1843 3092 Dei

266 3143 486 3196 habitat
514 3140 564 3192 itt
607 3140 779 3192 vobis.
814 3138 870 3192 Si
901 3139 1028 3206 quis
1073 3145 1257 3189 autem
1313 3133 1580 3203 Spiritum
1641 3132 1845 3186 Christi

265 3249 384 3286 non
419 3231 602 3295 habet,
639 3232 728 3284 hic
760 3244 866 3283 non
898 3240 983 3282 est
1036 3227 1174 3296 ejus.
1245 3227 1301 3280 Si
1350 3239 1530 3279 autem
1597 3225 1850 3279 Christus

271 3329 330 3380 in
367 3326 528 3389 vobis
549 3333 633 3377 est
677 3341 690 3376 :
728 3336 928 3390 corpus
957 3320 1180 3388 quidem
1217 3331 1493 3373 mortuum
1525 3329 1606 3372 est
1627 3329 1850 3386 propter

265 3426 585 3486 peccatum,
613 3415 838 3484 Spiritus
887 3428 1014 3466 vero
1039 3413 1172 3464 vivit
1198 3412 1211 3442 '
1240 3421 1464 3479 prOpter
1500 3409 1848 3478 jusiilicatio-

268 3518 427 3558 nem.
469 3503 624 3568 Quod
654 3503 698 3554 si
735 3501 969 3569 Spiritus
998 3503 1137 3570 ejus,
1178 3501 1270 3566 qui
1336 3500 1621 3553 suscitavit
1662 3500 1847 3553 Jesum

267 3612 300 3649 a
336 3593 574 3647 mortuis
605 3592 814 3646 habitat
869 3593 921 3644 itt
975 3594 1125 3645 vobis
1162 3606 1177 3642 :
1210 3591 1301 3658 qui
1330 3590 1615 3642 suscitavit
1663 3589 1846 3643 Jesum

267 3686 560 3741 Christum
598 3700 626 3737 a
655 3683 907 3743 mortuis,
943 3680 1240 3736 viviiicabit
1291 3679 1415 3751 [τηε.
1446 3678 1766 3750 vivillcavit}
1793 3689 1850 3733 et

271 3777 529 3830 mortalia
591 3790 822 3844 corpora
877 3783 1080 3837 vestra,
1153 3783 1377 3842 prepter
1451 3773 1846 3826 inhabitantetn

269 3868 540 3936 Spiritum
576 3866 693 3936 ejus
722 3869 774 3918 in
803 3865 978 3920 vobis.
1011 3866 1168 3933 Ergo,
1201 3847 1419 3928 fratres,
1451 3863 1728 3918 debitores
1757 3879 1851 3918 su-

271 3974 402 4013 ttius
429 3975 534 4011 non
576 3960 752 4022 carui,
785 3969 838 4011 ut
869 3955 1171 4010 secundum
1216 3972 1439 4008 carnem
1491 3955 1755 4009 vivamus.
1792 3955 1847 4008 Si

267 4057 422 4108 enim
454 4051 753 4105 secunduut
805 4065 1027 4103 cat'ttettt
1090 4048 1358 4111 \ixeritis,
1411 4048 1763 4102 tt’toriemini:
1803 4051 1849 4100 si

268 4157 460 4201 autem
502 4145 697 4213 spiritu
731 4144 869 4196 facta
902 4142 1087 4194 carnis
1125 4140 1603 4200 mortiiicaveritis,
1629 4139 1847 4193 vivetis.

266 4241 604 4308 Quicunque
637 4238 784 4290 enim
818 4237 1024 4303 Spiritu
1069 4236 1160 4286 llei
1200 4244 1454 4303 aguntur,
1487 4234 1521 4284 ii
1584 4230 1705 4302 [ms.
1744 4240 1845 4284 iac.

271 4338 339 4402 ii]
368 4345 496 4386 sunt
525 4332 621 4384 lilii
658 4331 772 4383 De.
807 4328 922 4382 Non
955 4328 1099 4380 enim
1126 4327 1414 4394 accepistis
1454 4326 1710 4393 spiritum
1736 4339 1850 4375 ser-

265 4427 470 4480 vi=utis
507 4427 706 4477 iterum
746 4422 797 4474 iu
832 4422 1048 4481 timore,
1101 4418 1195 4472 sed
1260 4417 1545 4485 ai-cepistis
1598 4415 1850 4484 spiritum
1887 4429 1930 4483 ι)

265 4518 592 4586 adoptionis
648 4514 909 4573 ﬁliorum,
971 4512 1023 4564 in
1068 4526 1177 4579 quo
1243 4511 1543 4564 clantauius
1598 4528 1612 4561 :
1699 4508 1850 4561 Abba

269 4612 510 4680 (Pater).
551 4607 671 4675 Ipse
701 4607 846 4657 enim
877 4603 1115 4672 Spiritus
1139 4601 1513 4653 testimonium
1542 4599 1717 4651 reddit
1741 4599 1852 4666 spi-

263 4707 402 4758 ritui
448 4708 665 4764 nostro,
700 4697 843 4766 quod
879 4710 1067 4749 sumus
1105 4693 1196 4746 ﬁlii
1228 4691 1339 4744 Dei.
1401 4693 1455 4744 Si
1505 4704 1684 4743 autem
1734 4692 1850 4754 ltlil,

261 4808 325 4851 et
359 4794 608 4848 lueredtzs
631 4809 645 4844 :
680 4791 924 4843 haeredes
948 4787 1165 4856 quidem
1197 4785 1312 4847 Dei,
1336 4783 1648 4838 cultam-des
1669 4793 1851 4836 autem

262 4887 480 4942 Christi
517 4902 532 4937 :
563 4884 610 4936 si
645 4893 822 4935 tamen
857 4880 1239 4946 compatimur,
1273 4887 1329 4929 ut
1379 4888 1433 4929 et
1480 4876 1855 4944 congloriﬁcc-

261 4966 422 5032 mur.
466 4975 732 5038 Existimo
758 4973 928 5033 enim,
960 4971 1104 5039 quod
1134 4983 1240 5021 non
1273 4977 1401 5020 sunt
1426 4966 1708 5034 eoodignae
1731 4979 1852 5032 pos.

262 5074 463 5128 siones
499 5067 666 5136 hujus
701 5063 959 5132 tcmporis
993 5062 1058 5114 ad
1095 5062 1332 5115 futuram
1359 5061 1611 5128 gloriam,
1639 5075 1757 5126 qua:
1772 5073 1854 5111 re-

263 5163 550 5217 velabitur
586 5163 636 5211 itt
679 5157 856 5211 nobis.
888 5155 1019 5209 Nam
1070 5157 1407 5222 exspectatio
1456 5164 1715 5206 creaturis
1771 5166 1852 5204 re-

261 5255 610 5309 velatiouem
650 5252 888 5304 ﬁltorum
928 5247 1021 5302 Dei
1051 5254 1357 5314 exspectat.
1413 5246 1648 5300 Vanitati
1705 5245 1852 5298 enim

348 5436 368 5463 ⁸
400 5431 454 5484 ln
494 5429 742 5483 Palatino
777 5444 880 5481 tus.
907 5442 1005 5494 pro
1041 5427 1157 5479 vivit
1191 5433 1278 5479 est
1303 5425 1430 5486 rita,
1500 5421 1854 5491 quemadmo-

231 5502 411 5557 'dum
441 5512 495 5553 et
539 5510 591 5552 tu
628 5497 815 5552 Graeco
846 5511 1018 5560 textu,
1051 5497 1186 5564 ζωή,

346 5576 370 5602 ’³
411 5571 508 5622 llic
549 5583 851 5638 pronomen
885 5583 1000 5619 Cum
1032 5563 1175 5620 tacet
1206 5564 1434 5638 Palatio.
1471 5581 1571 5617 ius.
1605 5563 1854 5638 etpaulo

261 5652 401 5710 post
439 5636 638 5691 uouit-tt
671 5640 782 5704 Dei,
840 5638 932 5690 ubi
987 5637 1189 5710 dicitur
1233 5636 1568 5702 adoptionem
1621 5636 1853 5702 [tliorum

258 5705 365 5766 Dei
406 5719 786 5778 ηερε-ειαηιρε,
817 5718 1106 5776 utrumque
1151 5705 1340 5758 Graeco
1372 5709 1666 5776 archetypo
1701 5720 1854 5773 pres-

1941 1840 2129 1908 corda,
2166 1839 2269 1894 scit
2295 1839 2423 1908 quid
2460 1838 2733 1893 desideret
2762 1837 2989 1906 spiritus
3020 1852 3034 1889 :
3061 1838 3188 1905 quia
3209 1835 3511 1892 secundum

1942 1933 2112 1987 Deum
2140 1932 2377 2002 postulat
2408 1946 2508 1997 pro
2538 1930 2764 1986 sanctis.
2791 1929 3008 1985 Scimus
3040 1936 3221 1981 autem
3254 1925 3522 1996 quoniam

1943 2023 2296 2094 diligentibus
2329 2023 2498 2076 Deum
2542 2024 2726 2076 Omnia
2766 2028 3136 2088 coOperantur
3176 2017 3230 2070 in
3291 2017 3520 2080 bonum,

1943 2113 2030 2174 iis,
2067 2113 2159 2182 qui
2213 2111 2511 2166 secundum
2569 2111 2912 2179 propositum
2962 2108 3139 2162 vocati
3171 2116 3298 2160 sunt
3323 2108 3530 2160 sancti.

1943 2201 2077 2257 Nam
2103 2217 2241 2270 quos
2261 2217 2415 2271 prwSt
2436 2201 2554 2268 ivit,
2577 2209 2631 2252 et
2652 2198 3060 2269 praedestinavit
3077 2185 3388 2251 Conl'ormes
3407 2194 3528 2250 ﬁcti

1947 2295 2198 2364 imaginis
2223 2292 2464 2354 Filiisui,
2499 2291 2794 2361 utsiteipse
2823 2289 3222 2360 primogenitus
3249 2290 3303 2340 lit
3337 2286 3529 2341 multis

1945 2386 2383 2452 fiatrtbus.Quos
2404 2396 2584 2439 autem
2619 2382 3044 2454 prmdestinavit,
3082 2383 3182 2435 bos
3203 2388 3258 2435 et
3277 2378 3525 2446 vocavit;

1946 2491 2003 2536 et
2055 2497 2194 2550 quos
2230 2482 2465 2544 vocavit,
2513 2477 2612 2531 hos
2651 2486 2706 2530 et
2737 2476 3058 2548 justiﬁcavit
3093 2491 3108 2526 :
3143 2488 3280 2543 quos
3334 2480 3518 2525 autem

1942 2573 2285 2643 justilicavit,
2321 2571 2442 2624 illos
2463 2579 2518 2623 et
2541 2568 2886 2638 glorilicavit.
2914 2566 3230 2632 Quid,ergo
3278 2563 3527 2618 dicemus

1949 2665 2017 2720 ad
2078 2664 2236 2720 haec?
2272 2665 2317 2718 si
2362 2663 2508 2716 Deus
2534 2676 2631 2731 pro
2657 2658 2838 2722 nobis,
2871 2662 2997 2728 quis
3024 2667 3214 2710 contra
3251 2670 3348 2708 nos
3382 2654 3532 2719 ἴδριιὶ

1948 2758 2112 2811 etiam
2138 2755 2359 2825 proprio
2385 2753 2522 2807 Filio
2544 2766 2645 2806 suo
2673 2765 2782 2804 non
2819 2749 3088 2818 pepercit,
3123 2747 3217 2802 sed
3242 2761 3340 2815 pro
3371 2747 3528 2800 nobis

1949 2846 2206 2900 munibus
2234 2843 2458 2897 tradidit
2491 2843 2643 2895 illum
2673 2883 2687 2905 ,
2746 2838 3026 2908 quomodo
3058 2854 3166 2890 non
3194 2837 3359 2890 etiam
3402 2849 3527 2888 cum

1951 2939 2041 2994 illo
2064 2937 2245 2990 omnia
2275 2935 2436 2988 nobis
2471 2933 2693 2988 donavit
2714 2932 2735 2962 '
2773 2932 2795 2983 τ
2821 2930 2951 2995 Quis
2972 2927 3530 2983 accusabitadvcrsus

1951 3033 2156 3084 electos
2195 3027 2332 3080 Dei?
2368 3027 2509 3079 Deus
2537 3025 2914 3095 quijustilicat
2946 3035 2961 3077 :
2996 3022 3119 3090 quis
3145 3030 3229 3072 est
3275 3019 3529 3087 quicun-

1953 3123 2169 3172 dcmnet
2192 3119 2214 3171 ‘i
2241 3117 2492 3171 Christus
2521 3116 2698 3178 lesus,
2751 3118 2842 3179 qui
2872 3120 3120 3164 mortuus
3143 3119 3249 3171 est,
3306 3109 3414 3162 into
3437 3107 3531 3175 qui

1949 3224 2003 3266 et
2046 3211 2364 3273 resurrexit,
2401 3209 2492 3276 qui
2526 3218 2607 3260 est
2640 3210 2705 3257 ad
2734 3207 3017 3258 dexteram
3053 3203 3168 3264 Dei,
3203 3206 3294 3269 qui
3348 3203 3517 3254 etiam

1953 3303 2262 3372 interpellat
2285 3317 2382 3369 pro
2402 3300 2579 3352 uobis.
2614 3298 2749 3363 Quis
2799 3311 2935 3363 ergo
3000 3310 3100 3348 nos
3161 3294 3444 3361 separabit
3495 3307 3524 3344 a

1952 3396 2230 3450 charitate
2265 3391 2472 3444 Christi
2519 3389 2540 3440 ?
2583 3387 2863 3441 tribulatio
2888 3426 2902 3452 ,
2935 3401 3002 3437 an
3037 3385 3288 3452 angustia
3319 3424 3332 3448 ,
3371 3383 3536 3436 aula-

1954 3505 2069 3545 mes
2103 3499 2114 3518 '
2143 3504 2211 3541 an
2243 3487 2481 3546 nuditas,
2543 3499 2612 3536 an
2679 3480 2982 3550 periculum
3037 3493 3105 3530 an
3167 3477 3478 3545 persecutio
3516 3514 3532 3538 ,

1951 3601 2018 3640 an
2058 3581 2322 3652 gladius?
2373 3579 2535 3647 (sicut
2567 3579 2830 3645 scriptum
2863 3585 2947 3627 est
2980 3573 3157 3637 :Quia
3217 3580 3442 3638 propter
3479 3577 3530 3620 te.

1953 3679 2350 3731 mortiﬁcamur
2386 3682 2493 3724 tota
2526 3671 2652 3720 die:
2691 3668 2942 3720 tltelllllall
2968 3679 3157 3716 sumus
3191 3663 3336 3716 sicut
3395 3676 3532 3712 oves

1952 3766 2282 3834 occisionis).
2307 3765 2408 3818 Sed
2443 3762 2495 3815 itt
2531 3761 2616 3814 his
2641 3777 2709 3812 ou
2735 3759 2898 3810 nibus
2927 3769 3271 3823 superamus,
3306 3761 3530 3820 propter

1951 3878 2076 3916 cum
2121 3863 2213 3928 qui
2253 3858 2442 3912 dilexit
2477 3869 2597 3907 nos.
2627 3853 2823 3905 Certus
2844 3865 2964 3902 sutn
2989 3849 3158 3906 enim,
3194 3847 3320 3914 quia
3347 3835 3529 3910 n'eque

1953 3972 2119 4013 mors.
2161 3967 2335 4020 neque
2361 3949 2491 4001 vita.
2523 3962 2699 4016 neque
2733 3944 2936 4012 angeli,
2972 3958 3147 4011 neque
3165 3938 3528 4010 principatus,

1953 4061 2128 4116 neque
2159 4045 2394 4098 virtutes
2431 4041 2476 4105 ⁸,
2511 4054 2690 4108 neque.
2750 4035 3035 4096 instantia,
3094 4048 3269 4100 neque
3324 4031 3530 4088 futura,

1953 4154 2127 4208 neque
2157 4135 2447 4198 fortitudo,
2489 4146 2666 4199 neque
2699 4129 2931 4190 alitudo,
2969 4139 3144 4191 neque
3174 4120 3533 4191 profundunt,

1955 4247 2137 4298 neque
2171 4237 2424 4282 creatura
2483 4224 2585 4276 alia
2613 4223 2813 4291 poterit
2844 4235 2944 4273 nos
2982 4229 3238 4285 separare
3262 4231 3289 4265 a
3351 4212 3535 4264 citari-

1957 4335 2064 4380 tate
2097 4323 2209 4386 Dei,
2240 4336 2357 4388 qua:
2387 4327 2471 4374 est
2499 4319 2552 4370 in
2577 4317 2804 4370 Christo
2840 4313 2970 4366 Jesu
3031 4309 3265 4363 Domino
3317 4316 3528 4358 nostro.

2030 4414 2186 4487 (Cap.
2221 4413 2334 4482 IX.)
2367 4413 2662 4465 Veritatem
2699 4407 2822 4460 diro
2861 4407 2913 4458 in
2948 4403 3188 4463 Christo,
3240 4414 3344 4450 non
3383 4412 3536 4450 mcu-

1958 4511 2086 4571 tior,
2123 4505 2495 4562 testimonium
2535 4501 2666 4554 inihi
2698 4499 3020 4569 peritibente
3046 4493 3378 4547 emiseientia
3412 4504 3533 4542 mea

1958 4605 2010 4657 itt
2051 4601 2257 4670 Spiritu
2292 4605 2481 4650 sancto
2519 4612 2532 4648 :
2571 4596 2828 4663 quoniam
2870 4587 3089 4643 tristitia
3145 4585 3275 4637 mihi
3335 4597 3533 4650 magna

1955 4700 2060 4750 est,
2091 4703 2146 4742 et
2177 4689 2476 4742 continuus
2503 4686 2661 4737 dolor
2699 4683 2848 4735 cordi
2883 4695 3028 4731 tneo.
3068 4676 3330 4746 Optabam
3385 4673 3530 4725 enim

1955 4800 2058 4853 ego
2094 4781 2210 4851 ipse
2259 4779 2548 4832 anathema
2598 4789 2720 4828 esse
2775 4787 2806 4825 a
2846 4771 3066 4824 Christo
3121 4782 3220 4836 pro
3271 4765 3535 4817 lratr.bus

1959 4875 2119 4931 meis.
2156 4872 2250 4939 qui
2306 4879 2436 4924 sunt
2491 4866 2706 4935 cognati
2758 4864 2863 4916 mei
2925 4860 3230 4915 secundum
3298 4859 3524 4911 carnem

1956 4967 2048 5032 qui
2080 4975 2207 5015 sunt
2235 4958 2519 5017 Israelita,
2565 4970 2800 5023 quorum
2855 4952 3079 5017 adoptio
3130 4957 3218 5002 est
3266 4948 3529 5008 liliorum,

1957 5065 2012 5107 et
2043 5053 2212 5122 gloria
2244 5058 2300 5103 et
2359 5054 2768 5107 testamentum,
2823 5051 2879 5096 ct
2927 5041 3216 5110 legislatio,
3268 5051 3324 5090 et
3371 5037 3534 5088 obse-

1957 5145 2166 5211 quium,
2188 5148 2243 5193 et
2274 5137 2538 5207 promissa
2568 5150 2582 5188 :
2625 5149 2863 5204 quorum
2897 5144 3100 5200 patres,
3126 5140 3177 5183 et
3231 5144 3295 5182 ex
3327 5127 3530 5194 quibus

1957 5242 2039 5288 est
2093 5230 2346 5283 Christus
2407 5227 2710 5282 secundum
2769 5240 3014 5286 carnem.
3081 5222 3174 5292 qui
3231 5235 3315 5273 es.
3361 5231 3529 5286 super

1923 5420 1926 5425 ’
1957 5420 2092 5474 sius.

2030 5491 2050 5519 ³
2086 5488 2486 5556 Rectiusjuxta
2519 5484 2764 5538 Grrecum
2801 5479 2969 5534 Palat.
3005 5490 3104 5528 ms.
3139 5473 3192 5526 in
3235 5471 3421 5523 futuro
3456 5471 3532 5522 lc-

1959 5569 2056 5659 gn‘.
2081 5560 2520 5697 {ilotnatliiierisque
2559 5624 2764 5697 Gut-cis
2803 5635 2930 5697 mss.
2985 5616 3108 5670 θῦνε
3148 5613 3424 5697 ,δυςιαμεις
3465 5611 3539 5662 ita

1961 5710 2016 5756 et
2045 5699 2099 5754 itt
2130 5684 2376 5755 Palatino
2410 5684 2512 5750 ms.
2554 5694 2745 5755 verba,
2775 5703 2822 5744 et
2856 5690 3074 5744 virtutes
3130 5684 3536 5739 desisct'atttur.
