3946 6170
366 952 373 955 ‘
459 938 690 992 semine.
729 929 1113 986 Promissionis
1151 929 1576 981 enim-verbum
1631 927 1736 982 hoc
1763 937 1849 981 est
1882 944 1896 981 :
1943 928 2043 981 Se-

366 1086 384 1100 ,
460 1028 701 1085 cundum
741 1028 1087 1091 hoetempus
1140 1023 1377 1083 veniam,
1443 1030 1499 1074 et
1524 1023 1630 1075 erit
1676 1020 1827 1075 Sara:
1877 1021 2039 1074 ﬁlius.

464 272 576 339 7'75
1374 271 1434 334 S.
1476 269 1910 332 IIIERONYMI
1953 273 2224 336 DIVINA
2262 264 2795 340 BIBLIOTHECA.
3568 280 3654 344 776

457 386 645 442 omnia
678 384 823 441 Deus
849 383 1171 440 benedictus
1204 381 1259 436 in
1286 383 1508 437 saecula.
1553 382 1750 438 Amen.
1778 381 1897 438 Non
1931 399 2029 438 au-
2060 391 2105 447 Α
2135 399 2192 443 et
2224 387 2403 442 omnis
2462 387 2554 456 qui
2605 387 2778 441 credit
2837 385 2893 441 in
2950 400 3098 450 eum,
3161 400 3271 440 ιιοιι
3321 385 3658 444 confundetur.

460 493 570 536 tem
601 479 745 548 quod
777 477 1050 532 exciderit
1080 473 1315 527 verbum
1355 472 1472 527 Dei.
1503 473 1622 528 Non
1654 473 1802 527 enim
1850 489 2043 529 omnes
2221 477 2379 550 [Cap.
2406 477 2502 550 X.]
2536 479 2777 543 Fratres,
2814 476 3070 531 voluntas
3113 477 3331 546 quidem
3364 476 3524 532 cordis
3550 496 3660 547 mei,

457 573 648 644 quies
684 570 850 626 Israel
883 578 1013 624 sunt
1047 569 1062 599 ⁸
1085 608 1100 633 ,
1136 567 1176 622 ii
1213 575 1343 620 sunt
1375 565 1676 620 Israelita:
1710 580 1889 634 neque
1944 568 2042 635 qui

2156 585 2199 627 et
2225 574 2539 629 obsecratio
2568 576 2636 628 ad
2675 574 2867 633 Deum.
2895 572 2953 625 ﬁt
2976 588 3073 640 pro
3102 571 3209 625 illis
3239 571 3290 623 in
3324 571 3552 627 salutem.
3577 572 3667 627 Te-

457 681 647 724 semen
701 673 830 718 sunt
858 660 1108 723 Abrahae,
1137 673 1329 712 omnes
1368 656 1464 712 ﬁlii
1500 672 1517 714 ς
1546 657 1638 711 sed
1672 657 1727 711 in
1768 657 1919 711 Isaac
1948 673 2042 711 vo-

2156 667 2463 721 stimonium
2491 666 2637 720 enim
2669 665 2934 734 perbibeo
2971 664 3102 727 illis,
3136 662 3281 733 quod
3305 664 3661 719 simulationem

457 758 675 814 cabin"
708 755 804 810 ῑῖδῖ
845 767 1030 807 semen
1063 766 1077 805 ε
1136 751 1187 803 id
1244 758 1326 804 εει
1353 765 1457 802 "0"
1503 750 1599 831 (ιιεε
1632 748 1834 813 επηῖεν
1869 749 1926 803 hi
1948 747 2040 803 ηιίί
2145 759 2241 815 Dei
2275 759 2500 821 habent,
2528 758 2621 813 se!
2648 773 2755 813 non
2790 756 3094 812 secundum
3119 756 3415 811 scientiam.
3442 755 3663 825 Ignoran-

458 847 555 902 Dei
589 862 604 910 ;
637 845 732 898 sed
756 843 848 913 qui
881 842 974 896 lilii
1006 847 1138 894 sunt
1172 838 1572 902 promissionis,
1606 840 1953 891 aestimantur
1986 838 2040 890 in

2156 866 2229 908 tes
2250 854 2396 908 enim
2418 853 2686 923 justitiam
2714 850 2829 914 Dei,
2851 860 2906 904 et
2934 866 3087 905 suam
3114 858 3413 919 quairentes
3437 860 3665 916 statuere,

2142 944 2378 1012 justitize
2415 943 2508 996 Dei
2564 958 2673 995 non
2718 952 2847 995 sunt
2894 941 3154 1011 subjecti.
3199 939 3345 993 Finis
3368 941 3503 992 enim
3535 941 3668 1004 leuis,

2145 1034 2421 1097 Christus,
2458 1035 2523 1088 ad
2554 1034 2822 1099 justitiam
2850 1034 2996 1086 omni
3031 1033 3294 1087 credenti.
3334 1032 3527 1103 Moyses
3547 1034 3668 1087 enim

2145 1128 2385 1196 scripsit,
2435 1127 2692 1196 quoniam
2722 1126 2991 1195 justitiam
3016 1164 3030 1185 .
3067 1141 3187 1194 qua:
3218 1141 3280 1177 es
3314 1124 3422 1194 lege
3454 1134 3533 1178 est
3554 1165 3567 1187 ,
3594 1126 3671 1195 qui

2147 1222 2338 1275 fecerit
2388 1220 2571 1282 homo,
2611 1219 2754 1272 viret
2800 1218 2853 1270 in
2884 1233 2967 1269 ea.
3004 1218 3135 1282 Qum
3164 1227 3342 1268 autem
3392 1232 3453 1269 ex
3489 1216 3581 1269 ﬁde
3606 1227 3674 1271 est

2142 1314 2373 1383 justitia,
2421 1312 2500 1365 sic
2537 1312 2667 1364 dicit
2701 1326 2714 1366 :
2753 1310 2831 1364 Ne
2879 1309 3086 1362 dixeris
3124 1309 3176 1361 in
3202 1308 3371 1369 corde
3410 1318 3495 1361 tuo
3526 1325 3538 1359 ε
3567 1309 3672 1377 quis

2146 1404 2406 1458 ascendet
2424 1404 2477 1455 in
2504 1402 2746 1456 caelum?
2776 1400 2827 1453 id
2853 1410 2962 1464 est,
2982 1399 3262 1454 Christum
3292 1399 3565 1453 deducere.
3586 1400 3673 1452 Aut

2147 1499 2270 1567 quis
2317 1495 2613 1550 descendet
2642 1494 2696 1547 in
2733 1492 3034 1563 abyssum?
3084 1492 3189 1545 hoc
3223 1502 3329 1555 est,
3375 1490 3623 1545 Christum
3647 1507 3671 1544 α

462 1120 582 1174 Non
617 1119 793 1173 solum
820 1128 1003 1170 autem
1032 1116 1121 1169 illa
1151 1132 1164 1167 :
1202 1118 1295 1168 sed
1321 1113 1642 1169 etliebccca
1674 1128 1738 1166 ex
1786 1128 1893 1165 uno
1917 1127 2045 1167 con-

462 1214 655 1267 cubitu
690 1211 916 1271 habens,
946 1209 1094 1262 lsaac
1130 1210 1297 1275 patris
1332 1205 1527 1259 nostri.
1550 1205 1684 1256 Cum
1720 1204 1885 1275 enim
1909 1220 2045 1257 non-

464 1304 594 1356 dum
626 1301 739 1356 nati
776 1300 1030 1362 fuissent,
1064 1307 1160 1351 aut
1190 1297 1392 1365 aliquid
1422 1298 1550 1349 boui
1619 1295 1882 1362 egissent,
1950 1304 2045 1349 aut

465 1396 593 1451 mali
649 1398 733 1463 (ut
782 1392 1083 1448 secundum
1141 1391 1467 1444 electionem
1536 1388 1877 1457 propositum
1948 1386 2042 1439 Dei

468 1488 764 1558 maneret),
798 1503 905 1541 non
936 1502 1001 1540 ex
1021 1484 1305 1553 operibus,
1340 1481 1434 1537 sed
1461 1497 1525 1535 ex
1579 1490 1805 1534 vocante
1836 1479 2041 1533 dictum

470 1595 558 1640 est
582 1584 663 1639 eis
693 1599 707 1635 :
741 1581 877 1647 Quia
911 1580 1082 1649 major
1131 1578 1336 1655 serviet
1367 1575 1585 1637 minori,
1619 1574 1756 1627 sicut
1780 1573 2041 1637 scriptum
2146 1589 2376 1642 mortuis
2403 1600 2682 1640 revocare.
2708 1584 2814 1638 Sed
2846 1583 2980 1653 quid
3012 1582 3147 1635 dicit
3176 1581 3494 1650 scriptura?
3526 1580 3672 1649 prope

469 1685 596 1729 est:
632 1673 801 1728 Iacob
831 1670 1019 1734 dilexi,
1058 1669 1197 1723 Esau
1247 1674 1431 1720 autem
1485 1665 1610 1717 odio
1656 1662 1844 1717 habui.
1898 1659 2038 1724 Quid
2147 1692 2232 1737 eg,
2285 1683 2508 1736 verbum
2560 1681 2615 1734 in
2655 1695 2751 1733 ore
2789 1687 2906 1741 tuo,
2943 1688 2999 1731 ει
3037 1677 3090 1731 in
3123 1676 3289 1731 corde
3324 1690 3453 1729 tuo:
3491 1680 3581 1729 hoc
3607 1683 3674 1728 es,

469 1784 605 1837 θτευ
627 1763 924 1820 dicem“?
962 1759 1241 1828 ""m‘iuid
1294 1756 1557 1824 ίηίίιυίίτηί
1613 1753 1756 1822 apud
1829 1753 2047 1806 Dem“?
2078 1742 2118 1794 Β
2153 1776 2378 1828 verbum
2414 1773 2561 1834 ﬁdei,
2598 1772 2741 1840 quod
2769 1770 3152 1840 prmdicamus.
3179 1768 3319 1834 Quia
3342 1768 3384 1821 si
3406 1768 3678 1822 conﬁtearis

474 1860 651 1913 Absit.
676 1856 843 1926 Moysi
869 1854 1014 1909 enim
1040 1851 1174 1905 dicit
1207 1865 1220 1900 :
1260 1847 1564 1901 Miserebor
1591 1846 1748 1914 cujus
1779 1844 1900 1915 (ius.
1934 1842 2046 1909 cui)

477 1955 782 2013 misereor;
819 1957 872 2000 et
924 1942 1359 1999 misericordiam
1422 1940 1690 2009 prmstabo
1729 1937 1886 2005 cujus
1927 1935 2045 2003 (ms.

478 2045 617 2113 cui)
659 2041 982 2098 miserebor.
1018 2037 1190 2102 Igitur
1225 2051 1334 2088 non
1379 2031 1632 2090 volentis,
1699 2044 1873 2096 neque
1926 2043 2052 2081 cur-

478 2137 674 2201 rentis,
706 2135 797 2189 sed
828 2130 1141 2185 miserentis
1158 2134 1250 2183 est
1282 2127 1394 2180 Dei.
1424 2125 1562 2178 Dicit
1586 2122 1734 2176 enim
1770 2120 2049 2190 Scriptura

478 2228 750 2284 Pharaoni
786 2244 799 2279 :
834 2226 971 2291 Quia
1004 2224 1057 2276 in
1093 2224 1197 2277 hoc
1225 2223 1399 2288 ipsum
1418 2219 1652 2272 excitavi
1682 2229 1755 2280 te,
1784 2227 1840 2270 ut
1869 2227 2054 2270 osten-
2114 2214 2117 2217 λ

478 2322 606 2376 dam
643 2321 698 2373 in
733 2334 783 2373 te
819 2320 1075 2371 virtutem
1112 2330 1282 2367 meam
1322 2329 1336 2377 ;
1373 2322 1427 2365 et
1453 2312 1571 2380 (ms.
1606 2321 1711 2363 tae.
1739 2319 1792 2363 et
1823 2309 1840 2376 )
1869 2318 1925 2361 ut
1956 2323 2051 2360 an-

478 2414 763 2469 nuntietur
780 2424 976 2465 nomen
1002 2422 1178 2461 meum
1197 2407 1247 2458 in
1270 2407 1518 2457 universa
1541 2412 1703 2457 terra.
1730 2401 1871 2469 Ergo
1895 2405 2053 2468 cujus

477 2509 597 2562 vult
626 2508 935 2567 tniseretur,
972 2511 1207 2571 etquem
1237 2500 1355 2551 vult
1400 2496 1638 2551 indurat.
1674 2495 1818 2548 Dicis
1871 2496 2052 2561 itaque

478 2599 613 2652 mihi
647 2610 662 2649 :
699 2597 837 2661 Quid
865 2595 1043 2651 adhuc
1072 2592 1334 2660 quan'itur
1368 2586 1683 2642 ‘L'voluntati
1733 2586 1877 2640 enim
1936 2586 2053 2654 ejus

435 2733 447 2749 .
478 2690 610 2758 quis
644 2686 896 2741 resistit?
925 2686 969 2740 Ο
993 2686 1177 2747 homo,
1207 2694 1263 2736 tu
1302 2682 1423 2751 quis
1448 2696 1529 2745 es,
1581 2679 1674 2749 qui
1724 2676 2053 2747 respondeas

484 2781 638 2833 Deo?
664 2777 921 2847 Nunquid
954 2776 1090 2830 dicit
1118 2780 1433 2844 ﬁgmentum
1496 2772 1569 2833 ei,
1600 2770 1691 2839 qui
1748 2784 1803 2823 se
1853 2767 2005 2821 ﬁnxit
2038 2782 2053 2822 :

479 2869 621 2936 Quid
658 2884 743 2923 me
781 2868 958 2921 fecisti
988 2868 1106 2920 sic?
1142 2868 1224 2918 Au
1254 2880 1364 2917 non
1424 2862 1589 2916 habet
1642 2870 1962 2930 potestatem
2001 2858 2056 2911 li-

479 2963 640 3032 gulus
678 2960 804 3023 ltiti,
836 2976 899 3012 ex
934 2958 1124 3012 eadem
1174 2971 1350 3009 massa
1386 2954 1566 3008 facere
1622 2952 1769 3006 aliud
1829 2951 2051 3020 quidem

2153 1866 2207 1919 in
2234 1880 2327 1918 ore
2354 1874 2446 1917 tuo
2480 1863 2771 1916 Dominum
2810 1861 3020 1925 Iesum,
3053 1871 3110 1914 et
3137 1861 3189 1912 in
3218 1860 3384 1914 corde
3415 1868 3500 1912 tuo
3525 1858 3674 1911 eredi~

2152 1956 2324 2015 deris,
2351 1954 2494 2022 quod
2523 1954 2665 2006 Deus
2694 1952 2847 2005 illum
2871 1948 3163 2003 suscitavit
3191 1963 3219 1999 a
3248 1948 3492 2009 mortuis,
3524 1945 3677 1999 salvus

2152 2048 2282 2101 eris.
2315 2044 2489 2099 Corde
2524 2043 2672 2096 enim
2708 2041 2950 2095 creditur
2977 2039 3043 2092 ad
3065 2038 3333 2108 justitiam
3370 2054 3382 2089 :
3412 2052 3501 2090 ore
3528 2043 3676 2087 autem

2152 2136 2425 2190 confessio
2478 2136 2534 2187 ﬁt
2586 2134 2652 2186 ad
2703 2133 2955 2187 salutem.
3011 2131 3154 2185 Dicit
3187 2131 3335 2183 enim
3388 2128 3676 2196 Scriptura:

2152 2228 2353 2294 Onnis,
2386 2230 2477 2296 qui
2514 2226 2690 2281 credit
2731 2227 2783 2278 in
2822 2226 2997 2285 illum,
3031 2238 3137 2276 non
3177 2221 3554 2276 confundetur.
3581 2217 3676 2270 Non

2155 2321 2301 2375 enim
2353 2330 2437 2373 cst
2472 2317 2758 2371 distinctio
2808 2314 2981 2369 Judaei
3027 2326 3083 2369 et
3130 2312 3307 2367 Graeci
3348 2328 3364 2368 :
3400 2326 3517 2364 nam
3563 2308 3681 2362 idem

2156 2413 2420 2466 Dominus
2467 2411 2736 2473 omnium,
2771 2409 2925 2463 dives
2975 2408 3029 2460 in
3078 2421 3275 2461 omnes
3323 2404 3414 2473 qui
3467 2404 3683 2457 invocant

2158 2505 2332 2559 illum.
2368 2502 2550 2557 Omnis
2597 2501 2742 2554 enim
2771 2500 3086 2568 quicunque
3137 2496 3472 2551 invocaverit
3513 2509 3680 2548 nomen

2156 2595 2398 2654 Domini.
2427 2595 2611 2647 salvus
2637 2592 2761 2644 erit.
2798 2590 3082 2656 Quomodo
3104 2605 3241 2658 ergo
3276 2588 3602 2648 invocabunt,
3632 2584 3678 2637 in

2154 2702 2316 2755 quem
2346 2700 2455 2738 non
2493 2682 2895 2739 crediderunt?
2926 2682 3033 2735 Aut
3066 2683 3343 2751 quomodo
3392 2682 3593 2734 credent
3618 2676 3677 2737 ei,

2156 2795 2318 2848 quem
2356 2794 2465 2832 non
2522 2778 2859 2832 audierunt?
2915 2774 3200 2842 Quomodo
3255 2784 3433 2829 autem
3484 2771 3675 2825 audient

2156 2874 2275 2927 sine
2305 2870 2679 2940 pradicante?
2706 2870 2994 2935 Quomodo
3026 2884 3155 2923 vero
3190 2867 3570 2939 praedicabunt,
3598 2861 3685 2915 nisi

2157 2966 2446 3019 mittantur
2467 2964 2489 3017 ?
2511 2964 2651 3018 sicut
2671 2966 2934 3033 scriptum
2957 2973 3040 3018 est
3067 2980 3078 3016 :
3102 2963 3281 3028 Quam
3307 2960 3529 3029 speciosi
3546 2958 3684 3028 pedes

479 3069 579 3107 vas
614 3054 666 3106 iu
702 3053 994 3113 honorem,
1026 3050 1174 3103 aliud
1196 3064 1321 3102 vero
1352 3050 1404 3100 in
1439 3044 1862 3099 contumeliam?
1898 3043 2050 3109 Quod

2160 3058 2651 3125 evangelizaulium
2708 3072 2934 3125 paceni,
2986 3056 3481 3125 evangelizantium
3534 3050 3683 3104 bona!

481 3148 526 3199 si
606 3145 748 3197 Deus
827 3143 1015 3195 volens
1095 3140 1386 3194 ostendere
1475 3139 1632 3198 iram,
1728 3151 1783 3189 et
1872 3148 2051 3189 notam

484 3237 662 3290 facere
688 3234 981 3301 petentiam
1004 3246 1179 3293 suam,
1213 3229 1473 3282 sustinuit
1498 3230 1550 3280 in
1586 3230 1752 3281 multa
1777 3228 2056 3295 patientia,

484 3340 614 3376 vasa
647 3320 989 3389 irze,aptain
1032 3320 1339 3378 interitum.
1381 3327 1438 3370 ut
1481 3318 1791 3371 ostenderet
1841 3318 2059 3372 divitias

484 3414 671 3483 glurim
707 3428 818 3465 sua:
853 3413 905 3464 in
948 3426 1073 3463 vasa
1106 3410 1515 3473 misericordiae,
1567 3424 1687 3477 quae
1732 3410 2058 3477 prwparavit

483 3510 544 3561 in
581 3506 832 3575 gloriam.
882 3503 1030 3567 Quos
1061 3514 1114 3557 et
1148 3504 1360 3554 vocavit
1392 3516 1489 3555 nos
1515 3516 1621 3554 non
1652 3504 1823 3553 solum
1865 3516 1929 3552 ex
1955 3500 2056 3553 Ju-

485 3600 638 3660 daeis,
659 3600 752 3651 sed
784 3597 947 3651 etiam
982 3612 1047 3649 ex
1080 3596 1336 3664 gentibus
1360 3594 1412 3646 in
1449 3594 1588 3647 Osee
1621 3593 1751 3646 dicit
1780 3609 1792 3643 :
1840 3591 2057 3646 Vocabo

486 3709 595 3746 non
628 3692 837 3760 plebem
869 3706 1069 3753 meam,
1098 3688 1309 3756 plebem
1344 3702 1537 3749 meam,
1562 3695 1747 3738 etnon
1775 3684 2053 3745 dilectam,

487 3783 776 3837 dilectam:
801 3792 855 3835 et
884 3797 989 3833 non
1025 3779 1452 3833 misericordiam
1482 3788 1855 3840 consecutam,
1888 3778 2056 3829 mise-

489 3876 781 3929 ricordiam
812 3881 1184 3926 consecutam.
1217 3872 1283 3925 Et
1303 3872 1412 3924 erit
1437 3888 1451 3923 :
1478 3870 1533 3923 In
1555 3871 1698 3933 loco,
1732 3869 1823 3922 ubi
1851 3869 2055 3921 dictum

486 3978 574 4023 est
600 3969 683 4021 eis
724 3983 737 4019 :
768 3966 883 4019 Non
923 3966 1076 4034 plebs
1102 3979 1219 4016 mea
1256 3979 1352 4016 vos
1388 3978 1401 4013 :
1440 3963 1511 4017 ibi
1570 3963 1913 4015 vocabuntur
1961 3962 2053 4014 lilii

491 4062 585 4113 Dei
616 4059 743 4111 vivi.
790 4058 955 4110 Isaias
979 4068 1158 4109 autem
1184 4055 1380 4108 clamat
1411 4070 1508 4122 pro
1540 4053 1709 4106 Israel
1743 4071 1756 4106 :
1792 4052 1847 4106 Si
1888 4053 2057 4107 fuerit

490 4164 751 4202 numerus
787 4148 1019 4200 liliorum
1048 4144 1210 4198 ISi-ael
1241 4155 1496 4211 tauquam
1546 4159 1711 4196 arena
1746 4142 1933 4205 maris,
1968 4158 2056 4195 rc-

490 4241 670 4307 liquiie
698 4240 858 4291 salva:
892 4240 1039 4290 lieut.
1082 4234 1314 4287 Verbum
1359 4235 1506 4286 enim
1538 4247 1944 4295 cousummans,
2001 4240 2057 4286 et

488 4332 818 4384 abbreviaiis
856 4330 909 4383 in
941 4332 1194 4397 aequitate
1228 4341 1241 4379 :
1286 4326 1413 4395 quia
1469 4326 1698 4378 verbum
1749 4326 2052 4379 breviatum

489 4422 650 4474 Iaciet
680 4421 943 4477 Dominus
984 4435 1149 4488 super
1197 4428 1399 4471 terrain
1438 4432 1452 4465 :

492 4514 655 4567 Isaias
690 4524 705 4567 :
744 4513 856 4565 Nisi
890 4512 1151 4564 Dominus
1174 4511 1412 4562 Sabaoth
1444 4509 1757 4576 reliquisset
1781 4508 1940 4561 nobis
1970 4523 2055 4561 se-

489 4620 637 4666 men,
668 4605 809 4657 sicut
843 4604 1075 4657 Sodoma
1100 4603 1227 4655 facti
1255 4616 1525 4667 essemus,
1558 4611 1612 4654 et
1658 4604 1802 4656 sicut
1826 4599 2059 4654 Gomor-

492 4697 589 4749 rha
621 4698 828 4749 similes
876 4696 1193 4748 fuissemus.
1234 4695 1375 4759 Quid
1418 4710 1549 4764 ergo
1572 4693 1867 4747 dicemus?
1904 4693 2060 4758 Quod

490 4799 703 4858 gentes,
744 4804 862 4856 qua:
888 4804 994 4840 non
1025 4788 1379 4841 sectabantur
1432 4786 1696 4857 justitiam
1756 4786 2060 4854 apprehen—

492 4883 690 4932 dcrunt
722 4880 989 4948 justitiam
1024 4892 1038 4933 :
1074 4879 1347 4945 justitiam
1388 4888 1593 4943 autem,
1653 4893 1774 4946 quae
1829 4893 1895 4931 ex
1956 4877 2061 4932 lide

491 4982 594 5025 est.
637 4971 803 5025 Israel
836 4988 965 5025 vero
1026 4970 1287 5025 scctando
1319 4970 1490 5040 legem
1515 4971 1759 5039 justitiac,
1798 4971 1849 5022 in
1884 4973 2059 5038 legem

488 5064 714 5130 justitiae
746 5079 852 5116 non
886 5063 1158 5131 pervenit.
1188 5062 1371 5127 Quare
1405 5062 1427 5112 ?
1458 5059 1595 5125 Quia
1644 5076 1753 5115 non
1807 5076 1872 5115 ex
1930 5061 2058 5125 ﬁde,

491 5153 588 5207 sed
613 5155 767 5221 quasi
792 5170 854 5205 ex
901 5154 1206 5221 operibus:
1269 5152 1618 5208 ullenderunt
1674 5154 1821 5206 enim
1871 5153 1925 5206 in
1983 5152 2058 5205 la-

492 5245 672 5312 pidem
706 5244 1049 5308 ollensionis,
1097 5243 1239 5297 sicut
1271 5245 1535 5313 scriptum
1566 5253 1650 5299 est
1682 5263 1696 5310 ;
1750 5244 1889 5299 Ecce
1920 5259 2063 5312 pono

494 5336 721 5397 in,Sion
778 5336 1017 5405 lapidem
1046 5335 1388 5401 oll‘ensiouis,
1420 5345 1476 5391 et
1535 5347 1744 5405 petram
1772 5336 2011 5389 scaudali
2046 5348 2059 5385 :

566 5562 582 5592 ¹
619 5560 783 5618 Tacet
812 5566 956 5618 Idem
1012 5579 1115 5619 ius.
1147 5561 1239 5617 hic
1270 5562 1497 5617 verbum
1531 5571 1653 5614 sunt
1684 5575 1855 5618 “mox
1897 5577 2064 5631 neque

491 5632 616 5713 quia
635 5632 784 5703 legit,
812 5650 911 5704 pro
931 5650 1096 5706 neque
1111 5635 1221 5704 qui,
1247 5633 1314 5689 ad
1333 5631 1581 5690 Graecum
1604 5632 1905 5701 exemplar,
1927 5632 2037 5686 006
2053 5634 2066 5654 ’

493 5718 598 5753 οτι.

1502 4426 1560 4470 et
1615 4417 1758 4470 sicut
1804 4416 2135 4495 prasdixitD

2161 3146 2267 3202 Sed
2301 3163 2409 3200 non
2445 3161 2636 3200 (nunes
2670 3147 2938 3200 obediunt
2985 3146 3306 3215 Evangelia.
3368 3144 3522 3197 Isaias
3565 3142 3686 3194 enim

2159 3239 2331 3293 dicit:
2370 3238 2619 3302 Domine,
2648 3238 2773 3306 quis
2807 3238 3042 3291 credidit
3074 3238 3289 3291 auditui
3323 3232 3542 3289 nostro?
3572 3234 3687 3301 Ergo

2161 3332 2297 3384 ﬁdes
2327 3347 2393 3383 ex
2429 3331 2641 3394 auditu,
2672 3331 2893 3383 auditus
2916 3339 3097 3384 autem
3128 3346 3230 3398 per
3259 3332 3475 3384 verbum
3496 3326 3687 3383 Christi.

2159 3420 2263 3473 Sed
2296 3420 2463 3475 dico:
2518 3419 2793 3488 Numquid
2852 3436 2960 3472 non
3012 3420 3353 3472 audierunt?
3390 3419 3455 3473 Et
3502 3416 3689 3485 quidem

2159 3513 2212 3564 in
2246 3528 2463 3566 omnem
2520 3524 2721 3564 terram
2747 3511 2916 3564 exivit
2940 3526 3107 3565 sonus
3151 3526 3375 3572 eorum,
3406 3522 3455 3565 et
3506 3511 3554 3562 in
3581 3512 3691 3560 lines

2157 3604 2307 3657 orbis
2362 3613 2523 3657 terra:
2569 3605 2731 3658 verba
2788 3619 3003 3658 eorum.
3065 3603 3169 3657 Sed
3209 3605 3381 3657 dico:
3448 3596 3687 3667 Numquid

2156 3696 2320 3750 Israel
2369 3713 2473 3749 non
2521 3697 2815 3765 cognovit?
2873 3697 3091 3749 Primus
3138 3696 3355 3765 Moyses
3383 3695 3548 3748 dicit:
3579 3692 3690 3757 Ergo

2157 3788 2222 3840 ad
2258 3789 2660 3842 annulatiouem
2710 3804 2806 3841 vos
2858 3787 3125 3839 adducam
3181 3788 3239 3839 in
3305 3803 3409 3838 non
3464 3792 3687 3853 gentem:

2159 3882 2211 3930 in
2245 3888 2456 3946 gentem
2494 3879 2860 3946 insipientem,
2914 3877 2966 3929 iu
3002 3877 3133 3929 iram
3166 3891 3268 3930 vos
3303 3878 3527 3929 mittam.
3555 3871 3692 3923 Isaias

2156 3983 2336 4023 autem
2367 3971 2553 4034 audet,
2611 3982 2664 4025 et
2689 3971 2820 4026 dicit
2851 3986 2865 4022 :
2917 3970 3177 4023 Iuventus
3226 3985 3352 4029 sum
3384 3984 3413 4021 a
3443 3981 3539 4019 non
3568 3978 3691 4031 qua:-

2159 4064 2405 4117 reutibus
2458 4078 2543 4116 me
2593 4081 2608 4116 ε
2669 4063 2846 4131 palam
2908 4062 3136 4130 apparui
3198 4061 3269 4114 iis
3340 4061 3431 4129 qui
3485 4073 3561 4111 me
3604 4067 3694 4106 non

2158 4157 2587 4224 interrogabant.
2643 4155 2724 4208 Ad
2774 4155 2941 4208 Israel
2998 4164 3181 4207 autem
3260 4154 3397 4207 dicit
3434 4168 3447 4205 :
3483 4152 3599 4204 Tota
3621 4148 3691 4198 die

2157 4249 2392 4315 expendi
2428 4262 2621 4301 manus
2652 4262 2796 4301 ineas
2823 4247 2889 4300 ad
2932 4247 3193 4316 populum
3249 4262 3360 4300 non
3397 4244 3693 4303 credentem,

2158 4351 2212 4393 et
2241 4340 2701 4393 coutradicuitem
2720 4341 2762 4394 ’.

2237 4432 2391 4504 [ϐαρ.
2427 4431 2542 4502 XL]
2572 4432 2703 4486 Dico
2730 4448 2858 4501 ergo
2888 4450 2901 4486 :
2938 4430 3213 4501 Numquid
3243 4431 3387 4486 Deus
3417 4428 3696 4497 repulitpo-

2165 4527 2350 4594 pulum
2379 4540 2535 4578 suum
2561 4524 2585 4577 ἵ
2635 4525 2808 4578 Absit.
2864 4526 2997 4580 Nam
3032 4536 3086 4580 et
3115 4541 3217 4593 ego
3244 4526 3487 4579 Israelita
3514 4536 3617 4575 sum
3642 4532 3695 4570 et

2164 4618 2373 4671 semine
2402 4616 2703 4682 Abraham,
2734 4617 2802 4671 de
2861 4618 3003 4671 tribu
3038 4618 3351 4687 Beujauiin.
3386 4617 3499 4670 Non
3531 4610 3699 4681 repulit

2167 4709 2308 4763 Deus
2340 4709 2547 4777 plebem
2579 4725 2754 4771 suam,
2780 4725 2940 4776 quam
2980 4711 3275 4778 praescivit.
3319 4710 3399 4760 An
3433 4705 3633 4759 nescitis
3656 4702 3697 4751 in

2165 4800 2278 4853 Elia
2305 4802 2435 4869 quid
2474 4803 2607 4856 dicit
2630 4801 2908 4872 Scriptura
2937 4820 2951 4854 :
2983 4802 3447 4870 quemadmodum
3475 4794 3699 4864 interpel-

2163 4892 2238 4945 lat
2270 4892 2441 4945 Deum
2461 4892 2751 4947 adversum
2780 4894 2945 4947 Israel
2968 4894 2990 4946 ?
3012 4894 3264 4953 Domine,
3294 4894 3579 4962 prophetas
3600 4898 3697 4940 tuos

2165 4983 2508 5048 occiderunt,
2545 4985 2735 5037 altaria
2768 4994 2855 5037 tua
2879 4984 3226 5038 sulfuderunt
3258 5003 3270 5038 :
3301 4994 3359 5038 et
3380 4998 3479 5053 ego
3510 4980 3700 5035 relictus

2165 5093 2285 5131 sum
2315 5078 2486 5140 solus,
2518 5086 2574 5129 et
2600 5084 2849 5145 quaerunt
2912 5077 3148 5131 animam
3202 5092 3406 5129 meam.
3441 5073 3541 5126 Sed
3593 5066 3696 5137 quid

2167 5168 2303 5222 dicit
2334 5168 2409 5222 illi
2440 5169 2685 5222 divinum
2712 5183 3035 5236 responsum
3063 5170 3085 5222 ?
3114 5168 3333 5236 Reliqui
3367 5166 3495 5219 mihi
3524 5169 3698 5230 septem

2168 5260 2335 5312 millia
2398 5257 2641 5313 virorum
2666 5299 2681 5325 ,
2710 5259 2803 5328 qui
2835 5275 2943 5313 non
3000 5268 3378 5314 curvavernnt
3407 5271 3570 5327 genua
3600 5262 3701 5304 ante

2164 5352 2312 5406 Baal.
2338 5352 2429 5408 Sic
2445 5368 2573 5423 ergo
2592 5361 2647 5407 et
2665 5354 2717 5407 in
2738 5353 2840 5407 hoc
2865 5363 3127 5422 tempore,
3152 5352 3405 5422 reliquiis
3438 5344 3698 5403 secundum

2244 5569 2262 5597 ²
2296 5566 2584 5637 Subjungit
2621 5569 2854 5624 Palatini.
2908 5584 3035 5635 ms.,
3095 5569 3245 5634 milii,
3314 5565 3455 5637 quod
3512 5558 3699 5638 quidem

2171 5633 2471 5719 pronomen
2506 5633 2560 5691 i'n
2606 5642 2795 5709 paucis
2855 5633 3071 5711 quoque
3117 5658 3144 5695 e
3190 5633 3401 5695 eme.-
3450 5633 3703 5688 codicibus

2169 5717 2415 5762 iuvcuire
2449 5717 2551 5762 cst.
