3946 6170
255 276 364 344 'l'i'i

1355 281 1418 344 S.
1450 279 1690 344 PAULI
1730 277 1974 341 EPIST.
2017 279 2117 338 AD
2159 276 2348 338 ROM.
3402 276 3487 338 ’ῖῗξ

255 395 584 449 ’lectionem
611 390 797 463 gratiae
820 393 982 448 salvat
1012 393 1166 449 facta:
1193 406 1341 451 sunt.
1367 396 1420 450 Si
1449 409 1630 451 autent
1651 396 1845 466 gratia,
1883 405 1920 457 Α
1955 393 2293 456 divitiarum,
2350 389 2632 461 sapicntim
2664 398 2719 444 et
2753 389 2994 445 scientiae
3026 391 3119 444 Dei
3151 393 3162 444 !
3219 407 3378 462 quam
3432 396 3514 445 in-

256 487 368 556 iam
399 500 507 540 non
540 501 604 541 ex
635 485 895 555 operibus
936 503 950 540 :
1001 487 1245 555 alioquin
1275 489 1446 558 gratia
1473 489 1580 558 jam
1613 504 1721 542 non
1758 497 1842 541 est

260 579 457 648 gratia.
491 577 633 644 Quid
660 592 792 647 ergo
825 578 1020 647 ?quod
1053 579 1339 637 qumrebat
1371 579 1558 641 Israel,
1597 581 1700 634 hoc
1734 594 1838 631 non

258 677 346 724 est
371 679 700 724 consecutus
730 685 743 720 :
775 667 968 721 eleCtio
987 677 1167 722 autem
1192 679 1481 724 consecuta
1505 681 1588 724 est
1618 689 1628 722 :
1657 667 1839 722 caeteri

257 775 391 815 vero
420 759 673 814 excaecati
706 768 835 813 sunt
868 775 880 811 :
915 759 1060 814 sicut
1092 760 1354 828 scriptum
1379 773 1462 816 est
1502 779 1514 815 :
1551 761 1708 814 Dedit
1736 761 1842 814 illis

263 856 405 908 Deus
438 853 690 922 spiritum
722 853 1158 921 compunctionis
1188 870 1202 909 :
1239 854 1450 917 oeulos,
1503 862 1560 906 ut
1621 869 1726 906 non
1759 853 1838 906 vi-

257 951 444 1013 deant,
467 957 520 1002 et
539 963 722 1012 aures,
750 959 805 1000 ut
833 963 940 1000 non
967 948 1214 1011 audiant,
1241 963 1412 1016 usque
1434 948 1485 1000 in
1512 947 1840 1001 hodiernum

253 1035 431 1088 diem.
459 1034 708 1088 EtDavid
733 1035 901 1088 dicit:
929 1036 1046 1089 Fiat
1069 1052 1253 1090 mensa
1285 1051 1475 1091 eorum
1507 1038 1559 1090 iu
1588 1036 1841 1103 laqueum

253 1136 311 1180 et
379 1127 432 1179 in
469 1126 800 1195 captionem,
829 1135 884 1180 et
942 1127 996 1179 in
1035 1127 1374 1187 scandalum,
1407 1137 1462 1181 et
1498 1128 1550 1180 in
1609 1127 1845 1180 retribu-

258 1218 472 1270 tionem
511 1218 635 1272 illis.
665 1216 1035 1272 Obscureuaur
1067 1219 1210 1274 oculi
1240 1233 1453 1285 eorum,
1481 1235 1548 1273 ne
1582 1219 1798 1273 videant
1829 1239 1842 1274 :

257 1318 315 1362 et
338 1309 567 1362 dorsum
592 1324 780 1362 eorum
810 1324 1027 1378 semper
1047 1313 1288 1366 incurva.
1316 1312 1447 1365 Dico
1472 1327 1602 1380 ergo
1630 1328 1642 1366 :
1694 1311 1843 1365 Nun-

257 1389 392 1469 quid
415 1402 496 1455 sic
518 1401 868 1455 offenderunt
890 1411 947 1455 ut
969 1403 1229 1457 caderem
1249 1402 1271 1454 ?
1289 1403 1464 1458 Absit.
1492 1403 1599 1458 Sed
1627 1404 1842 1458 illorum

261 1493 470 1545 delicto
497 1493 644 1546 salus
666 1503 749 1546 est
771 1494 1048 1563 gentibus,
1076 1506 1131 1549 ut
1160 1497 1280 1551 illos
1296 1497 1646 1550 atumlcutur.
1678 1495 1834 1561 Quod

264 1587 312 1638 si
339 1585 603 1640 delictum
629 1587 849 1639 illorum
871 1587 1075 1642 divitim
1096 1601 1222 1643 sunt
1243 1590 1452 1653 mundi,
1480 1599 1532 1643 ct
1552 1589 1842 1642 diminutio

261 1691 457 1760 eorum
506 1676 710 1730 divitias
755 1679 998 1745 gentium
1038 1696 1054 1737 :
1090 1692 1295 1749 quanto
1332 1683 1502 1751 magis
1561 1683 1843 1752 plenitudo

1949 484 2459 554 comprehensibilia
2483 492 2610 536 sunt
2629 482 2834 551 judicia
2860 482 2999 551 ejus,
3029 493 3083 536 et
3110 484 3517 554 invesugabilcs

1946 577 2047 630 Vit!)
2070 577 2224 646 ejus!
2257 577 2392 642 Quis
2419 577 2562 630 enim
2593 576 2848 645 cognovit
2874 590 3090 628 sensum
3123 575 3383 629 Domini?
3409 576 3520 628 Aut

1948 669 2069 733 quis
2109 669 2455 722 consiliarius
2484 669 2600 736 ejus
2630 668 2779 721 fuit?
2823 667 2929 720 Aut
2982 669 3105 736 quis
3156 669 3306 736 prior
3363 668 3516 723 dedit

1948 761 2050 822 illi,
2100 767 2154 813 et
2185 760 2519 814 retribuetur
2552 759 2646 812 ei?
2697 757 2964 823 Quoniam
3011 773 3076 811 ex
3116 759 3252 826 ipso,
3307 769 3366 816 et
3414 776 3518 828 per

1949 852 2150 921 ipsum,
2181 862 2229 905 et
2269 852 2324 905 in
2355 853 2472 918 ipso
2491 860 2617 904 sunt
2640 850 2821 904 omnia
2849 865 2864 903 :
2903 850 3003 920 ipsi
3032 850 3202 920 gloria
3236 850 3288 904 in
3314 851 3514 906 saecula

1950 942 2075 1015 (ms.
2101 942 2409 1014 saeculum].
2447 943 2640 997 Amen.

2021 1035 2181 1106 [ϐαρ.
2226 1033 2367 1107 XII.]
2423 1035 2660 1091 Obsecro
2714 1035 2896 1103 itaque
2953 1050 3070 1100 vos,
3135 1034 3355 1098 fratres,
3421 1049 3520 1104 per

1950 1127 2382 1182 misericordiam
2437 1126 2553 1192 Dei,
2598 1133 2660 1180 ut
2701 1126 3012 1182 exhibeatis
3055 1143 3284 1198 corpora
3337 1141 3520 1184 veStra

1950 1219 2182 1273 hostiam
2243 1219 2536 1283 viventem,
2595 1230 2863 1284 sanctam,
2901 1218 3011 1274 Deo
3068 1221 3395 1289 placentem,
3435 1238 3522 1275 ra-

1951 1312 2210 1366 tionabile
2267 1311 2588 1380 obsequium
2641 1321 2901 1365 vestrum.
2956 1312 3019 1363 Et
3076 1313 3242 1365 nolite
3298 1312 3522 1366 confor-

1951 1406 2083 1458 mari
2145 1404 2272 1457 huic
2317 1403 2538 1467 saeculo,
2591 1403 2684 1456 sed
2742 1403 3114 1456 reformamini
3170 1405 3224 1455 in
3276 1404 3521 1459 novitate

1949 1511 2141 1551 sensus
2199 1495 2366 1549 vestri
2399 1512 2417 1550 ι
2448 1505 2505 1546 ut
2553 1482 2808 1564 probetis
2859 1509 2980 1561 qua:
3016 1494 3086 1548 sit
3119 1493 3370 1548 voluntas
3427 1493 3521 1548 Dei

1950 1587 2112 1654 bona,
2149 1596 2202 1641 et
2233 1587 2617 1654 beneplacens,
2655 1595 2708 1640 et
2739 1587 3000 1654 perfecta.
3063 1585 3192 1639 Dico
3221 1587 3366 1638 enim
3423 1600 3521 1654 per

1949 1682 2176 1749 gratiam
2212 1694 2330 1748 quae
2363 1679 2486 1731 data
2512 1689 2592 1731 est
2619 1678 2774 1744 mihi,
2823 1679 3078 1732 omnibus
3102 1678 3192 1746 qui
3222 1687 3350 1732 sunt
3381 1680 3522 1733 inter

263 1769 502 1821 eorum?
529 1769 697 1824 Vobis
725 1770 870 1822 enim
909 1772 1033 1824 dico
1065 1774 1320 1839 gentibus
1352 1790 1365 1828 :
1428 1774 1686 1838 Quaudiu
1723 1776 1840 1842 qui-
1875 1761 1914 1812 Β
1950 1786 2047 1826 vos
2075 1788 2090 1826 ι
2121 1770 2240 1824 Non
2297 1770 2418 1838 plus
2451 1784 2641 1836 sapere
2687 1783 2848 1837 quam
2882 1779 3097 1838 oportet
3151 1784 3362 1839 sapere,
3423 1771 3520 1826 sed

265 1861 390 1915 dent
415 1878 518 1932 ego
542 1880 664 1918 sum
679 1867 920 1934 gentium
946 1867 1247 1934 apostolus.
1270 1866 1634 1920 ministerium
1660 1883 1839 1919 meum

268 1954 665 2019 honorificabo,
687 1955 730 2008 si
752 1957 1026 2025 quomodo
1057 1957 1120 2010 ad
1149 1957 1516 2010 temulandum
1547 1972 1840 2026 provocem

267 2059 494 2098 carnem
524 2061 724 2110 meam,
750 2057 800 2100 et
833 2047 1015 2101 salvos
1049 2048 1240 2102 faciam
1280 2049 1496 2116 aliquos
1523 2062 1590 2100 ex
1625 2047 1755 2100 illis.
1784 2047 1841 2100 Si

267 2142 418 2194 enim
441 2141 668 2195 amissio
703 2156 916 2203 eorum,
950 2139 1325 2194 reconciliatio
1353 2148 1436 2194 est
1463 2139 1645 2191 mundi
1682 2154 1694 2193 :
1724 2153 1842 2207 qum

268 2234 598 2301 assnmptio,
629 2233 733 2287 nisi
764 2235 868 2286 vita
899 2247 965 2286 ex
1004 2231 1237 2285 mortuis
1265 2231 1287 2284 ?
1318 2228 1472 2295 Quod
1514 2232 1556 2284 si
1585 2230 1845 2283 delibatio

268 2334 458 2376 sancta
487 2333 592 2386 est,
643 2337 697 2380 et
732 2339 909 2378 massa
945 2340 959 2377 :
997 2333 1050 2376 et
1080 2323 1121 2375 si
1165 2323 1313 2376 radix
1347 2335 1555 2386 sancta,
1591 2335 1644 2376 et
1680 2323 1842 2376 rami.

269 2416 427 2480 Quod
467 2417 513 2469 si
550 2417 717 2484 aliqui
745 2431 809 2470 ex
841 2417 1005 2470 ramis
1037 2416 1190 2469 fracti
1228 2426 1374 2475 sunt,
1415 2425 1470 2467 tu
1505 2425 1685 2468 autem
1719 2430 1839 2468 cuut

267 2511 512 2564 oleaster
528 2525 699 2574 esses,
731 2510 970 2564 insertus
994 2525 1052 2562 es
1088 2510 1137 2562 iu
1170 2509 1298 2571 illis,
1324 2518 1375 2560 et
1407 2508 1592 2561 socius
1622 2508 1844 2571 radicis,

267 2609 326 2656 et
359 2601 715 2672 pinguedinis
741 2603 898 2655 olivas
935 2601 1108 2654 factus
1139 2615 1222 2665 es,
1263 2600 1371 2653 noli
1397 2600 1615 2667 gloriari
1651 2599 1842 2658 adver-

268 2711 368 2749 sus
392 2711 593 2748 ramos.
622 2694 775 2759 Quod
804 2695 847 2747 si
879 2693 1130 2764 gloriaris
1166 2707 1181 2748 ζ
1215 2709 1323 2745 non
1355 2702 1412 2745 tu
1447 2691 1689 2745 radicem
1719 2706 1844 2760 por-

268 2795 381 2851 tas,
413 2787 508 2840 sed
539 2787 691 2838 radix
721 2796 791 2839 te.
829 2785 983 2839 Dices
1011 2800 1141 2854 ergo
1173 2801 1188 2838 :
1223 2783 1402 2837 Fracti
1429 2793 1559 2836 sunt
1593 2783 1752 2847 rami,
1787 2793 1848 2836 ut

267 2889 375 2944 ego
428 2875 659 2929 inserar.
707 2874 894 2927 Bene:
929 2884 1152 2943 propter
1191 2874 1633 2928 incredulitatem
1687 2873 1845 2928 fracti

267 2975 424 3021 sunt.
460 2965 540 3019 Tu
580 2975 759 3018 autem
812 2966 915 3019 fide
958 2977 1069 3018 stas
1105 2980 1120 3020 :
1157 2966 1268 3018 noli
1303 2966 1474 3018 altum
1505 2979 1717 3034 sapere,
1751 2964 1848 3018 sed

1948 1880 2138 1935 sapere
2174 1865 2239 1918 ad
2295 1864 2688 1928 sobrietatem,
2727 1874 2778 1918 et
2833 1866 3126 1935 unicuique
3183 1868 3326 1920 sicut
3376 1867 3524 1922 Deus

1948 1957 2135 2010 divisit
2167 1971 2476 2009 mensuram
2507 1955 2650 2009 fidei.
2691 1955 2844 2010 Sicut
2876 1956 3019 2010 enim
3065 1957 3115 2009 in
3151 1972 3259 2011 uno
3293 1974 3525 2029 corpore

1951 2030 2116 2101 multa
2142 2049 2386 2100 membra
2409 2048 2695 2107 habemus.
2718 2049 2902 2102 omnia
2927 2059 3106 2103 autem
3141 2052 3384 2105 membra
3409 2066 3521 2128 non

1951 2140 2202 2195 eumdem
2241 2149 2420 2194 actum
2451 2141 2691 2194 habent:
2722 2142 2793 2194 ita
2822 2141 2978 2194 multi
3012 2157 3180 2194 unum
3217 2156 3416 2211 corpus
3434 2158 3526 2195 su-

1951 2233 2139 2285 musin
2160 2231 2401 2296 Christo,
2421 2232 2622 2301 singuli
2645 2243 2824 2285 autem
2845 2233 2982 2286 alter
3006 2233 3230 2287 alterius
3257 2234 3524 2288 membra.

1953 2324 2226 2378 Habentes
2242 2335 2421 2378 autem
2445 2324 2768 2378 donationes
2797 2323 3098 2378 secundum
3123 2330 3376 2393 gratiam,
3401 2341 3524 2394 qua:

1948 2412 2072 2465 data
2101 2420 2187 2465 est
2222 2412 2406 2476 nobis,
2434 2412 2780 2477 differentes;
2818 2413 2934 2466 sive
2959 2413 3300 2482 prophetiam
3331 2429 3526 2468 secun~

1949 2504 2078 2558 dum
2100 2505 2364 2557 rationein
2385 2505 2659 2570 fidei,sive
2682 2506 3047 2560 ministerium
3066 2507 3117 2559 in
3135 2507 3521 2574 ministrando,

1950 2597 2061 2650 sive
2080 2596 2176 2664 qui
2201 2596 2360 2649 docet
2387 2597 2439 2648 in
2476 2596 2747 2658 doctrina,
2774 2598 2867 2665 qui
2897 2598 3219 2651 exhortatur
3240 2603 3293 2654 in
3322 2600 3526 2654 exhor-

1954 2687 2117 2740 tando
2154 2689 2195 2747 ',
2225 2687 2319 2756 qui
2361 2688 2554 2741 tribuit
2606 2689 2659 2741 in
2693 2689 3062 2758 simplicitate,
3117 2691 3210 2758 qui
3241 2701 3438 2762 praeest
3465 2691 3520 2744 in

1954 2779 2350 2841 sollicitudine,
2395 2779 2486 2846 qui
2519 2779 2812 2832 miseretur
2849 2780 2903 2834 in
2941 2781 3235 2836 hilaritate.
3297 2784 3525 2838 Dilectio

1951 2870 2070 2924 sine
2126 2870 2496 2924 simulatione.
2551 2869 2813 2924 Odientes
2872 2877 3071 2926 malum
3105 2915 3117 2934 ,
3179 2874 3524 2932 adhaerentes

1952 2962 2098 3016 bono
2134 2976 2150 3014 :
2180 2960 2462 3016 Charitate
2499 2962 2858 3017 fraternitatis
2913 2965 3144 3020 invicem
3181 2967 3473 3035 diligentes
3501 2982 3520 3021 :

267 3059 432 3111 time.
486 3055 542 3111 Si
573 3057 718 3110 enim
755 3057 894 3109 Deus
928 3057 1270 3110 naturalibus
1304 3057 1469 3111 ramis
1505 3073 1614 3110 non
1654 3072 1847 3125 peper-
1876 3095 1918 3154 ο
1955 3052 2172 3107 Honore
2209 3055 2440 3108 invicem
2491 3057 2888 3122 pratvenientes
2922 3071 2938 3110 :
2985 3057 3360 3114 sollicitudine
3409 3074 3521 3114 non

266 3151 351 3203 cit
384 3164 402 3203 :
435 3163 503 3202 ne
532 3147 671 3202 forte
704 3163 804 3201 nec
833 3149 927 3202 tibi
958 3159 1164 3218 parcat.
1196 3149 1331 3204 Vide
1355 3165 1486 3219 ergo
1522 3149 1842 3215 bonitatem,

265 3252 330 3293 et
361 3240 708 3294 severitatem
736 3239 849 3301 Dei,
890 3240 945 3294 in
969 3255 1066 3295 eos
1089 3242 1333 3310 quidem,
1368 3244 1458 3311 qui
1497 3243 1840 3306 ceciderunt,

267 3329 626 3383 severitatem
655 3345 671 3382 ε
703 3329 755 3382 in
780 3340 832 3384 te
856 3339 1038 3384 autem
1065 3331 1364 3386 bonitatem
1388 3333 1504 3396 Dei,
1530 3335 1574 3388 si
1595 3349 1848 3402 perman-

269 3421 422 3474 seris
451 3420 504 3474 in
527 3421 795 3509 bonitate,
823 3421 1068 3491 alioquin
1115 3431 1171 3476 et
1217 3435 1272 3477 tu
1307 3425 1598 3480 excideris.
1653 3424 1759 3480 Sed
1791 3434 1847 3480 et

271 3514 383 3578 illi,
417 3513 461 3566 si
495 3528 602 3566 non
637 3515 1036 3582 permanserint
1067 3513 1123 3567 in
1158 3515 1562 3582 incredulitate,
1600 3518 1850 3572 inseren-

271 3618 367 3662 tur
402 3624 418 3666 :
457 3618 649 3676 potens
696 3621 782 3662 est
812 3610 960 3662 enim
1006 3609 1148 3664 Deus
1180 3611 1374 3665 iterum
1410 3614 1653 3668 inserere
1703 3612 1846 3667 illos.

270 3697 414 3753 Nam
442 3700 486 3755 si
524 3711 580 3754 tu
603 3715 670 3754 ex
702 3701 937 3755 naturali
960 3705 1179 3757 excisus
1210 3717 1271 3756 es
1295 3704 1548 3768 oleastro,
1570 3714 1625 3758 et
1655 3713 1847 3758 contra

270 3803 528 3846 naturam
560 3793 799 3846 insertus
821 3807 882 3846 es
905 3793 957 3846 in
984 3793 1180 3846 bonam
1214 3793 1412 3847 olivam
1446 3807 1459 3844 :
1497 3803 1704 3863 quanto
1731 3807 1846 3846 ma-

263 3885 358 3952 gis
382 3885 439 3944 ii,
459 3885 549 3953 qui
572 3883 878 3938 secundum
906 3894 1158 3936 naturam
1188 3884 1501 3938 inserentur
1519 3899 1631 3938 sua:
1652 3881 1846 3937 olivae?

265 3975 413 4030 Nolo
444 3979 620 4044 enim;
650 3991 745 4030 vos
799 3977 1071 4045 ignorare,
1126 3975 1347 4045 fratres,
1383 3977 1703 4047 mysterium
1742 3977 1845 4030 hoc

263 4074 362 4136 (ut
382 4084 485 4121 non
517 4071 640 4122 sitis
667 4070 823 4122 vobis
862 4069 995 4140 ipsis
1019 4069 1344 4141 sapientes),
1371 4069 1499 4138 quia
1529 4068 1748 4122 caecitas
1777 4083 1844 4121 ex

263 4169 430 4229 parte
482 4161 714 4227 contigit
750 4162 801 4213 iu
834 4161 1030 4226 Israel,
1063 4161 1240 4215 donec
1279 4161 1562 4230 plenitudo
1595 4161 1840 4230 gentium

263 4253 528 4314 intraret,
557 4260 612 4302 et
645 4250 725 4303 sic
777 4252 958 4304 omnis
1012 4251 1176 4305 lsrael
1226 4251 1412 4304 salvus
1472 4251 1645 4315 fieret,
1697 4251 1844 4305 sicut

259 4343 543 4407 scriptum
566 4349 650 4393 est
679 4353 694 4393 :
728 4337 1004 4395 Venietex
1022 4339 1175 4406 Sion,
1200 4341 1292 4410 qui
1311 4341 1527 4410 eripiat,
1555 4351 1611 4394 et
1638 4351 1847 4395 avertat

260 4437 614 4505 impietatem
643 4452 671 4487 a
693 4434 882 4489 Jacob.
905 4434 966 4486 Et
994 4434 1098 4489 hoc
1117 4435 1226 4488 illis
1254 4450 1282 4488 a
1309 4450 1393 4486 me
1415 4443 1798 4487 testamentum
1829 4449 1844 4488 :
1881 4461 1924 4514 ο

257 4544 401 4582 cuin
437 4528 721 4582 abstulero
753 4537 971 4595 peccata
1000 4543 1212 4581 eorum.
1247 4526 1563 4582 Secundum
1591 4526 1842 4594 Evange-

255 4621 407 4674 lium
434 4620 683 4688 quidem,
711 4619 917 4672 inimici
949 4629 1168 4688 propter
1200 4634 1294 4672 vos
1331 4631 1345 4669 :
1385 4625 1680 4672 secundum
1738 4618 1845 4670 ele-

252 4715 516 4766 ctionent
572 4721 778 4777 autem,
815 4711 1122 4765 charissimi
1179 4720 1399 4780 propter
1451 4718 1654 4778 patres.
1713 4706 1845 4759 Siue

254 4806 598 4876 paenitentia
629 4805 775 4858 enim
831 4814 960 4857 sunt
1011 4805 1152 4858 dona
1178 4812 1232 4857 et
1262 4806 1472 4856 vocatio
1521 4801 1639 4854 Dei.
1694 4799 1848 4853 Sicut

253 4899 420 4950 enim
468 4896 768 4965 aliquando
805 4905 861 4950 et
893 4912 989 4950 vos
1015 4911 1121 4948 nou
1157 4895 1466 4948 Cl'CdldiSHS
1521 4891 1658 4954 Deo,
1696 4903 1846 4943 nunc

250 5001 457 5042 autem
485 4989 922 5043 misericordiam
948 4988 1227 5042 Consecuti
1251 4986 1383 5040 estis
1408 4993 1632 5053 prepter
1665 4983 1845 5036 incre-

248 5079 566 5134 dulitatem
615 5081 832 5134 illorum
871 5096 886 5134 :
921 5080 993 5134 ita
1025 5088 1083 5133 et
1136 5079 1226 5132 isti
1263 5092 1413 5132 nunc
1449 5092 1555 5130 non
1589 5074 1842 5128 credide-

251 5182 409 5224 runt
441 5174 496 5225 in
528 5184 766 5227 vestram
823 5171 1283 5228 misericordiam.
1317 5180 1369 5222 ut
1408 5179 1464 5222 et
1497 5169 1597 5236 ipsi
1634 5166 1847 5219 miseri-

251 5265 521 5318 cordiam
547 5275 976 5330 consequantur.
1010 5263 1295 5316 Conclustt
1315 5263 1459 5314 enim
1493 5259 1633 5312 Dt-us
1665 5259 1846 5310 omnia

245 5351 322 5408 in
361 5353 774 5423 incredulitate,
811 5367 869 5408 ut
913 5356 1154 5407 omnium
1181 5349 1841 5408 misereatur.0altitudo

405 5581 650 5636 Pressius
699 5580 764 5632 ad
811 5579 1056 5652 Graecum
1113 5581 1415 5652 exemplar,
1475 5579 1529 5630 ὲν
1563 5581 1627 5652 τῇ
1666 5592 1848 5652 nepa-

251 5658 379 5722 κὶή
393 5670 496 5718 σει,
524 5653 754 5705 Palatini.
783 5668 908 5714 tns.,
942 5651 995 5702 in
1020 5650 1403 5715 exhortatione,
1436 5666 1532 5720 pro
1565 5651 1619 5703 in
1654 5650 1849 5705 exhor-

251 5727 464 5783 tundo.

599 5819 860 5876 PnttoL.
893 5815 1072 5880 ΧΧΙΧ

1952 3145 2090 3215 pigri
2123 3160 2138 3201 :
2191 3147 2386 3214 spiritu
2416 3147 2688 3200 ferventes
2719 3162 2736 3203 :
2769 3147 2998 3203 Domino
3025 3152 3332 3206 servientes
3368 3169 3380 3204 :
3427 3165 3526 3222 Spe

1953 3238 2302 3307 gaudentes:
2339 3239 2393 3292 in
2476 3238 2827 3295 tribulatione
2885 3243 3158 3311 patientes
3208 3259 3222 3297 :
3283 3246 3524 3299 orationi

1954 3330 2222 3386 instantes
2249 3346 2263 3382 :
2320 3331 2741 3385 necessitatibus
2768 3342 3080 3388 sanctorum
3109 3338 3526 3390 communican-

1955 3431 2036 3476 tes
2084 3441 2098 3476 ε
2150 3421 2578 3490 hospitalitatem
2629 3433 2926 3478 sectantes.
2982 3425 3294 3479 Benedicite
3327 3442 3522 3496 perse-

1921 3515 2255 3582 ’qttentibus
2295 3528 2393 3566 vos
2427 3531 2442 3568 :
2490 3514 2822 3579 benedicite,
2869 3526 2924 3570 et
2958 3517 3128 3571 nolite
3166 3521 3519 3576 maledicere.

1953 3605 2202 3660 Gaudere
2248 3619 2372 3659 cum
2418 3607 2804 3674 gaudentibus,
2859 3607 2988 3662 ﬂere
3035 3624 3158 3662 cum
3213 3604 3522 3671 flentibus:

1956 3696 2191 3764 idipsum
2224 3695 2455 3750 invicem
2491 3697 2796 3751 sentientes
2843 3717 2855 3751 :
2911 3698 3028 3752 Non
3062 3701 3171 3755 alta
3220 3703 3520 3772 sapientes,

1955 3790 2048 3842 sed
2079 3788 2376 3841 humilibus
2408 3789 2834 3842 consentientes.
2859 3789 3038 3845 Nolite
3069 3805 3192 3846 esse
3220 3794 3524 3862 prudentes

1955 3881 2098 3950 apud
2123 3882 2482 3950 vosmetipsos
2513 3898 2526 3941 ;
2560 3881 2694 3935 nulli
2733 3881 2934 3935 malum
2971 3897 3069 3952 pro
3100 3884 3243 3939 malo
3283 3887 3524 3942 redden-

1957 3983 2036 4027 tes
2071 3990 2086 4028 :
2122 3975 2472 4041 providentes
2505 3975 2645 4028 bona
2680 3989 2785 4028 non
2811 3983 3019 4030 tantum
3044 3992 3227 4032 coram
3259 3979 3392 4046 Deo,
3423 3983 3521 4037 sed

1953 4067 2116 4121 etiam
2152 4082 2335 4120 coram
2383 4067 2636 4122 omnibus
2686 4067 3027 4124 hominibus.
3077 4071 3132 4126 Si
3168 4073 3285 4128 lteri
3318 4087 3520 4144 potest,

1955 4160 2099 4228 quod
2128 4177 2192 4215 ex
2224 4161 2376 4215 vobis
2402 4170 2657 4223 est,.cum
2689 4163 2950 4218 omnibus
2979 4165 3298 4220 hominibus
3328 4183 3517 4236 pacem

1956 4251 2218 4305 habentes
2238 4269 2252 4306 :
2272 4251 2390 4305 Non
2412 4253 2766 4321 vosmetipsos
2787 4254 3169 4323 defendentes,
3187 4259 3519 4327 cbarissimi,

1957 4346 2052 4396 sed
2081 4344 2205 4397 date
2230 4343 2404 4396 locum
2436 4346 2546 4399 irae.
2575 4344 2948 4414 Scriptumjest
2967 4351 3114 4403 enim
3138 4367 3150 4402 :
3178 4348 3306 4404 Mibl
3336 4351 3520 4404 viridi--

1955 4444 2040 4486 cta
2065 4452 2080 4499 ;
2105 4451 2206 4505 ego
2231 4437 2552 4497 retribuam,
2580 4438 2717 4491 dicit
2750 4438 3033 4494 Dominus.
3063 4438 3171 4494 Sed
3193 4441 3237 4495 si
3260 4442 3519 4496 esurierit

1953 4525 2210 4578 inimicus
2231 4537 2375 4591 tttus,
2395 4529 2512 4582 ciba
2532 4527 2684 4582 illum
2717 4547 2729 4584 :
2759 4530 2800 4583 si
2827 4530 2962 4594 sitit,
2990 4541 3176 4599 potum
3196 4532 3261 4585 da
3285 4532 3384 4588 illi.
3407 4533 3522 4589 Hoc

1949 4617 2094 4671 enim
2130 4617 2356 4678 faciens,
2391 4619 2657 4674 carbones
2690 4621 2831 4690 ignis
2861 4637 3128 4692 congeres
3158 4639 3324 4693 super
3350 4631 3519 4694 caput

1971 4710 2111 4778 ejus.
2141 4708 2261 4763 Noli
2285 4711 2426 4763 vinci
2459 4727 2487 4764 a
2522 4713 2681 4776 malo,
2713 4714 2807 4767 sed
2842 4715 2999 4767 vince
3025 4715 3079 4769 in
3114 4716 3258 4770 bona
3291 4717 3519 4772 malum.

2023 4800 2175 4872 [ϐαρ.
2214 4801 2376 4873 Xlll.]
2399 4802 2593 4857 Omnis
2624 4806 2803 4858 anima
2827 4807 3192 4874 potestatibus
3229 4809 3517 4864 sublimio-

1951 4894 2105 4946 ribus
2137 4895 2354 4947 subdita
2385 4895 2456 4946 sit
2489 4895 2508 4923 ⁸
2545 4908 2559 4948 :
2597 4894 2714 4949 Non
2752 4905 2833 4948 est
2862 4897 3010 4950 enim
3063 4908 3304 4966 potestas
3351 4902 3454 4955 nisi
3483 4917 3516 4957 a

1952 4982 2094 5038 Deo:
2121 5001 2242 5052 qua:
2269 4994 2451 5039 autem
2479 4996 2629 5051 sunt,
2660 5001 2690 5039 a
2717 4987 2829 5040 Deo
2855 4989 3122 5044 ordinatae
3149 5002 3298 5046 sunt.
3328 4992 3516 5063 Itaque

1950 5076 2042 5142 qui
2079 5076 2278 5128 resistit
2311 5081 2588 5144 potestati,
2622 5079 2714 5132 Dei
2755 5078 3092 5136 ordinationi
3149 5085 3375 5138 resistit.
3411 5084 3515 5150 Qui

1951 5179 2133 5219 autem
2163 5170 2445 5229 resistunt,
2474 5171 2575 5237 ipsi
2611 5171 2714 5223 sibi
2737 5171 3149 5229 damnationem
3179 5178 3472 5244 acquirunt
3497 5191 3512 5230 :

1952 5273 2074 5309 tiam
2135 5260 2407 5328 principes
2460 5276 2568 5314 non
2617 5272 2746 5315 sunt
2800 5266 2984 5319 timori
3023 5267 3148 5320 boui
3184 5269 3386 5334 operis,
3421 5266 3520 5321 sed

1953 5350 2104 5403 mali.
2140 5350 2234 5405 V'is
2263 5360 2443 5404 autem
2491 5369 2600 5406 non
2655 5356 2844 5410 timere
2884 5356 3251 5425 potesutem?
3303 5354 3521 5410 Bonum

2031 5577 2050 5605 ¹
2077 5577 2235 5631 Juxta
2275 5577 2486 5644 aliquot
2520 5579 2734 5633 Caeco:
2772 5579 2960 5641 libros,
3010 5583 3217 5640 nam;
3248 5578 3525 5641 éEou-rlat;

1956 5649 2357 5719 ὑπερεχούσαις
2387 5649 2790 5719 ὑποτάσσεσθε,
2818 5654 2866 5700 in
2890 5648 3133 5703 Palatino
3159 5666 3256 5700 ms.
3297 5653 3520 5719 legitur,

1959 5716 2210 5772 Omnibus
2233 5725 2578 5785 potestatibus
2599 5718 2984 5775 sublimioribus
3015 5724 3201 5777 subditi
3241 5716 3426 5777 estote.

3148 5815 3219 5878 25
