3946 6170
479 321 585 383 779

1432 321 1491 378 S.
1518 314 1959 378 HIERONYMI
2000 313 2274 377 DIVINA
2317 307 2854 371 BIBLIOTHECA.
3390 316 3393 319 ’
3579 309 3667 371 780

478 431 605 496 fac;
641 437 694 483 et
728 430 958 486 habebis
985 429 1203 486 laudem
1229 444 1293 484 ex
1329 427 1416 483 illa
1447 441 1463 483 :
1495 430 1590 484 Dei
1624 429 1771 483 enim
1797 426 2051 482 minister
2076 424 2127 487 Α
2155 422 2306 490 Scio,
2342 430 2401 479 et
2432 420 2649 477 conﬁdo
2672 421 2729 475 in
2760 414 3159 481 Dominolesu,
3211 416 3336 486 quia
3390 416 3509 471 nihil
3551 435 3675 475 com.

475 532 564 581 est
597 523 690 577 tibi
726 524 778 577 in
820 524 1046 578 benum.
1078 521 1133 577 Si
1170 529 1351 574 autem
1387 521 1589 574 malum
1624 520 1843 587 feceris,
1875 519 2042 581 time;

479 630 587 670 non
632 619 773 670 enim
827 614 947 668 sine
997 628 1161 667 causa
1214 611 1453 682 gladium
1502 620 1706 681 portat.
1763 610 1857 664 Dei
1896 611 2044 662 enim

480 706 731 763 minister
754 714 879 760 est:
922 704 1120 759 vindex
1154 703 1209 761 in
1258 705 1391 757 iram
1444 703 1493 757 ei
1553 703 1645 771 qui
1680 702 1881 755 malum
1916 700 2047 769 agit.

478 798 608 853 Ideo
654 799 981 852 necessitate
1010 796 1217 851 subditi
1255 804 1450 858 estote,
1481 809 1587 848 non
1620 794 1796 848 solum
1828 801 2051 861 propter

486 882 649 955 iram,
670 889 763 943 scd
790 890 954 943 etiam
993 898 1215 959 propter
1230 887 1644 942 conscientiam.
1671 885 1801 939 Ideo
1833 885 2051 937 enimet

478 984 683 1037 tributa
739 982 1013 1049 praestatis
1049 998 1063 1037 :
1098 980 1335 1033 ministri
1362 981 1509 1033 enim
1546 978 1640 1031 Dei
1677 985 1824 1043 sunt,
1858 977 1910 1029 in
1946 975 2052 1028 hoc

480 1076 665 1144 ipsum
724 1074 1049 1127 servientes.
1111 1072 1343 1127 Reddite
1374 1086 1501 1139 ergo
1535 1072 1789 1125 omnibus
1824 1070 2003 1122 debita
2035 1078 2049 1121 :

478 1166 567 1218 cui
593 1164 877 1227 tributum,
908 1163 1169 1217 tributum
1200 1180 1216 1216 :
1244 1163 1334 1217 cui
1366 1162 1614 1230 vectigal,
1655 1159 1880 1230 vectigal
1918 1175 1930 1223 ;
1966 1157 2054 1211 cui

480 1258 755 1322 timorem,
782 1258 1071 1326 timorem;
1096 1256 1180 1310 cui
1220 1255 1505 1314 honorem.
1533 1255 1816 1307 honorem.
1839 1251 2055 1305 Nemini

480 1350 775 1420 quidquam
812 1347 1079 1410 debeatis.
1128 1348 1232 1402 nisi
1274 1356 1331 1400 ut
1369 1347 1603 1400 invicem
1638 1345 1876 1411 diligatis
1912 1359 1926 1398 :
1963 1343 2055 1412 qui

480 1443 626 1499 enim
658 1442 835 1510 diligit
863 1441 1195 1511 proximum,
1218 1442 1390 1509 legem
1425 1438 1686 1507 implevit.
1721 1438 1853 1491 Nam
1890 1453 1905 1492 :
1941 1436 2055 1490 Non

482 1532 849 1585 adultcrabis:
876 1548 983 1584 non
1002 1530 1218 1585 occides
1240 1549 1254 1587 ;
1278 1548 1384 1583 non
1404 1530 1676 1583 furaberis
1697 1545 1711 1581 :
1736 1544 1841 1581 non
1865 1527 2057 1582 falsum

484 1621 855 1675 testimonium
886 1622 1074 1678 dices:
1107 1637 1213 1674 non
1238 1621 1596 1689 concupisces
1620 1635 1631 1674 :
1654 1630 1704 1672 et
1728 1619 1771 1672 si
1803 1620 1946 1687 quod
1978 1627 2060 1671 est

483 1712 628 1765 aliud
660 1712 998 1775 mandatum,
1045 1714 1097 1765 in
1137 1712 1239 1766 hoc
1263 1712 1430 1765 verbo
1468 1710 2060 1777 instauraturzDiliges

484 1804 792 1873 proximum
835 1813 988 1857 tuum
1031 1804 1174 1858 sicut
1223 1814 1275 1857 te
1327 1804 1526 1872 ipsum.
1566 1801 1794 1855 Dilectio
1827 1802 2059 1871 proximi

485 1896 685 1949 malum
743 1911 853 1950 non
914 1904 1191 1965 Operatur.
1254 1896 1544 1951 Plenitudo
1607 1910 1736 1963 ergo
1788 1895 1925 1964 legis
1980 1905 2064 1951 est

484 1988 727 2043 dilectio.
756 1990 823 2041 Et
852 1989 955 2043 hoc
990 1990 1226 2044 scientes
1264 1996 1479 2058 tempus
1504 2006 1517 2042 :
1540 1989 1667 2056 quia
1698 1988 1826 2041 hora
1855 1988 2060 2055 estjam

484 2082 669 2149 nosjde
692 2096 883 2136 somno
911 2095 1159 2148 surgere.
1186 2080 1341 2134 Nunc
1364 2082 1507 2132 enitn
1537 2079 1761 2149 propior
1775 2087 1857 2132 est
1875 2090 2061 2133 nostra

488 2174 658 2238 salus,
688 2188 848 2241 quatn
882 2188 1004 2227 cum
1048 2172 1403 2225 credidimus.
1442 2171 1557 2225 Nox
1595 2172 1912 2240 praecessit,
1946 2172 2065 2227 dies

489 2275 672 2319 autem
705 2264 1182 2333 appropinquavit.
1232 2262 1567 2331 Abjiciatnus
1584 2278 1711 2331 ergo
1730 2278 1893 2331 opera
1915 2272 2065 2316 tene-

488 2358 733 2426 brarum,
758 2368 814 2413 et
837 2358 1132 2413 induamur
1160 2371 1313 2409 arma
1345 2358 1505 2410 locis.
1543 2356 1696 2411 Sicut
1746 2358 1799 2410 in
1838 2358 1925 2411 die
1967 2358 2064 2411 ho-

488 2458 642 2505 neste
668 2450 1009 2503 ambulemus
1032 2465 1049 2515 ;
1072 2464 1175 2502 non
1204 2448 1258 2501 in
1291 2448 1787 2502 comessationibus
1806 2460 1859 2504 et
1882 2450 2063 2502 ebrie-

488 2546 716 2609 tatibus,
745 2558 853 2599 non
913 2543 967 2597 in
1016 2542 1284 2597 cubilibus
1316 2550 1370 2593 et
1422 2540 1802 2607 impndicitiis,
1857 2556 1963 2594 non
2007 2542 2063 2593 in

486 2635 837 2693 contentione
872 2644 927 2688 et
976 2633 1344 2696 aemulatione,
1397 2631 1494 2685 sed
1546 2631 1835 2685 induitnini
1883 2632 2067 2685 Domi-

487 2743 618 2782 num
637 2726 652 2757 ⁸
679 2726 866 2783 Jesum
892 2723 1191 2790 Christum,
1213 2732 1267 2777 et
1287 2722 1471 2777 carnis
1499 2738 1685 2776 curam
1722 2740 1795 2777 ne
1825 2721 2067 2777 feceritis

487 2820 541 2875 in
581 2819 895 2875 desideriis.

562 2910 746 2988 [ϐαρ.
810 2907 1007 2982 λιιι]
1072 2908 1354 2963 Intirmum
1403 2916 1585 2961 autem
1646 2907 1700 2961 in
1767 2906 1869 2960 fide
1915 2922 2066 2961 assu-

490 3003 648 3070 mite,
686 3018 795 3059 non
846 3002 903 3058 in
941 2999 1439 3070 disceptationibus
1469 2999 1877 3069 cogitationum.
1912 3002 2067 3055 Alius

2152 528 2315 567 mune
2342 510 2464 583 [ms.
2508 512 2636 565 add.
2664 508 2770 581 est]
2806 524 2903 577 per
2932 508 3134 577 ipsum,
3192 506 3293 559 nisi
3339 506 3386 560 ei
3412 509 3491 577 qui
3521 512 3673 564 existi-

2153 616 2263 659 mat
2298 606 2428 674 quid
2462 619 2752 658 commune
2782 616 2925 667 esse,
2953 602 3029 654 illi
3063 614 3352 654 commune
3371 613 3462 655 εει.
3484 600 3533 655 Si
3555 604 3676 657 enim

2152 706 2375 768 propter
2404 698 2583 752 cibum
2621 696 2792 751 frater
2850 704 2978 749 tuus
3037 693 3394 748 contristatur
3426 694 3555 763 :jatn
3588 711 3677 749 non

2154 790 2455 843 secundum
2481 788 2807 842 charitatem
2834 788 3111 841 ambulas.
3159 786 3282 841 Noli
3306 786 3421 840 cibo
3452 797 3532 840 tuo
3554 787 3679 840 illuttt

2155 882 2409 949 perdere,
2447 896 2543 949 pro
2567 895 2676 949 quo
2704 878 2959 934 Christus
3010 888 3265 933 mortuus
3296 887 3395 931 cst.
3447 878 3550 932 Non
3578 894 3679 945 ergo

2157 974 2570 1041 blasphemetur
2630 974 2833 1027 bonum
2876 980 3146 1025 nostrum.
3188 971 3307 1025 Non
3354 979 3431 1024 est
3461 971 3587 1025 enim
3613 987 3682 1024 re-

2158 1082 2321 1135 gnum
2353 1067 2470 1128 Dei,
2513 1080 2640 1119 esca
2694 1072 2747 1117 ct
2779 1072 2984 1135 potus:
3013 1064 3111 1118 sed
3159 1065 3369 1134 justitia
3420 1074 3470 1116 et
3506 1077 3609 1129 pax,
3640 1070 3683 1114 et

2158 1158 2413 1227 gaudium
2448 1157 2500 1211 in
2544 1158 2748 1225 Spiritu
2780 1167 2972 1211 saneto
3003 1174 3015 1209 :
3050 1158 3144 1227 qui
3174 1156 3390 1212 enimiu
3423 1155 3515 1208 hoc
3550 1150 3686 1205 servit

2158 1249 2400 1315 Christo,
2435 1252 2610 1320 placet
2666 1251 2801 1314 Deo,
2835 1260 2889 1304 et
2924 1251 3195 1320 probatus
3255 1258 3336 1302 est
3399 1246 3684 1300 hominibus.

2159 1343 2345 1413 Itaque
2369 1360 2490 1413 qua:
2525 1344 2674 1411 pacis
2696 1354 2847 1408 sunt,
2887 1353 3164 1421 sectemur
3208 1358 3222 1395 :
3253 1349 3309 1395 et
3354 1354 3466 1407 qua:
3496 1336 3687 1390 aedifica—

2161 1437 2324 1491 tionis
2348 1445 2497 1503 sunt,
2529 1436 2581 1489 itt
2611 1436 2849 1491 invicem
2885 1436 3283 1489 custodiamus.
3340 1430 3453 1486 Noli
3504 1436 3688 1497 propter

2160 1543 2341 1584 escam
2376 1528 2661 1583 destruere
2711 1544 2851 1599 Opus
2887 1527 3002 1581 Dei.
3072 1525 3267 1580 Omnia
3345 1521 3547 1591 quidem
3588 1526 3690 1572 sunt

2164 1622 2364 1676 munda
2396 1639 2408 1674 :
2437 1621 2533 1675 sed
2565 1621 2767 1674 malum
2804 1630 2887 1675 est
2912 1619 3150 1683 homini,
3187 1617 3279 1686 qui
3318 1631 3411 1684 per
3436 1612 3690 1666 offendicu-

2163 1714 2275 1767 lum
2306 1714 2625 1767 manducat.
2657 1714 2869 1768 Bonum
2888 1721 2971 1767 est
3000 1726 3111 1765 non
3136 1709 3460 1762 manducare
3484 1717 3689 1765 carnem,

2163 1818 2219 1861 et
2246 1823 2354 1859 non
2382 1806 2575 1862 bibere
2609 1808 2821 1874 vinum,
2868 1820 3047 1875 neque
3106 1804 3162 1857 in
3224 1818 3337 1871 quo
3378 1802 3535 1852 frater
3595 1806 3693 1849 tuus

2163 1900 2463 1954 oﬂ‘enditur
2497 1903 2538 1965 ‘,
2572 1910 2668 1954 aut
2709 1898 3135 1961 scandalizatur,
3168 1906 3262 1949 aut
3300 1894 3603 1947 infirmatur.
3628 1886 3691 1941 Tu

2166 1990 2325 2044 fidem
2370 1991 2580 2046 habes?
2610 2007 2777 2060 penes
2807 1990 3155 2059 temetipsum
3201 1986 3343 2040 habe
3374 1999 3545 2039 ceram
3577 1979 3691 2033 Dc0'

2166 2080 2384 2146 Beatus,
2457 2082 2552 2152 qui
2590 2098 2697 2136 non
2731 2083 2941 2153 judicat
2991 2080 3349 2149 semetipsum
3401 2077 3540 2130 ineo
3580 2069 3695 2141 quod

2166 2179 2380 2245 probat.
2429 2177 2529 2242 Qui
2580 2188 2762 2231 autem
2830 2176 3127 2239 discernit,
3187 2174 3230 2227 si
3306 2164 3695 2226 manducaverit,

2165 2268 2453 2321 damnatus
2477 2268 2597 2335 est};
2632 2267 2759 2335 quia
2801 2283 2909 2319 non
2941 2282 3003 2320 ex
3035 2266 3160 2319 fide.
3191 2264 3365 2317 Omne
3392 2270 3560 2314 autem
3585 2252 3696 2324 quod

2165 2376 2275 2413 non
2300 2370 2381 2413 est
2408 2376 2472 2413 ex
2502 2359 2631 2420 fide.
2662 2369 2949 2428 peccatum
2994 2369 3097 2412 est.

2240 2451 2397 2523 [ϐαρ.
2438 2450 2581 2522 XV.]
2620 2451 2890 2505 Debemus
2921 2460 3107 2503 autem
3140 2464 3237 2501 nos
3262 2448 3525 2500 firmiores
3554 2441 3699 2495 imhc-

2167 2541 2559 2615 cillitatesbns.
2584 2541 3042 2613 imbecillitatem]
3069 2542 3415 2594 infirmorum
3444 2537 3699 2596 sustinere,

2168 2648 2352 2693 etnon
2390 2639 2545 2693 nobis
2579 2638 2817 2706 placere.
2846 2636 3238 2704 Unusquisque
3302 2644 3531 2687 vestrum
3559 2624 3705 2696 prosi-

2170 2746 2258 2783 nto
2292 2745 2391 2784 suo
2431 2731 2639 2798 placeat
2672 2729 2723 2781 in
2758 2728 2985 2791 bonum,
3012 2728 3079 2780 ad
3102 2726 3517 2779 aedificationem
3551 2721 3586 2773 ³.
3632 2717 3707 2771 Ει·

2169 2824 2313 2877 enim
2350 2822 2603 2876 Christus
2635 2838 2745 2876 non
2786 2822 2890 2876 sibi
2923 2822 3154 2891 placuit,
3185 2818 3282 2874 sed
3319 2815 3705 2881 sicutscriptntu

2170 2910 2655 2983 estzlmprotteria
2720 2914 3212 2983 improperantium
3284 2912 3387 2966 tibi
3431 2906 3711 2964 ceciderunt

2171 3020 2335 3072 super
2381 3022 2487 3060 me.
2561 3006 2914 3074 Qttzecunque
2984 3007 3130 3059 enim
3199 3004 3407 3074 scripta
3466 3008 3610 3060 sunt.
3653 2994 3708 3048 ad

488 3099 639 3153 enim
710 3094 885 3151 credit
941 3108 1000 3148 se
1047 3093 1379 3146 manducare
1452 3093 1632 3143 omnia
1693 3090 1826 3159 :qui
1883 3101 2137 3170 autemc
2172 3107 2411 3151 nostram
2484 3098 2789 3152 doctrinam
2877 3100 3077 3165 scripta
3145 3106 3324 3151 sunt:
3373 3102 3432 3150 ut
3505 3107 3593 3163 per
3638 3103 3713 3158 pa-

482 3182 733 3237 intirmus
787 3188 874 3236 est
954 3180 1077 3235 olus
1127 3179 1253 3251 [ηις.
1325 3178 1539 3252 holera]
1612 3181 1941 3234 manducet.
2002 3182 2053 3237 ls

482 3274 577 3344 qui
645 3272 960 3337 manducat,
1007 3285 1117 3324 non
1176 3269 1601 3324 manducantem
1653 3287 1760 3324 non
1796 3282 2062 3340 spernat:

482 3375 541 3421 et
574 3364 669 3434 qui
706 3379 812 3420 non
843 3363 1157 3427 manducat,
1192 3366 1618 3419 manducantem
1667 3380 1778 3418 non
1806 3366 2020 3433 judicet
2051 3381 2066 3421 :

484 3458 628 3513 Deus
655 3456 804 3512 enim
835 3456 988 3511 illum
1036 3457 1354 3526 assumpsit.
1388 3456 1468 3510 Tu
1506 3458 1631 3526 quis
1662 3472 1741 3522 es,
1780 3460 1871 3520 qui
1920 3458 2069 3527 judi-

483 3564 578 3607 cas
610 3548 852 3602 alienum
903 3549 1159 3603 servum?
1193 3549 1426 3601 Domino
1462 3564 1562 3601 suo
1594 3557 1727 3613 stat,
1761 3550 2062 3605 aut.cadit:

484 3642 653 3699 stabit
677 3649 859 3695 autem
894 3656 908 3695 :
942 3650 1139 3708 petens
1170 3650 1257 3695 est
1278 3641 1424 3694 enim
1447 3640 1593 3694 Deus
1624 3649 1865 3696 statuere
1888 3641 2065 3696 illum.

483 3735 623 3792 Nam
662 3735 813 3802 alius.
842 3734 1053 3797 iudicat
1096 3734 1239 3788 diem
1286 3734 1427 3787 inter
1459 3734 1604 3787 diem
1644 3747 1660 3784 :
1699 3735 1843 3790 alius
1883 3745 2065 3790 autem

480 3830 927 3903 judicatomnem
969 3827 1162 3883 diem:
1209 3828 1588 3897 unusquisque
1643 3826 1697 3880 in
1754 3843 1854 3881 suo
1901 3844 2065 3882 sensu

485 3922 747 3978 abundet.
795 3921 899 3990 Qui
944 3920 1087 3990 sapit
1120 3920 1291 3985 diem,
1362 3919 1594 3973 Domino
1639 3921 1807 3990 sapit.
1858 3922 1926 3976 Et
1971 3925 2065 3992 qui

485 4016 801 4082 tuandueat,
856 4013 1089 4069 Domino
1140 4013 1709 4085 manducatigratias
1749 4016 1895 4070 enim
1954 4019 2066 4088 agit

490 4108 622 4164 Deo.
656 4108 723 4163 Et
744 4108 838 4179 qui
866 4122 975 4162 non
1010 4107 1330 4169 manducat,
1361 4106 1590 4162 Domino
1624 4123 1732 4162 non
1752 4112 2062 4176 mandueat,

484 4211 543 4259 et
578 4202 780 4274 gratias
803 4202 914 4271 agit
941 4200 1073 4255 Deo.
1101 4201 1275 4257 Nemo
1308 4200 1457 4254 enim
1492 4211 1739 4256 nostrum
1772 4203 1876 4257 sibi
1907 4204 2063 4269 vivit,

484 4305 540 4353 et
561 4310 724 4351 nemo
755 4295 863 4350 sibi
900 4295 1159 4349 moritur.
1195 4293 1321 4350 Sive
1352 4294 1499 4348 enim
1534 4294 1795 4359 vivimus,
1832 4294 2064 4351 Domino

485 4386 912 4442 vivimuszsive
959 4385 1248 4449 morimur,
1301 4382 1531 4437 Domino
1582 4382 1874 4437 morimur.
1936 4382 2064 4438 Sive

2175 3189 2445 3251 tientiam,
2514 3200 2571 3244 et
2635 3190 3067 3244 consolationem
3105 3189 3538 3258 Scripturarum,
3585 3196 3710 3252 spem

2172 3281 2496 3335 habeamus.
2556 3282 2703 3335 Deus
2740 3291 2920 3334 autent
2951 3282 3227 3350 patientiae
3263 3291 3322 3335 et
3386 3278 3579 3342 solatii,
3640 3274 3714 3328 det

2177 3373 2591 3441 vobisidipsum
2632 3390 2825 3441 sapere
2850 3374 2903 3426 in
2937 3374 3266 3426 alterutrum
3298 3372 3593 3427 secundum
3640 3366 3714 3420 Je-

2173 3479 2290 3517 sunt
2318 3464 2597 3517 Christum
2631 3481 2643 3516 :
2677 3474 2735 3517 ut
2762 3466 3073 3527 unanimes,
3103 3478 3211 3516 uno
3242 3479 3342 3517 ore
3379 3456 3714 3516 honorificetis

2175 3553 2365 3619 Deum,
2401 3565 2454 3608 et
2490 3564 2698 3624 patrem
2728 3557 2945 3609 Domini
2985 3557 3157 3609 nostri
3188 3556 3320 3610 Jesu
3346 3554 3567 3609 Christi.
3605 3550 3713 3603 Pro.

2172 3658 2291 3717 pter
2322 3649 2464 3718 quod
2498 3649 2762 3718 suscipite
2790 3650 3050 3713 invicem,
3081 3649 3224 3702 sicut
3254 3657 3313 3703 et
3344 3649 3592 3702 Christus
3617 3656 3716 3696 sus-

2170 3740 2434 3807 cepitvos
2467 3741 2487 3770 ⁵
2527 3741 2579 3794 in
2622 3741 2889 3795 honorem
2930 3740 3047 3794 Dei.
3088 3740 3221 3793 Dico
3278 3739 3433 3793 eftim
3474 3738 3716 3791 Christum

2168 3830 2355 3887 Jesum
2416 3834 2731 3887 ministrum
2796 3834 2973 3888 fuisse
3023 3833 3472 3887 rircumcisionis
3531 3837 3717 3901 propter

2170 3926 2455 3981 Veritatem
2495 3927 2612 3990 Dei,
2638 3925 2705 3979 ad
2737 3924 3147 3981 confirmandae
3193 3926 3590 3995 promissiones
3638 3934 3717 3989 pa-

2170 4024 2313 4071 trum
2354 4030 2374 4073 :
2426 4028 2617 4086 gentes
2648 4026 2830 4071 autem
2854 4032 3022 4085 super
3060 4016 3443 4071 misericordia
3477 4017 3717 4069 honorare

2170 4108 2361 4171 Deum,
2396 4110 2541 4162 sicut
2589 4108 2856 4177 scriptum
2915 4120 2997 4162 est
3038 4123 3054 4162 :
3102 4109 3406 4177 Propterea
3445 4104 3719 4162 confitebor

2172 4202 2269 4256 tibi
2309 4200 2363 4255 in
2397 4201 2674 4271 gentibus,
2708 4200 2957 4263 Domine.
2994 4210 3048 4256 et
3095 4202 3307 4254 nomini
3337 4209 3431 4254 tuo
3490 4196 3717 4253 cantabo.

2167 4296 2233 4351 Et
2258 4298 2457 4351 iterum
2478 4298 2648 4350 dicit:
2686 4294 2994 4360 Lmtamini,
3026 4290 3236 4364 gentes.
3269 4309 3398 4349 cum
3430 4292 3582 4362 plebe
3602 4291 3722 4359 ejus.

2167 4389 2234 4443 Et
2267 4390 2462 4443 iterum
2502 4404 2517 4445 :
2548 4387 2812 4451 Laudate,
2845 4401 3040 4443 omnes
3063 4396 3271 4456 gentes,
3311 4386 3601 4441 Dominum
3630 4395 3646 4436 :
3675 4387 3723 4433 et

486 4493 618 4550 ergo
646 4478 903 4546 vivimus,
928 4478 1045 4531 sive
1071 4475 1361 4537 morimur,
1394 4473 1611 4528 Domini
1637 4490 1850 4531 sumus.
1876 4474 1934 4529 ln
1960 4475 2063 4530 hoc
2101 4484 2143 4541 ι)
2170 4481 2511 4551 magnificam
2527 4496 2677 4546 eum,
2694 4494 2885 4557 omnes
2908 4480 3117 4549 populi.
3138 4480 3205 4533 Et
3224 4495 3428 4535 rursus
3445 4479 3605 4533 Isaias
3618 4476 3684 4530 ait
3709 4489 3723 4533 :

487 4573 635 4629 enim
676 4572 931 4627 Christus
954 4579 1209 4625 mortuus
1247 4577 1356 4631 est,
1409 4578 1463 4622 et
1522 4568 1870 4625 resurrexit:
1912 4578 1971 4623 ut
2015 4578 2071 4621 et

488 4673 830 4717 mortuorum
856 4673 912 4716 et
938 4662 1188 4715 vivorum
1212 4659 1549 4713 dominetur.
1602 4659 1683 4712 Tu
1725 4669 1907 4713 autem
1938 4659 2069 4729 quid

481 4755 698 4825 judicas
723 4754 948 4808 fratrem
969 4753 1162 4806 tuum?
1198 4760 1294 4805 attt
1321 4762 1377 4807 tu
1403 4765 1575 4820 quare
1604 4751 1820 4819 spernis
1843 4750 2068 4806 fratrem

488 4850 685 4905 tuum?
719 4849 921 4901 Omnes
945 4845 1093 4900 enim
1120 4842 1387 4899 stabimus
1440 4850 1568 4897 ante
1594 4843 1833 4897 tribunal
1861 4841 2068 4898 Christi

494 4942 619 5015 [ms.
651 4936 795 5010 Dei].
861 4937 1135 5007 Scriptum
1196 4943 1281 4989 est
1327 4934 1474 4988 enim
1512 4950 1526 4987 :
1570 4933 1704 4989 Vivo
1759 4950 1878 5004 ego,
1935 4934 2071 4988 dicit

489 5035 774 5096 Dominus,
808 5029 1070 5101 quoniam
1105 5027 1240 5082 tuilti
1276 5026 1526 5081 flectetur
1585 5041 1747 5081 omne
1794 5041 1935 5097 genu
1966 5043 1978 5079 :
2013 5036 2071 5080 et

489 5125 670 5182 omnis
694 5124 881 5194 lingua
913 5121 1275 5177 confitebitur
1298 5120 1430 5174 Deo.
1475 5119 1663 5188 Itaque
1692 5118 2069 5186 unusquisque

488 5228 737 5275 nostrum
762 5233 863 5288 pro
923 5230 983 5269 se
1024 5216 1295 5267 rationem
1360 5212 1552 5267 reddet
1604 5211 1735 5264 Deo.
1781 5210 1898 5263 Non
1939 5225 2068 5278 ergo

485 5312 721 5382 amplius
760 5308 995 5364 invicem
1022 5304 1334 5374 iudicemus
1375 5320 1390 5357 :
1427 5305 1519 5359 sed
1546 5302 1649 5357 hoc
1675 5302 1918 5372 judicate
1952 5316 2067 5353 tua-

484 5409 565 5479 gis
590 5420 659 5461 ne
691 5406 907 5477 ponatis
946 5400 1340 5457 offendiculum
1371 5396 1552 5464 fratri,
1589 5396 1673 5451 vel
1720 5395 2064 5451 scandalum.

561 5568 579 5597 ¹
604 5566 835 5621 Palatin.
865 5580 991 5630 ms.,
1018 5564 1108 5616 sed
1138 5560 1341 5614 induite
1378 5558 1682 5619 Dominum,
1719 5565 1823 5609 etc.
1849 5555 2059 5623 Graece,

488 5636 601 5692 ἀλλ’
626 5638 919 5689 ἑνδὺνασθε
949 5636 1175 5701 Κύριον.

561 5711 577 5738 ¹
608 5706 752 5759 Idem
785 5721 909 5765 ms.,
944 5698 1203 5771 offendis:
1238 5698 1604 5771 προσκόπτει.

561 5776 579 5807 ⁸
608 5778 779 5828 Αιιιρι·
823 5778 875 5827 in
906 5769 1149 5827 Palatino
1186 5787 1311 5835 ιιις.³
1351 5770 1565 5824 Placeat
1621 5770 1673 5823 in
1706 5769 1894 5824 bonam
1932 5770 2062 5825 α’άί-

2175 4573 2289 4627 Erit
2319 4573 2470 4626 radix
2504 4574 2677 4637 Jesse,
2712 4581 2767 4626 et
2790 4573 2882 4640 qui
2914 4580 3175 4640 exsurget
3207 4587 3403 4640 regere
3449 4580 3647 4640 gentes,
3676 4566 3724 4619 in

2172 4680 2298 4719 eum
2333 4676 2523 4734 gentes
2553 4664 2879 4733 sperabunt.
2937 4665 3079 4717 Deus
3133 4672 3320 4717 autem
3361 4665 3480 4733 spei
3544 4660 3727 4730 repleat
3786 4728 3789 4731 Α

2172 4774 2269 4812 vos
2301 4756 2450 4811 omni
2477 4756 2675 4826 gaudio
2698 4765 2754 4811 et
2784 4771 2917 4826 pace
2942 4758 2995 4809 in
3036 4756 3313 4811 credendo
3352 4774 3366 4810 :
3404 4769 3463 4810 ιιι
3511 4751 3724 4809 δὺιιιιάοη

2175 4854 2246 4907 tis
2284 4853 2337 4905 in
2371 4866 2467 4921 spe
2500 4860 2556 4903 et
2585 4852 2789 4905 virtute
2821 4850 3063 4919 Spiritus
3122 4851 3319 4904 sancti.
3380 4850 3579 4905 Certus
3623 4860 3727 4903 sum

2172 4954 2391 5008 autem,
2422 4942 2627 4996 fratres
2657 4943 2789 5005 mei,
2814 4952 2867 4997 et
2894 4958 2993 5011 ego
3025 4943 3141 5011 ipse
3166 4944 3232 4996 de
3251 4942 3435 5005 vobis,
3497 4939 3726 5010 quoniam

2171 5047 2225 5088 et
2252 5036 2352 5104 ipsi
2381 5036 2527 5103 pleni
2552 5034 2686 5089 csti‘s
2713 5033 3032 5097 dilectione,
3066 5034 3263 5103 repleti
3292 5034 3451 5088 omni
3500 5030 3728 5091 scientia,

2172 5126 2244 5180 ita
2276 5112 2330 5179 ut
2361 5126 2580 5194 possitis
2606 5127 2932 5179 alterutrum
2974 5139 3229 5180 monere.
3255 5125 3538 5179 Audacius
3569 5131 3726 5174 autem

2170 5218 2364 5288 scripsi
2394 5218 2567 5282 vobis,
2594 5217 2810 5281 fratres,
2837 5232 2903 5271 ex
2935 5228 3111 5287 parte,
3151 5227 3413 5282 tauquam
3446 5217 3500 5269 itt
3553 5194 3733 5268 memo-

2174 5312 2306 5364 riam
2342 5325 2434 5364 vos
2464 5313 2730 5363 reducens
2760 5318 3022 5378 :propter
3053 5309 3302 5377 gratiam,
3350 5323 3479 5377 qua)
3518 5307 3633 5359 data
3659 5308 3731 5355 est

2174 5402 2303 5455 tnihi
2334 5416 2361 5453 a
2400 5400 2530 5466 Deo,
2566 5410 2624 5453 ut
2662 5399 2764 5453 sim
2799 5400 3046 5453 minister
3068 5397 3271 5452 Christi
3315 5396 3451 5450 Jesu
3493 5394 3548 5449 iu
3574 5388 3733 5460 genti-

2169 5557 2495 5625 ﬁcationem,
2562 5553 2750 5609 Gtt-ineo
2837 5562 3017 5609 tamen
3065 5553 3183 5624 ipso
3247 5564 3403 5609 textu
3477 5544 3738 5606 contradi-

2169 5641 2347 5682 CCDIC.

2240 5699 2260 5727 ⁸
2286 5699 2419 5752 Cum
2461 5696 2667 5751 Graecis
2697 5696 2973 5768 plerisque
3005 5696 3164 5752 libris
3197 5712 3285 5749 nos
3346 5709 3450 5765 pro
3484 5707 3567 5747 vos
3593 5689 3736 5746 Pala-

2171 5770 2320 5824 tinus
2347 5788 2449 5823 tus.
2484 5768 2725 5836 praefert.
