3946 6170
290 291 396 358 781

1527 295 1764 358 PAULI
1807 295 2050 357 EPIST.
2095 297 2193 357 AD
2228 297 2418 358 ROM.

3459 307 3566 369 782

303 415 428 480 bus,
446 410 794 468 sanctificans
813 411 1168 482 Evangelium
1189 414 1306 480 Dei,
1328 423 1388 469 ut
1409 415 1503 471 fiat
1523 416 1730 471 oblatio
1751 430 1882 486 gen-
1911 419 1954 479 Α
1987 413 2090 485 sia]
2121 429 2336 469 eorum;
2376 415 2620 471 Salutate
2646 417 2963 486 Epasnetum
2993 417 3252 472 dilectum
3288 421 3442 483 mihi,
3468 425 3564 491 qui

300 503 438 556 tium
457 510 677 571 accepta
705 511 760 556 et
777 503 1116 559 sanctiﬁcata
1150 504 1205 559 in
1224 503 1431 573 Spiritu
1461 517 1673 561 sancto.
1697 504 1885 560 Habeo

299 591 468 659 igitur
524 593 752 662 gloriam
780 593 833 646 in
871 591 1096 648 Christo
1137 594 1266 650 Jesu
1287 598 1351 649 ad
1375 595 1706 651 Deum.Non
1727 599 1871 650 enim

299 683 478 737 audeo
539 683 744 752 aliquid
788 685 936 753 loqui
970 700 1186 748 eorum,
1233 703 1354 758 quae
1375 687 1884 755 permenoneﬁicit

298 774 558 829 Christus
616 775 669 828 in
709 775 1082 831 obedientiam
1123 781 1386 846 gentium,
1409 780 1577 833 verbo
1598 791 1651 834 et
1676 780 1836 833 factis
1867 795 1886 836 ε

298 869 358 924 in
384 870 592 924 virtute
620 870 903 940 signorum
929 880 984 924 et
1012 873 1405 941 prodigiorum,
1435 874 1487 925 in
1527 872 1726 925 virtute
1765 870 1888 939 Spi-

298 961 442 1015 ritus
473 961 645 1015 sancti
675 980 688 1014 :
721 962 795 1015 ita
831 972 893 1016 nt
922 962 989 1015 ab
1011 961 1312 1017 Jerusalem
1344 979 1443 1033 per
1473 964 1766 1016 circuitum
1800 977 1886 1015 us-

296 1069 408 1120 que
443 1053 512 1108 ad
541 1053 818 1124 Illyricum
873 1054 1206 1123 repleverim
1246 1055 1606 1124 Evangelium
1658 1055 1882 1108 Christi.

298 1144 396 1199 Sic
427 1154 611 1200 autem
673 1145 963 1216 praedicavi
1016 1146 1377 1216 Evangelium
1411 1147 1515 1201 hoc
1548 1147 1586 1209 ι,
1640 1162 1746 1199 non
1792 1146 1885 1199 tibi

299 1237 624 1290 nominatus
658 1249 740 1290 est
772 1237 1050 1302 Christus,
1083 1255 1151 1292 ne
1191 1254 1359 1306 super
1388 1238 1627 1313 alienum
1684 1237 1886 1290 funda-

298 1339 549 1382 mentum
583 1329 910 1384 mdiﬁearem
953 1342 968 1382 :
1008 1329 1103 1384 sed
1134 1331 1276 1383 sicut
1310 1332 1572 1398 scriptum
1602 1339 1684 1383 est
1717 1329 1888 1395 :Qni-

298 1421 408 1476 bus
442 1437 549 1475 non
583 1432 666 1475 est
692 1422 1082 1476 annuntiatum
1117 1423 1185 1476 de
1215 1437 1303 1485 eo,
1339 1422 1602 1475 videbunt
1631 1436 1645 1476 :
1682 1433 1737 1476 et
1791 1423 1884 1491 qui

299 1529 414 1565 non
439 1512 762 1578 audierunt,
791 1514 1126 1583 intelligent.
1182 1516 1417 1583 Propter
1463 1515 1608 1582 quod
1643 1524 1692 1566 et
1721 1515 1888 1581 impe-

302 1604 498 1657 diebar
527 1604 828 1674 plurimum
881 1607 1070 1659 venire
1103 1607 1168 1659 ad
1208 1621 1303 1660 vos
1333 1615 1388 1658 et
1423 1606 1732 1674 prohibitus
1763 1622 1885 1660 smn

303 1713 484 1766 usque
544 1699 724 1754 adhuc
778 1700 821 1752 ³.
886 1698 1042 1753 Nunc
1105 1714 1233 1753 vero
1291 1700 1527 1753 ulterius
1555 1700 1734 1752 locum
1777 1716 1882 1753 non

1986 506 2411 574 cStprimitivus
2454 508 2597 562 Asia:
2631 509 2685 562 in
2733 509 2977 564 Christo.
3034 508 3278 565 Salutate
3317 509 3564 576 Mariam,

1989 615 2108 668 qua:
2135 599 2368 651 multum
2408 600 2675 655 laboravit
2700 601 2753 654 in
2789 601 2966 656 vobis.
2999 600 3246 655 Salutate
3289 602 3568 657 Androni-

1989 707 2113 745 cum
2143 701 2198 745 et
2234 691 2448 746 Iuniam
2487 691 2613 765 [ηις.
2639 693 2894 765 Julium],
2919 705 3178 764 cognatos
3207 703 3261 749 et
3287 699 3570 767 concapti-

1988 797 2086 837 vos
2118 799 2310 836 meos:
2351 783 2446 852 qui
2475 794 2604 839 sunt
2656 786 2863 840 nobiles
2915 786 2967 839 in
3019 786 3313 854 Apostolis,
3362 788 3458 856 qui
3514 797 3570 843 et

1992 883 2228 928 anteme
2269 873 2495 928 fuerunt
2549 877 2602 929 in
2639 876 2883 930 Christo.
2949 878 3196 932 Salutate
3228 880 3565 947 Ampliatum

1990 966 2408 1020 dilectissimum
2439 967 2574 1021 mihi
2627 968 2680 1021 in
2714 968 2965 1024 Domino.
3011 968 3253 1024 Salutate
3286 971 3568 1026 Urbanum

1991 1059 2296 1127 adiutorem
2341 1070 2590 1114 nostrum
2648 1060 2701 1114 in
2733 1060 2955 1116 Christo
2983 1061 3110 1117 Jesu
3139 1063 3182 1129 ',
3221 1072 3276 1118 et
3327 1065 3570 1136 Stachyn

1990 1151 2253 1206 dilectum
2323 1167 2529 1209 meum.
2600 1152 2848 1208 Salutate
2928 1155 3151 1224 Apellen
3211 1156 3447 1225 probum
3511 1160 3567 1212 in

1990 1241 2233 1297 Christo.
2269 1241 2512 1297 Salutate
2538 1257 2654 1308 eos,
2685 1242 2778 1312 qui
2807 1251 2935 1297 sunt
2963 1259 3030 1297 ex
3060 1243 3566 1302 Aristobulidomo.

1994 1335 2241 1388 Salutate
2275 1333 2645 1389 llerodiouem
2699 1344 2993 1404 cognatum
3069 1352 3272 1392 meum.
3321 1337 3568 1394 Salutate

1991 1442 2110 1490 eos,
2140 1427 2231 1495 qui
2265 1436 2392 1481 sunt
2424 1443 2493 1482 ex
2524 1427 2767 1482 Narcissi
2790 1427 2955 1483 domo
2983 1429 3026 1494 ‘,
3052 1431 3144 1498 qui
3170 1440 3298 1485 sunt
3353 1432 3407 1486 in
3469 1431 3572 1488 Do-

1993 1519 2167 1572 mino.
2208 1518 2458 1573 Salutate
2514 1518 2876 1588 Tryphaenam
2939 1531 2993 1573 et
3044 1520 3408 1589 Tryphosam,
3445 1538 3566 1591 qua:

1991 1598 2242 1663 laborant
2264 1612 2316 1664 in
2338 1611 2588 1666 Domino.
2617 1610 2866 1666 Salutate
2885 1612 3162 1667 Persidem
3187 1614 3572 1678 clarissimam.
3605 1598 3628 1657 ’-

1992 1718 2113 1770 quze
2139 1703 2371 1756 multum
2408 1703 2679 1757 laboravit
2705 1705 2758 1758 in
2800 1704 3053 1759 Domino.
3093 1705 3337 1760 Salutate
3371 1705 3571 1760 Rufum

301 1790 520 1844 habens
557 1791 609 1843 in
655 1792 738 1844 his
770 1790 1113 1860 regionibus,
1163 1788 1516 1859 cupiditatem
1569 1798 1750 1842 autem
1785 1790 1886 1842 ba-
1919 1768 2226 1846 Belectum
2289 1795 2343 1846 in
2382 1794 2639 1864 Domino,
2669 1807 2724 1850 et
2789 1809 3019 1851 matrem
3081 1798 3222 1866 eius,
3273 1807 3329 1852 et
3372 1815 3573 1855 meam.

302 1883 440 1935 bens
472 1883 728 1936 veniendi
758 1883 824 1935 ad
851 1897 948 1936 vos
978 1898 1043 1936 ex
1073 1882 1261 1936 multis
1306 1883 1416 1952 iam
1451 1881 1891 1951 pra-cedentibus

304 1977 467 2030 annis
502 1989 516 2028 :
549 1991 671 2028 cum
707 1977 761 2028 in
787 1975 1100 2043 Hispaniain
1128 1975 1400 2044 proﬁcisci
1429 1989 1672 2044 cmpero,
1727 1988 1890 2041 spero

305 2069 450 2133 quod
488 2067 808 2134 praeteriens
855 2065 1069 2120 videam
1135 2081 1252 2131 vos,
1297 2076 1353 2119 et
1397 2081 1425 2118 a
1454 2066 1608 2120 vobis
1652 2067 1890 2119 deduear

307 2158 462 2222 iiluc,
493 2159 535 2210 si
574 2158 722 2211 vobis
756 2157 992 2226 primum
1023 2173 1090 2210 ex
1121 2169 1273 2225 parte
1301 2157 1501 2212 fruitus
1529 2158 1702 2211 fuero.
1733 2158 1889 2212 Nu:.c

309 2251 482 2318 igitur
514 2252 830 2318 proficiscar
865 2251 915 2302 in
954 2249 1261 2304 Jerusalem
1315 2251 1628 2306 ministrare
1660 2253 1887 2307 sanctis.

310 2341 691 2396 Probaverunt
719 2346 868 2396 enim
911 2343 1248 2405 Macedonia,
1280 2354 1335 2398 et
1361 2344 1588 2407 Achaia,
1647 2345 1896 2398 collatio-

309 2449 439 2486 nem
476 2434 713 2500 aliquam
762 2433 940 2487 facere
998 2433 1052 2486 in
1087 2449 1359 2503 pauperes
1406 2445 1742 2499 sanctorum,
1797 2437 1890 2504 qui

309 2533 446 2578 sunt
488 2526 540 2577 in
567 2523 894 2578 Jerusalem.
931 2525 1148 2579 Placuit
1173 2527 1318 2578 enim
1361 2527 1463 2587 eis,
1494 2535 1544 2580 et
1610 2527 1894 2580 debitores

309 2629 443 2670 sunt
475 2633 692 2670 eorum.
731 2617 859 2669 Nam
892 2617 938 2670 si
969 2617 1336 2684 Spiritualium
1370 2633 1561 2671 eorum
1599 2619 1894 2688 participes

307 2709 444 2761 facti
479 2719 609 2761 sunt
635 2710 867 2776 gentiles
895 2725 911 2764 :
945 2709 1148 2764 debent
1179 2719 1233 2762 et
1259 2711 1311 2762 in
1341 2712 1652 2764 carnalibus
1699 2690 1893 2764 ruinis-

311 2814 464 2856 trare
499 2802 624 2854 illis.
659 2799 771 2854 lloc
803 2801 970 2870 igitur
1008 2817 1133 2856 eum
1161 2817 1636 2864 coiisummawzro,
1666 2811 1720 2854 ct
1754 2803 1895 2856 assi-

310 2909 555 2964 gnavero
582 2894 664 2946 eis
688 2891 923 2948 fructum
951 2899 1098 2947 hunc
1134 2911 1147 2948 :
1191 2911 1284 2963 per
1319 2910 1416 2948 vos
1474 2894 1789 2963 prolicnscar
1839 2895 1893 2948 in

308 2987 653 3056 ll.spaniam.
688 2987 812 3042 Scio
837 2997 1016 3040 autem
1042 2986 1296 3055 quoniam
1334 2989 1556 3041 veniens
1595 2989 1659 3040 ad
1687 3003 1798 3053 vos,
1836 2988 1891 3042 in

1995 1885 2238 1939 Salutate
2263 1885 2644 1958 Asyneritum,
2711 1887 3093 1957 Phlegontem,
3146 1888 3423 1954 llerniant,
3470 1891 3578 1946 Pa-

1995 1977 2230 2042 trobam,
2274 1980 2537 2045 Hei-men,
2589 1987 2646 2034 et
2709 1981 2798 2050 qui
2831 1996 2953 2034 cum
3014 1981 3096 2036 eis
3151 1993 3298 2042 sunt,
3355 1968 3606 2037 fratres.-

1996 2069 2246 2124 Salutate
2267 2071 2547 2142 Philolngu
2561 2091 2603 2124 :n
2620 2083 2675 2127 et
2697 2071 2898 2128 Juliam
2925 2091 2943 2142 ;
2984 2073 3216 2128 Nereum
3249 2084 3304 2128 et
3331 2089 3574 2128 sororem

1995 2162 2136 2230 eius,
2163 2171 2217 2216 ct
2246 2163 2643 2233 Olympiadem,
2665 2174 2722 2221 et
2744 2182 2958 2230 omnes,
2992 2168 3084 2236 qui
3124 2183 3246 2222 cum
3280 2167 3364 2221 eis
3421 2179 3574 2230 sunt,

1997 2265 2239 2316 sanctos.
2277 2255 2525 2311 Salutate
2553 2259 2786 2313 invicem
2828 2259 2880 2312 in
2929 2260 3113 2314 osculo
3174 2270 3384 2314 sancto.
3423 2259 3579 2314 Salu-

1997 2357 2113 2402 tant
2146 2363 2250 2403 vos
2280 2365 2471 2403 omnes
2506 2351 2765 2407 Ecclesiae
2794 2350 3022 2406 Christi.
3059 2352 3210 2422 Rogo
3235 2362 3415 2428 autem
3455 2367 3573 2413 vos.

1996 2440 2215 2505 fratres,
2249 2451 2306 2496 ut
2352 2443 2661 2499 observetis
2689 2459 2807 2510 eos,
2837 2444 2931 2514 qui
2980 2445 3348 2499 dissensiones
3398 2454 3454 2499 et
3496 2444 3579 2498 el-

1997 2533 2296 2598 fendicula,
2339 2545 2536 2602 praeter
2595 2534 2900 2596 doctrinam
2939 2552 3102 2605 quam
3136 2551 3233 2591 vos
3278 2536 3573 2597 didicistis.

1997 2623 2229 2689 faciunt,
2261 2632 2316 2680 et
2342 2626 2613 2681 declinate
2641 2628 2710 2682 ab
2743 2628 2870 2682 aliis
2909 2629 2948 2682 ⁷.
2983 2629 3370 2696 llninsccmodi
3421 2630 3570 2684 enim

1993 2717 2216 2772 Christo
2247 2718 2478 2773 Domino
2497 2730 2691 2774 nostro
2711 2737 2819 2774 non
2853 2722 3122 2787 serviunt,
3169 2723 3264 2777 sed
3299 2739 3398 2778 suo
3444 2739 3575 2777 ven—

1998 2810 2089 2873 tri,
2127 2821 2298 2880 ctpcr
2331 2811 2520 2864 dulces
2544 2827 2854 2879 sermones,
2889 2823 2943 2866 et
3001 2813 3432 2880 benedictiones,
3479 2829 3572 2869 se-

1997 2903 2203 2958 ducunt
2233 2906 2399 2959 corda
2434 2905 2835 2960 innocentium.
2885 2905 3077 2961 Vestra
3109 2907 3256 2961 enim
3311 2906 3578 2960 obedienc

2000 2998 2070 3051 tia
2097 2998 2151 3051 in
2183 3013 2399 3051 omnem
2431 2998 2606 3052 locum
2639 2999 2917 3070 divulgata
2983 3011 3089 3055 est.
3137 3001 3360 3056 Gaudeo
3407 3000 3576 3070 igitur

311 3081 652 3134 abundantia
727 3079 1136 3133 benedictionis
1179 3079 1459 3149 Evangelii
1516 3078 1534 3107 ³
1564 3081 1761 3133 Christi
1799 3097 1888 3134 ve—
1920 3110 1961 3167 ε
1997 3090 2050 3142 in
2075 3089 2250 3143 vobis,
2285 3088 2390 3143 Sed
2430 3091 2553 3144 volo
2610 3106 2711 3145 vos
2757 3091 3037 3160 sapientes
3081 3107 3203 3146 esse
3234 3092 3292 3146 in
3327 3092 3490 3157 bono,
3523 3103 3578 3146 et

306 3174 482 3226 niam.
516 3172 760 3227 Obsecro
775 3188 907 3242 ergo
940 3187 1057 3235 vos,
1093 3172 1310 3233 fratres,
1342 3188 1435 3241 per
1471 3173 1759 3226 Dominum
1791 3188 1892 3226 no-

305 3277 491 3321 strum
539 3264 726 3319 Jesum
781 3263 1090 3329 Christum,
1125 3273 1181 3316 et
1210 3278 1304 3332 per
1356 3264 1684 3317 charitatem
1721 3263 1894 3317 sancti

307 3358 579 3428 Spiritus,
615 3367 672 3410 ut
702 3356 976 3425 adiuvetis
1007 3370 1092 3410 me
1117 3357 1169 3409 in
1195 3356 1537 3410 orationibus
1571 3357 1770 3410 vestris
1794 3371 1895 3425 pro

307 3468 399 3506 me
422 3451 452 3482 λ
478 3450 547 3504 ad
579 3451 773 3511 Deum,
812 3459 873 3504 ut
896 3450 1099 3504 liberer
1124 3451 1190 3504 ab
1215 3450 1531 3504 inﬁdelibus
1557 3451 1649 3519 qui
1669 3460 1799 3504 sunt
1837 3452 1893 3504 in

304 3545 521 3608 Iudaea,
553 3555 607 3598 et
633 3543 884 3612 obsequii
913 3544 1018 3597 mei
1047 3543 1253 3597 oblatio
1286 3557 1513 3612 accepta
1533 3545 1624 3598 tiat
1651 3545 1702 3596 in
1738 3540 1896 3597 Jeru-

307 3638 480 3692 salem
523 3636 760 3699 sanctis,
816 3643 877 3689 ut.
917 3635 1134 3689 veniam
1192 3636 1260 3688 ad
1293 3651 1391 3690 vos
1427 3636 1480 3689 in
1533 3635 1734 3704 gaudio
1796 3651 1894 3705 per

309 3731 650 3784 voluntatem
681 3729 796 3792 Dei,
831 3739 888 3782 et
927 3727 1222 3798 refrigerer
1247 3728 1557 3782 vobiscum.
1620 3728 1764 3783 Deus
1795 3744 1896 3782 au-

305 3833 422 3876 tem
443 3822 606 3890 .pacis
631 3824 704 3876 sit
736 3836 858 3874 eum
896 3820 1155 3874 omnibus
1188 3821 1364 3875 vobis.
1400 3823 1599 3876 Amen.

386 3915 543 3987 [Cap.
583 3912 752 3988 XVl.]
803 3915 1148 3970 Commendo
1205 3925 1388 3968 autem
1445 3914 1603 3969 vobis
1648 3914 1890 3968 Phoeben

311 4023 565 4063 sororem
599 4019 867 4071 nostram,
895 4023 1015 4076 qua:
1043 4015 1129 4061 est
1176 4007 1231 4060 in
1265 4007 1574 4062 ministerio
1616 4005 1892 4070 Ecclesiae,

307 4117 432 4171 quae
459 4111 548 4154 est
603 4099 654 4154 in
691 4100 959 4154 Cenchris
1001 4114 1016 4154 :
1059 4109 1118 4154 ut
1155 4115 1273 4153 eam
1317 4099 1632 4167 suscipiatis
1694 4099 1747 4152 in
1791 4099 1895 4152 Do-

313 4195 464 4248 mino
494 4194 660 4261 digne
685 4194 889 4247 sanctis
913 4210 931 4246 :
962 4203 1017 4246 et
1040 4192 1316 4248 assistatis
1369 4192 1420 4246 ei
1455 4194 1506 4246 in
1563 4207 1892 4262 quocunque

309 4287 534 4354 negotio
565 4285 727 4338 vestri
756 4285 1054 4354 iudiguerit
1078 4300 1092 4344 ;
1115 4285 1318 4338 etenim
1360 4286 1473 4353 ipsa
1513 4299 1733 4352 quoque
1763 4283 1894 4336 asti-

309 4379 380 4432 tit
400 4378 611 4442 multis,
642 4388 700 4431 et
735 4378 871 4432 mihi
910 4379 1031 4447 ipsi.
1059 4378 1305 4432 Salutate
1332 4379 1578 4432 Priseam
1621 4388 1678 4432 et
1720 4379 1889 4446 Aqui-

305 4471 418 4526 lam
451 4472 736 4540 adjutores
771 4487 921 4524 meos
953 4471 1006 4525 in
1027 4472 1246 4524 Christo
1278 4469 1410 4525 Jesu
1433 4471 1549 4541 (qui
1579 4487 1677 4541 pro
1711 4473 1891 4524 anima
1926 4457 1968 4515 υ

309 4579 434 4618 unca
462 4578 594 4617 suas
613 4564 860 4617 cervices
891 4574 1300 4633 supposuerunt
1329 4583 1340 4612 2
1369 4564 1569 4630 quibus
1603 4580 1711 4617 non
1747 4565 1897 4620 solus

300 4671 414 4726 ego
439 4656 646 4724 gratias
675 4669 798 4724 ago,
827 4655 924 4709 sed
964 4666 1018 4709 et
1061 4665 1276 4709 cuncta:
1306 4655 1563 4710 Ecclesiae
1592 4658 1855 4728 gentiutn)
1879 4676 1896 4724 ;

302 4761 372 4805 et
401 4750 760 4804 domesticam
798 4749 1101 4805 Ecclesiam
1156 4747 1308 4820 [ωδε.
1352 4749 1649 4804 domestica
1705 4749 1894 4806 Eccle-

393 4865 420 4935 ’ί
444 4863 636 4931 Neque
673 4865 728 4917 in
754 4863 948 4918 Graeco
979 4878 1279 4933 pronomen
1301 4868 1395 4916 hoc
1422 4872 1662 4932 resonat,
1718 4880 1896 4935 neque

307 4934 371 4990 in
403 4934 654 4988 Palatino
687 4951 788 4988 ius.

389 5009 408 5038 ³
439 5006 516 5058 Ex
550 5003 753 5078 valesii
827 5003 1177 5078 lectionibus.
1214 5007 1335 5078 Δκαὶ
1389 5006 1672 5078 ἐκωλύθην
1729 5009 1892 5077 μέχρι

305 5075 430 5136 viii,
460 5077 666 5142 prodiit
720 5074 935 5134 Latine,
967 5084 1016 5146 et
1050 5075 1340 5140 prohibitus
1366 5092 1480 5129 sum
1516 5074 1676 5146 usque
1699 5074 1890 5142 adhuc,

306 5163 436 5211 qua:
465 5157 648 5199 tarnen
683 5147 850 5198 verba
883 5147 932 5196 in
966 5142 1214 5198 Palatino
1251 5162 1352 5199 lllS.
1384 5142 1606 5201 omnino
1659 5165 1766 5202 nou
1799 5150 1895 5202 ba-

307 5219 539 5270 bentur.

388 5287 408 5317 ³
449 5286 806 5360 Desideratur
838 5287 891 5338 in
945 5286 1192 5340 Palatino
1253 5303 1353 5360 ius.
1419 5288 1715 5360 Evangelii,
1750 5291 1892 5358 quod

310 5373 512 5410 nonum
538 5374 568 5410 e
603 5356 806 5409 Cnet-is
831 5372 1049 5424 qu0que
1079 5358 1358 5411 nonnullis
1389 5375 1516 5411 mss.
1539 5356 1712 5414 abest.

388 5427 409 5456 ⁵
444 5427 552 5479 l’ro
589 5429 675 5478 his
709 5431 910 5492 verbis,
955 5438 1010 5478 ut
1069 5429 1327 5497 udjuretis
1357 5447 1435 5481 me
1485 5431 1536 5480 in
1570 5433 1894 5487 orationibus

305 5500 499 5551 uestris
523 5514 619 5564 pro
647 5514 748 5559 me,
772 5508 906 5560 εις..
942 5498 994 5550 in
1033 5501 1279 5551 Palatino
1309 5515 1409 5552 ms.
1441 5501 1660 5569 legitur.
1695 5512 1752 5554 ut
1785 5504 1894 5556 sol-

314 5570 648 5620 licitudine."
711 5571 1090 5637 impertiamini
1137 5573 1262 5622 ini/ti
1297 5571 1351 5622 in
1405 5573 1732 5626 orationibus
1792 5590 1888 5639 pro

309 5656 419 5699 me,
453 5647 769 5707 etc.:qnod
828 5650 910 5691 est
971 5646 1186 5709 quidem
1241 5658 1466 5710 pttipltls
1506 5644 1570 5694 ad
1630 5645 1886 5698 Gneeum

312 5719 558 5771 textum,
594 5712 1068 5764 συναγωνίπασυαί
1121 5731 1215 5783 μοι
1273 5712 1490 5774 ἐν’ταῐς
1562 5717 1897 5785 προσευχαῖς

1998 3182 2278 3250 simplices
2307 3183 2362 3236 in
2390 3182 2559 3237 malo.
2597 3181 2739 3239 Deus
2777 3196 2963 3238 autem
3001 3190 3148 3254 pacis
3201 3194 3455 3240 conterat
3482 3185 3579 3240 Sa-

1999 3287 2180 3327 tanam
2211 3277 2312 3328 sub
2351 3274 2586 3343 pedibus
2614 3278 2810 3329 vestris
2841 3277 3124 3332 velociter.
3151 3276 3338 3331 Gratia
3360 3277 3576 3332 Domini

1997 3365 2170 3420 noStri
2214 3366 2346 3420 Jesu
2389 3366 2597 3422 Christi
2651 3369 2960 3422 vobiscum.
3016 3369 3231 3424 Salutat
3265 3383 3362 3424 vos
3395 3369 3579 3424 Timo-

1996 3461 2159 3515 theus
2206 3461 2420 3531 adiutor
2455 3475 2633 3525 meus,
2661 3472 2717 3515 et
2744 3461 2971 3525 Lucius,
3001 3473 3057 3515 et
3096 3461 3287 3526 Jason,
3338 3471 3394 3517 et
3425 3461 3579 3518 Sosi-

1997 3563 2174 3624 pater,
2204 3553 2422 3622 cognati
2475 3557 2605 3608 niei.
2652 3553 2846 3606 Saluto
2893 3569 2992 3607 vos
3021 3568 3124 3622 ego
3179 3554 3424 3618 Tertius,
3483 3560 3578 3622 qui

1997 3646 2194 3714 scripsi
2221 3645 2540 3713 epistolam,
2589 3645 2643 3697 in
2709 3645 2964 3699 Domino.
3028 3645 3246 3699 Salutat
3286 3661 3386 3701 vos
3411 3646 3579 3700 Caius

1999 3735 2199 3804 hospes
2230 3750 2412 3799 meus,
2473 3743 2530 3788 et
2578 3735 2836 3788 universa
2890 3735 3163 3789 Ecclesia.
3219 3735 3434 3791 Salutat
3475 3753 3574 3791 vos

1995 3826 2224 3880 Erastus
2252 3827 2500 3881 arcarius
2519 3826 2786 3891 civitatis,
2819 3836 2872 3880 et
2896 3825 3157 3892 Quartus,
3201 3824 3388 3881 frater.
3443 3827 3580 3884 Gra-

1979 3919 2072 3992 ‘tia
2105 3917 2320 3971 Domini
2341 3919 2512 3971 nostri
2540 3915 2667 3970 Jesu
2708 3917 2913 3972 Christi
2945 3934 3070 3972 eum
3105 3919 3367 3974 omnibus
3393 3920 3575 3976 vobis.

1997 4013 2192 4066 Amen.
2230 4013 2286 4064 Ei
2318 4021 2521 4076 autem,
2562 4011 2653 4081 qui
2699 4022 2894 4080 potens
2921 4020 3004 4065 est
3055 4013 3382 4066 continuare
3416 4012 3577 4084 iuxta

1997 4103 2355 4173 Evangeliuni
2391 4118 2595 4169 meum,
2621 4114 2674 4158 et
2697 4103 3142 4173 praedicationem
3186 4102 3315 4159 Jesu
3351 4103 3575 4169 Christi,

1997 4195 2303 4250 secundum
2335 4195 2726 4250 revelationem
2757 4195 2999 4265 mysterii
3025 4197 3370 4266 temporibus
3412 4205 3576 4252 ater-

1998 4290 2104 4353 nis,
2148 4288 2298 4341 taciti
2333 4289 2501 4356 (quod
2529 4304 2637 4341 non
2669 4288 2999 4356 patefactum
3029 4296 3115 4341 est
3143 4302 3238 4355 per
3259 4286 3576 4352 Scripturas

1999 4381 2394 4450 Prophetarum
2429 4379 2734 4434 secundum
2768 4388 3100 4449 praeceptum
3128 4380 3319 4434 aeterni
3354 4379 3474 4443 Dei,
3505 4382 3578 4436 ad

1999 4471 2386 4526 obeditionem
2455 4469 2628 4539 tidi-i),
2665 4471 2718 4524 in
2773 4471 2990 4526 cunctis
3031 4469 3290 4541 gentibus
3347 4473 3578 4542 cogniti,

1999 4566 2104 4621 soli
2154 4565 2276 4638 [ηαδ.
2308 4564 2531 4633 cognito
2576 4562 2721 4634 solo]
2790 4564 3026 4633 sapienti
3079 4563 3192 4616 Deo
3243 4577 3338 4632 per
3389 4561 3582 4618 Jesum

1979 4657 2314 4716 'Christum:
2350 4658 2435 4711 cui
2469 4658 2644 4710 honor
2676 4666 2732 4711 et
2762 4655 2935 4722 gloria
2996 4655 3050 4708 in
3091 4655 3291 4710 saecula
3349 4657 3587 4712 Saecuio-

1999 4765 2142 4806 rum.
2177 4749 2370 4805 Amen.

2000 4865 2144 4932 ὑπὲρ
2176 4864 2312 4934 ἐμοῦ
2335 4865 2471 4934 πρὸς
2496 4863 2590 4916 τὸν
2618 4865 2778 4929 Θεὸν,
2813 4880 2864 4915 κ.
2894 4862 3026 4934 τελ.

2072 4938 2093 4968 ⁵
2122 4931 2330 4989 Nomen
2359 4931 2508 4996 Jesu,
2535 4937 2624 4991 hic
2652 4937 2751 4990 loci
2778 4950 2904 4988 cum
2927 4933 3140 4989 Graecis
3179 4932 3338 4988 libris
3376 4931 3578 4990 Palati-

2000 5023 2107 5062 nus
2139 5020 2358 5071 quoque
2387 5023 2488 5059 ms.
2521 5015 2686 5060 tacet.

2075 5077 2094 5107 ⁶
2125 5075 2240 5128 Non
2265 5075 2418 5146 addit
2443 5076 2724 5130 Palatinus
2749 5089 2853 5129 ms.
2889 5075 3067 5138 domo,
3115 5076 3269 5146 juxta
3323 5073 3576 5146 Graecum

2000 5158 2232 5208 textum,
2265 5145 2408 5216 quod
2440 5157 2620 5201 tamen
2670 5161 2868 5200 nomen
2936 5139 3384 5217 subint'clligitur.
3451 5139 3576 5196 Mox

2002 5223 2124 5289 plus
2145 5220 2196 5269 in
2235 5211 2426 5270 eodem
2453 5218 2848 5289 ms.habetur,
2871 5233 2994 5289 qua;
3038 5211 3570 5289 inuitauiijuborant,

2001 5285 2145 5358 quod
2179 5302 2360 5358 tamen
2400 5288 2725 5340 adverbium
2773 5285 3032 5342 secundis
3074 5286 3145 5358 ib_i
3185 5285 3434 5358 additum
3489 5291 3578 5358 est

2001 5350 2172 5421 curis,
2198 5371 2254 5413 et
2279 5357 2499 5412 Graecus
2527 5359 2644 5426 ipse
2665 5368 2844 5412 textus
2877 5359 3066 5411 nescit.
3114 5356 3358 5422 Denique
3390 5350 3579 5426 Persi-

2001 5432 2123 5484 dam
2158 5420 2255 5497 pro
2297 5420 2580 5482 Persidem
2609 5429 2828 5498 legitur,
2869 5439 2928 5481 ut
2976 5437 3030 5482 et
3077 5429 3244 5496 paulu
3274 5420 3397 5492 post
3437 5420 3578 5474 Hero

2001 5519 2146 5560 lltml,
2183 5515 2281 5566 pro
2308 5497 2564 5556 Heruteu.

2077 5563 2339 5623 7libellus
2369 5571 2586 5635 abillis,
2625 5586 2724 5638 pro
2789 5569 2851 5622 ab
2912 5567 3055 5628 aliis,
3111 5579 3235 5619 cum
3288 5563 3344 5617 in
3389 5564 3582 5619 Greco

2003 5653 2120 5695 tum
2158 5644 2212 5693 in
2243 5643 2491 5694 Palatino
2537 5642 2890 5708 ms.ilegitur.
2921 5639 3091 5708 Paulo
3150 5645 3276 5704 post
3313 5638 3580 5690 reticetur

2005 5723 2202 5773 nostra,
2233 5714 2324 5764 ubi
2369 5712 2597 5774 dicitur,
2628 5707 2760 5763 Jesu
2809 5707 3015 5762 Christo
3047 5707 3272 5762 Domino
3305 5716 3488 5761 nostro

1174 5806 1410 5879 L'aplicil
1443 5804 1684 5875 Episrclu
1744 5804 1806 5860 Β.
1842 5805 2003 5862 Pauli
2051 5805 2273 5878 aposwli
2311 5805 2375 5856 ad
2441 5804 2744 5864 Romanos.
