3946 6170
449 299 559 365 783

1413 300 1470 360 S.
1502 296 1935 357 IIIERONYMI
1982 294 2258 357 DlYlNA
2306 292 2835 357 B‘IBLIOTHECA.
3549 296 3634 358 784

1180 620 1350 730 Β.
1430 617 1985 728 PAULI
2061 610 2959 726 APOSTOLI

1929 827 2224 887 INCIPIT

534 1004 1658 1199 EPISTOLA
1788 976 2082 1188 AI)
2250 1015 3545 1193 COBINTHIOS

1904 1307 2218 1387 PRIMA

514 1632 670 1704 [ϐαρ.
708 1632 751 1686 l.
788 1631 803 1701 1
831 1629 1053 1693 Paulus,
1088 1637 1316 1683 vocatus
1339 1626 1618 1696 apostolus
1640 1624 1765 1679 Iesu
1804 1621 2009 1677 Christi
2043 1625 2087 1681 Α
2115 1619 2347 1675 cationis
2375 1619 2554 1674 salvos
2590 1618 2771 1674 facere
2793 1619 3124 1675 credentes:
3158 1619 3418 1686 Quoniam
3434 1632 3483 1675 et
3507 1620 3647 1676 Iudzri

442 1740 540 1787 per
577 1722 917 1777 voluntatem
946 1722 1063 1787 Dei,
1089 1729 1145 1775 et
1178 1719 1479 1774 Sosthenes
1513 1716 1699 1781 frater,
1758 1713 2016 1769 Ecclesiae

444 1815 698 1884 Dei,qu:e
729 1812 1098 1877 estCorinthi,
1138 1809 1494 1867 sanctiﬁcatis
1526 1807 1581 1861 in
1610 1806 1828 1862 Christo
1858 1805 2014 1866 Iesu,

441 1906 651 1960 vocatis
677 1906 905 1967 sanctis,
937 1918 1059 1957 cum
1090 1903 1369 1967 omnibus,
1400 1900 1491 1968 qui
1526 1899 1783 1953 invocant
1814 1909 2015 1949 nomen

442 1998 655 2053 Domini
686 1998 854 2052 nostri
887 1997 1013 2051 Iesu
1040 1995 1267 2058 Christi,
1302 1996 1357 2047 iu
1393 1992 1543 2047 omni
1570 1992 1692 2045 loco
1747 1990 2014 2059 ipsorum,

438 2098 497 2142 et
522 2098 729 2142 nostro.
756 2088 944 2143 Gratia
972 2088 1125 2141 vobis
1150 2095 1204 2139 et
1237 2101 1338 2155 pax
1378 2100 1406 2137 a
1473 2084 1581 2138 Deo
1615 2083 1776 2138 Patre
1805 2090 2015 2145 nostro,

438 2190 496 2235 et
522 2180 754 2236 Domino
781 2180 907 2235 Iesu
942 2179 1183 2233 Christo.
1220 2177 1433 2231 Gratias
1459 2191 1558 2246 ago
1592 2176 1701 2229 Deo
1734 2189 1855 2228 meo
1876 2188 2018 2227 sem-

442 2289 539 2341 per
576 2288 675 2342 pro
702 2272 858 2327 vobis
883 2274 936 2326 in
974 2271 1146 2340 gratia
1180 2269 1298 2332 Dei,
1328 2284 1448 2337 quae
1483 2267 1605 2321 data
1641 2276 1725 2320 est
1755 2265 1911 2320 vobis
1960 2264 2018 2318 in

439 2364 661 2443 Christo
688 2364 819 2419 Iesu
844 2378 860 2419 :
882 2363 1029 2433 quod
1050 2362 1103 2416 in
1138 2362 1395 2416 omnibus
1424 2361 1620 2415 divites
1651 2360 1775 2413 facti
1807 2358 1941 2413 estis
1961 2358 2017 2412 in

442 2458 558 2520 illo,
586 2458 639 2511 in
671 2458 821 2511 omni
854 2457 1043 2519 verbo,
1080 2464 1135 2509 et
1168 2456 1222 2508 in
1251 2454 1400 2508 omni
1457 2451 1684 2507 scientia
1715 2470 1728 2505 :
1764 2451 1908 2505 sicut
1942 2460 2019 2504 ιε·

439 2550 758 2605 stimonium
813 2549 1017 2605 Christi
1054 2549 1439 2602 conﬁrmatum
1491 2553 1573 2600 est
1605 2546 1659 2598 in
1714 2544 1915 2598 vobis:
1947 2542 2019 2597 ita

442 2643 579 2696 nihil
613 2642 769 2696 vobis
794 2642 937 2695 desit
957 2642 1008 2693 in
1035 2641 1142 2694 ulla
1172 2639 1365 2709 gratia,
1388 2636 1835 2706 exspectantibus
1866 2648 2021 2690 reve-

443 2736 701 2788 Iationem
729 2734 945 2787 Domini
982 2732 1151 2785 nostri
1176 2730 1302 2784 Iesu
1340 2730 1570 2784 Christi.
1600 2728 1803 2782 Fidelis
1833 2728 1976 2783 Deus
2001 2743 2015 2779 :

441 2843 540 2895 per
568 2842 731 2895 quem
765 2824 943 2879 vocati
979 2822 1190 2882 estisin
1233 2822 1552 2899 societatem
1589 2819 1707 2873 Filii
1744 2820 1865 2888 ejus
1890 2816 2019 2871 Iesu

439 2918 641 2973 Christi
691 2918 901 2971 Domini
932 2914 1128 2970 nostri.
1160 2912 1403 2969 Obsecro
1439 2922 1620 2965 autem
1655 2925 1772 2972 vos.
1796 2912 2012 2974 fratres,

442 3025 537 3075 per
564 3025 764 3063 nomen
798 3007 1010 3063 Domini
1037 3006 1214 3061 nostri
1244 3003 1371 3061 Iesu
1389 3004 1596 3059 Chriin
1637 3019 1652 3058 :
1684 3013 1741 3057 ut
1777 3001 2012 3071 idipsum
2047 2984 2090 3041 Β

440 3101 636 3155 dicatis
654 3116 864 3163 omnes,
892 3108 1072 3154 etnon
1096 3099 1203 3153 sint
1237 3098 1293 3151 in
1325 3097 1479 3151 vobis
1508 3096 1810 3151 schismata
1848 3115 1860 3149 :
1892 3096 2011 3149 sitis

426 3202 622 3246 autem
653 3191 883 3260 perfecti
910 3192 961 3242 in
1014 3192 1203 3244 eodem
1238 3204 1424 3251 sensu,
1452 3199 1507 3242 et
1538 3190 1591 3241 in
1641 3188 1835 3242 eadem
1887 3203 2013 3240 sen-

426 3284 612 3336 tentia
640 3283 680 3335 ί.
721 3281 1099 3349 Signiﬁcatum
1132 3287 1215 3334 est
1243 3280 1391 3334 enim
1423 3279 1554 3332 mihi
1588 3279 1654 3332 de
1688 3279 1864 3341 vobis,
1899 3276 2012 3331 fra-

440 3387 553 3430 tres
585 3376 715 3438 mei,
739 3375 807 3428 ab
845 3375 909 3428 iis
939 3374 1031 3442 qui
1059 3383 1187 3428 sunt
1210 3372 1431 3437 Chloes,
1460 3372 1585 3440 quia
1628 3372 2012 3426 contentiones

440 3476 568 3520 sunt
598 3467 741 3521 inter
773 3481 891 3520 vos.
922 3466 1035 3520 Hoc
1060 3475 1239 3519 autem
1268 3465 1413 3527 dico,
1447 3463 1591 3533 quod
1630 3463 2011 3532 unusquisque

442 3568 685 3613 vestrum
707 3557 880 3614 dicit:
915 3557 1027 3626 Ego
1053 3555 1273 3625 quidem
1300 3570 1419 3611 sum
1452 3556 1657 3614 Pauli:
1695 3569 1796 3624 ego
1828 3563 2011 3609 autem

436 3651 633 3720 Apollo
664 3666 680 3705 :
719 3665 820 3720 ego
850 3664 979 3704 vero
1001 3649 1198 3717 Cepha:
1228 3665 1243 3702 :
1276 3662 1377 3717 ego
1399 3658 1581 3702 autem
1610 3646 1837 3703 Christi.
1867 3647 2015 3701 Divi-

436 3758 534 3797 sus
567 3752 652 3797 est
685 3740 975 3796 Christus?
1017 3739 1273 3808 Nunquid
1328 3737 1529 3793 Paulus
1578 3739 1877 3794 cruciﬁxus
1932 3748 2013 3793 est

442 3851 539 3902 pro
579 3833 765 3888 vobis?
798 3833 976 3887 autin
1032 3832 1255 3887 nomine
1306 3831 1455 3885 Pauli
1519 3831 1781 3901 baptizati
1834 3832 2013 3888 estis!

438 3927 655 3982 Gratias
686 3942 788 3997 ago
824 3926 954 3991 Deo,
992 3924 1139 3995 quod
1164 3926 1441 3980 neminem
1464 3934 1706 3979 vestrum
1742 3925 2011 3993 baptizari

438 4019 544 4073 nisi
576 4018 830 4087 Crispum
860 4026 916 4072 et
947 4016 1138 4073 Caium
1178 4034 1193 4071 :
1225 4033 1294 4072 ne
1316 4019 1441 4086 quis
1475 4016 1622 4072 dicat
1648 4018 1796 4086 quod
1831 4018 1884 4071 in
1917 4033 2016 4072 no-

438 4111 587 4167 mine
621 4125 745 4165 meo
784 4110 1043 4180 baptizati
1075 4109 1209 4165 estis
1245 4110 1372 4182 ima.
1399 4108 1565 4173 sitisl.
1601 4108 1881 4178 Baptizavi
1912 4127 2013 4165 au-

440 4214 547 4258 tem
576 4211 633 4258 et
661 4202 952 4272 Stephanae
980 4202 1207 4257 domum
1237 4218 1249 4254 :
1279 4212 1537 4257 cancrum
1569 4202 1756 4257 nescio
1781 4203 1826 4255 si
1848 4218 2012 4271 quem

438 4295 605 4349 alium
644 4294 1057 4365 baptizaverim.
1096 4293 1214 4349 Non
1265 4295 1411 4348 enim
1449 4294 1599 4350 misit
1622 4309 1707 4349 me
1759 4294 2013 4351 Christus

439 4389 736 4458 baptizare,
766 4388 861 4443 sed
887 4387 1297 4457 evangelizare‘.
1318 4404 1425 4441 non
1452 4387 1507 4441 in
1540 4387 1807 4456 sapientia
1832 4388 2006 4453 verbi,

435 4490 498 4535 ut
524 4495 632 4536 non
667 4490 965 4535 evacuetur
993 4494 1127 4532 crux
1160 4478 1387 4532 Christi.
1421 4477 1658 4532 Verbum
1700 4479 1848 4532 enim
1884 4492 2008 4531 cru-

436 4575 538 4636 cis,
568 4571 928 4641 pereuntibus
972 4570 1193 4639 quidem
1252 4569 1460 4623 sultitia
1504 4578 1589 4624 est
1625 4588 1639 4623 :
1692 4569 1760 4623 iis
1802 4580 2012 4633 autem,

438 4667 531 4733 qui
562 4663 695 4718 salvi
725 4662 862 4716 ﬁunt
891 4702 906 4727 ,
939 4661 991 4715 id
1026 4672 1111 4714 est
1153 4660 1333 4722 nobis.
1363 4660 1455 4718 Dei
1492 4660 1667 4714 virtus
1700 4670 1804 4715 est.
1863 4658 2014 4714 Scri-

440 4764 590 4823 ptum
615 4761 700 4807 est
725 4752 868 4806 enim
905 4768 921 4805 :
956 4752 1187 4806 Perdam
1221 4751 1545 4819 sapientiam
1579 4750 1932 4819 sapientium,
1958 4758 2015 4804 et

438 4844 783 4916 prudentiam
817 4842 1172 4912 prudentium
1206 4840 1532 4911 reprobabo.
1590 4839 1693 4897 Ubi
1750 4841 2017 4909 sapiens?

441 4937 531 4991 ubi
560 4936 740 4990 scriba
771 4933 793 4988 2
819 4934 911 4988 ubi
955 4933 1297 5003 conquisitor
1326 4930 1485 5002 hujus
1538 4931 1779 4986 seculi?
1820 4931 2014 4987 Nonne

439 5029 661 5084 stultam
688 5028 816 5081 fecit
865 5029 1007 5083 Deus
1032 5028 1354 5097 sapientiam
1389 5027 1553 5098 hujus
1588 5025 1777 5080 mundi
1808 5026 1831 5081 ἳ
1875 5025 2012 5080 Nam

437 5122 567 5191 quia
603 5121 658 5175 in
680 5120 774 5174 Dei
809 5120 1072 5189 sapientia
1120 5134 1227 5174 non
1259 5120 1513 5189 cognovit
1534 5118 1770 5181 mundus
1801 5134 1897 5188 per
1927 5133 2012 5172 sa~

439 5215 703 5285 pientiam
735 5214 902 5268 Deum
934 5222 950 5267 :
980 5213 1185 5283 placuit
1220 5211 1327 5269 Deo
1357 5226 1454 5281 per
1471 5212 1758 5267 stultitiam
1812 5210 2010 5281 praedi-

515 5395 530 5426 ¹
559 5393 1033 5460 Quemadmodum
1076 5393 1127 5447 in
1156 5390 1349 5463 Greece
1373 5388 1596 5463 quidam
1620 5389 2007 5463 ωεεεγνώσει,

441 5479 541 5534 pro
566 5465 765 5533 γνῶμη
799 5465 1116 5533 praeierunt,
1147 5465 1219 5534 ita
1248 5472 1301 5516 et
1317 5461 1557 5534 Palati".
1586 5475 1690 5514 ms.
1722 5462 1812 5515 hic
1834 5463 2012 5514 scien-

443 5532 516 5588 iiu
569 5535 733 5590 habet
756 5532 859 5603 pro
886 5535 1166 5589 sententia.
1199 5532 1485 5586 Paululum
1513 5546 1733 5600 quoque
1759 5546 1888 5585 mox
1916 5545 2013 5584 va-

439 5615 548 5657 riat
575 5607 711 5674 quod
742 5607 1098 5659 contentiones
1126 5605 1230 5658 sint
1262 5604 1397 5657 inter
1417 5616 1547 5674 vos,
1581 5610 1690 5655 etc.

511 5679 530 5707 ³
565 5670 832 5729 Secundis
855 5678 1023 5740 curis,
1060 5690 1235 5743 neque
1278 5684 1459 5737 tamen
1495 5670 1550 5729 itl
1587 5676 1755 5738 recte,
1793 5670 2010 5728 additur

434 5744 490 5797 in
521 5744 767 5800 Palatina
799 5760 900 5798 ms.
936 5748 1023 5800 hic
1054 5744 1166 5800 Dei.

1801 5872 1804 5876 .
1818 5866 1869 5875 ...α

2120 1714 2271 1781 signa
2308 1721 2522 1781 petunt,
2550 1720 2605 1766 et.
2631 1711 2804 1768 Graeci
2856 1712 3178 1781 sapientiam
3237 1722 3516 1781 quaerunt:
3570 1730 3651 1767 nos

2119 1813 2299 1857 autem
2328 1802 2690 1872 praedicamus
2740 1801 3020 1857 Christum
3069 1802 3436 1856 crucifixum:
3488 1802 3655 1857 Iudazis

2119 1895 2341 1964 quidem
2359 1894 2703 1958 scandalum,
2731 1894 2983 1962 gentibus
3012 1904 3193 1948 autem
3224 1896 3520 1959 stultitiam,
3542 1895 3649 1963 ipsis

2119 1995 2302 2041 autem
2332 1989 2539 2043 vocatis
2572 1986 2776 2043 Iudmis
2818 1997 2983 2055 atque
3006 1986 3235 2051 Graecis,
3278 1988 3538 2042 Christum
3578 1987 3649 2041 Dei

2120 2080 2404 2144 virtutem,
2445 2086 2501 2132 et
2534 2078 2978 2149 Deisapientiam
3023 2096 3037 2132 :
3091 2082 3219 2148 quia
3277 2080 3417 2149 quod
3461 2079 3651 2133 stultum

2121 2184 2204 2229 est
2235 2172 2352 2236 Dei,
2388 2172 2692 2242 sapientius
2721 2181 2807 2226 est
2858 2170 3171 2225 hominibus
3199 2188 3212 2225 :
3245 2180 3303 2224 et
3351 2177 3487 2240 quod
3530 2172 3657 2223 inﬁr-

2122 2283 2267 2323 mum
2302 2276 2387 2322 est
2425 2266 2542 2331 Dei,
2580 2266 2775 2320 fortius
2799 2276 2884 2321 est
2923 2265 3259 2319 hominibus.
3316 2265 3493 2319 Videte
3534 2266 3653 2317 enim

2121 2359 2466 2415 vocationem
2504 2367 2766 2422 vestram,
2802 2358 3030 2422 fratres,
3078 2357 3205 2426 quia
3253 2373 3358 2411 non
3391 2358 3531 2410 multi
3586 2372 3659 2411 sa-

2120 2453 2336 2521 pientes
2373 2450 2675 2505 secundum
2736 2465 2980 2515 carnem,
3048 2464 3157 2502 non
3215 2449 3372 2503 multi
3423 2456 3657 2517 potentes.

2122 2560 2228 2599 non
2260 2543 2417 2597 multi
2442 2544 2655 2599 nobiles
2697 2560 2709 2596 :
2733 2542 2826 2597 sed
2855 2558 2974 2611 qna-
2997 2543 3159 2597 stulta
3191 2552 3323 2598 sunt
3352 2542 3547 2607 mundi,
3571 2542 3663 2595 ele-

2121 2638 2199 2708 git
2234 2638 2395 2702 Deus,
2433 2648 2489 2691 ut
2525 2635 2828 2691 confundat
2860 2637 3159 2705 sapientes,
3185 2647 3241 2690 et
3277 2636 3481 2691 inﬁrma
3503 2633 3659 2688 mundi

2120 2729 2287 2799 elegit
2319 2728 2483 2793 Deus,
2559 2738 2619 2782 ut
2683 2728 2984 2782 confundat
3050 2727 3266 2783 fortia:
3322 2736 3377 2783 et
3440 2724 3663 2797 ignobilia

2123 2823 2339 2886 mundi,
2374 2830 2430 2875 et
2470 2818 2910 2889 contemptibilia
2963 2819 3129 2889 elegit
3162 2819 3327 2885 Deus,
3360 2828 3415 2873 et
3457 2834 3513 2873 ea
3561 2831 3662 2885 quae

2124 2929 2232 2969 non
2262 2923 2412 2977 sunt,
2443 2923 2502 2967 ut
2534 2927 2599 2967 ea
2638 2928 2757 2982 qua:
2787 2920 2942 2975 sunt,
2971 2912 3289 2967 destrueret
3316 2930 3330 2969 :
3366 2921 3424 2967 ut
3447 2927 3544 2965 non
3567 2910 3663 2980 gloo

2122 3003 2298 3062 rie’tur
2344 3006 2526 3059 omnis
2554 3019 2683 3059 caro
2714 3004 2768 3063 in
2804 3015 3107 3074 conspectu
3144 3007 3289 3073 ejus.
3323 3005 3396 3057 Ex
3426 3006 3533 3073 ipso
3578 3016 3660 3055 au-

2124 3108 2229 3153 tem
2267 3113 2363 3153 vos
2392 3098 2525 3152 estis
2566 3098 2621 3151 in
2643 3096 2866 3152 Christo
2887 3095 3039 3162 Iesu,
3075 3100 3167 3166 qui
3201 3097 3382 3151 factus
3410 3106 3488 3151 est
3530 3094 3667 3149 nobis

2122 3192 2387 3259 sapientia
2409 3208 2434 3243 ει
2462 3192 2592 3255 Deo,
2612 3191 2984 3260 etjustitia,et
3001 3189 3387 3252 sanctiﬁcatio,
3410 3199 3462 3242 et
3484 3188 3665 3240 redem-

2124 3285 2239 3354 ptio
2263 3300 2276 3337 :
2298 3294 2353 3337 ut
2382 3283 2841 3352 quemadmodum
2870 3283 3136 3350 scriptum
3157 3293 3246 3336 est
3286 3299 3300 3337 :
3324 3280 3669 3351 Quigloriatur

2125 3380 2178 3433 in
2215 3380 2442 3431 Domino
2472 3378 2756 3447 glorietur.

2195 3471 2354 3542 \Cap.
2387 3467 2478 3539 IL]
2531 3468 2597 3521 Et
2630 3484 2752 3537 ego,
2787 3483 2912 3522 cum
2935 3470 3208 3523 venissem
3241 3468 3309 3522 ad
3340 3483 3455 3530 vos,
3481 3467 3669 3523 fratres.

2122 3564 2246 3617 veni
2283 3577 2391 3614 non
2435 3560 2487 3614 in
2523 3559 2861 3614 sublimitate
2904 3560 3198 3624 sermonis,
3250 3570 3345 3612 aut
3400 3558 3667 3625 sapientiae.

2123 3653 2454 3707 annuntians
2487 3652 2639 3705 vobis
2694 3651 3067 3705 testimonium
3116 3650 3345 3705 Christi.
3396 3650 3509 3704 Non
3547 3646 3667 3700 enim

2118 3744 2358 3816 jndicavi
2392 3758 2477 3797 me
2495 3744 2635 3797 scire
2667 3741 2873 3807 aliquid
2905 3743 3048 3795 inter
3066 3757 3183 3803 vos,
3208 3742 3317 3796 nisi
3344 3741 3521 3796 Iesum
3540 3739 3672 3792 Chri-

2124 3846 2268 3892 stum
2305 3843 2362 3890 et
2398 3840 2541 3887 hunc
2578 3833 2918 3888 cruciﬁxum.
2945 3832 3011 3886 Et
3040 3847 3139 3901 ego
3164 3831 3222 3885 in
3285 3830 3602 3892 inﬁrmitate,
3624 3834 3671 3881 et

2124 3929 2341 3995 timore,
2378 3937 2437 3984 et
2471 3936 2710 3983 tremore
2742 3927 2911 3980 multo
2944 3924 3019 3979 fui
3053 3924 3199 3995 apud
3237 3941 3338 3980 vos
3375 3934 3464 3978 :et
3519 3933 3672 3976 sermo

2124 4036 2299 4086 meus,
2333 4027 2387 4074 et
2443 4018 2762 4089 prtedicatio
2814 4033 2953 4083 mea,
2982 4032 3093 4070 non
3135 4016 3191 4069 in
3248 4012 3673 4086 persuasibilibus

2124 4112 2377 4167 humanae
2416 4109 2699 4180 sapientia:
2723 4108 2926 4174 verbis,
2957 4109 3054 4163 sed
3086 4107 3141 4161 in
3186 4108 3504 4162 ostensione
3535 4103 3700 4173 spiriv

2124 4206 2266 4259 ritus
2294 4217 2347 4258 et
2382 4202 2602 4258 virtutis
2631 4203 2651 4233 ³
2686 4220 2701 4255 :
2738 4209 2795 4254 ut
2828 4199 2962 4255 ﬁdes
2991 4211 3171 4254 vestra
3232 4215 3346 4254 non
3377 4199 3447 4252 sit
3503 4199 3552 4248 in
3596 4209 3671 4247 sa-

2123 4297 2330 4368 pientia
2362 4296 2665 4359 hominum,
2715 4294 2808 4348 sed
2830 4294 2882 4347 in
2944 4296 3147 4347 virtute
3192 4292 3314 4346 Dei.
3370 4289 3670 4360 Sapientiam

2115 4400 2298 4444 autem
2334 4387 2774 4458 loquimurinter
2834 4384 3110 4454 perfectos
3151 4383 3513 4452 :sapientiam
3561 4393 3669 4431 vero

2118 4498 2223 4538 noir
2255 4483 2422 4548 hujus
2453 4481 2662 4546 saeculi,
2704 4496 2882 4549 neque
2915 4480 3227 4547 principum
3266 4478 3431 4544 hujus
3487 4472 3670 4534 Sa'culi,

2117 4574 2214 4644 qui
2266 4576 2631 4629 destruuntur
2694 4590 2709 4629 ;
2760 4573 2854 4628 sed
2909 4573 3190 4641 loquimur
3225 4573 3319 4626 Dei
3380 4568 3670 4639 sapientiam

2118 4667 2173 4721 in
2211 4667 2491 4737 mysterio,
2534 4680 2656 4735 quae
2709 4664 3027 4720 abscondita
3064 4674 3168 4729 est,
3214 4680 3385 4734 quam
3427 4658 3676 4733 praedesti-

2119 4760 2271 4814 navit
2300 4760 2445 4815 Deus
2475 4768 2602 4813 ante
2625 4758 2824 4813 sarcula
2863 4757 2915 4810 in
2977 4757 3207 4826 gloriam
3238 4767 3504 4819 nostram,
3532 4766 3671 4821 quam

2118 4868 2279 4909 nemo
2305 4852 2617 4922 principum
2644 4852 2810 4919 hujus
2845 4851 3030 4905 saeculi
3085 4851 3350 4920 cognovit
3384 4866 3396 4901 :
3451 4848 3495 4902 si
3550 4844 3671 4899 eiiiui

2117 4943 2527 5013 cognovissent,
2545 4959 2827 5012 nunquam
2860 4943 3151 4996 Dominum
3183 4943 3377 5010 gloriae
3399 4936 3673 4994 crucilixis-

2117 5045 2257 5091 sent.
2292 5036 2397 5091 Sed
2425 5036 2568 5090 sicut
2601 5036 2865 5104 scriptum
2906 5043 2990 5088 est
3024 5034 3045 5065 ⁸
3074 5052 3089 5089 :
3122 5032 3283 5099 Quod
3340 5031 3526 5087 oculus
3583 5041 3671 5080 non

2118 5127 2274 5193 vidit,
2306 5143 2407 5181 nec
2442 5130 2594 5181 auris
2625 5125 2857 5189 audivit,
2891 5140 2991 5180 nec
3026 5126 3081 5179 in
3109 5141 3203 5180 cor
3237 5123 3480 5180 hominis
3501 5132 3671 5175 ascen-

2118 5222 2219 5284 dit,
2250 5236 2371 5291 quae
2399 5222 2726 5290 praeparavit
2760 5218 2903 5274 Deus
2925 5219 2991 5273 iis
3045 5219 3135 5287 qui
3200 5217 3444 5286 diligunt
3492 5213 3627 5267 illum
3657 5225 3670 5263 :

2190 5400 2210 5432 ³
2238 5399 2464 5455 Duobus
2496 5400 2647 5455 hisce
2692 5400 2990 5456 versiculis
3017 5418 3085 5455 ex
3109 5400 3247 5455 Isaia
3283 5415 3407 5468 cap.
3442 5410 3556 5468 thv
3577 5392 3678 5447 lau-

2115 5471 2261 5526 datis
2288 5472 2342 5524 in
2374 5471 2621 5525 Palatino
2660 5486 2764 5525 ms.
2807 5474 2952 5526 oheli
2983 5473 3181 5536 praeﬁxi
3226 5466 3381 5525 sunt.
3443 5466 3677 5536 Αιῃίιιυει·

2116 5542 2233 5596 rius
2260 5556 2360 5611 cur
2398 5543 2451 5611 id
2481 5540 2695 5604 fecerit,
2731 5540 2889 5595 facile
2933 5534 3205 5611 intelliges
3246 5556 3317 5593 ex
3363 5542 3477 5607 ipso
3509 5534 3673 5608 llic-ro-

2116 5626 2280 5683 nymo
2311 5604 2364 5665 iri
2391 5610 2821 5683 Commentariis
2859 5612 2926 5666 ad
2959 5604 3140 5665 illum'
3172 5611 3332 5665 Isaia:
3379 5604 3573 5683 locum.
3626 5604 3672 5651 in

2114 5675 2304 5753 quem,
2332 5683 2377 5737 si
2410 5684 2541 5736 tanti
2578 5679 2726 5749 sunt,
2780 5683 2984 5737 vidcsts
3009 5697 3063 5737 et
3089 5696 3205 5752 quae
3240 5696 3343 5736 nos
3368 5675 3670 5733 notavimus-
