3946 6170
291 352 394 414 ’735

1373 353 1434 416 S.
1472 352 1705 415 PAULI
1752 351 2000 417 EPIST.
2041 380 2063 414 ι
2110 356 2211 416 AD
2251 356 2421 421 C(lR.

3424 347 3531 411 786

282 464 442 519 nobis
467 470 647 516 autem
685 461 950 517 revelavit
979 462 1124 517 Deus
1181 473 1278 532 per
1334 460 1586 530 Spiritum
1643 479 1804 520 suum
1842 480 1855 517 :
1890 470 1933 524 Α
1966 465 2037 518 tia
2075 480 2285 521 eormn.
2320 467 2387 521 Et
2414 466 2611 521 iterum
2650 481 2663 519 :
2715 463 2978 518 Dominus
3004 464 3155 517 novit
3184 461 3541 533 cogitationes

282 556 521 623 Spiritus
571 554 721 609 enim
750 554 931 608 omnia
990 560 1294 616 scrutatur,
1364 552 1526 605 etiam
1587 553 1856 623 profunda

282 648 395 701 Dei.
430 646 565 712 Quis
602 647 748 701 enim
777 646 1061 701 hominum
1093 644 1198 700 scit
1244 659 1364 714 qua:
1413 655 1540 699 sunt
1596 645 1855 711 hominis,

278 736 379 789 nisi
415 735 648 803 spiritus
687 735 946 801 hominis,
978 738 1070 807 qui
1106 738 1159 792 in
1192 738 1310 808 ipso
1343 750 1428 796 est
1457 742 1479 795 ?
1506 742 1577 795 ita
1628 754 1681 797 et
1736 758 1857 811 quae

278 826 367 880 Dei
405 834 558 892 sunt,
599 842 771 882 nemo
806 829 1088 898 cognovit,
1128 830 1233 887 nisi
1267 831 1526 902 [Spiritus
1584 834 1698 888 Dei.
1751 834 1861 889 Nos

274 927 460 972 autem
492 933 602 973 non
634 919 892 989 spiritum
925 920 1088 992 hujus
1130 923 1320 978 mundi
1378 926 1710 994 accepimus,
1763 925 1857 981 sed

277 1009 541 1075 Spiritum
573 1011 669 1080 qui
705 1026 771 1065 ex
805 1012 918 1067 Deo
969 1022 1071 1077 est,
1114 1022 1174 1069 ut
1220 1015 1457 1070 sciamus
1504 1032 1625 1084 qua:
1663 1031 1691 1069 a
1750 1015 1860 1070 Deo

275 1102 478 1155 donata
514 1110 643 1157 sunt
676 1102 871 1159 nobis:
903 1119 1025 1174 qua:
1055 1114 1112 1161 et
1144 1105 1423 1176 loquimur
1456 1123 1561 1161 non
1600 1108 1655 1161 in
1685 1106 1861 1163 doctis

277 1194 529 1248 humana:
562 1194 844 1264 sapientiae
871 1196 1082 1260 verbis,
1113 1186 1209 1253 sed
1245 1199 1297 1252 in
1328 1198 1573 1254 doctrina
1600 1199 1856 1269 Spiritus,

275 1285 653 1353 spiritualibus
681 1287 988 1358 spiritualia
1018 1299 1427 1360 comparantes.
1460 1292 1727 1347 Animalis
1754 1309 1856 1347 au-

275 1378 379 1431 tem
415 1375 582 1431 homo
617 1393 723 1433 non
754 1379 984 1450 percipit
1013 1396 1076 1435 ea
1107 1397 1227 1451 quae
1263 1391 1394 1436 sunt
1428 1382 1666 1452 Spiritus
1704 1384 1795 1439 Dei
1828 1399 1843 1437 :

276 1467 504 1522 stultitia
531 1468 679 1522 enim
706 1478 791 1524 est
812 1470 982 1532 illi.et
1005 1486 1111 1524 non
1140 1479 1322 1541 potest
1355 1473 1659 1543 intelligere
1688 1476 1853 1544 :quia

275 1559 640 1627 spiritualiter
671 1560 1039 1617 examinatur.
1075 1561 1394 1632 Spiritualis
1432 1575 1614 1619 autem
1644 1566 1855 1636 judicat

275 1650 458 1702 omnia
485 1667 499 1703 ε
527 1657 583 1704 et
615 1650 732 1719 ipse
768 1666 798 1705 a
823 1651 1040 1705 nemine
1062 1652 1367 1721 judicatur.
1394 1652 1530 1719 Quis
1577 1656 1725 1709 enim
1755 1671 1853 1711 co-

276 1742 465 1809 gnovit
496 1755 715 1797 sensum
750 1741 988 1808 Domini,
1022 1744 1112 1814 qui
1134 1745 1368 1799 instruat
1412 1761 1537 1800 eum
1573 1745 1721 1801 ?Nos
1752 1764 1851 1802 au-

278 1842 377 1886 tem
410 1849 635 1887 sensum
661 1833 869 1890 Christi
900 1834 1187 1891 habemus.

342 1923 506 1996 [Cap.
536 1926 651 1998 lll.]
698 1926 764 1983 Et
788 1941 911 1997 ego,
937 1927 1155 1995 fratres,
1207 1945 1313 1985 non
1352 1931 1503 2000 potui
1567 1932 1725 1986 vobis
1775 1933 1853 1986 lo-

277 2022 364 2088 qui
394 2021 555 2090 quasi
586 2021 989 2091 spiritualibus,
1013 2023 1108 2078 sed
1154 2029 1309 2094 quasi
1352 2026 1684 2080 carnalibus.
1712 2025 1858 2079 Tan-

280 2129 438 2178 quam
461 2112 705 2182 parvulis
748 2114 801 2168 in
856 2113 1096 2179 Christo,
1128 2116 1211 2170 lac
1278 2117 1431 2171 vobis
1474 2128 1659 2185 potum
1707 2116 1853 2182 dedi,

280 2218 379 2254 non
405 2217 616 2265 eseam,
671 2202 911 2257 nondum
932 2205 1078 2259 enim
1116 2208 1418 2275 poteratis:
1448 2208 1541 2262 sed
1584 2223 1686 2262 nec
1708 2223 1855 2262 nunc

278 2292 497 2360 quidem
529 2293 798 2361 potestis:
828 2294 1005 2349 adhuc
1050 2296 1198 2350 enim
1247 2297 1493 2351 carnales
1540 2299 1689 2352 estis.
1716 2297 1850 2351 Cum

278 2384 421 2436 enim
460 2384 504 2437 si
538 2385 681 2439 inter
705 2400 799 2439 vos
830 2386 1001 2453 zelus,
1032 2396 1087 2442 et
1115 2389 1416 2453 contentio,
1451 2404 1631 2443 nonne
1660 2406 1852 2445 carna-

277 2476 354 2530 les
374 2476 537 2541 estis,
557 2491 615 2533 et
648 2480 951 2533 secundum
1010 2481 1283 2545 hominem
1326 2482 1668 2536 ambulatis?
1713 2482 1851 2537 Cum

277 2569 418 2621 enim
441 2570 567 2637 quis
594 2569 739 2624 dicat
766 2587 781 2625 :
818 2570 931 2639 Ego
960 2570 1181 2641 quidem
1215 2588 1334 2625 sum
1361 2571 1512 2625 Pauli
1544 2590 1556 2627 :
1585 2574 1724 2628 alius
1758 2591 1854 2630 au-

278 2668 379 2712 tem
416 2676 436 2719 :
480 2660 589 2731 Ego
622 2662 813 2731 Apollo
844 2678 1069 2719 :nonne
1106 2663 1355 2717 homines
1380 2666 1510 2718 estis
1538 2665 1560 2717 ἱ)
1588 2665 1725 2732 Quid
1759 2666 1857 2737 igi-

277 2761 363 2805 tur
380 2763 471 2807 est
495 2754 739 2822 Apollo?
768 2754 900 2824 quid
920 2771 1047 2809 vero
1074 2756 1317 2810 Paulus?
1342 2756 1571 2812 Ministri
1605 2760 1743 2829 ejus,
1765 2761 1851 2813 cui

277 2844 619 2909 credidistis,
651 2857 707 2901 et
739 2847 1040 2917 unicuique
1071 2848 1215 2902 sicut
1253 2849 1513 2905 Dominus
1540 2851 1711 2906 dedit.
1742 2854 1852 2922 Ego

277 2936 544 3004 plantavi,
584 2936 778 3007 Apollo
802 2939 1002 3008 rigavit
1042 2940 1180 2997 :sed
1241 2940 1382 2997 Deus
1454 2945 1849 2999 incrementum

278 3026 453 3083 dedit.
494 3028 683 3099 Itaque
714 3045 894 3100 neque
919 3032 1009 3100 qui
1045 3034 1275 3102 plantat.
1298 3044 1382 3088 est
1415 3035 1643 3105 aliquid,
1675 3052 1854 3107 neque

276 3117 368 3184 qui
434 3118 629 3188 rigat;
702 3121 799 3176 sed
884 3122 977 3191 qui
1046 3123 1444 3179 incrementum
1511 3126 1638 3194 dat,
1702 3129 1846 3184 Deus

1971 558 2305 626 sapientium
2332 558 2586 627 quoniam
2624 572 2773 611 vana:
2801 564 2948 610 sunt.
2979 554 3150 608 Nemo
3209 554 3393 621 itaque
3427 552 3545 620 glo-

1962 650 2140 702 rietur
2164 650 2215 703 in
2244 650 2581 704 hominibus.
2609 650 2802 703 Omnia
2834 648 2980 702 enim
3036 656 3216 701 vestra
3251 653 3401 708 sunt,
3434 644 3545 696 sive
3578 684 3586 729 ξ

1961 738 2185 796 Paulus.
2213 741 2329 795 sive
2360 742 2573 808 Apollo,
2597 742 2711 795 sive
2735 740 2970 808 Cephas,
2996 739 3109 792 sive
3138 738 3402 799 mundus,
3426 734 3540 788 sive
3576 732 3585 753 ί

1964 833 2092 894 vita,
2123 832 2237 886 sive
2270 848 2435 897 mors,
2469 832 2581 886 sive
2620 832 2943 902 praesentia,
2966 831 3081 884 sive
3106 828 3287 884 futura
3325 826 3542 894 ;omnia

1961 924 2109 977 enim
2146 931 2327 978 vestra
2362 934 2539 979 sunt:
2583 939 2681 979 vos
2728 934 2913 978 autem
2963 921 3167 977 Christi
3230 936 3246 976 :
3292 919 3545 975 Christus

1960 1023 2143 1067 autem
2186 1014 2303 1069 Dei.

2030 1107 2183 1179 (Cap.
2235 1108 2345 1180 IV.]
2397 1109 2491 1163 Sic
2539 1123 2638 1163 nos
2660 1108 2935 1163 existimet
2968 1106 3131 1160 homo
3169 1115 3228 1160 ut
3260 1104 3543 1159 ministros

1959 1198 2185 1264 Christi,
2213 1211 2268 1255 ct
2297 1201 2709 1270 dispensatores
2736 1200 3127 1270 mysteriorum
3162 1200 3276 1253 Dei.
3306 1198 3400 1251 llic
3427 1199 3539 1265 jam

1958 1294 2223 1361 qurerilur
2253 1293 2393 1347 inter
2423 1293 2852 1361 dispensatores,
2904 1301 2962 1345 ut
2990 1291 3163 1345 fidelis
3196 1290 3320 1359 quis
3385 1288 3542 1342 inve-

1957 1383 2162 1436 niatur.
2194 1382 2320 1435 Mihi
2346 1390 2530 1435 autem
2559 1395 2658 1449 pro
2697 1380 2921 1433 minimo
2955 1388 3059 1441 est,
3088 1385 3203 1429 uta
3263 1375 3419 1429 vobis
3454 1375 3541 1439 ju-

1963 1473 2134 1537 diccr,
2172 1484 2268 1527 aut
2295 1473 2362 1526 ab
2392 1474 2635 1527 humano
2663 1473 2748 1525 die
2781 1487 2798 1525 :
2830 1472 2921 1524 sed
2952 1485 3129 1539 neque
3160 1468 3425 1534 meipsum
3455 1464 3543 1534 ju-

1959 1561 2106 1615 dico.
2139 1561 2287 1615 Nihil
2311 1563 2459 1615 enim
2496 1562 2628 1614 mihi
2658 1561 2913 1613 conscius
2971 1573 3092 1612 sum
3128 1575 3141 1611 :
3172 1558 3265 1610 sed
3323 1570 3432 1607 non
3486 1553 3538 1605 in

1959 1650 2061 1703 hoc
2088 1650 2415 1712 iiistilicatus
2439 1666 2558 1704 sum
2588 1666 2603 1704 :
2631 1650 2724 1718 qui
2760 1659 2941 1700 autem
2978 1647 3189 1717 judicat
3220 1659 3327 1708 me,
3352 1641 3533 1695 Domi-

1959 1757 2062 1795 nus
2095 1751 2198 1794 est.
2235 1743 2420 1807 Itaque
2450 1741 2616 1794 nolite
2638 1749 2764 1793 ante
2796 1749 3011 1807 tempus
3032 1736 3301 1805 judicare,
3329 1732 3540 1803 quoad-

1877 1843 1921 1900 Β
1953 1850 2125 1903 usque
2166 1836 2351 1889 veniat
2373 1833 2636 1887 Dominus
2667 1849 2683 1886 :
2718 1833 2837 1899 quit
2859 1843 2914 1885 et
2942 1830 3269 1884 illuminabit
3304 1827 3539 1881 abscon-

1960 1929 2073 1982 dita
2109 1926 2480 1991 tenebrarum,
2502 1936 2557 1980 et
2583 1924 2956 1979 manifestahit
2988 1923 3219 1977 consilia
3263 1919 3535 1981 cordium,

1958 2031 2014 2076 et
2049 2028 2179 2073 tunc
2204 2020 2319 2073 laus
2349 2020 2455 2072 erit
2483 2018 2781 2085 unicuique
2808 2034 2836 2070 a
2880 2016 3009 2073 Deo.
3044 2016 3169 2070 Hrcc
3200 2026 3404 2077 autem,
3429 2012 3539 2065 ira-

1960 2119 2091 2173 tres,
2131 2113 2509 2181 transfigurari
2548 2112 2601 2165 in
2633 2127 2717 2165 me
2748 2121 2803 2165 et
2863 2110 3078 2178 Apollo,
3139 2117 3363 2179 propter
3414 2120 3537 2167 vos,

1959 2214 2018 2258 ut
2055 2205 2108 2258 in
2142 2204 2302 2258 nobis
2331 2204 2574 2266 discatis,
2611 2218 2674 2257 ne
2706 2218 2871 2271 supra
2905 2216 3069 2271 quam
3126 2201 3388 2268 scriptum
3434 2206 3535 2257 est,

1958 2312 2097 2349 unus
2124 2296 2388 2350 adversus
2411 2296 2642 2348 alterum
2678 2295 2895 2348 inﬂetur
2938 2309 3037 2362 pro
3073 2293 3200 2346 alio.
3232 2292 3366 2356 Quis
3389 2288 3534 2342 enim

1957 2399 2007 2443 te
2026 2388 2323 2444 discernit?
2342 2388 2480 2453 Quid
2503 2398 2686 2442 autem
2714 2388 2901 2447 habes,
2929 2386 3073 2455 quod
3102 2402 3204 2437 non
3230 2380 3535 2451 accepisti?

1956 2481 2011 2536 Si
2046 2493 2224 2535 autem
2252 2480 2536 2550 accepisti,
2570 2480 2699 2548 quid
2738 2479 2995 2548 gloriaris
3040 2476 3195 2545 quasi
3232 2490 3338 2526 non
3381 2486 3537 2525 acce-

1954 2574 2103 2643 pcris
2132 2574 2153 2626 ?
2180 2572 2297 2626 Jam
2331 2572 2558 2626 saturati
2596 2570 2750 2630 estis,
2776 2570 2887 2637 jam
2939 2567 3139 2621 divites
3188 2563 3313 2617 facti
3352 2559 3488 2615 estis
3518 2576 3533 2614 :

1954 2665 2072 2720 sine
2107 2665 2262 2718 nobis
2286 2667 2522 2733 regnatis
2557 2682 2569 2718 :
2596 2673 2648 2716 et
2673 2664 2879 2715 utinam
2918 2660 3157 2728 regnetis
3181 2657 3307 2727 luis.
3337 2668 3531 2722 regna-

1955 2755 2108 2826 retis]
2145 2764 2203 2809 ut
2233 2766 2287 2809 et
2338 2771 2435 2808 nos
2491 2754 2770 2807 vobiscum
2829 2765 3136 2819 regnemns.
3186 2748 3323 2800 Puto
3385 2742 3531 2797 enim

1952 2848 2094 2918 quod
2121 2848 2264 2901 Deus
2287 2860 2387 2899 nos
2429 2845 2712 2914 apostolos
2736 2843 3065 2897 novissimos
3099 2838 3357 2899 ostendit,
3412 2845 3533 2888 tan-

1952 2959 2114 3013 quam
2145 2943 2305 2996 morti
2338 2940 2647 2995 destinatos
2670 2957 2685 2993 :
2712 2954 2840 3007 qum
2858 2935 3229 3007 spectaculum
3264 2931 3389 2985 facti
3437 2946 3531 2983 su-

1952 3052 2072 3090 mus
2104 3035 2325 3095 mundo.
2360 3042 2413 3087 et
2440 3033 2667 3101 angelis,
2720 3040 2772 3083 et
2826 3028 3163 3083 hominibus.
3218 3024 3328 3080 Nos
3380 3020 3530 3076 stulti

1951 3137 2174 3197 pr0pter
2199 3126 2501 3191 Christum,
2536 3140 2631 3179 vos
2663 3133 2845 3179 autem
2883 3122 3181 3184 prudentes
3207 3118 3258 3171 in
3286 3115 3530 3176 Christo,

274 3211 373 3273 Qui
401 3220 589 3265 autem
635 3211 863 3282 plantat,
894 3226 949 3268 et
979 3218 1069 3284 qui
1105 3216 1264 3285 rigat,
1300 3232 1467 3270 unum
1496 3229 1644 3275 sunt.
1672 3218 1852 3275 Unus-
1880 3214 1923 3274 C
1957 3230 2057 3270 nos
2078 3216 2417 3281 inﬂrmi,vos
2432 3224 2613 3268 autem
2634 3214 2800 3267 fortes
2823 3230 2836 3266 :
2862 3226 2958 3265 vos
2977 3210 3207 3273 nobiles,
3227 3221 3328 3261 nos
3350 3213 3533 3260 autem

275 3306 511 3375 quisque
528 3314 709 3361 autem
737 3308 1008 3377 propriam
1046 3311 1354 3364 mercedem
1392 3312 1623 3381 accipiet
1658 3329 1852 3368 secun-

276 3396 405 3448 dum
438 3386 600 3450 suum
661 3397 926 3453 laborem.
958 3398 1051 3453 Dei
1109 3401 1253 3454 enim
1314 3416 1505 3456 sumus
1558 3403 1857 3471 adjutores,

278 3483 371 3537 Dei
406 3485 746 3554 agricultura
776 3488 929 3551 estis,
972 3488 1065 3541 Dei
1112 3488 1399 3543 aediﬁcatio
1429 3490 1580 3545 estis.
1645 3492 1853 3547 Secun-

273 3576 405 3629 dum
460 3578 696 3645 gratiam
756 3579 875 3645 Dei,
926 3596 1045 3648 qum
1108 3580 1229 3661 data
1256 3589 1340 3634 est
1367 3582 1523 3647 mihi,
1555 3593 1614 3637 ut
1637 3584 1855 3653 sapiens

273 3668 612 3723 architectus
642 3669 1053 3724 fundamentum
1098 3672 1297 3741 posui:
1340 3673 1478 3727 alius
1528 3684 1711 3728 autem
1765 3690 1856 3729 su-

272 3760 630 3828 persediﬁcat.
678 3761 1068 3833 Unusquisque
1103 3775 1284 3819 autem
1341 3766 1527 3820 videat
1571 3767 1849 3837 quomodo

273 3853 697 3921 superatdilicet.
735 3854 1176 3910 Fundamentum
1204 3858 1349 3911 enim
1386 3860 1531 3913 aliud
1563 3875 1723 3915 nemo
1749 3876 1849 3930 po-

274 3956 377 3997 test
399 3961 628 4014 ponere,
658 3957 854 4015 praeter
889 3948 941 4002 id
967 3950 1110 4018 quod
1152 3952 1385 4020 positum
1421 3961 1522 4014 est,
1575 3953 1721 4022 quod
1769 3963 1855 4008 est

273 4038 529 4093 Christus
558 4039 814 4095 Jesus.Si
849 4041 974 4111 quis
1003 4051 1184 4096 autem
1240 4046 1641 4112 superaediﬂcat
1687 4062 1854 4114 super

272 4126 695 4184 fundamentum
728 4131 853 4196 hoc,
888 4147 1103 4195 aurum,
1135 4145 1443 4204 argentum,
1474 4136 1683 4204 lapides
1730 4150 1853 4205 pre-

282 4220 476 4286 tiosos,
504 4221 671 4291 ligna,
699 4220 907 4287 fenum,
952 4224 1235 4293 stipulam,
1270 4226 1700 4296 uniuscujusque
1719 4243 1855 4296 Opus

273 4314 630 4368 manifestum
672 4315 823 4371 erit:
878 4314 1002 4370 Dies
1056 4316 1201 4370 enim
1262 4315 1477 4370 Domini
1534 4318 1853 4384 declarabit,

271 4406 403 4474 quia
435 4407 490 4460 in
555 4408 677 4477 igne
714 4408 1052 4461 revelabitur
1093 4426 1110 4463 ;
1143 4417 1197 4462 et
1233 4408 1666 4478 uniuscujusque
1716 4424 1856 4480 opus

1958 3308 2246 3377 ignobiles.
2282 3306 2467 3375 Usque
2498 3306 2553 3359 in
2605 3306 2745 3358 hanc
2776 3304 2969 3356 horam
3000 3310 3056 3355 et
3125 3299 3421 3359 esurimus,
3478 3306 3535 3350 et

1959 3400 2200 3465 sitimus,
2229 3407 2283 3453 et
2312 3397 2445 3452 nudi
2476 3411 2687 3461 sumus,
2720 3404 2776 3450 et
2806 3394 3053 3463 colaphis
3081 3393 3342 3446 caedimur
3366 3397 3422 3443 et
3454 3389 3536 3441 in-

1958 3490 2181 3545 stabiles
2204 3504 2414 3549 sumus,
2444 3498 2498 3542 et
2554 3487 2867 3541 laboramus
2927 3494 3221 3554 operantes
3282 3480 3536 3535 manibus

1954 3582 2196 3635 nostris:
2234 3580 2634 3641 maledicimur,
2657 3589 2710 3631 et
2743 3576 3120 3631 benedicimus
3152 3591 3165 3627 :
3200 3571 3537 3641 persecutio-

1954 3687 2080 3726 nem
2112 3672 2376 3741 patimur,
2427 3672 2879 3724 etsustinemus:
2958 3666 3423 3733 blasphemamur,
3475 3672 3533 3716 et

1956 3764 2348 3818 obsecramus:
2406 3769 2663 3830 tanquam
2724 3766 3079 3828 purgamenta
3137 3755 3296 3825 hujus
3340 3752 3531 3806 mundi

1956 3856 2084 3912 facti
2114 3869 2325 3921 sumus,
2355 3853 2600 3908 omnium
2633 3852 2939 3920 peripsema
2969 3863 3141 3917 usque
3172 3847 3372 3899 adhuc.
3406 3844 3529 3898 Non

1955 3947 2368 4004 utconfundam
2394 3962 2507 4012 vos,
2544 3949 2660 4000 haec
2692 3944 2896 4005 scribo,
2932 3945 3027 3996 sed
3063 3950 3120 3994 ut
3176 3940 3316 3993 ﬂlios
3374 3941 3529 3990 meos

1954 4042 2311 4099 charissimos
2336 4054 2553 4095 moneo.
2577 4039 2709 4092 Nam
2745 4037 2789 4091 si
2822 4036 3013 4090 decem
3062 4034 3231 4088 millia
3276 4031 3530 4102 paedago-

1940 4151 2143 4205 gorum
2172 4134 2419 4189 habeatis
2448 4132 2501 4185 in
2528 4130 2768 4195 Chrisro,
2808 4127 2903 4181 sed
2936 4142 3041 4179 non
3094 4125 3295 4178 multos
3322 4129 3527 4191 patres.

1954 4226 2088 4282 Nam
2125 4229 2177 4281 in
2208 4226 2430 4281 Christo
2466 4223 2595 4279 Jesu
2628 4239 2724 4293 per
2782 4220 3135 4288 Evangelium
3198 4231 3299 4286 ego
3341 4217 3530 4284 genui.

1957 4321 2110 4391 Rogo
2131 4333 2261 4389 ergo
2289 4320 2408 4388 (ms.
2437 4319 2608 4386 enim)
2642 4330 2758 4377 vos,
2814 4314 3117 4367 imitatores
3172 4308 3277 4371 mei
3331 4314 3530 4369 estote,

1958 4413 2096 4467 sicut
2127 4422 2182 4466 et
2211 4425 2314 4481 ego
2343 4409 2545 4465 Christi
2574 4411 2616 4460 ’.
2652 4407 2779 4462 ideo
2811 4404 2932 4459 misi
2965 4403 3031 4457 ad
3066 4417 3159 4457 vos
3179 4397 3531 4453 Timotheum

269 4499 440 4566 quale
458 4497 550 4563 sit,
586 4498 725 4567 ignis
749 4499 1026 4567 probabit.
1076 4498 1131 4554 Si
1185 4502 1340 4569 cujus
1402 4515 1541 4570 opus
1588 4506 1852 4555 manserit
1886 4489 1928 4544 ί)
1956 4505 2049 4569 qui
2080 4511 2167 4558 est
2186 4503 2327 4558 (ilius
2355 4518 2507 4558 meus
2537 4496 3248 4564 charissinms,etﬂdelisin
3275 4492 3530 4556 Domino,

269 4588 423 4656 quod
472 4588 949 4656 supermdiiicavit,
979 4591 1284 4645 mercedem
1316 4592 1548 4664 accipiet
1573 4606 1589 4651 ;
1618 4592 1672 4647 Si
1696 4594 1853 4660 cujus

268 4694 420 4749 opus
478 4680 710 4744 arserit,
761 4680 1153 4736 detrimentum
1212 4683 1451 4752 patietur
1497 4698 1513 4737 :
1571 4684 1687 4752 ipse
1746 4699 1850 4739 au-

270 4782 381 4823 tem
417 4772 600 4826 salvus
628 4772 733 4828 erit
761 4791 773 4827 :
797 4773 875 4829 sic
901 4782 1083 4829 tamen
1112 4776 1266 4847 quasi
1303 4791 1402 4845 per
1430 4778 1630 4844 ignem.
1664 4775 1851 4831 Nesci-

271 4864 343 4917 tis
373 4864 508 4933 quia
544 4865 808 4934 templum
843 4864 936 4919 Dei
968 4866 1125 4933 estis,
1159 4876 1215 4922 et
1252 4868 1491 4937 Spiritus
1516 4869 1608 4923 Dei
1642 4868 1855 4924 habitat

268 4953 326 5005 in
358 4954 563 5009 vobis?
594 4954 649 5009 Si
686 4954 809 5025 quis
844 4968 1027 5011 autem
1065 4959 1327 5027 templum
1392 4957 1484 5013 Dei
1546 4959 1851 5025 violaverit,

269 5046 565 5115 disperdet
588 5049 743 5105 illum
799 5051 962 5104 Deus.
1037 5050 1325 5119 Templum
1390 5052 1535 5106 enim
1597 5052 1693 5106 Dei
1729 5066 1854 5107 san-

1959 4596 2051 4666 qui
2092 4610 2187 4650 vos
2219 4593 2674 4651 commonefaciet
2702 4593 2818 4647 vias
2868 4606 3041 4652 meas,
3096 4604 3220 4651 quae
3281 4595 3413 4642 sunt
3475 4585 3534 4639 in

1959 4688 2176 4743 Christo
2205 4686 2358 4751 Jesu,
2390 4688 2533 4742 sicut
2562 4686 2765 4756 ubique
2794 4687 2848 4739 in
2871 4684 3020 4739 onmi
3049 4680 3291 4737 Ecclesia
3335 4680 3532 4733 doceo.
3598 4760 3601 4761 ν

1961 4776 2240 4846 Tanquam
2279 4792 2387 4831 non
2422 4786 2685 4831 venturus
2722 4775 2825 4829 sim
2857 4774 2925 4828 ad
2951 4788 3070 4837 vos,
3102 4773 3182 4825 sic
3205 4768 3378 4824 inﬂati
3405 4776 3536 4823 sunt

1961 4869 2204 4939 quidam.
2243 4866 2470 4923 Veniam
2521 4877 2703 4922 autem
2741 4866 2806 4919 ad
2852 4880 2945 4919 vos
2985 4866 3118 4928 cito,
3146 4863 3193 4919 si
3267 4860 3536 4915 Dominus

1961 4959 2199 5014 voluerit
2227 4975 2243 5013 :
2284 4968 2338 5014 et
2365 4972 2689 5028 cognoscam
2721 4970 2829 5009 non
2870 4968 3181 5010 seriuonem
3216 4966 3409 5007 eorum
3438 4965 3531 5018 qui

1962 5050 2135 5105 inﬂati
2193 5061 2345 5114 sunt,
2385 5049 2481 5104 sed
2525 5050 2810 5102 virtutem.
2836 5045 2958 5100 Non
2984 5044 3134 5099 enim
3170 5045 3222 5097 in
3277 5054 3533 5097 sermone

268 5151 425 5192 ctum
458 5152 558 5207 est,
591 5142 736 5212 quod
764 5144 897 5198 estis
931 5158 1046 5198 vos.
1074 5144 1247 5198 Nemo
1297 5159 1357 5199 se
1410 5142 1532 5216 [ηις.
1586 5143 1705 5216 vos]
1765 5160 1857 5199 se-
1950 5152 2035 5199 est
2067 5158 2294 5214 regnum
2328 5142 2442 5205 Dei.
2475 5141 2571 5196 sed
2616 5140 2667 5193 in
2729 5138 2951 5193 virtute.
3000 5136 3143 5205 Quid
3197 5131 3421 5189 vultis?
3474 5131 3531 5186 in

269 5231 449 5286 ducat
480 5250 495 5287 :
529 5236 574 5288 si
603 5235 729 5305 quis
760 5236 982 5291 videtur
1032 5237 1177 5291 inter
1224 5250 1325 5292 vos
1367 5237 1587 5305 sapiens
1634 5251 1759 5292 esse
1795 5237 1851 5292 in

270 5326 380 5379 hoc
413 5328 636 5393 saeculo,
672 5329 873 5384 stultus
906 5329 1021 5396 ﬂat,
1051 5339 1113 5383 ut
1162 5330 1235 5384 sit
1290 5331 1531 5400 sapiens.
1570 5331 1849 5400 Sapientia

268 5417 427 5471 enim
457 5421 615 5490 hujus
641 5420 854 5485 mundi,
882 5421 1112 5475 stultitia
1144 5430 1228 5477 est
1258 5422 1401 5491 apud
1432 5423 1627 5476 Deum.
1699 5422 1852 5477 Scri-

272 5520 435 5578 ptum
465 5522 547 5567 est
575 5515 720 5568 enim
764 5530 778 5569 :
812 5514 1282 5586 Comprehendam
1314 5517 1591 5585 sapientes
1619 5516 1672 5572 in
1707 5526 1857 5570 astu-

1950 5234 2101 5304 virga
2146 5233 2361 5288 veniam
2390 5232 2457 5286 ad
2490 5246 2608 5296 vos,
2640 5246 2711 5284 an
2764 5229 2816 5283 iu
2878 5229 3167 5291 charitate,
3217 5231 3276 5278 et
3327 5222 3527 5290 spiritu

1956 5326 2389 5380 mansuetudinis
2412 5325 2435 5377 ?

2025 5420 2179 5492 [Cap.
2215 5418 2307 5489 V.}
2364 5416 2597 5473 Omnino
2623 5417 2843 5472 auditur
2875 5415 3017 5467 inter
3048 5422 3145 5462 vos
3214 5403 3529 5468 fornicatio,

1953 5526 2008 5571 et
2040 5514 2162 5567 talis
2190 5512 2499 5578 fornicatio,
2525 5511 2701 5582 qualis
2733 5522 2832 5564 nec
2879 5508 3023 5560 inter
3074 5508 3288 5570 gentes,
3347 5495 3426 5550 ita
3470 5502 3536 5549 ut

349 5720 365 5748 '
395 5716 571 5795 Tacet
600 5718 829 5776 Palatia.
878 5738 981 5781 ms.
1017 5726 1181 5787 verba
1215 5728 1351 5784 sicut
1417 5732 1465 5778 ει
1492 5739 1580 5792 rgo
1610 5720 1831 5785 Christi,
1872 5736 1995 5793 qua:
2044 5738 2216 5795 neque
2248 5724 2301 5777 in
2335 5720 2526 5776 Gnaeo
2572 5724 2739 5777 textu,
2777 5708 2965 5781 paucis
3006 5702 3251 5774 exceptis
3322 5702 3535 5759 codici-

278 5789 405 5853 bus,
454 5789 746 5844 habentur.
