  <div class='ocr_page' id='page_1' title='image "/cluster/home/n/w/nwhite01/storage/ocr_20150623/29/hvd.32044096580519/409.png"; bbox 0 0 3946 6170; ppageno 0'>
   <div class='ocr_carea' id='block_1_1' title="bbox 427 349 532 419">
    <p class='ocr_par' dir='ltr' id='par_1_1' title="bbox 427 349 532 419">
     <span class='ocr_line' id='line_1_1' title="bbox 427 349 532 419; baseline 0.048 -5"><span class='ocrx_word' id='word_1_1' title='bbox 427 349 532 419; x_wconf 73' lang='grc'><strong>787</strong></span> 
     </span>
    </p>
   </div>
   <div class='ocr_carea' id='block_1_2' title="bbox 1373 358 3630 434">
    <p class='ocr_par' dir='ltr' id='par_1_2' title="bbox 1373 358 3630 434">
     <span class='ocr_line' id='line_1_2' title="bbox 1373 358 3630 434; baseline 0.005 -16"><span class='ocrx_word' id='word_1_2' title='bbox 1373 360 1431 422; x_wconf 90' lang='lat' dir='ltr'><strong>S.</strong></span> <span class='ocrx_word' id='word_1_3' title='bbox 1476 358 1909 426; x_wconf 80' lang='lat' dir='ltr'><strong>HlEBONYMI</strong></span> <span class='ocrx_word' id='word_1_4' title='bbox 1945 363 2212 424; x_wconf 79' lang='lat' dir='ltr'><strong>DIVINA</strong></span> <span class='ocrx_word' id='word_1_5' title='bbox 2250 360 2783 434; x_wconf 74' lang='lat' dir='ltr'><strong>DIBLIOTHECA.</strong></span> <span class='ocrx_word' id='word_1_6' title='bbox 3539 365 3630 432; x_wconf 81' lang='lat'><strong>788</strong></span> 
     </span>
    </p>
   </div>
   <div class='ocr_carea' id='block_1_3' title="bbox 425 465 3638 547">
    <p class='ocr_par' dir='ltr' id='par_1_3' title="bbox 425 465 3638 547">
     <span class='ocr_line' id='line_1_3' title="bbox 425 465 3638 547; baseline 0.002 -23"><span class='ocrx_word' id='word_1_7' title='bbox 425 483 652 526; x_wconf 76' lang='lat' dir='ltr'><strong>uxorem</strong></span> <span class='ocrx_word' id='word_1_8' title='bbox 688 469 856 541; x_wconf 86' lang='lat' dir='ltr'><strong>patris</strong></span> <span class='ocrx_word' id='word_1_9' title='bbox 887 469 970 526; x_wconf 91' lang='lat' dir='ltr'><strong>sui</strong></span> <span class='ocrx_word' id='word_1_10' title='bbox 1006 465 1202 538; x_wconf 90' lang='lat' dir='ltr'><strong>aliquis</strong></span> <span class='ocrx_word' id='word_1_11' title='bbox 1257 468 1480 524; x_wconf 74' lang='lat' dir='ltr'><strong>habent.</strong></span> <span class='ocrx_word' id='word_1_12' title='bbox 1542 472 1610 525; x_wconf 85' lang='lat' dir='ltr'><strong>Et</strong></span> <span class='ocrx_word' id='word_1_13' title='bbox 1671 487 1769 529; x_wconf 87' lang='lat' dir='ltr'><strong>vos</strong></span> <span class='ocrx_word' id='word_1_14' title='bbox 1822 473 1994 530; x_wconf 87' lang='lat' dir='ltr'><strong>inflati</strong></span> <span class='ocrx_word' id='word_1_15' title='bbox 2025 490 2071 547; x_wconf 66' lang='grc' dir='ltr'>Α</span> <span class='ocrx_word' id='word_1_16' title='bbox 2098 475 2298 538; x_wconf 84' lang='lat' dir='ltr'><strong>ventri,</strong></span> <span class='ocrx_word' id='word_1_17' title='bbox 2325 484 2380 529; x_wconf 92' lang='lat' dir='ltr'><strong>et</strong></span> <span class='ocrx_word' id='word_1_18' title='bbox 2409 485 2604 530; x_wconf 89' lang='lat' dir='ltr'><strong>venter</strong></span> <span class='ocrx_word' id='word_1_19' title='bbox 2635 475 2780 530; x_wconf 86' lang='lat' dir='ltr'><strong>escis</strong></span> <span class='ocrx_word' id='word_1_20' title='bbox 2808 491 2822 529; x_wconf 90' lang='lat'><strong>:</strong></span> <span class='ocrx_word' id='word_1_21' title='bbox 2856 473 3004 530; x_wconf 86' lang='lat' dir='ltr'><strong>Deus</strong></span> <span class='ocrx_word' id='word_1_22' title='bbox 3032 481 3220 529; x_wconf 84' lang='lat' dir='ltr'><strong>autem</strong></span> <span class='ocrx_word' id='word_1_23' title='bbox 3245 474 3457 530; x_wconf 90' lang='lat' dir='ltr'><strong>ethunc</strong></span> <span class='ocrx_word' id='word_1_24' title='bbox 3481 489 3530 530; x_wconf 88' lang='lat' dir='ltr'><strong>et</strong></span> <span class='ocrx_word' id='word_1_25' title='bbox 3554 479 3638 535; x_wconf 82' lang='lat' dir='ltr'><strong>has</strong></span> 
     </span>
    </p>
   </div>
   <div class='ocr_carea' id='block_1_4' title="bbox 425 561 1998 631">
    <p class='ocr_par' dir='ltr' id='par_1_4' title="bbox 425 561 1998 631">
     <span class='ocr_line' id='line_1_4' title="bbox 425 561 1998 631; baseline 0.002 -13"><span class='ocrx_word' id='word_1_26' title='bbox 425 566 564 619; x_wconf 87' lang='lat' dir='ltr'><strong>estis</strong></span> <span class='ocrx_word' id='word_1_27' title='bbox 607 572 704 619; x_wconf 89' lang='lat' dir='ltr'><strong>:et</strong></span> <span class='ocrx_word' id='word_1_28' title='bbox 739 579 846 618; x_wconf 90' lang='lat' dir='ltr'><strong>non</strong></span> <span class='ocrx_word' id='word_1_29' title='bbox 894 562 1068 630; x_wconf 79' lang='lat' dir='ltr'><strong>magis</strong></span> <span class='ocrx_word' id='word_1_30' title='bbox 1105 567 1309 616; x_wconf 85' lang='lat' dir='ltr'><strong>luctum</strong></span> <span class='ocrx_word' id='word_1_31' title='bbox 1349 561 1643 631; x_wconf 78' lang='lat' dir='ltr'><strong>habuistis,</strong></span> <span class='ocrx_word' id='word_1_32' title='bbox 1674 575 1732 620; x_wconf 92' lang='lat' dir='ltr'><strong>ut</strong></span> <span class='ocrx_word' id='word_1_33' title='bbox 1777 567 1998 621; x_wconf 90' lang='lat' dir='ltr'><strong>tollatur</strong></span> 
     </span>
    </p>
   </div>
   <div class='ocr_carea' id='block_1_5' title="bbox 425 653 1995 729">
    <p class='ocr_par' dir='ltr' id='par_1_5' title="bbox 425 653 1995 729">
     <span class='ocr_line' id='line_1_5' title="bbox 425 653 1995 729; baseline 0.002 -20"><span class='ocrx_word' id='word_1_34' title='bbox 425 657 494 710; x_wconf 87' lang='lat' dir='ltr'><strong>de</strong></span> <span class='ocrx_word' id='word_1_35' title='bbox 527 655 710 711; x_wconf 89' lang='lat' dir='ltr'><strong>medio</strong></span> <span class='ocrx_word' id='word_1_36' title='bbox 741 664 982 710; x_wconf 89' lang='lat' dir='ltr'><strong>vestrum</strong></span> <span class='ocrx_word' id='word_1_37' title='bbox 1009 655 1101 724; x_wconf 87' lang='lat' dir='ltr'><strong>qui</strong></span> <span class='ocrx_word' id='word_1_38' title='bbox 1134 653 1238 710; x_wconf 93' lang='lat' dir='ltr'><strong>hoc</strong></span> <span class='ocrx_word' id='word_1_39' title='bbox 1265 670 1405 725; x_wconf 86' lang='lat' dir='ltr'><strong>opus</strong></span> <span class='ocrx_word' id='word_1_40' title='bbox 1444 656 1600 712; x_wconf 90' lang='lat' dir='ltr'><strong>fecit.</strong></span> <span class='ocrx_word' id='word_1_41' title='bbox 1629 659 1742 729; x_wconf 79' lang='lat' dir='ltr'><strong>Ego</strong></span> <span class='ocrx_word' id='word_1_42' title='bbox 1773 660 1995 729; x_wconf 87' lang='lat' dir='ltr'><strong>quidem</strong></span> 
     </span>
    </p>
   </div>
   <div class='ocr_carea' id='block_1_6' title="bbox 425 749 1999 820">
    <p class='ocr_par' dir='ltr' id='par_1_6' title="bbox 425 749 1999 820">
     <span class='ocr_line' id='line_1_6' title="bbox 425 749 1999 820; baseline 0.003 -19"><span class='ocrx_word' id='word_1_43' title='bbox 425 749 623 803; x_wconf 80' lang='lat' dir='ltr'><strong>absens</strong></span> <span class='ocrx_word' id='word_1_44' title='bbox 655 764 900 819; x_wconf 90' lang='lat' dir='ltr'><strong>corpore.</strong></span> <span class='ocrx_word' id='word_1_45' title='bbox 933 763 1172 816; x_wconf 67' lang='lat' dir='ltr'><strong>praesens</strong></span> <span class='ocrx_word' id='word_1_46' title='bbox 1197 758 1378 803; x_wconf 86' lang='lat' dir='ltr'><strong>autem</strong></span> <span class='ocrx_word' id='word_1_47' title='bbox 1419 750 1637 820; x_wconf 90' lang='lat' dir='ltr'><strong>spiritu,</strong></span> <span class='ocrx_word' id='word_1_48' title='bbox 1680 753 1791 820; x_wconf 86' lang='lat' dir='ltr'><strong>jam</strong></span> <span class='ocrx_word' id='word_1_49' title='bbox 1845 751 1999 820; x_wconf 86' lang='lat' dir='ltr'><strong>judi-</strong></span> 
     </span>
    </p>
   </div>
   <div class='ocr_carea' id='block_1_7' title="bbox 425 841 1998 912">
    <p class='ocr_par' dir='ltr' id='par_1_7' title="bbox 425 841 1998 912">
     <span class='ocr_line' id='line_1_7' title="bbox 425 841 1998 912; baseline 0.001 -18"><span class='ocrx_word' id='word_1_50' title='bbox 425 841 564 905; x_wconf 81' lang='lat' dir='ltr'><strong>cavi,</strong></span> <span class='ocrx_word' id='word_1_51' title='bbox 593 848 651 894; x_wconf 91' lang='lat' dir='ltr'><strong>ut</strong></span> <span class='ocrx_word' id='word_1_52' title='bbox 682 855 940 910; x_wconf 78' lang='lat' dir='ltr'><strong>praesens.</strong></span> <span class='ocrx_word' id='word_1_53' title='bbox 971 857 1093 897; x_wconf 87' lang='lat' dir='ltr'><strong>eum</strong></span> <span class='ocrx_word' id='word_1_54' title='bbox 1123 843 1217 912; x_wconf 85' lang='lat' dir='ltr'><strong>qui</strong></span> <span class='ocrx_word' id='word_1_55' title='bbox 1244 845 1323 898; x_wconf 91' lang='lat' dir='ltr'><strong>sic</strong></span> <span class='ocrx_word' id='word_1_56' title='bbox 1353 851 1612 912; x_wconf 74' lang='lat' dir='ltr'><strong>operatus</strong></span> <span class='ocrx_word' id='word_1_57' title='bbox 1644 853 1730 898; x_wconf 93' lang='lat' dir='ltr'><strong>est</strong></span> <span class='ocrx_word' id='word_1_58' title='bbox 1763 857 1780 900; x_wconf 70' lang='grc' dir='ltr'>ι</span> <span class='ocrx_word' id='word_1_59' title='bbox 1820 843 1872 896; x_wconf 92' lang='lat' dir='ltr'><strong>in</strong></span> <span class='ocrx_word' id='word_1_60' title='bbox 1897 857 1998 896; x_wconf 86' lang='lat' dir='ltr'><strong>no-</strong></span> 
     </span>
    </p>
   </div>
   <div class='ocr_carea' id='block_1_8' title="bbox 425 931 1999 1006">
    <p class='ocr_par' dir='ltr' id='par_1_8' title="bbox 425 931 1999 1006">
     <span class='ocr_line' id='line_1_8' title="bbox 425 931 1999 1006; baseline 0.003 -20"><span class='ocrx_word' id='word_1_61' title='bbox 425 931 570 986; x_wconf 83' lang='lat' dir='ltr'><strong>mine</strong></span> <span class='ocrx_word' id='word_1_62' title='bbox 598 932 811 986; x_wconf 84' lang='lat' dir='ltr'><strong>Domini</strong></span> <span class='ocrx_word' id='word_1_63' title='bbox 839 935 1010 988; x_wconf 90' lang='lat' dir='ltr'><strong>nostri</strong></span> <span class='ocrx_word' id='word_1_64' title='bbox 1031 933 1160 990; x_wconf 79' lang='lat' dir='ltr'><strong>Jesu</strong></span> <span class='ocrx_word' id='word_1_65' title='bbox 1193 935 1420 998; x_wconf 80' lang='lat' dir='ltr'><strong>Christi,</strong></span> <span class='ocrx_word' id='word_1_66' title='bbox 1460 936 1806 1006; x_wconf 75' lang='lat' dir='ltr'><strong>congregatis</strong></span> <span class='ocrx_word' id='word_1_67' title='bbox 1842 936 1999 991; x_wconf 86' lang='lat' dir='ltr'><strong>vobis</strong></span> 
     </span>
    </p>
   </div>
   <div class='ocr_carea' id='block_1_9' title="bbox 424 1025 1997 1094">
    <p class='ocr_par' dir='ltr' id='par_1_9' title="bbox 424 1025 1997 1094">
     <span class='ocr_line' id='line_1_9' title="bbox 424 1025 1997 1094; baseline 0.002 -18"><span class='ocrx_word' id='word_1_68' title='bbox 424 1032 480 1077; x_wconf 89' lang='lat' dir='ltr'><strong>et</strong></span> <span class='ocrx_word' id='word_1_69' title='bbox 504 1039 628 1078; x_wconf 91' lang='lat' dir='ltr'><strong>meo</strong></span> <span class='ocrx_word' id='word_1_70' title='bbox 675 1025 897 1094; x_wconf 83' lang='lat' dir='ltr'><strong>spiritu,</strong></span> <span class='ocrx_word' id='word_1_71' title='bbox 928 1041 1053 1081; x_wconf 92' lang='lat' dir='ltr'><strong>cum</strong></span> <span class='ocrx_word' id='word_1_72' title='bbox 1081 1026 1288 1082; x_wconf 88' lang='lat' dir='ltr'><strong>virtute</strong></span> <span class='ocrx_word' id='word_1_73' title='bbox 1361 1026 1576 1081; x_wconf 86' lang='lat' dir='ltr'><strong>Domini</strong></span> <span class='ocrx_word' id='word_1_74' title='bbox 1615 1026 1787 1081; x_wconf 86' lang='lat' dir='ltr'><strong>nostri</strong></span> <span class='ocrx_word' id='word_1_75' title='bbox 1845 1026 1997 1091; x_wconf 85' lang='lat' dir='ltr'><strong>Jesu,</strong></span> 
     </span>
    </p>
   </div>
   <div class='ocr_carea' id='block_1_10' title="bbox 428 1115 2003 1186">
    <p class='ocr_par' dir='ltr' id='par_1_10' title="bbox 428 1115 2003 1186">
     <span class='ocr_line' id='line_1_10' title="bbox 428 1115 2003 1186; baseline 0 -16"><span class='ocrx_word' id='word_1_76' title='bbox 428 1115 648 1172; x_wconf 88' lang='lat' dir='ltr'><strong>tradere</strong></span> <span class='ocrx_word' id='word_1_77' title='bbox 675 1116 988 1186; x_wconf 81' lang='lat' dir='ltr'><strong>lmjusmudi</strong></span> <span class='ocrx_word' id='word_1_78' title='bbox 1017 1116 1232 1172; x_wconf 68' lang='lat' dir='ltr'><strong>Satanae</strong></span> <span class='ocrx_word' id='word_1_79' title='bbox 1270 1117 1624 1173; x_wconf 89' lang='lat' dir='ltr'><strong>iniuteritum</strong></span> <span class='ocrx_word' id='word_1_80' title='bbox 1679 1117 1882 1181; x_wconf 85' lang='lat' dir='ltr'><strong>carnis,</strong></span> <span class='ocrx_word' id='word_1_81' title='bbox 1942 1125 2003 1170; x_wconf 88' lang='lat' dir='ltr'><strong>ut</strong></span> 
     </span>
    </p>
   </div>
   <div class='ocr_carea' id='block_1_11' title="bbox 423 1207 1998 1276">
    <p class='ocr_par' dir='ltr' id='par_1_11' title="bbox 423 1207 1998 1276">
     <span class='ocr_line' id='line_1_11' title="bbox 423 1207 1998 1276; baseline 0.001 -16"><span class='ocrx_word' id='word_1_82' title='bbox 423 1208 652 1276; x_wconf 80' lang='lat' dir='ltr'><strong>spiritus</strong></span> <span class='ocrx_word' id='word_1_83' title='bbox 674 1209 857 1264; x_wconf 88' lang='lat' dir='ltr'><strong>salvus</strong></span> <span class='ocrx_word' id='word_1_84' title='bbox 884 1210 955 1264; x_wconf 88' lang='lat' dir='ltr'><strong>sit</strong></span> <span class='ocrx_word' id='word_1_85' title='bbox 983 1209 1037 1264; x_wconf 93' lang='lat' dir='ltr'><strong>in</strong></span> <span class='ocrx_word' id='word_1_86' title='bbox 1065 1209 1154 1266; x_wconf 91' lang='lat' dir='ltr'><strong>die</strong></span> <span class='ocrx_word' id='word_1_87' title='bbox 1175 1209 1388 1265; x_wconf 87' lang='lat' dir='ltr'><strong>Domini</strong></span> <span class='ocrx_word' id='word_1_88' title='bbox 1412 1209 1584 1264; x_wconf 85' lang='lat' dir='ltr'><strong>nostri</strong></span> <span class='ocrx_word' id='word_1_89' title='bbox 1613 1207 1740 1266; x_wconf 81' lang='lat' dir='ltr'><strong>Jesu</strong></span> <span class='ocrx_word' id='word_1_90' title='bbox 1770 1209 1998 1264; x_wconf 85' lang='lat' dir='ltr'><strong>Christi.</strong></span> 
     </span>
    </p>
   </div>
   <div class='ocr_carea' id='block_1_12' title="bbox 426 1297 1998 1368">
    <p class='ocr_par' dir='ltr' id='par_1_12' title="bbox 426 1297 1998 1368">
     <span class='ocr_line' id='line_1_12' title="bbox 426 1297 1998 1368; baseline -0.001 -17"><span class='ocrx_word' id='word_1_91' title='bbox 426 1297 545 1351; x_wconf 75' lang='lat' dir='ltr'><strong>Non</strong></span> <span class='ocrx_word' id='word_1_92' title='bbox 573 1307 657 1352; x_wconf 89' lang='lat' dir='ltr'><strong>est</strong></span> <span class='ocrx_word' id='word_1_93' title='bbox 691 1298 830 1352; x_wconf 88' lang='lat' dir='ltr'><strong>bona</strong></span> <span class='ocrx_word' id='word_1_94' title='bbox 861 1299 1113 1368; x_wconf 82' lang='lat' dir='ltr'><strong>gloriatio</strong></span> <span class='ocrx_word' id='word_1_95' title='bbox 1144 1309 1350 1354; x_wconf 84' lang='lat' dir='ltr'><strong>vestra.</strong></span> <span class='ocrx_word' id='word_1_96' title='bbox 1375 1300 1634 1366; x_wconf 86' lang='lat' dir='ltr'><strong>Nescitis,</strong></span> <span class='ocrx_word' id='word_1_97' title='bbox 1665 1301 1792 1367; x_wconf 86' lang='lat' dir='ltr'><strong>quia</strong></span> <span class='ocrx_word' id='word_1_98' title='bbox 1821 1299 1998 1353; x_wconf 82' lang='lat' dir='ltr'><strong>modi-</strong></span> 
     </span>
    </p>
   </div>
   <div class='ocr_carea' id='block_1_13' title="bbox 425 1388 2006 1461">
    <p class='ocr_par' dir='ltr' id='par_1_13' title="bbox 425 1388 2006 1461">
     <span class='ocr_line' id='line_1_13' title="bbox 425 1388 2006 1461; baseline 0.001 -20"><span class='ocrx_word' id='word_1_99' title='bbox 425 1388 608 1442; x_wconf 84' lang='lat' dir='ltr'><strong>dicunt</strong></span> <span class='ocrx_word' id='word_1_100' title='bbox 689 1389 1015 1445; x_wconf 83' lang='lat' dir='ltr'><strong>lermcntum</strong></span> <span class='ocrx_word' id='word_1_101' title='bbox 1094 1400 1261 1445; x_wconf 91' lang='lat' dir='ltr'><strong>totam</strong></span> <span class='ocrx_word' id='word_1_102' title='bbox 1316 1405 1549 1446; x_wconf 84' lang='lat' dir='ltr'><strong>massam</strong></span> <span class='ocrx_word' id='word_1_103' title='bbox 1651 1391 2006 1461; x_wconf 78' lang='lat' dir='ltr'><strong>corrumpit?</strong></span> 
     </span>
    </p>
   </div>
   <div class='ocr_carea' id='block_1_14' title="bbox 426 1483 2000 1552">
    <p class='ocr_par' dir='ltr' id='par_1_14' title="bbox 426 1483 2000 1552">
     <span class='ocr_line' id='line_1_14' title="bbox 426 1483 2000 1552; baseline 0.002 -17"><span class='ocrx_word' id='word_1_104' title='bbox 426 1483 738 1552; x_wconf 72' lang='lat' dir='ltr'><strong>Espurgate</strong></span> <span class='ocrx_word' id='word_1_105' title='bbox 781 1493 937 1538; x_wconf 85' lang='lat' dir='ltr'><strong>vetus</strong></span> <span class='ocrx_word' id='word_1_106' title='bbox 981 1484 1329 1545; x_wconf 85' lang='lat' dir='ltr'><strong>fermentum,</strong></span> <span class='ocrx_word' id='word_1_107' title='bbox 1390 1495 1449 1539; x_wconf 90' lang='lat' dir='ltr'><strong>ut</strong></span> <span class='ocrx_word' id='word_1_108' title='bbox 1501 1484 1624 1540; x_wconf 86' lang='lat' dir='ltr'><strong>sitis</strong></span> <span class='ocrx_word' id='word_1_109' title='bbox 1675 1501 1814 1538; x_wconf 88' lang='lat' dir='ltr'><strong>nova</strong></span> <span class='ocrx_word' id='word_1_110' title='bbox 1868 1499 2000 1538; x_wconf 86' lang='lat' dir='ltr'><strong>con-</strong></span> 
     </span>
    </p>
   </div>
   <div class='ocr_carea' id='block_1_15' title="bbox 424 1574 2001 1646">
    <p class='ocr_par' dir='ltr' id='par_1_15' title="bbox 424 1574 2001 1646">
     <span class='ocr_line' id='line_1_15' title="bbox 424 1574 2001 1646; baseline 0.001 -20"><span class='ocrx_word' id='word_1_111' title='bbox 424 1574 660 1642; x_wconf 85' lang='lat' dir='ltr'><strong>spcrsio,</strong></span> <span class='ocrx_word' id='word_1_112' title='bbox 695 1574 836 1627; x_wconf 87' lang='lat' dir='ltr'><strong>sicut</strong></span> <span class='ocrx_word' id='word_1_113' title='bbox 859 1575 992 1629; x_wconf 88' lang='lat' dir='ltr'><strong>estis</strong></span> <span class='ocrx_word' id='word_1_114' title='bbox 1021 1575 1194 1646; x_wconf 76' lang='lat' dir='ltr'><strong>azymi</strong></span> <span class='ocrx_word' id='word_1_115' title='bbox 1215 1615 1230 1628; x_wconf 91' lang='lat'><strong>.</strong></span> <span class='ocrx_word' id='word_1_116' title='bbox 1260 1575 1474 1630; x_wconf 85' lang='lat' dir='ltr'><strong>Etenim</strong></span> <span class='ocrx_word' id='word_1_117' title='bbox 1505 1576 1711 1630; x_wconf 82' lang='lat' dir='ltr'><strong>Pascha</strong></span> <span class='ocrx_word' id='word_1_118' title='bbox 1755 1583 2001 1629; x_wconf 89' lang='lat' dir='ltr'><strong>nostrum</strong></span> 
     </span>
    </p>
   </div>
   <div class='ocr_carea' id='block_1_16' title="bbox 427 1663 2002 1738">
    <p class='ocr_par' dir='ltr' id='par_1_16' title="bbox 427 1663 2002 1738">
     <span class='ocr_line' id='line_1_16' title="bbox 427 1663 2002 1738; baseline 0.001 -20"><span class='ocrx_word' id='word_1_119' title='bbox 427 1663 740 1719; x_wconf 85' lang='lat' dir='ltr'><strong>immolatus</strong></span> <span class='ocrx_word' id='word_1_120' title='bbox 797 1675 883 1720; x_wconf 89' lang='lat' dir='ltr'><strong>est</strong></span> <span class='ocrx_word' id='word_1_121' title='bbox 937 1665 1209 1722; x_wconf 85' lang='lat' dir='ltr'><strong>Christus.</strong></span> <span class='ocrx_word' id='word_1_122' title='bbox 1263 1668 1448 1738; x_wconf 87' lang='lat' dir='ltr'><strong>Itaque</strong></span> <span class='ocrx_word' id='word_1_123' title='bbox 1511 1668 1838 1738; x_wconf 89' lang='lat' dir='ltr'><strong>epulemur,</strong></span> <span class='ocrx_word' id='word_1_124' title='bbox 1892 1683 2002 1721; x_wconf 90' lang='lat' dir='ltr'><strong>non</strong></span> 
     </span>
    </p>
   </div>
   <div class='ocr_carea' id='block_1_17' title="bbox 429 1758 2004 1829">
    <p class='ocr_par' dir='ltr' id='par_1_17' title="bbox 429 1758 2004 1829">
     <span class='ocr_line' id='line_1_17' title="bbox 429 1758 2004 1829; baseline 0.001 -17"><span class='ocrx_word' id='word_1_125' title='bbox 429 1759 484 1812; x_wconf 89' lang='lat' dir='ltr'><strong>in</strong></span> <span class='ocrx_word' id='word_1_126' title='bbox 552 1758 820 1814; x_wconf 86' lang='lat' dir='ltr'><strong>fermento</strong></span> <span class='ocrx_word' id='word_1_127' title='bbox 888 1761 1098 1823; x_wconf 84' lang='lat' dir='ltr'><strong>veteri,</strong></span> <span class='ocrx_word' id='word_1_128' title='bbox 1157 1775 1335 1829; x_wconf 87' lang='lat' dir='ltr'><strong>neque</strong></span> <span class='ocrx_word' id='word_1_129' title='bbox 1403 1762 1456 1815; x_wconf 92' lang='lat' dir='ltr'><strong>in</strong></span> <span class='ocrx_word' id='word_1_130' title='bbox 1517 1760 1782 1815; x_wconf 80' lang='lat' dir='ltr'><strong>fermento</strong></span> <span class='ocrx_word' id='word_1_131' title='bbox 1846 1762 2004 1814; x_wconf 88' lang='lat' dir='ltr'><strong>mali-</strong></span> 
     </span>
    </p>
   </div>
   <div class='ocr_carea' id='block_1_18' title="bbox 2106 565 3642 640">
    <p class='ocr_par' dir='ltr' id='par_1_18' title="bbox 2106 565 3642 640">
     <span class='ocr_line' id='line_1_18' title="bbox 2106 565 3642 640; baseline 0.001 -19"><span class='ocrx_word' id='word_1_132' title='bbox 2106 565 2234 640; x_wconf 82' lang='lat' dir='ltr'><strong>[ms.</strong></span> <span class='ocrx_word' id='word_1_133' title='bbox 2283 565 2450 638; x_wconf 90' lang='lat' dir='ltr'><strong>hanc]</strong></span> <span class='ocrx_word' id='word_1_134' title='bbox 2496 567 2790 622; x_wconf 84' lang='lat' dir='ltr'><strong>destruet:</strong></span> <span class='ocrx_word' id='word_1_135' title='bbox 2825 580 3030 636; x_wconf 88' lang='lat' dir='ltr'><strong>corpus</strong></span> <span class='ocrx_word' id='word_1_136' title='bbox 3079 573 3264 620; x_wconf 88' lang='lat' dir='ltr'><strong>autem</strong></span> <span class='ocrx_word' id='word_1_137' title='bbox 3302 580 3403 618; x_wconf 89' lang='lat' dir='ltr'><strong>non</strong></span> <span class='ocrx_word' id='word_1_138' title='bbox 3435 565 3642 622; x_wconf 81' lang='lat' dir='ltr'><strong>fornica-</strong></span> 
     </span>
    </p>
   </div>
   <div class='ocr_carea' id='block_1_19' title="bbox 2109 656 3642 724">
    <p class='ocr_par' dir='ltr' id='par_1_19' title="bbox 2109 656 3642 724">
     <span class='ocr_line' id='line_1_19' title="bbox 2109 656 3642 724; baseline 0.001 -10"><span class='ocrx_word' id='word_1_139' title='bbox 2109 659 2266 724; x_wconf 89' lang='lat' dir='ltr'><strong>tioni,</strong></span> <span class='ocrx_word' id='word_1_140' title='bbox 2294 661 2389 714; x_wconf 88' lang='lat' dir='ltr'><strong>sed</strong></span> <span class='ocrx_word' id='word_1_141' title='bbox 2428 660 2655 712; x_wconf 93' lang='lat' dir='ltr'><strong>Domino</strong></span> <span class='ocrx_word' id='word_1_142' title='bbox 2680 675 2695 712; x_wconf 88' lang='lat'><strong>:</strong></span> <span class='ocrx_word' id='word_1_143' title='bbox 2723 666 2779 713; x_wconf 89' lang='lat' dir='ltr'><strong>et</strong></span> <span class='ocrx_word' id='word_1_144' title='bbox 2804 656 3074 712; x_wconf 84' lang='lat' dir='ltr'><strong>Dominus</strong></span> <span class='ocrx_word' id='word_1_145' title='bbox 3105 658 3346 724; x_wconf 87' lang='lat' dir='ltr'><strong>corpori.</strong></span> <span class='ocrx_word' id='word_1_146' title='bbox 3383 658 3511 712; x_wconf 87' lang='lat' dir='ltr'><strong>Deus</strong></span> <span class='ocrx_word' id='word_1_147' title='bbox 3531 675 3642 715; x_wconf 79' lang='lat' dir='ltr'><strong>vero</strong></span> 
     </span>
    </p>
   </div>
   <div class='ocr_carea' id='block_1_20' title="bbox 2105 749 3645 820">
    <p class='ocr_par' dir='ltr' id='par_1_20' title="bbox 2105 749 3645 820">
     <span class='ocr_line' id='line_1_20' title="bbox 2105 749 3645 820; baseline -0.001 -14"><span class='ocrx_word' id='word_1_148' title='bbox 2105 763 2161 806; x_wconf 90' lang='lat' dir='ltr'><strong>et</strong></span> <span class='ocrx_word' id='word_1_149' title='bbox 2197 751 2488 805; x_wconf 88' lang='lat' dir='ltr'><strong>Dominum</strong></span> <span class='ocrx_word' id='word_1_150' title='bbox 2527 751 2835 817; x_wconf 78' lang='lat' dir='ltr'><strong>suscitavit,</strong></span> <span class='ocrx_word' id='word_1_151' title='bbox 2874 759 2931 805; x_wconf 93' lang='lat' dir='ltr'><strong>et</strong></span> <span class='ocrx_word' id='word_1_152' title='bbox 2983 765 3087 803; x_wconf 92' lang='lat' dir='ltr'><strong>nos</strong></span> <span class='ocrx_word' id='word_1_153' title='bbox 3119 749 3401 804; x_wconf 83' lang='lat' dir='ltr'><strong>suscitabit</strong></span> <span class='ocrx_word' id='word_1_154' title='bbox 3444 767 3529 820; x_wconf 88' lang='lat' dir='ltr'><strong>per</strong></span> <span class='ocrx_word' id='word_1_155' title='bbox 3551 751 3645 805; x_wconf 82' lang='lat' dir='ltr'><strong>vir-</strong></span> 
     </span>
    </p>
   </div>
   <div class='ocr_carea' id='block_1_21' title="bbox 2110 843 3648 912">
    <p class='ocr_par' dir='ltr' id='par_1_21' title="bbox 2110 843 3648 912">
     <span class='ocr_line' id='line_1_21' title="bbox 2110 843 3648 912; baseline -0.001 -15"><span class='ocrx_word' id='word_1_156' title='bbox 2110 853 2276 898; x_wconf 92' lang='lat' dir='ltr'><strong>tutem</strong></span> <span class='ocrx_word' id='word_1_157' title='bbox 2303 859 2478 898; x_wconf 88' lang='lat' dir='ltr'><strong>suam.</strong></span> <span class='ocrx_word' id='word_1_158' title='bbox 2504 843 2742 898; x_wconf 84' lang='lat' dir='ltr'><strong>Nescitis</strong></span> <span class='ocrx_word' id='word_1_159' title='bbox 2769 844 3030 912; x_wconf 85' lang='lat' dir='ltr'><strong>quoniam</strong></span> <span class='ocrx_word' id='word_1_160' title='bbox 3059 857 3294 911; x_wconf 87' lang='lat' dir='ltr'><strong>corpora</strong></span> <span class='ocrx_word' id='word_1_161' title='bbox 3314 853 3481 896; x_wconf 76' lang='lat' dir='ltr'><strong>vestra</strong></span> <span class='ocrx_word' id='word_1_162' title='bbox 3508 858 3648 896; x_wconf 85' lang='lat' dir='ltr'><strong>tuem-</strong></span> 
     </span>
    </p>
   </div>
   <div class='ocr_carea' id='block_1_22' title="bbox 2107 933 3643 1005">
    <p class='ocr_par' dir='ltr' id='par_1_22' title="bbox 2107 933 3643 1005">
     <span class='ocr_line' id='line_1_22' title="bbox 2107 933 3643 1005; baseline -0.005 -13"><span class='ocrx_word' id='word_1_163' title='bbox 2107 938 2207 992; x_wconf 81' lang='lat' dir='ltr'><strong>bra</strong></span> <span class='ocrx_word' id='word_1_164' title='bbox 2253 947 2380 991; x_wconf 91' lang='lat' dir='ltr'><strong>sunt</strong></span> <span class='ocrx_word' id='word_1_165' title='bbox 2426 937 2678 992; x_wconf 78' lang='lat' dir='ltr'><strong>Christi?</strong></span> <span class='ocrx_word' id='word_1_166' title='bbox 2732 937 2958 991; x_wconf 89' lang='lat' dir='ltr'><strong>Tollens</strong></span> <span class='ocrx_word' id='word_1_167' title='bbox 2991 950 3124 1005; x_wconf 75' lang='lat' dir='ltr'><strong>ergo</strong></span> <span class='ocrx_word' id='word_1_168' title='bbox 3173 934 3413 988; x_wconf 87' lang='lat' dir='ltr'><strong>membra</strong></span> <span class='ocrx_word' id='word_1_169' title='bbox 3441 933 3643 997; x_wconf 88' lang='lat' dir='ltr'><strong>Christi,</strong></span> 
     </span>
    </p>
   </div>
   <div class='ocr_carea' id='block_1_23' title="bbox 2107 1024 3647 1086">
    <p class='ocr_par' dir='ltr' id='par_1_23' title="bbox 2107 1024 3647 1086">
     <span class='ocr_line' id='line_1_23' title="bbox 2107 1024 3647 1086; baseline -0.003 -4"><span class='ocrx_word' id='word_1_170' title='bbox 2107 1028 2302 1086; x_wconf 89' lang='lat' dir='ltr'><strong>faciam</strong></span> <span class='ocrx_word' id='word_1_171' title='bbox 2365 1029 2608 1084; x_wconf 91' lang='lat' dir='ltr'><strong>membra</strong></span> <span class='ocrx_word' id='word_1_172' title='bbox 2669 1027 3028 1084; x_wconf 85' lang='lat' dir='ltr'><strong>meretricis?</strong></span> <span class='ocrx_word' id='word_1_173' title='bbox 3083 1026 3267 1082; x_wconf 83' lang='lat' dir='ltr'><strong>Absit.</strong></span> <span class='ocrx_word' id='word_1_174' title='bbox 3316 1028 3395 1079; x_wconf 81' lang='lat' dir='ltr'><strong>An</strong></span> <span class='ocrx_word' id='word_1_175' title='bbox 3447 1024 3647 1079; x_wconf 87' lang='lat' dir='ltr'><strong>nescitis</strong></span> 
     </span>
    </p>
   </div>
   <div class='ocr_carea' id='block_1_24' title="bbox 2109 1119 3649 1192">
    <p class='ocr_par' dir='ltr' id='par_1_24' title="bbox 2109 1119 3649 1192">
     <span class='ocr_line' id='line_1_24' title="bbox 2109 1119 3649 1192; baseline 0.001 -20"><span class='ocrx_word' id='word_1_176' title='bbox 2109 1122 2365 1192; x_wconf 89' lang='lat' dir='ltr'><strong>quoniam</strong></span> <span class='ocrx_word' id='word_1_177' title='bbox 2422 1121 2518 1190; x_wconf 90' lang='lat' dir='ltr'><strong>qni</strong></span> <span class='ocrx_word' id='word_1_178' title='bbox 2584 1121 2830 1175; x_wconf 70' lang='lat' dir='ltr'><strong>adhaeret</strong></span> <span class='ocrx_word' id='word_1_179' title='bbox 2887 1119 3210 1187; x_wconf 84' lang='lat' dir='ltr'><strong>meretrici,</strong></span> <span class='ocrx_word' id='word_1_180' title='bbox 3263 1133 3430 1172; x_wconf 89' lang='lat' dir='ltr'><strong>unum</strong></span> <span class='ocrx_word' id='word_1_181' title='bbox 3476 1132 3649 1186; x_wconf 86' lang='lat' dir='ltr'><strong>corpus</strong></span> 
     </span>
    </p>
   </div>
   <div class='ocr_carea' id='block_1_25' title="bbox 2108 1211 3648 1283">
    <p class='ocr_par' dir='ltr' id='par_1_25' title="bbox 2108 1211 3648 1283">
     <span class='ocr_line' id='line_1_25' title="bbox 2108 1211 3648 1283; baseline -0.003 -15"><span class='ocrx_word' id='word_1_182' title='bbox 2108 1215 2384 1270; x_wconf 77' lang='lat' dir='ltr'><strong>efficitur?</strong></span> <span class='ocrx_word' id='word_1_183' title='bbox 2424 1214 2596 1268; x_wconf 86' lang='lat' dir='ltr'><strong>Erunt</strong></span> <span class='ocrx_word' id='word_1_184' title='bbox 2629 1214 2778 1267; x_wconf 89' lang='lat' dir='ltr'><strong>enim</strong></span> <span class='ocrx_word' id='word_1_185' title='bbox 2831 1211 3058 1283; x_wconf 91' lang='lat' dir='ltr'><strong>(inquit)</strong></span> <span class='ocrx_word' id='word_1_186' title='bbox 3109 1211 3222 1267; x_wconf 90' lang='lat' dir='ltr'><strong>duo</strong></span> <span class='ocrx_word' id='word_1_187' title='bbox 3266 1211 3322 1265; x_wconf 91' lang='lat' dir='ltr'><strong>in</strong></span> <span class='ocrx_word' id='word_1_188' title='bbox 3357 1225 3509 1264; x_wconf 90' lang='lat' dir='ltr'><strong>carne</strong></span> <span class='ocrx_word' id='word_1_189' title='bbox 3540 1224 3648 1264; x_wconf 83' lang='lat' dir='ltr'><strong>una.</strong></span> 
     </span>
    </p>
   </div>
   <div class='ocr_carea' id='block_1_26' title="bbox 2110 1301 3649 1374">
    <p class='ocr_par' dir='ltr' id='par_1_26' title="bbox 2110 1301 3649 1374">
     <span class='ocr_line' id='line_1_26' title="bbox 2110 1301 3649 1374; baseline -0.004 -14"><span class='ocrx_word' id='word_1_190' title='bbox 2110 1307 2215 1374; x_wconf 88' lang='lat' dir='ltr'><strong>Qui</strong></span> <span class='ocrx_word' id='word_1_191' title='bbox 2269 1315 2452 1360; x_wconf 90' lang='lat' dir='ltr'><strong>autem</strong></span> <span class='ocrx_word' id='word_1_192' title='bbox 2517 1303 2763 1357; x_wconf 69' lang='lat' dir='ltr'><strong>adhtrret</strong></span> <span class='ocrx_word' id='word_1_193' title='bbox 2799 1303 3060 1367; x_wconf 90' lang='lat' dir='ltr'><strong>Domino,</strong></span> <span class='ocrx_word' id='word_1_194' title='bbox 3111 1316 3256 1355; x_wconf 91' lang='lat' dir='ltr'><strong>unus</strong></span> <span class='ocrx_word' id='word_1_195' title='bbox 3308 1301 3523 1371; x_wconf 87' lang='lat' dir='ltr'><strong>spiritus</strong></span> <span class='ocrx_word' id='word_1_196' title='bbox 3561 1309 3649 1354; x_wconf 90' lang='lat' dir='ltr'><strong>est.</strong></span> 
     </span>
    </p>
   </div>
   <div class='ocr_carea' id='block_1_27' title="bbox 2111 1392 3651 1470">
    <p class='ocr_par' dir='ltr' id='par_1_27' title="bbox 2111 1392 3651 1470">
     <span class='ocr_line' id='line_1_27' title="bbox 2111 1392 3651 1470; baseline -0.006 -16"><span class='ocrx_word' id='word_1_197' title='bbox 2111 1400 2303 1470; x_wconf 77' lang='lat' dir='ltr'><strong>Fugite</strong></span> <span class='ocrx_word' id='word_1_198' title='bbox 2333 1397 2780 1452; x_wconf 70' lang='lat' dir='ltr'><strong>fornicationem.</strong></span> <span class='ocrx_word' id='word_1_199' title='bbox 2812 1394 2987 1452; x_wconf 87' lang='lat' dir='ltr'><strong>Omne</strong></span> <span class='ocrx_word' id='word_1_200' title='bbox 3029 1405 3314 1466; x_wconf 85' lang='lat' dir='ltr'><strong>peccatum</strong></span> <span class='ocrx_word' id='word_1_201' title='bbox 3346 1433 3360 1458; x_wconf 92' lang='lat'><strong>,</strong></span> <span class='ocrx_word' id='word_1_202' title='bbox 3399 1392 3651 1462; x_wconf 79' lang='lat' dir='ltr'><strong>quodcun-</strong></span> 
     </span>
    </p>
   </div>
   <div class='ocr_carea' id='block_1_28' title="bbox 2110 1485 3651 1562">
    <p class='ocr_par' dir='ltr' id='par_1_28' title="bbox 2110 1485 3651 1562">
     <span class='ocr_line' id='line_1_28' title="bbox 2110 1485 3651 1562; baseline -0.007 -16"><span class='ocrx_word' id='word_1_203' title='bbox 2110 1509 2218 1562; x_wconf 89' lang='lat' dir='ltr'><strong>que</strong></span> <span class='ocrx_word' id='word_1_204' title='bbox 2269 1492 2461 1546; x_wconf 80' lang='lat' dir='ltr'><strong>fecerit</strong></span> <span class='ocrx_word' id='word_1_205' title='bbox 2502 1491 2665 1543; x_wconf 91' lang='lat' dir='ltr'><strong>homo</strong></span> <span class='ocrx_word' id='word_1_206' title='bbox 2693 1530 2708 1554; x_wconf 91' lang='lat'><strong>,</strong></span> <span class='ocrx_word' id='word_1_207' title='bbox 2761 1498 2914 1543; x_wconf 81' lang='lat' dir='ltr'><strong>extra</strong></span> <span class='ocrx_word' id='word_1_208' title='bbox 2967 1502 3170 1556; x_wconf 90' lang='lat' dir='ltr'><strong>corpus</strong></span> <span class='ocrx_word' id='word_1_209' title='bbox 3214 1496 3339 1541; x_wconf 89' lang='lat' dir='ltr'><strong>est:</strong></span> <span class='ocrx_word' id='word_1_210' title='bbox 3368 1485 3458 1554; x_wconf 91' lang='lat' dir='ltr'><strong>qui</strong></span> <span class='ocrx_word' id='word_1_211' title='bbox 3499 1494 3651 1537; x_wconf 85' lang='lat' dir='ltr'><strong>autem</strong></span> 
     </span>
    </p>
   </div>
   <div class='ocr_carea' id='block_1_29' title="bbox 2113 1575 3650 1650">
    <p class='ocr_par' dir='ltr' id='par_1_29' title="bbox 2113 1575 3650 1650">
     <span class='ocr_line' id='line_1_29' title="bbox 2113 1575 3650 1650; baseline -0.006 -13"><span class='ocrx_word' id='word_1_212' title='bbox 2113 1584 2438 1647; x_wconf 82' lang='lat' dir='ltr'><strong>fornicatur,</strong></span> <span class='ocrx_word' id='word_1_213' title='bbox 2471 1582 2526 1636; x_wconf 93' lang='lat' dir='ltr'><strong>in</strong></span> <span class='ocrx_word' id='word_1_214' title='bbox 2576 1596 2780 1650; x_wconf 91' lang='lat' dir='ltr'><strong>corpus</strong></span> <span class='ocrx_word' id='word_1_215' title='bbox 2827 1595 2989 1634; x_wconf 91' lang='lat' dir='ltr'><strong>suum</strong></span> <span class='ocrx_word' id='word_1_216' title='bbox 3043 1587 3257 1648; x_wconf 85' lang='lat' dir='ltr'><strong>peccat.</strong></span> <span class='ocrx_word' id='word_1_217' title='bbox 3314 1579 3395 1632; x_wconf 78' lang='lat' dir='ltr'><strong>An</strong></span> <span class='ocrx_word' id='word_1_218' title='bbox 3451 1575 3650 1630; x_wconf 86' lang='lat' dir='ltr'><strong>nescitis</strong></span> 
     </span>
    </p>
   </div>
   <div class='ocr_carea' id='block_1_30' title="bbox 2111 1668 3654 1747">
    <p class='ocr_par' dir='ltr' id='par_1_30' title="bbox 2111 1668 3654 1747">
     <span class='ocr_line' id='line_1_30' title="bbox 2111 1668 3654 1747; baseline -0.006 -20"><span class='ocrx_word' id='word_1_219' title='bbox 2111 1675 2368 1747; x_wconf 90' lang='lat' dir='ltr'><strong>quoniam</strong></span> <span class='ocrx_word' id='word_1_220' title='bbox 2426 1673 2673 1728; x_wconf 87' lang='lat' dir='ltr'><strong>metnbra</strong></span> <span class='ocrx_word' id='word_1_221' title='bbox 2710 1683 2891 1727; x_wconf 88' lang='lat' dir='ltr'><strong>vestra</strong></span> <span class='ocrx_word' id='word_1_222' title='bbox 2918 1713 2934 1738; x_wconf 94' lang='lat'><strong>,</strong></span> <span class='ocrx_word' id='word_1_223' title='bbox 2973 1671 3239 1740; x_wconf 86' lang='lat' dir='ltr'><strong>templum</strong></span> <span class='ocrx_word' id='word_1_224' title='bbox 3293 1677 3421 1724; x_wconf 83' lang='lat' dir='ltr'><strong>sunt</strong></span> <span class='ocrx_word' id='word_1_225' title='bbox 3448 1668 3654 1738; x_wconf 86' lang='lat' dir='ltr'><strong>Spiritus</strong></span> 
     </span>
    </p>
   </div>
   <div class='ocr_carea' id='block_1_31' title="bbox 2114 1761 3656 1836">
    <p class='ocr_par' dir='ltr' id='par_1_31' title="bbox 2114 1761 3656 1836">
     <span class='ocr_line' id='line_1_31' title="bbox 2114 1761 3656 1836; baseline -0.005 -16"><span class='ocrx_word' id='word_1_226' title='bbox 2114 1768 2286 1820; x_wconf 87' lang='lat' dir='ltr'><strong>sancti</strong></span> <span class='ocrx_word' id='word_1_227' title='bbox 2318 1808 2333 1832; x_wconf 91' lang='lat'><strong>,</strong></span> <span class='ocrx_word' id='word_1_228' title='bbox 2381 1765 2476 1836; x_wconf 82' lang='lat' dir='ltr'><strong>qui</strong></span> <span class='ocrx_word' id='word_1_229' title='bbox 2515 1767 2568 1819; x_wconf 92' lang='lat' dir='ltr'><strong>in</strong></span> <span class='ocrx_word' id='word_1_230' title='bbox 2604 1765 2760 1819; x_wconf 84' lang='lat' dir='ltr'><strong>vobis</strong></span> <span class='ocrx_word' id='word_1_231' title='bbox 2792 1773 2877 1818; x_wconf 91' lang='lat' dir='ltr'><strong>est</strong></span> <span class='ocrx_word' id='word_1_232' title='bbox 2905 1804 2919 1828; x_wconf 95' lang='lat'><strong>,</strong></span> <span class='ocrx_word' id='word_1_233' title='bbox 2974 1779 3138 1833; x_wconf 88' lang='lat' dir='ltr'><strong>quem</strong></span> <span class='ocrx_word' id='word_1_234' title='bbox 3173 1763 3390 1816; x_wconf 87' lang='lat' dir='ltr'><strong>habetis</strong></span> <span class='ocrx_word' id='word_1_235' title='bbox 3417 1777 3442 1815; x_wconf 90' lang='lat' dir='ltr'><strong>a</strong></span> <span class='ocrx_word' id='word_1_236' title='bbox 3490 1761 3588 1814; x_wconf 87' lang='lat' dir='ltr'><strong>Deo</strong></span> <span class='ocrx_word' id='word_1_237' title='bbox 3608 1767 3656 1813; x_wconf 86' lang='lat' dir='ltr'><strong>et</strong></span> 
     </span>
    </p>
   </div>
   <div class='ocr_carea' id='block_1_32' title="bbox 431 1842 2012 1924">
    <p class='ocr_par' dir='ltr' id='par_1_32' title="bbox 431 1850 2007 1923">
     <span class='ocr_line' id='line_1_32' title="bbox 431 1850 2007 1923; baseline 0 -21"><span class='ocrx_word' id='word_1_238' title='bbox 431 1850 518 1903; x_wconf 78' lang='lat' dir='ltr'><strong>tia:</strong></span> <span class='ocrx_word' id='word_1_239' title='bbox 569 1860 624 1904; x_wconf 92' lang='lat' dir='ltr'><strong>et</strong></span> <span class='ocrx_word' id='word_1_240' title='bbox 692 1851 973 1922; x_wconf 71' lang='lat' dir='ltr'><strong>nequitiae,</strong></span> <span class='ocrx_word' id='word_1_241' title='bbox 1026 1851 1120 1905; x_wconf 88' lang='lat' dir='ltr'><strong>sed</strong></span> <span class='ocrx_word' id='word_1_242' title='bbox 1185 1852 1240 1906; x_wconf 92' lang='lat' dir='ltr'><strong>in</strong></span> <span class='ocrx_word' id='word_1_243' title='bbox 1305 1851 1511 1923; x_wconf 78' lang='lat' dir='ltr'><strong>azymis</strong></span> <span class='ocrx_word' id='word_1_244' title='bbox 1562 1851 1899 1906; x_wconf 85' lang='lat' dir='ltr'><strong>sinceritatis</strong></span> <span class='ocrx_word' id='word_1_245' title='bbox 1954 1857 2007 1904; x_wconf 89' lang='lat' dir='ltr'><strong>et</strong></span> 
     </span>
    </p>
   </div>
   <div class='ocr_carea' id='block_1_33' title="bbox 2118 1842 3658 1924">
    <p class='ocr_par' dir='ltr' id='par_1_33' title="bbox 2118 1853 3658 1924">
     <span class='ocr_line' id='line_1_33' title="bbox 2118 1853 3658 1924; baseline -0.005 -12"><span class='ocrx_word' id='word_1_246' title='bbox 2118 1874 2219 1912; x_wconf 91' lang='lat' dir='ltr'><strong>non</strong></span> <span class='ocrx_word' id='word_1_247' title='bbox 2274 1857 2411 1913; x_wconf 83' lang='lat' dir='ltr'><strong>estis</strong></span> <span class='ocrx_word' id='word_1_248' title='bbox 2460 1856 2672 1911; x_wconf 80' lang='lat' dir='ltr'><strong>vestri?</strong></span> <span class='ocrx_word' id='word_1_249' title='bbox 2724 1857 2901 1924; x_wconf 83' lang='lat' dir='ltr'><strong>Empti</strong></span> <span class='ocrx_word' id='word_1_250' title='bbox 2951 1857 3099 1910; x_wconf 90' lang='lat' dir='ltr'><strong>enim</strong></span> <span class='ocrx_word' id='word_1_251' title='bbox 3154 1857 3292 1910; x_wconf 89' lang='lat' dir='ltr'><strong>estis</strong></span> <span class='ocrx_word' id='word_1_252' title='bbox 3349 1853 3518 1923; x_wconf 89' lang='lat' dir='ltr'><strong>pretio</strong></span> <span class='ocrx_word' id='word_1_253' title='bbox 3562 1866 3658 1905; x_wconf 83' lang='lat' dir='ltr'><strong>rna-</strong></span> 
     </span>
    </p>
   </div>
   <div class='ocr_carea' id='block_1_34' title="bbox 428 1942 2008 2012">
    <p class='ocr_par' dir='ltr' id='par_1_34' title="bbox 428 1942 2008 2012">
     <span class='ocr_line' id='line_1_34' title="bbox 428 1942 2008 2012; baseline 0.002 -20"><span class='ocrx_word' id='word_1_254' title='bbox 428 1942 696 1996; x_wconf 87' lang='lat' dir='ltr'><strong>veritatis.</strong></span> <span class='ocrx_word' id='word_1_255' title='bbox 731 1943 939 2012; x_wconf 83' lang='lat' dir='ltr'><strong>Scripsi</strong></span> <span class='ocrx_word' id='word_1_256' title='bbox 966 1945 1121 1999; x_wconf 83' lang='lat' dir='ltr'><strong>vobis</strong></span> <span class='ocrx_word' id='word_1_257' title='bbox 1151 1943 1204 1997; x_wconf 93' lang='lat' dir='ltr'><strong>in</strong></span> <span class='ocrx_word' id='word_1_258' title='bbox 1229 1944 1456 2012; x_wconf 87' lang='lat' dir='ltr'><strong>epistola</strong></span> <span class='ocrx_word' id='word_1_259' title='bbox 1489 1960 1507 2008; x_wconf 85' lang='lat'><em>;</em></span> <span class='ocrx_word' id='word_1_260' title='bbox 1535 1943 1612 1998; x_wconf 82' lang='lat' dir='ltr'><strong>Ne</strong></span> <span class='ocrx_word' id='word_1_261' title='bbox 1647 1943 2008 1997; x_wconf 86' lang='lat' dir='ltr'><strong>commiscea-</strong></span> 
     </span>
    </p>
   </div>
   <div class='ocr_carea' id='block_1_35' title="bbox 430 2033 2009 2106">
    <p class='ocr_par' dir='ltr' id='par_1_35' title="bbox 430 2033 2009 2106">
     <span class='ocr_line' id='line_1_35' title="bbox 430 2033 2009 2106; baseline 0.002 -21"><span class='ocrx_word' id='word_1_262' title='bbox 430 2033 564 2087; x_wconf 89' lang='lat' dir='ltr'><strong>mini</strong></span> <span class='ocrx_word' id='word_1_263' title='bbox 625 2033 955 2090; x_wconf 88' lang='lat' dir='ltr'><strong>fornicariis.</strong></span> <span class='ocrx_word' id='word_1_264' title='bbox 1035 2034 1154 2090; x_wconf 81' lang='lat' dir='ltr'><strong>Non</strong></span> <span class='ocrx_word' id='word_1_265' title='bbox 1233 2039 1422 2106; x_wconf 89' lang='lat' dir='ltr'><strong>utique</strong></span> <span class='ocrx_word' id='word_1_266' title='bbox 1473 2036 1786 2091; x_wconf 86' lang='lat' dir='ltr'><strong>fornicariis</strong></span> <span class='ocrx_word' id='word_1_267' title='bbox 1847 2036 2009 2106; x_wconf 87' lang='lat' dir='ltr'><strong>hujus</strong></span> 
     </span>
    </p>
   </div>
   <div class='ocr_carea' id='block_1_36' title="bbox 432 2125 2008 2198">
    <p class='ocr_par' dir='ltr' id='par_1_36' title="bbox 432 2125 2008 2198">
     <span class='ocr_line' id='line_1_36' title="bbox 432 2125 2008 2198; baseline 0 -21"><span class='ocrx_word' id='word_1_268' title='bbox 432 2125 646 2192; x_wconf 89' lang='lat' dir='ltr'><strong>mundi,</strong></span> <span class='ocrx_word' id='word_1_269' title='bbox 692 2134 786 2181; x_wconf 89' lang='lat' dir='ltr'><strong>aut</strong></span> <span class='ocrx_word' id='word_1_270' title='bbox 821 2127 1020 2193; x_wconf 87' lang='lat' dir='ltr'><strong>avaris,</strong></span> <span class='ocrx_word' id='word_1_271' title='bbox 1055 2137 1148 2182; x_wconf 90' lang='lat' dir='ltr'><strong>aut</strong></span> <span class='ocrx_word' id='word_1_272' title='bbox 1191 2129 1501 2198; x_wconf 84' lang='lat' dir='ltr'><strong>rapacibus,</strong></span> <span class='ocrx_word' id='word_1_273' title='bbox 1552 2136 1647 2180; x_wconf 90' lang='lat' dir='ltr'><strong>aut</strong></span> <span class='ocrx_word' id='word_1_274' title='bbox 1697 2125 1857 2182; x_wconf 89' lang='lat' dir='ltr'><strong>idolis</strong></span> <span class='ocrx_word' id='word_1_275' title='bbox 1893 2140 2008 2180; x_wconf 87' lang='lat' dir='ltr'><strong>ser-</strong></span> 
     </span>
    </p>
   </div>
   <div class='ocr_carea' id='block_1_37' title="bbox 431 2217 2009 2289">
    <p class='ocr_par' dir='ltr' id='par_1_37' title="bbox 431 2217 2009 2289">
     <span class='ocr_line' id='line_1_37' title="bbox 431 2217 2009 2289; baseline 0.002 -21"><span class='ocrx_word' id='word_1_276' title='bbox 431 2217 708 2272; x_wconf 81' lang='lat' dir='ltr'><strong>vientibus</strong></span> <span class='ocrx_word' id='word_1_277' title='bbox 736 2237 751 2284; x_wconf 87' lang='lat'><strong>;</strong></span> <span class='ocrx_word' id='word_1_278' title='bbox 798 2219 1037 2289; x_wconf 87' lang='lat' dir='ltr'><strong>alioquin</strong></span> <span class='ocrx_word' id='word_1_279' title='bbox 1087 2219 1400 2274; x_wconf 90' lang='lat' dir='ltr'><strong>debueratis</strong></span> <span class='ocrx_word' id='word_1_280' title='bbox 1433 2220 1501 2273; x_wconf 89' lang='lat' dir='ltr'><strong>de</strong></span> <span class='ocrx_word' id='word_1_281' title='bbox 1531 2221 1630 2273; x_wconf 90' lang='lat' dir='ltr'><strong>hoc</strong></span> <span class='ocrx_word' id='word_1_282' title='bbox 1658 2218 1864 2272; x_wconf 89' lang='lat' dir='ltr'><strong>mundo</strong></span> <span class='ocrx_word' id='word_1_283' title='bbox 1906 2233 2009 2272; x_wconf 78' lang='lat' dir='ltr'><strong>ex-</strong></span> 
     </span>
    </p>
   </div>
   <div class='ocr_carea' id='block_1_38' title="bbox 434 2309 2004 2380">
    <p class='ocr_par' dir='ltr' id='par_1_38' title="bbox 434 2309 2004 2380">
     <span class='ocr_line' id='line_1_38' title="bbox 434 2309 2004 2380; baseline 0.002 -18"><span class='ocrx_word' id='word_1_284' title='bbox 434 2309 587 2364; x_wconf 88' lang='lat' dir='ltr'><strong>iisse.</strong></span> <span class='ocrx_word' id='word_1_285' title='bbox 613 2309 768 2365; x_wconf 86' lang='lat' dir='ltr'><strong>Nunc</strong></span> <span class='ocrx_word' id='word_1_286' title='bbox 788 2321 970 2365; x_wconf 90' lang='lat' dir='ltr'><strong>autem</strong></span> <span class='ocrx_word' id='word_1_287' title='bbox 1004 2312 1197 2380; x_wconf 88' lang='lat' dir='ltr'><strong>scripsi</strong></span> <span class='ocrx_word' id='word_1_288' title='bbox 1241 2313 1396 2366; x_wconf 83' lang='lat' dir='ltr'><strong>vobis</strong></span> <span class='ocrx_word' id='word_1_289' title='bbox 1435 2327 1541 2365; x_wconf 92' lang='lat' dir='ltr'><strong>non</strong></span> <span class='ocrx_word' id='word_1_290' title='bbox 1573 2311 1914 2365; x_wconf 86' lang='lat' dir='ltr'><strong>commisceri</strong></span> <span class='ocrx_word' id='word_1_291' title='bbox 1946 2312 1961 2341; x_wconf 88' lang='grc'>¹</span> <span class='ocrx_word' id='word_1_292' title='bbox 1989 2326 2004 2375; x_wconf 89' lang='grc'><strong>;</strong></span> 
     </span>
    </p>
   </div>
   <div class='ocr_carea' id='block_1_39' title="bbox 433 2402 2010 2472">
    <p class='ocr_par' dir='ltr' id='par_1_39' title="bbox 433 2402 2010 2472">
     <span class='ocr_line' id='line_1_39' title="bbox 433 2402 2010 2472; baseline -0.001 -16"><span class='ocrx_word' id='word_1_293' title='bbox 433 2405 478 2456; x_wconf 85' lang='lat' dir='ltr'><strong>si</strong></span> <span class='ocrx_word' id='word_1_294' title='bbox 503 2402 548 2456; x_wconf 91' lang='lat' dir='ltr'><strong>is</strong></span> <span class='ocrx_word' id='word_1_295' title='bbox 568 2403 661 2472; x_wconf 87' lang='lat' dir='ltr'><strong>qui</strong></span> <span class='ocrx_word' id='word_1_296' title='bbox 704 2403 870 2459; x_wconf 89' lang='lat' dir='ltr'><strong>frater</strong></span> <span class='ocrx_word' id='word_1_297' title='bbox 897 2405 1238 2464; x_wconf 88' lang='lat' dir='ltr'><strong>nominatur,</strong></span> <span class='ocrx_word' id='word_1_298' title='bbox 1277 2411 1362 2458; x_wconf 90' lang='lat' dir='ltr'><strong>est</strong></span> <span class='ocrx_word' id='word_1_299' title='bbox 1384 2404 1704 2467; x_wconf 88' lang='lat' dir='ltr'><strong>fornicator,</strong></span> <span class='ocrx_word' id='word_1_300' title='bbox 1753 2413 1842 2456; x_wconf 90' lang='lat' dir='ltr'><strong>aut</strong></span> <span class='ocrx_word' id='word_1_301' title='bbox 1882 2417 2010 2456; x_wconf 81' lang='lat' dir='ltr'><strong>ava-</strong></span> 
     </span>
    </p>
   </div>
   <div class='ocr_carea' id='block_1_40' title="bbox 435 2495 2007 2561">
    <p class='ocr_par' dir='ltr' id='par_1_40' title="bbox 435 2495 2007 2561">
     <span class='ocr_line' id='line_1_40' title="bbox 435 2495 2007 2561; baseline 0 -13"><span class='ocrx_word' id='word_1_302' title='bbox 435 2510 551 2561; x_wconf 89' lang='lat' dir='ltr'><strong>rus,</strong></span> <span class='ocrx_word' id='word_1_303' title='bbox 597 2505 690 2550; x_wconf 92' lang='lat' dir='ltr'><strong>aut</strong></span> <span class='ocrx_word' id='word_1_304' title='bbox 721 2495 882 2550; x_wconf 90' lang='lat' dir='ltr'><strong>idolis</strong></span> <span class='ocrx_word' id='word_1_305' title='bbox 912 2496 1184 2559; x_wconf 89' lang='lat' dir='ltr'><strong>serviens,</strong></span> <span class='ocrx_word' id='word_1_306' title='bbox 1216 2505 1309 2550; x_wconf 87' lang='lat' dir='ltr'><strong>aut</strong></span> <span class='ocrx_word' id='word_1_307' title='bbox 1340 2497 1657 2558; x_wconf 87' lang='lat' dir='ltr'><strong>maledicus,</strong></span> <span class='ocrx_word' id='word_1_308' title='bbox 1689 2505 1784 2549; x_wconf 86' lang='lat' dir='ltr'><strong>aut</strong></span> <span class='ocrx_word' id='word_1_309' title='bbox 1818 2495 2007 2549; x_wconf 87' lang='lat' dir='ltr'><strong>ebrio-</strong></span> 
     </span>
    </p>
   </div>
   <div class='ocr_carea' id='block_1_41' title="bbox 437 2589 2006 2660">
    <p class='ocr_par' dir='ltr' id='par_1_41' title="bbox 437 2589 2006 2660">
     <span class='ocr_line' id='line_1_41' title="bbox 437 2589 2006 2660; baseline -0.001 -18"><span class='ocrx_word' id='word_1_310' title='bbox 437 2603 554 2653; x_wconf 88' lang='lat' dir='ltr'><strong>sus,</strong></span> <span class='ocrx_word' id='word_1_311' title='bbox 584 2597 678 2642; x_wconf 90' lang='lat' dir='ltr'><strong>aut</strong></span> <span class='ocrx_word' id='word_1_312' title='bbox 710 2605 875 2659; x_wconf 78' lang='lat' dir='ltr'><strong>rapax</strong></span> <span class='ocrx_word' id='word_1_313' title='bbox 905 2607 919 2644; x_wconf 90' lang='lat'><strong>:</strong></span> <span class='ocrx_word' id='word_1_314' title='bbox 952 2605 1076 2643; x_wconf 92' lang='lat' dir='ltr'><strong>cum</strong></span> <span class='ocrx_word' id='word_1_315' title='bbox 1109 2589 1378 2660; x_wconf 85' lang='lat' dir='ltr'><strong>ejusmodi</strong></span> <span class='ocrx_word' id='word_1_316' title='bbox 1409 2604 1506 2643; x_wconf 85' lang='lat' dir='ltr'><strong>nec</strong></span> <span class='ocrx_word' id='word_1_317' title='bbox 1534 2590 1714 2643; x_wconf 69' lang='lat' dir='ltr'><strong>cibum</strong></span> <span class='ocrx_word' id='word_1_318' title='bbox 1765 2602 2006 2642; x_wconf 86' lang='lat' dir='ltr'><strong>smnere.</strong></span> 
     </span>
    </p>
   </div>
   <div class='ocr_carea' id='block_1_42' title="bbox 436 2661 2009 2752">
    <p class='ocr_par' dir='ltr' id='par_1_42' title="bbox 436 2661 2009 2752">
     <span class='ocr_line' id='line_1_42' title="bbox 436 2661 2009 2752; baseline -0.003 -16"><span class='ocrx_word' id='word_1_319' title='bbox 436 2682 575 2746; x_wconf 80' lang='lat' dir='ltr'><strong>Quid</strong></span> <span class='ocrx_word' id='word_1_320' title='bbox 610 2682 756 2737; x_wconf 87' lang='lat' dir='ltr'><strong>enim</strong></span> <span class='ocrx_word' id='word_1_321' title='bbox 787 2683 917 2736; x_wconf 92' lang='lat' dir='ltr'><strong>mihi</strong></span> <span class='ocrx_word' id='word_1_322' title='bbox 953 2684 1020 2737; x_wconf 91' lang='lat' dir='ltr'><strong>de</strong></span> <span class='ocrx_word' id='word_1_323' title='bbox 1082 2682 1148 2737; x_wconf 93' lang='lat' dir='ltr'><strong>iis</strong></span> <span class='ocrx_word' id='word_1_324' title='bbox 1174 2681 1268 2752; x_wconf 89' lang='lat' dir='ltr'><strong>qui</strong></span> <span class='ocrx_word' id='word_1_325' title='bbox 1334 2681 1484 2736; x_wconf 86' lang='lat' dir='ltr'><strong>furis</strong></span> <span class='ocrx_word' id='word_1_326' title='bbox 1515 2661 1667 2744; x_wconf 73' lang='lat' dir='ltr'><strong>sunt,</strong></span> <span class='ocrx_word' id='word_1_327' title='bbox 1717 2680 2009 2750; x_wconf 76' lang='lat' dir='ltr'><strong>judicare?</strong></span> 
     </span>
    </p>
   </div>
   <div class='ocr_carea' id='block_1_43' title="bbox 433 2772 2007 2845">
    <p class='ocr_par' dir='ltr' id='par_1_43' title="bbox 433 2772 2007 2845">
     <span class='ocr_line' id='line_1_43' title="bbox 433 2772 2007 2845; baseline -0.003 -16"><span class='ocrx_word' id='word_1_328' title='bbox 433 2774 629 2829; x_wconf 85' lang='lat' dir='ltr'><strong>Nonne</strong></span> <span class='ocrx_word' id='word_1_329' title='bbox 655 2775 722 2829; x_wconf 89' lang='lat' dir='ltr'><strong>de</strong></span> <span class='ocrx_word' id='word_1_330' title='bbox 762 2775 830 2830; x_wconf 89' lang='lat' dir='ltr'><strong>iis</strong></span> <span class='ocrx_word' id='word_1_331' title='bbox 865 2775 956 2845; x_wconf 89' lang='lat' dir='ltr'><strong>qui</strong></span> <span class='ocrx_word' id='word_1_332' title='bbox 1020 2774 1171 2829; x_wconf 87' lang='lat' dir='ltr'><strong>intus</strong></span> <span class='ocrx_word' id='word_1_333' title='bbox 1219 2783 1367 2836; x_wconf 80' lang='lat' dir='ltr'><strong>Sunt,</strong></span> <span class='ocrx_word' id='word_1_334' title='bbox 1432 2789 1530 2828; x_wconf 87' lang='lat' dir='ltr'><strong>vos</strong></span> <span class='ocrx_word' id='word_1_335' title='bbox 1557 2772 1813 2842; x_wconf 81' lang='lat' dir='ltr'><strong>judicutis</strong></span> <span class='ocrx_word' id='word_1_336' title='bbox 1841 2773 2007 2824; x_wconf 86' lang='lat' dir='ltr'><strong>?nam</strong></span> 
     </span>
    </p>
   </div>
   <div class='ocr_carea' id='block_1_44' title="bbox 436 2865 2006 2936">
    <p class='ocr_par' dir='ltr' id='par_1_44' title="bbox 436 2865 2006 2936">
     <span class='ocr_line' id='line_1_44' title="bbox 436 2865 2006 2936; baseline -0.002 -16"><span class='ocrx_word' id='word_1_337' title='bbox 436 2881 554 2933; x_wconf 90' lang='lat' dir='ltr'><strong>eos,</strong></span> <span class='ocrx_word' id='word_1_338' title='bbox 581 2868 671 2934; x_wconf 91' lang='lat' dir='ltr'><strong>qui</strong></span> <span class='ocrx_word' id='word_1_339' title='bbox 707 2869 841 2922; x_wconf 78' lang='lat' dir='ltr'><strong>foris</strong></span> <span class='ocrx_word' id='word_1_340' title='bbox 871 2878 1020 2934; x_wconf 87' lang='lat' dir='ltr'><strong>sunt,</strong></span> <span class='ocrx_word' id='word_1_341' title='bbox 1057 2867 1200 2922; x_wconf 89' lang='lat' dir='ltr'><strong>Deus</strong></span> <span class='ocrx_word' id='word_1_342' title='bbox 1236 2866 1525 2936; x_wconf 82' lang='lat' dir='ltr'><strong>judicabit.</strong></span> <span class='ocrx_word' id='word_1_343' title='bbox 1557 2866 1776 2919; x_wconf 82' lang='lat' dir='ltr'><strong>Auferte</strong></span> <span class='ocrx_word' id='word_1_344' title='bbox 1807 2865 2006 2918; x_wconf 87' lang='lat' dir='ltr'><strong>malum</strong></span> 
     </span>
    </p>
   </div>
   <div class='ocr_carea' id='block_1_45' title="bbox 434 2959 869 3028">
    <p class='ocr_par' dir='ltr' id='par_1_45' title="bbox 434 2959 869 3028">
     <span class='ocr_line' id='line_1_45' title="bbox 434 2959 869 3028; baseline 0.011 -17"><span class='ocrx_word' id='word_1_345' title='bbox 434 2973 500 3012; x_wconf 79' lang='lat' dir='ltr'><strong>ex</strong></span> <span class='ocrx_word' id='word_1_346' title='bbox 534 2959 684 3015; x_wconf 86' lang='lat' dir='ltr'><strong>vobis</strong></span> <span class='ocrx_word' id='word_1_347' title='bbox 714 2960 869 3028; x_wconf 89' lang='lat' dir='ltr'><strong>ipsis.</strong></span> 
     </span>
    </p>
   </div>
   <div class='ocr_carea' id='block_1_46' title="bbox 510 3048 2012 3122">
    <p class='ocr_par' dir='ltr' id='par_1_46' title="bbox 510 3048 2012 3122">
     <span class='ocr_line' id='line_1_46' title="bbox 510 3048 2012 3122; baseline 0.002 -19"><span class='ocrx_word' id='word_1_348' title='bbox 510 3048 672 3120; x_wconf 77' lang='grc' dir='ltr'><strong>[ϐαρ.</strong></span> <span class='ocrx_word' id='word_1_349' title='bbox 712 3050 828 3121; x_wconf 76' lang='lat' dir='ltr'><strong>VL]</strong></span> <span class='ocrx_word' id='word_1_350' title='bbox 879 3052 1060 3107; x_wconf 84' lang='lat' dir='ltr'><strong>Audet</strong></span> <span class='ocrx_word' id='word_1_351' title='bbox 1092 3052 1292 3122; x_wconf 87' lang='lat' dir='ltr'><strong>aliquis</strong></span> <span class='ocrx_word' id='word_1_352' title='bbox 1318 3063 1558 3108; x_wconf 83' lang='lat' dir='ltr'><strong>vestrum</strong></span> <span class='ocrx_word' id='word_1_353' title='bbox 1596 3053 1803 3107; x_wconf 84' lang='lat' dir='ltr'><strong>habens</strong></span> <span class='ocrx_word' id='word_1_354' title='bbox 1844 3067 2012 3122; x_wconf 77' lang='lat' dir='ltr'><strong>nego-</strong></span> 
     </span>
    </p>
   </div>
   <div class='ocr_carea' id='block_1_47' title="bbox 441 3141 2011 3214">
    <p class='ocr_par' dir='ltr' id='par_1_47' title="bbox 441 3141 2011 3214">
     <span class='ocr_line' id='line_1_47' title="bbox 441 3141 2011 3214; baseline 0.003 -20"><span class='ocrx_word' id='word_1_355' title='bbox 441 3141 580 3195; x_wconf 83' lang='lat' dir='ltr'><strong>tium</strong></span> <span class='ocrx_word' id='word_1_356' title='bbox 616 3141 882 3198; x_wconf 87' lang='lat' dir='ltr'><strong>adversus</strong></span> <span class='ocrx_word' id='word_1_357' title='bbox 913 3145 1147 3197; x_wconf 87' lang='lat' dir='ltr'><strong>alterum</strong></span> <span class='ocrx_word' id='word_1_358' title='bbox 1180 3185 1194 3208; x_wconf 95' lang='lat'><strong>,</strong></span> <span class='ocrx_word' id='word_1_359' title='bbox 1227 3145 1462 3214; x_wconf 88' lang='lat' dir='ltr'><strong>judicari</strong></span> <span class='ocrx_word' id='word_1_360' title='bbox 1495 3145 1638 3212; x_wconf 91' lang='lat' dir='ltr'><strong>apud</strong></span> <span class='ocrx_word' id='word_1_361' title='bbox 1681 3145 1922 3213; x_wconf 84' lang='lat' dir='ltr'><strong>iniquos,</strong></span> <span class='ocrx_word' id='word_1_362' title='bbox 1956 3152 2011 3198; x_wconf 92' lang='lat' dir='ltr'><strong>ct</strong></span> 
     </span>
    </p>
   </div>
   <div class='ocr_carea' id='block_1_48' title="bbox 443 3233 2006 3306">
    <p class='ocr_par' dir='ltr' id='par_1_48' title="bbox 443 3233 2006 3306">
     <span class='ocr_line' id='line_1_48' title="bbox 443 3233 2006 3306; baseline 0.003 -19"><span class='ocrx_word' id='word_1_363' title='bbox 443 3249 554 3287; x_wconf 78' lang='lat' dir='ltr'><strong>non</strong></span> <span class='ocrx_word' id='word_1_364' title='bbox 589 3233 733 3304; x_wconf 84' lang='lat' dir='ltr'><strong>apud</strong></span> <span class='ocrx_word' id='word_1_365' title='bbox 764 3235 1030 3304; x_wconf 84' lang='lat' dir='ltr'><strong>sanctos?</strong></span> <span class='ocrx_word' id='word_1_366' title='bbox 1075 3238 1153 3289; x_wconf 77' lang='lat' dir='ltr'><strong>An</strong></span> <span class='ocrx_word' id='word_1_367' title='bbox 1185 3237 1408 3292; x_wconf 79' lang='lat' dir='ltr'><strong>nescitis</strong></span> <span class='ocrx_word' id='word_1_368' title='bbox 1434 3239 1694 3306; x_wconf 90' lang='lat' dir='ltr'><strong>quoniam</strong></span> <span class='ocrx_word' id='word_1_369' title='bbox 1730 3238 1904 3292; x_wconf 85' lang='lat' dir='ltr'><strong>sancti</strong></span> <span class='ocrx_word' id='word_1_370' title='bbox 1939 3237 2006 3292; x_wconf 83' lang='lat' dir='ltr'><strong>de</strong></span> 
     </span>
    </p>
   </div>
   <div class='ocr_carea' id='block_1_49' title="bbox 437 3326 2012 3403">
    <p class='ocr_par' dir='ltr' id='par_1_49' title="bbox 437 3326 2012 3403">
     <span class='ocr_line' id='line_1_49' title="bbox 437 3326 2012 3403; baseline 0.005 -25"><span class='ocrx_word' id='word_1_371' title='bbox 437 3326 543 3380; x_wconf 84' lang='lat' dir='ltr'><strong>hoc</strong></span> <span class='ocrx_word' id='word_1_372' title='bbox 578 3327 1161 3397; x_wconf 88' lang='lat' dir='ltr'><strong>mundojudicahunt?</strong></span> <span class='ocrx_word' id='word_1_373' title='bbox 1215 3333 1339 3385; x_wconf 89' lang='lat' dir='ltr'><strong>etsi</strong></span> <span class='ocrx_word' id='word_1_374' title='bbox 1379 3332 1433 3384; x_wconf 92' lang='lat' dir='ltr'><strong>in</strong></span> <span class='ocrx_word' id='word_1_375' title='bbox 1472 3332 1624 3385; x_wconf 91' lang='lat' dir='ltr'><strong>vobis</strong></span> <span class='ocrx_word' id='word_1_376' title='bbox 1667 3333 2012 3403; x_wconf 84' lang='lat' dir='ltr'><strong>judicabitur</strong></span> 
     </span>
    </p>
   </div>
   <div class='ocr_carea' id='block_1_50' title="bbox 438 3417 2009 3495">
    <p class='ocr_par' dir='ltr' id='par_1_50' title="bbox 438 3417 2009 3495">
     <span class='ocr_line' id='line_1_50' title="bbox 438 3417 2009 3495; baseline 0.004 -23"><span class='ocrx_word' id='word_1_377' title='bbox 438 3417 680 3473; x_wconf 86' lang='lat' dir='ltr'><strong>mundus</strong></span> <span class='ocrx_word' id='word_1_378' title='bbox 705 3461 720 3484; x_wconf 91' lang='lat'><strong>,</strong></span> <span class='ocrx_word' id='word_1_379' title='bbox 755 3420 966 3489; x_wconf 70' lang='lat' dir='ltr'><strong>indigni</strong></span> <span class='ocrx_word' id='word_1_380' title='bbox 999 3422 1130 3475; x_wconf 84' lang='lat' dir='ltr'><strong>estis</strong></span> <span class='ocrx_word' id='word_1_381' title='bbox 1161 3423 1252 3490; x_wconf 92' lang='lat' dir='ltr'><strong>qni</strong></span> <span class='ocrx_word' id='word_1_382' title='bbox 1297 3423 1362 3476; x_wconf 90' lang='lat' dir='ltr'><strong>de</strong></span> <span class='ocrx_word' id='word_1_383' title='bbox 1405 3425 1648 3478; x_wconf 82' lang='lat' dir='ltr'><strong>minimis</strong></span> <span class='ocrx_word' id='word_1_384' title='bbox 1700 3425 2009 3495; x_wconf 86' lang='lat' dir='ltr'><strong>judicctis?</strong></span> 
     </span>
    </p>
   </div>
   <div class='ocr_carea' id='block_1_51' title="bbox 439 3511 2017 3586">
    <p class='ocr_par' dir='ltr' id='par_1_51' title="bbox 439 3511 2017 3586">
     <span class='ocr_line' id='line_1_51' title="bbox 439 3511 2017 3586; baseline 0.003 -21"><span class='ocrx_word' id='word_1_385' title='bbox 439 3511 674 3566; x_wconf 83' lang='lat' dir='ltr'><strong>Nescitis</strong></span> <span class='ocrx_word' id='word_1_386' title='bbox 700 3512 956 3582; x_wconf 89' lang='lat' dir='ltr'><strong>quoniam</strong></span> <span class='ocrx_word' id='word_1_387' title='bbox 984 3515 1204 3582; x_wconf 73' lang='lat' dir='ltr'><strong>angelos</strong></span> <span class='ocrx_word' id='word_1_388' title='bbox 1228 3516 1636 3586; x_wconf 69' lang='grc' dir='ltr'><strong>]υι1ἱ‹-θι›ξιιιυε⁴ἶ</strong></span> <span class='ocrx_word' id='word_1_389' title='bbox 1659 3526 1866 3586; x_wconf 77' lang='lat' dir='ltr'><strong>quanto</strong></span> <span class='ocrx_word' id='word_1_390' title='bbox 1903 3536 2017 3572; x_wconf 78' lang='lat' dir='ltr'><strong>ma-</strong></span> 
     </span>
    </p>
   </div>
   <div class='ocr_carea' id='block_1_52' title="bbox 441 3603 2017 3678">
    <p class='ocr_par' dir='ltr' id='par_1_52' title="bbox 441 3603 2017 3678">
     <span class='ocr_line' id='line_1_52' title="bbox 441 3603 2017 3678; baseline 0.007 -24"><span class='ocrx_word' id='word_1_391' title='bbox 441 3605 526 3674; x_wconf 66' lang='lat' dir='ltr'><strong>gis</strong></span> <span class='ocrx_word' id='word_1_392' title='bbox 557 3603 882 3658; x_wconf 79' lang='lat' dir='ltr'><strong>saecularia!</strong></span> <span class='ocrx_word' id='word_1_393' title='bbox 930 3605 1222 3660; x_wconf 43' lang='lat' dir='ltr'><strong>Saecularis</strong></span> <span class='ocrx_word' id='word_1_394' title='bbox 1275 3607 1443 3677; x_wconf 79' lang='lat' dir='ltr'><strong>igitur</strong></span> <span class='ocrx_word' id='word_1_395' title='bbox 1486 3609 1696 3678; x_wconf 84' lang='lat' dir='ltr'><strong>judicia</strong></span> <span class='ocrx_word' id='word_1_396' title='bbox 1732 3611 2017 3665; x_wconf 82' lang='lat' dir='ltr'><strong>silmbue-</strong></span> 
     </span>
    </p>
   </div>
   <div class='ocr_carea' id='block_1_53' title="bbox 440 3696 2016 3766">
    <p class='ocr_par' dir='ltr' id='par_1_53' title="bbox 440 3696 2016 3766">
     <span class='ocr_line' id='line_1_53' title="bbox 440 3696 2016 3766; baseline 0.003 -16"><span class='ocrx_word' id='word_1_397' title='bbox 440 3696 564 3750; x_wconf 86' lang='lat' dir='ltr'><strong>ritis</strong></span> <span class='ocrx_word' id='word_1_398' title='bbox 610 3711 625 3749; x_wconf 92' lang='lat'><strong>:</strong></span> <span class='ocrx_word' id='word_1_399' title='bbox 677 3697 1117 3766; x_wconf 88' lang='lat' dir='ltr'><strong>contemptibiles</strong></span> <span class='ocrx_word' id='word_1_400' title='bbox 1169 3699 1260 3766; x_wconf 89' lang='lat' dir='ltr'><strong>qui</strong></span> <span class='ocrx_word' id='word_1_401' title='bbox 1299 3709 1430 3752; x_wconf 89' lang='lat' dir='ltr'><strong>sunt</strong></span> <span class='ocrx_word' id='word_1_402' title='bbox 1474 3698 1528 3752; x_wconf 90' lang='lat' dir='ltr'><strong>in</strong></span> <span class='ocrx_word' id='word_1_403' title='bbox 1571 3700 1808 3754; x_wconf 64' lang='lat' dir='ltr'><strong>Ecolesia</strong></span> <span class='ocrx_word' id='word_1_404' title='bbox 1836 3742 1850 3763; x_wconf 93' lang='lat'><strong>,</strong></span> <span class='ocrx_word' id='word_1_405' title='bbox 1893 3701 2016 3755; x_wconf 86' lang='lat' dir='ltr'><strong>illos</strong></span> 
     </span>
    </p>
   </div>
   <div class='ocr_carea' id='block_1_54' title="bbox 444 3787 2017 3857">
    <p class='ocr_par' dir='ltr' id='par_1_54' title="bbox 444 3787 2017 3857">
     <span class='ocr_line' id='line_1_54' title="bbox 444 3787 2017 3857; baseline 0.002 -16"><span class='ocrx_word' id='word_1_406' title='bbox 444 3787 764 3842; x_wconf 86' lang='lat' dir='ltr'><strong>constituite</strong></span> <span class='ocrx_word' id='word_1_407' title='bbox 815 3788 881 3842; x_wconf 86' lang='lat' dir='ltr'><strong>ad</strong></span> <span class='ocrx_word' id='word_1_408' title='bbox 925 3787 1307 3857; x_wconf 88' lang='lat' dir='ltr'><strong>judicandum.</strong></span> <span class='ocrx_word' id='word_1_409' title='bbox 1368 3788 1447 3842; x_wconf 80' lang='lat' dir='ltr'><strong>Ad</strong></span> <span class='ocrx_word' id='word_1_410' title='bbox 1498 3790 1880 3843; x_wconf 77' lang='lat' dir='ltr'><strong>verecundiam</strong></span> <span class='ocrx_word' id='word_1_411' title='bbox 1924 3807 2017 3844; x_wconf 89' lang='lat' dir='ltr'><strong>vc-</strong></span> 
     </span>
    </p>
   </div>
   <div class='ocr_carea' id='block_1_55' title="bbox 444 3878 2016 3949">
    <p class='ocr_par' dir='ltr' id='par_1_55' title="bbox 444 3878 2016 3949">
     <span class='ocr_line' id='line_1_55' title="bbox 444 3878 2016 3949; baseline 0.001 -16"><span class='ocrx_word' id='word_1_412' title='bbox 444 3889 610 3934; x_wconf 86' lang='lat' dir='ltr'><strong>stram</strong></span> <span class='ocrx_word' id='word_1_413' title='bbox 637 3878 780 3934; x_wconf 91' lang='lat' dir='ltr'><strong>dico.</strong></span> <span class='ocrx_word' id='word_1_414' title='bbox 811 3879 901 3934; x_wconf 92' lang='lat' dir='ltr'><strong>Sic</strong></span> <span class='ocrx_word' id='word_1_415' title='bbox 928 3893 1034 3932; x_wconf 91' lang='lat' dir='ltr'><strong>non</strong></span> <span class='ocrx_word' id='word_1_416' title='bbox 1058 3888 1143 3932; x_wconf 86' lang='lat' dir='ltr'><strong>cst</strong></span> <span class='ocrx_word' id='word_1_417' title='bbox 1168 3879 1314 3933; x_wconf 91' lang='lat' dir='ltr'><strong>inter</strong></span> <span class='ocrx_word' id='word_1_418' title='bbox 1341 3896 1436 3933; x_wconf 88' lang='lat' dir='ltr'><strong>vos</strong></span> <span class='ocrx_word' id='word_1_419' title='bbox 1463 3881 1679 3949; x_wconf 83' lang='lat' dir='ltr'><strong>sapiens</strong></span> <span class='ocrx_word' id='word_1_420' title='bbox 1703 3884 2016 3949; x_wconf 90' lang='lat' dir='ltr'><strong>quisquam,</strong></span> 
     </span>
    </p>
   </div>
   <div class='ocr_carea' id='block_1_56' title="bbox 442 3970 2016 4041">
    <p class='ocr_par' dir='ltr' id='par_1_56' title="bbox 442 3970 2016 4041">
     <span class='ocr_line' id='line_1_56' title="bbox 442 3970 2016 4041; baseline 0 -17"><span class='ocrx_word' id='word_1_421' title='bbox 442 3972 538 4040; x_wconf 90' lang='lat' dir='ltr'><strong>qui</strong></span> <span class='ocrx_word' id='word_1_422' title='bbox 575 3972 745 4041; x_wconf 90' lang='lat' dir='ltr'><strong>possit</strong></span> <span class='ocrx_word' id='word_1_423' title='bbox 769 3971 1019 4040; x_wconf 85' lang='lat' dir='ltr'><strong>judicare</strong></span> <span class='ocrx_word' id='word_1_424' title='bbox 1049 3973 1193 4024; x_wconf 89' lang='lat' dir='ltr'><strong>inter</strong></span> <span class='ocrx_word' id='word_1_425' title='bbox 1219 3970 1444 4024; x_wconf 86' lang='lat' dir='ltr'><strong>fratrem</strong></span> <span class='ocrx_word' id='word_1_426' title='bbox 1474 3971 1677 4024; x_wconf 87' lang='lat' dir='ltr'><strong>suum?</strong></span> <span class='ocrx_word' id='word_1_427' title='bbox 1707 3971 1810 4025; x_wconf 85' lang='lat' dir='ltr'><strong>Sed</strong></span> <span class='ocrx_word' id='word_1_428' title='bbox 1845 3970 2016 4025; x_wconf 85' lang='lat' dir='ltr'><strong>frater</strong></span> 
     </span>
    </p>
   </div>
   <div class='ocr_carea' id='block_1_57' title="bbox 443 4059 2020 4134">
    <p class='ocr_par' dir='ltr' id='par_1_57' title="bbox 443 4059 2020 4134">
     <span class='ocr_line' id='line_1_57' title="bbox 443 4059 2020 4134; baseline -0.004 -17"><span class='ocrx_word' id='word_1_429' title='bbox 443 4080 570 4117; x_wconf 92' lang='lat' dir='ltr'><strong>cum</strong></span> <span class='ocrx_word' id='word_1_430' title='bbox 599 4063 769 4118; x_wconf 88' lang='lat' dir='ltr'><strong>fratre</strong></span> <span class='ocrx_word' id='word_1_431' title='bbox 792 4062 1006 4134; x_wconf 74' lang='lat' dir='ltr'><strong>judicio</strong></span> <span class='ocrx_word' id='word_1_432' title='bbox 1033 4062 1322 4114; x_wconf 78' lang='lat' dir='ltr'><strong>contendit</strong></span> <span class='ocrx_word' id='word_1_433' title='bbox 1354 4079 1366 4112; x_wconf 87' lang='lat'><strong>:</strong></span> <span class='ocrx_word' id='word_1_434' title='bbox 1402 4072 1456 4115; x_wconf 94' lang='lat' dir='ltr'><strong>ct</strong></span> <span class='ocrx_word' id='word_1_435' title='bbox 1492 4063 1596 4113; x_wconf 85' lang='lat' dir='ltr'><strong>hoc</strong></span> <span class='ocrx_word' id='word_1_436' title='bbox 1645 4062 1787 4130; x_wconf 87' lang='lat' dir='ltr'><strong>apud</strong></span> <span class='ocrx_word' id='word_1_437' title='bbox 1827 4059 2020 4112; x_wconf 73' lang='lat' dir='ltr'><strong>inlide-</strong></span> 
     </span>
    </p>
   </div>
   <div class='ocr_carea' id='block_1_58' title="bbox 445 4153 2016 4225">
    <p class='ocr_par' dir='ltr' id='par_1_58' title="bbox 445 4153 2016 4225">
     <span class='ocr_line' id='line_1_58' title="bbox 445 4153 2016 4225; baseline -0.005 -13"><span class='ocrx_word' id='word_1_438' title='bbox 445 4157 566 4212; x_wconf 88' lang='lat' dir='ltr'><strong>les?</strong></span> <span class='ocrx_word' id='word_1_439' title='bbox 601 4155 718 4211; x_wconf 68' lang='lat' dir='ltr'><strong>1am</strong></span> <span class='ocrx_word' id='word_1_440' title='bbox 765 4155 986 4225; x_wconf 87' lang='lat' dir='ltr'><strong>quidem</strong></span> <span class='ocrx_word' id='word_1_441' title='bbox 1041 4153 1268 4207; x_wconf 81' lang='lat' dir='ltr'><strong>omnino</strong></span> <span class='ocrx_word' id='word_1_442' title='bbox 1304 4153 1566 4206; x_wconf 59' lang='lat' dir='ltr'><strong>delictum</strong></span> <span class='ocrx_word' id='word_1_443' title='bbox 1619 4165 1700 4207; x_wconf 88' lang='lat' dir='ltr'><strong>est</strong></span> <span class='ocrx_word' id='word_1_444' title='bbox 1739 4153 1792 4206; x_wconf 91' lang='lat' dir='ltr'><strong>in</strong></span> <span class='ocrx_word' id='word_1_445' title='bbox 1836 4154 2016 4216; x_wconf 80' lang='lat' dir='ltr'><strong>nobis,</strong></span> 
     </span>
    </p>
   </div>
   <div class='ocr_carea' id='block_1_59' title="bbox 447 4244 2021 4320">
    <p class='ocr_par' dir='ltr' id='par_1_59' title="bbox 447 4244 2021 4320">
     <span class='ocr_line' id='line_1_59' title="bbox 447 4244 2021 4320; baseline -0.004 -15"><span class='ocrx_word' id='word_1_446' title='bbox 447 4249 594 4320; x_wconf 90' lang='lat' dir='ltr'><strong>quod</strong></span> <span class='ocrx_word' id='word_1_447' title='bbox 627 4248 833 4318; x_wconf 86' lang='lat' dir='ltr'><strong>judicia</strong></span> <span class='ocrx_word' id='word_1_448' title='bbox 881 4247 1096 4302; x_wconf 84' lang='lat' dir='ltr'><strong>habetis</strong></span> <span class='ocrx_word' id='word_1_449' title='bbox 1140 4247 1284 4300; x_wconf 89' lang='lat' dir='ltr'><strong>inter</strong></span> <span class='ocrx_word' id='word_1_450' title='bbox 1331 4261 1448 4298; x_wconf 69' lang='grc' dir='ltr'><strong>γος.</strong></span> <span class='ocrx_word' id='word_1_451' title='bbox 1480 4244 1663 4310; x_wconf 80' lang='lat' dir='ltr'><strong>Quare</strong></span> <span class='ocrx_word' id='word_1_452' title='bbox 1705 4261 1812 4298; x_wconf 89' lang='lat' dir='ltr'><strong>non</strong></span> <span class='ocrx_word' id='word_1_453' title='bbox 1853 4244 2021 4313; x_wconf 83' lang='lat' dir='ltr'><strong>magis</strong></span> 
     </span>
    </p>
   </div>
   <div class='ocr_carea' id='block_1_60' title="bbox 449 4339 2020 4411">
    <p class='ocr_par' dir='ltr' id='par_1_60' title="bbox 449 4339 2020 4411">
     <span class='ocr_line' id='line_1_60' title="bbox 449 4339 2020 4411; baseline -0.004 -13"><span class='ocrx_word' id='word_1_454' title='bbox 449 4343 706 4411; x_wconf 77' lang='lat' dir='ltr'><strong>iniuriam</strong></span> <span class='ocrx_word' id='word_1_455' title='bbox 735 4341 1021 4411; x_wconf 85' lang='lat' dir='ltr'><strong>accipitis?</strong></span> <span class='ocrx_word' id='word_1_456' title='bbox 1055 4356 1227 4410; x_wconf 88' lang='lat' dir='ltr'><strong>quare</strong></span> <span class='ocrx_word' id='word_1_457' title='bbox 1278 4355 1382 4392; x_wconf 93' lang='lat' dir='ltr'><strong>non</strong></span> <span class='ocrx_word' id='word_1_458' title='bbox 1416 4340 1588 4408; x_wconf 69' lang='lat' dir='ltr'><strong>magis</strong></span> <span class='ocrx_word' id='word_1_459' title='bbox 1645 4339 1890 4392; x_wconf 83' lang='lat' dir='ltr'><strong>fraudem</strong></span> <span class='ocrx_word' id='word_1_460' title='bbox 1925 4354 2020 4408; x_wconf 80' lang='lat' dir='ltr'><strong>pa-</strong></span> 
     </span>
    </p>
   </div>
   <div class='ocr_carea' id='block_1_61' title="bbox 451 4431 2022 4503">
    <p class='ocr_par' dir='ltr' id='par_1_61' title="bbox 451 4431 2022 4503">
     <span class='ocr_line' id='line_1_61' title="bbox 451 4431 2022 4503; baseline -0.004 -12"><span class='ocrx_word' id='word_1_461' title='bbox 451 4437 631 4491; x_wconf 90' lang='lat' dir='ltr'><strong>timini</strong></span> <span class='ocrx_word' id='word_1_462' title='bbox 657 4436 679 4490; x_wconf 67' lang='grc' dir='ltr'><strong>ἲ</strong></span> <span class='ocrx_word' id='word_1_463' title='bbox 709 4435 813 4490; x_wconf 90' lang='lat' dir='ltr'><strong>Sed</strong></span> <span class='ocrx_word' id='word_1_464' title='bbox 851 4450 946 4487; x_wconf 87' lang='lat' dir='ltr'><strong>vos</strong></span> <span class='ocrx_word' id='word_1_465' title='bbox 982 4434 1237 4503; x_wconf 83' lang='lat' dir='ltr'><strong>injuriam</strong></span> <span class='ocrx_word' id='word_1_466' title='bbox 1276 4432 1449 4486; x_wconf 82' lang='lat' dir='ltr'><strong>facitis</strong></span> <span class='ocrx_word' id='word_1_467' title='bbox 1476 4473 1490 4494; x_wconf 94' lang='lat'><strong>,</strong></span> <span class='ocrx_word' id='word_1_468' title='bbox 1540 4441 1594 4485; x_wconf 87' lang='lat' dir='ltr'><strong>et</strong></span> <span class='ocrx_word' id='word_1_469' title='bbox 1630 4431 1934 4488; x_wconf 66' lang='lat' dir='ltr'><strong>fraudatis:</strong></span> <span class='ocrx_word' id='word_1_470' title='bbox 1969 4440 2022 4485; x_wconf 90' lang='lat' dir='ltr'><strong>et</strong></span> 
     </span>
    </p>
   </div>
   <div class='ocr_carea' id='block_1_62' title="bbox 2111 1946 3658 2020">
    <p class='ocr_par' dir='ltr' id='par_1_62' title="bbox 2111 1946 3658 2020">
     <span class='ocr_line' id='line_1_62' title="bbox 2111 1946 3658 2020; baseline -0.002 -17"><span class='ocrx_word' id='word_1_471' title='bbox 2111 1966 2240 2020; x_wconf 75' lang='lat' dir='ltr'><strong>gno.</strong></span> <span class='ocrx_word' id='word_1_472' title='bbox 2296 1949 2614 2005; x_wconf 88' lang='lat' dir='ltr'><strong>Glorificate</strong></span> <span class='ocrx_word' id='word_1_473' title='bbox 2663 1957 2720 2004; x_wconf 90' lang='lat' dir='ltr'><strong>et</strong></span> <span class='ocrx_word' id='word_1_474' title='bbox 2771 1958 2988 2018; x_wconf 90' lang='lat' dir='ltr'><strong>portate</strong></span> <span class='ocrx_word' id='word_1_475' title='bbox 3024 1946 3198 2002; x_wconf 88' lang='lat' dir='ltr'><strong>Deum</strong></span> <span class='ocrx_word' id='word_1_476' title='bbox 3234 1946 3291 2000; x_wconf 92' lang='lat' dir='ltr'><strong>in</strong></span> <span class='ocrx_word' id='word_1_477' title='bbox 3332 1961 3549 2017; x_wconf 86' lang='lat' dir='ltr'><strong>corpore</strong></span> <span class='ocrx_word' id='word_1_478' title='bbox 3575 1961 3658 2000; x_wconf 80' lang='lat' dir='ltr'><strong>ve-</strong></span> 
     </span>
    </p>
   </div>
   <div class='ocr_carea' id='block_1_63' title="bbox 2111 2053 2246 2098">
    <p class='ocr_par' dir='ltr' id='par_1_63' title="bbox 2111 2053 2246 2098">
     <span class='ocr_line' id='line_1_63' title="bbox 2111 2053 2246 2098; baseline 0 0"><span class='ocrx_word' id='word_1_479' title='bbox 2111 2053 2246 2098; x_wconf 79' lang='lat' dir='ltr'><strong>SU&#39;D.</strong></span> 
     </span>
    </p>
   </div>
   <div class='ocr_carea' id='block_1_64' title="bbox 2183 2215 3656 2295">
    <p class='ocr_par' dir='ltr' id='par_1_64' title="bbox 2183 2215 3656 2295">
     <span class='ocr_line' id='line_1_64' title="bbox 2183 2215 3656 2295; baseline -0.007 -19"><span class='ocrx_word' id='word_1_480' title='bbox 2183 2222 2340 2295; x_wconf 71' lang='grc' dir='ltr'><strong>[ϐαρ.</strong></span> <span class='ocrx_word' id='word_1_481' title='bbox 2378 2219 2513 2292; x_wconf 78' lang='lat' dir='ltr'><strong>Vll.]</strong></span> <span class='ocrx_word' id='word_1_482' title='bbox 2556 2220 2631 2275; x_wconf 90' lang='lat' dir='ltr'><strong>De</strong></span> <span class='ocrx_word' id='word_1_483' title='bbox 2671 2219 2871 2289; x_wconf 89' lang='lat' dir='ltr'><strong>quibus</strong></span> <span class='ocrx_word' id='word_1_484' title='bbox 2920 2226 3105 2272; x_wconf 87' lang='lat' dir='ltr'><strong>autem</strong></span> <span class='ocrx_word' id='word_1_485' title='bbox 3154 2217 3458 2284; x_wconf 86' lang='lat' dir='ltr'><strong>srripsistis</strong></span> <span class='ocrx_word' id='word_1_486' title='bbox 3485 2215 3603 2270; x_wconf 90' lang='lat' dir='ltr'><strong>mihi</strong></span> <span class='ocrx_word' id='word_1_487' title='bbox 3642 2229 3656 2267; x_wconf 87' lang='lat'><strong>:</strong></span> 
     </span>
    </p>
   </div>
   <div class='ocr_carea' id='block_1_65' title="bbox 2114 2311 3658 2378">
    <p class='ocr_par' dir='ltr' id='par_1_65' title="bbox 2114 2311 3658 2378">
     <span class='ocr_line' id='line_1_65' title="bbox 2114 2311 3658 2378; baseline -0.008 -7"><span class='ocrx_word' id='word_1_488' title='bbox 2114 2317 2321 2371; x_wconf 86' lang='lat' dir='ltr'><strong>Bonum</strong></span> <span class='ocrx_word' id='word_1_489' title='bbox 2375 2322 2460 2367; x_wconf 91' lang='lat' dir='ltr'><strong>est</strong></span> <span class='ocrx_word' id='word_1_490' title='bbox 2516 2311 2724 2366; x_wconf 87' lang='lat' dir='ltr'><strong>homini</strong></span> <span class='ocrx_word' id='word_1_491' title='bbox 2777 2311 3064 2364; x_wconf 83' lang='lat' dir='ltr'><strong>mulierem</strong></span> <span class='ocrx_word' id='word_1_492' title='bbox 3102 2324 3209 2362; x_wconf 89' lang='lat' dir='ltr'><strong>non</strong></span> <span class='ocrx_word' id='word_1_493' title='bbox 3259 2317 3516 2378; x_wconf 75' lang='lat' dir='ltr'><strong>tangere:</strong></span> <span class='ocrx_word' id='word_1_494' title='bbox 3549 2321 3658 2376; x_wconf 86' lang='lat' dir='ltr'><strong>pro-</strong></span> 
     </span>
    </p>
   </div>
   <div class='ocr_carea' id='block_1_66' title="bbox 2114 2403 3709 2479">
    <p class='ocr_par' dir='ltr' id='par_1_66' title="bbox 2114 2403 3709 2479">
     <span class='ocr_line' id='line_1_66' title="bbox 2114 2403 3709 2479; baseline -0.008 -17"><span class='ocrx_word' id='word_1_495' title='bbox 2114 2418 2234 2479; x_wconf 89' lang='lat' dir='ltr'><strong>pter</strong></span> <span class='ocrx_word' id='word_1_496' title='bbox 2259 2405 2673 2460; x_wconf 81' lang='lat' dir='ltr'><strong>fornicationem</strong></span> <span class='ocrx_word' id='word_1_497' title='bbox 2705 2413 2886 2457; x_wconf 90' lang='lat' dir='ltr'><strong>autem</strong></span> <span class='ocrx_word' id='word_1_498' title='bbox 2923 2403 3314 2472; x_wconf 85' lang='lat' dir='ltr'><strong>unusquisque</strong></span> <span class='ocrx_word' id='word_1_499' title='bbox 3364 2415 3511 2455; x_wconf 90' lang='lat' dir='ltr'><strong>suam</strong></span> <span class='ocrx_word' id='word_1_500' title='bbox 3538 2414 3652 2452; x_wconf 80' lang='lat' dir='ltr'><strong>uxo-</strong></span> <span class='ocrx_word' id='word_1_501' title='bbox 3698 2414 3709 2426; x_wconf 87' lang='grc'>·</span> 
     </span>
    </p>
   </div>
   <div class='ocr_carea' id='block_1_67' title="bbox 2113 2492 3744 2565">
    <p class='ocr_par' dir='ltr' id='par_1_67' title="bbox 2113 2492 3744 2565">
     <span class='ocr_line' id='line_1_67' title="bbox 2113 2492 3744 2565; baseline -0.006 -12"><span class='ocrx_word' id='word_1_502' title='bbox 2113 2517 2224 2553; x_wconf 89' lang='lat' dir='ltr'><strong>rem</strong></span> <span class='ocrx_word' id='word_1_503' title='bbox 2265 2500 2503 2562; x_wconf 86' lang='lat' dir='ltr'><strong>habeat,</strong></span> <span class='ocrx_word' id='word_1_504' title='bbox 2558 2507 2611 2551; x_wconf 91' lang='lat' dir='ltr'><strong>et</strong></span> <span class='ocrx_word' id='word_1_505' title='bbox 2651 2511 2995 2565; x_wconf 44' lang='lat' dir='ltr'><strong>unaquaeque</strong></span> <span class='ocrx_word' id='word_1_506' title='bbox 3034 2511 3197 2550; x_wconf 85' lang='lat' dir='ltr'><strong>suum</strong></span> <span class='ocrx_word' id='word_1_507' title='bbox 3235 2496 3419 2548; x_wconf 82' lang='lat' dir='ltr'><strong>virum</strong></span> <span class='ocrx_word' id='word_1_508' title='bbox 3465 2492 3657 2546; x_wconf 80' lang='lat' dir='ltr'><strong>habeat.</strong></span> <span class='ocrx_word' id='word_1_509' title='bbox 3741 2492 3744 2496; x_wconf 85' lang='grc'><em>’</em></span> 
     </span>
    </p>
   </div>
   <div class='ocr_carea' id='block_1_68' title="bbox 2113 2588 3663 2650">
    <p class='ocr_par' dir='ltr' id='par_1_68' title="bbox 2113 2588 3663 2650">
     <span class='ocr_line' id='line_1_68' title="bbox 2113 2588 3663 2650; baseline -0.01 0"><span class='ocrx_word' id='word_1_510' title='bbox 2113 2594 2277 2650; x_wconf 81' lang='lat' dir='ltr'><strong>Uxori</strong></span> <span class='ocrx_word' id='word_1_511' title='bbox 2309 2595 2390 2646; x_wconf 89' lang='lat' dir='ltr'><strong>vir</strong></span> <span class='ocrx_word' id='word_1_512' title='bbox 2415 2592 2662 2646; x_wconf 85' lang='lat' dir='ltr'><strong>debitum</strong></span> <span class='ocrx_word' id='word_1_513' title='bbox 2695 2589 2886 2644; x_wconf 86' lang='lat' dir='ltr'><strong>reddat</strong></span> <span class='ocrx_word' id='word_1_514' title='bbox 2913 2604 2927 2641; x_wconf 74' lang='grc' dir='ltr'>ε</span> <span class='ocrx_word' id='word_1_515' title='bbox 2955 2588 3212 2643; x_wconf 90' lang='lat' dir='ltr'><strong>similiter</strong></span> <span class='ocrx_word' id='word_1_516' title='bbox 3258 2599 3442 2640; x_wconf 84' lang='lat' dir='ltr'><strong>autem</strong></span> <span class='ocrx_word' id='word_1_517' title='bbox 3467 2597 3517 2640; x_wconf 91' lang='lat' dir='ltr'><strong>ct</strong></span> <span class='ocrx_word' id='word_1_518' title='bbox 3547 2599 3663 2638; x_wconf 81' lang='lat' dir='ltr'><strong>uxor</strong></span> 
     </span>
    </p>
   </div>
   <div class='ocr_carea' id='block_1_69' title="bbox 2114 2677 3661 2752">
    <p class='ocr_par' dir='ltr' id='par_1_69' title="bbox 2114 2677 3661 2752">
     <span class='ocr_line' id='line_1_69' title="bbox 2114 2677 3661 2752; baseline -0.008 -14"><span class='ocrx_word' id='word_1_519' title='bbox 2114 2689 2272 2741; x_wconf 88' lang='lat' dir='ltr'><strong>viro.</strong></span> <span class='ocrx_word' id='word_1_520' title='bbox 2317 2685 2512 2740; x_wconf 84' lang='lat' dir='ltr'><strong>Mulier</strong></span> <span class='ocrx_word' id='word_1_521' title='bbox 2559 2687 2643 2737; x_wconf 89' lang='lat' dir='ltr'><strong>sui</strong></span> <span class='ocrx_word' id='word_1_522' title='bbox 2681 2683 2930 2752; x_wconf 86' lang='lat' dir='ltr'><strong>corporis</strong></span> <span class='ocrx_word' id='word_1_523' title='bbox 2983 2689 3318 2750; x_wconf 85' lang='lat' dir='ltr'><strong>potestatem</strong></span> <span class='ocrx_word' id='word_1_524' title='bbox 3370 2695 3471 2732; x_wconf 85' lang='lat' dir='ltr'><strong>non</strong></span> <span class='ocrx_word' id='word_1_525' title='bbox 3502 2677 3661 2738; x_wconf 83' lang='lat' dir='ltr'><strong>habet,</strong></span> 
     </span>
    </p>
   </div>
   <div class='ocr_carea' id='block_1_70' title="bbox 2115 2771 3664 2837">
    <p class='ocr_par' dir='ltr' id='par_1_70' title="bbox 2115 2771 3664 2837">
     <span class='ocr_line' id='line_1_70' title="bbox 2115 2771 3664 2837; baseline -0.01 -1"><span class='ocrx_word' id='word_1_526' title='bbox 2115 2782 2208 2836; x_wconf 88' lang='lat' dir='ltr'><strong>sed</strong></span> <span class='ocrx_word' id='word_1_527' title='bbox 2262 2781 2366 2834; x_wconf 86' lang='lat' dir='ltr'><strong>vir.</strong></span> <span class='ocrx_word' id='word_1_528' title='bbox 2424 2779 2693 2832; x_wconf 87' lang='lat' dir='ltr'><strong>Similiter</strong></span> <span class='ocrx_word' id='word_1_529' title='bbox 2745 2785 2932 2830; x_wconf 83' lang='lat' dir='ltr'><strong>autem</strong></span> <span class='ocrx_word' id='word_1_530' title='bbox 2979 2787 3032 2828; x_wconf 89' lang='lat' dir='ltr'><strong>et</strong></span> <span class='ocrx_word' id='word_1_531' title='bbox 3066 2774 3150 2826; x_wconf 88' lang='lat' dir='ltr'><strong>vir</strong></span> <span class='ocrx_word' id='word_1_532' title='bbox 3181 2772 3268 2826; x_wconf 87' lang='lat' dir='ltr'><strong>sui</strong></span> <span class='ocrx_word' id='word_1_533' title='bbox 3320 2771 3556 2837; x_wconf 86' lang='lat' dir='ltr'><strong>corporis</strong></span> <span class='ocrx_word' id='word_1_534' title='bbox 3581 2783 3664 2836; x_wconf 86' lang='lat' dir='ltr'><strong>po-</strong></span> 
     </span>
    </p>
   </div>
   <div class='ocr_carea' id='block_1_71' title="bbox 2115 2861 3663 2933">
    <p class='ocr_par' dir='ltr' id='par_1_71' title="bbox 2115 2861 3663 2933">
     <span class='ocr_line' id='line_1_71' title="bbox 2115 2861 3663 2933; baseline -0.012 -3"><span class='ocrx_word' id='word_1_535' title='bbox 2115 2883 2370 2930; x_wconf 89' lang='lat' dir='ltr'><strong>testatem</strong></span> <span class='ocrx_word' id='word_1_536' title='bbox 2402 2888 2510 2926; x_wconf 92' lang='lat' dir='ltr'><strong>non</strong></span> <span class='ocrx_word' id='word_1_537' title='bbox 2555 2872 2763 2933; x_wconf 83' lang='lat' dir='ltr'><strong>habet,</strong></span> <span class='ocrx_word' id='word_1_538' title='bbox 2817 2869 2910 2924; x_wconf 87' lang='lat' dir='ltr'><strong>sed</strong></span> <span class='ocrx_word' id='word_1_539' title='bbox 2949 2868 3167 2922; x_wconf 85' lang='lat' dir='ltr'><strong>mulier.</strong></span> <span class='ocrx_word' id='word_1_540' title='bbox 3213 2865 3394 2919; x_wconf 74' lang='lat' dir='ltr'><strong>Nolite</strong></span> <span class='ocrx_word' id='word_1_541' title='bbox 3438 2861 3663 2918; x_wconf 85' lang='lat' dir='ltr'><strong>fraudare</strong></span> 
     </span>
    </p>
   </div>
   <div class='ocr_carea' id='block_1_72' title="bbox 2115 2957 3666 3028">
    <p class='ocr_par' dir='ltr' id='par_1_72' title="bbox 2115 2957 3666 3028">
     <span class='ocr_line' id='line_1_72' title="bbox 2115 2957 3666 3028; baseline -0.012 -8"><span class='ocrx_word' id='word_1_542' title='bbox 2115 2967 2374 3028; x_wconf 90' lang='lat' dir='ltr'><strong>invicem,</strong></span> <span class='ocrx_word' id='word_1_543' title='bbox 2440 2965 2543 3017; x_wconf 88' lang='lat' dir='ltr'><strong>nisi</strong></span> <span class='ocrx_word' id='word_1_544' title='bbox 2597 2963 2738 3016; x_wconf 88' lang='lat' dir='ltr'><strong>forte</strong></span> <span class='ocrx_word' id='word_1_545' title='bbox 2775 2976 2841 3015; x_wconf 81' lang='lat' dir='ltr'><strong>ex</strong></span> <span class='ocrx_word' id='word_1_546' title='bbox 2870 2974 3173 3020; x_wconf 75' lang='lat' dir='ltr'><strong>.conscnsn</strong></span> <span class='ocrx_word' id='word_1_547' title='bbox 3219 2957 3288 3011; x_wconf 86' lang='lat' dir='ltr'><strong>ad</strong></span> <span class='ocrx_word' id='word_1_548' title='bbox 3343 2969 3586 3023; x_wconf 89' lang='lat' dir='ltr'><strong>tempus,</strong></span> <span class='ocrx_word' id='word_1_549' title='bbox 3616 2960 3666 3004; x_wconf 90' lang='lat' dir='ltr'><strong>ut</strong></span> 
     </span>
    </p>
   </div>
   <div class='ocr_carea' id='block_1_73' title="bbox 2117 3048 3663 3113">
    <p class='ocr_par' dir='ltr' id='par_1_73' title="bbox 2117 3048 3663 3113">
     <span class='ocr_line' id='line_1_73' title="bbox 2117 3048 3663 3113; baseline -0.009 -2"><span class='ocrx_word' id='word_1_550' title='bbox 2117 3060 2322 3113; x_wconf 62' lang='lat' dir='ltr'><strong>vat-etis</strong></span> <span class='ocrx_word' id='word_1_551' title='bbox 2350 3057 2585 3112; x_wconf 85' lang='lat' dir='ltr'><strong>orationi</strong></span> <span class='ocrx_word' id='word_1_552' title='bbox 2609 3075 2622 3111; x_wconf 89' lang='lat'><strong>:</strong></span> <span class='ocrx_word' id='word_1_553' title='bbox 2649 3066 2702 3109; x_wconf 83' lang='lat' dir='ltr'><strong>et</strong></span> <span class='ocrx_word' id='word_1_554' title='bbox 2723 3055 2923 3110; x_wconf 90' lang='lat' dir='ltr'><strong>iterum</strong></span> <span class='ocrx_word' id='word_1_555' title='bbox 2955 3051 3304 3107; x_wconf 88' lang='lat' dir='ltr'><strong>revertimini</strong></span> <span class='ocrx_word' id='word_1_556' title='bbox 3340 3051 3393 3104; x_wconf 91' lang='lat' dir='ltr'><strong>in</strong></span> <span class='ocrx_word' id='word_1_557' title='bbox 3430 3048 3663 3112; x_wconf 83' lang='lat' dir='ltr'><strong>idipsum,</strong></span> 
     </span>
    </p>
   </div>
   <div class='ocr_carea' id='block_1_74' title="bbox 2118 3139 3668 3213">
    <p class='ocr_par' dir='ltr' id='par_1_74' title="bbox 2118 3139 3668 3213">
     <span class='ocr_line' id='line_1_74' title="bbox 2118 3139 3668 3213; baseline -0.008 -12"><span class='ocrx_word' id='word_1_558' title='bbox 2118 3162 2187 3200; x_wconf 85' lang='lat' dir='ltr'><strong>ne</strong></span> <span class='ocrx_word' id='word_1_559' title='bbox 2219 3155 2390 3200; x_wconf 88' lang='lat' dir='ltr'><strong>tentet</strong></span> <span class='ocrx_word' id='word_1_560' title='bbox 2436 3161 2531 3198; x_wconf 82' lang='lat' dir='ltr'><strong>vos</strong></span> <span class='ocrx_word' id='word_1_561' title='bbox 2561 3144 2795 3198; x_wconf 84' lang='lat' dir='ltr'><strong>Satanas</strong></span> <span class='ocrx_word' id='word_1_562' title='bbox 2845 3156 3069 3213; x_wconf 79' lang='lat' dir='ltr'><strong>prOp&#39;er</strong></span> <span class='ocrx_word' id='word_1_563' title='bbox 3106 3139 3554 3195; x_wconf 84' lang='lat' dir='ltr'><strong>incontinentiam</strong></span> <span class='ocrx_word' id='word_1_564' title='bbox 3588 3149 3668 3188; x_wconf 80' lang='lat' dir='ltr'><strong>ve-</strong></span> 
     </span>
    </p>
   </div>
   <div class='ocr_carea' id='block_1_75' title="bbox 2119 3230 3666 3300">
    <p class='ocr_par' dir='ltr' id='par_1_75' title="bbox 2119 3230 3666 3300">
     <span class='ocr_line' id='line_1_75' title="bbox 2119 3230 3666 3300; baseline -0.01 -6"><span class='ocrx_word' id='word_1_565' title='bbox 2119 3249 2311 3294; x_wconf 89' lang='lat' dir='ltr'><strong>stram.</strong></span> <span class='ocrx_word' id='word_1_566' title='bbox 2360 3237 2472 3291; x_wconf 90' lang='lat' dir='ltr'><strong>lloc</strong></span> <span class='ocrx_word' id='word_1_567' title='bbox 2523 3248 2706 3292; x_wconf 87' lang='lat' dir='ltr'><strong>autem</strong></span> <span class='ocrx_word' id='word_1_568' title='bbox 2764 3236 2890 3291; x_wconf 90' lang='lat' dir='ltr'><strong>dico</strong></span> <span class='ocrx_word' id='word_1_569' title='bbox 2921 3237 3228 3290; x_wconf 89' lang='lat' dir='ltr'><strong>secundum</strong></span> <span class='ocrx_word' id='word_1_570' title='bbox 3271 3230 3666 3300; x_wconf 55' lang='lat' dir='ltr'><strong>indulgentiam,</strong></span> 
     </span>
    </p>
   </div>
   <div class='ocr_carea' id='block_1_76' title="bbox 2117 3326 3673 3396">
    <p class='ocr_par' dir='ltr' id='par_1_76' title="bbox 2117 3326 3673 3396">
     <span class='ocr_line' id='line_1_76' title="bbox 2117 3326 3673 3396; baseline -0.009 -11"><span class='ocrx_word' id='word_1_571' title='bbox 2117 3347 2223 3385; x_wconf 92' lang='lat' dir='ltr'><strong>non</strong></span> <span class='ocrx_word' id='word_1_572' title='bbox 2272 3330 2573 3385; x_wconf 84' lang='lat' dir='ltr'><strong>secundum</strong></span> <span class='ocrx_word' id='word_1_573' title='bbox 2626 3329 2942 3396; x_wconf 79' lang='lat' dir='ltr'><strong>imperium.</strong></span> <span class='ocrx_word' id='word_1_574' title='bbox 2999 3326 3135 3381; x_wconf 75' lang='lat' dir='ltr'><strong>Volo</strong></span> <span class='ocrx_word' id='word_1_575' title='bbox 3175 3328 3328 3380; x_wconf 86' lang='lat' dir='ltr'><strong>enim</strong></span> <span class='ocrx_word' id='word_1_576' title='bbox 3382 3339 3562 3378; x_wconf 87' lang='lat' dir='ltr'><strong>omnes</strong></span> <span class='ocrx_word' id='word_1_577' title='bbox 3591 3335 3673 3372; x_wconf 85' lang='lat' dir='ltr'><strong>vos</strong></span> 
     </span>
    </p>
   </div>
   <div class='ocr_carea' id='block_1_77' title="bbox 2116 3413 3670 3487">
    <p class='ocr_par' dir='ltr' id='par_1_77' title="bbox 2116 3413 3670 3487">
     <span class='ocr_line' id='line_1_77' title="bbox 2116 3413 3670 3487; baseline -0.009 -11"><span class='ocrx_word' id='word_1_578' title='bbox 2116 3439 2236 3476; x_wconf 82' lang='lat' dir='ltr'><strong>esse</strong></span> <span class='ocrx_word' id='word_1_579' title='bbox 2286 3422 2428 3474; x_wconf 89' lang='lat' dir='ltr'><strong>sicut</strong></span> <span class='ocrx_word' id='word_1_580' title='bbox 2476 3421 2743 3485; x_wconf 77' lang='lat' dir='ltr'><strong>meipsnm</strong></span> <span class='ocrx_word' id='word_1_581' title='bbox 2779 3435 2791 3474; x_wconf 90' lang='lat'><strong>:</strong></span> <span class='ocrx_word' id='word_1_582' title='bbox 2833 3419 2927 3472; x_wconf 82' lang='lat' dir='ltr'><strong>sed</strong></span> <span class='ocrx_word' id='word_1_583' title='bbox 2966 3419 3373 3487; x_wconf 74' lang='lat' dir='ltr'><strong>tttnusquisque</strong></span> <span class='ocrx_word' id='word_1_584' title='bbox 3411 3413 3670 3485; x_wconf 90' lang='lat' dir='ltr'><strong>proprium</strong></span> 
     </span>
    </p>
   </div>
   <div class='ocr_carea' id='block_1_78' title="bbox 2117 3509 3675 3578">
    <p class='ocr_par' dir='ltr' id='par_1_78' title="bbox 2117 3509 3675 3578">
     <span class='ocr_line' id='line_1_78' title="bbox 2117 3509 3675 3578; baseline -0.008 -11"><span class='ocrx_word' id='word_1_585' title='bbox 2117 3515 2322 3567; x_wconf 88' lang='lat' dir='ltr'><strong>donum</strong></span> <span class='ocrx_word' id='word_1_586' title='bbox 2357 3513 2519 3566; x_wconf 75' lang='lat' dir='ltr'><strong>habet</strong></span> <span class='ocrx_word' id='word_1_587' title='bbox 2546 3529 2609 3564; x_wconf 65' lang='lat' dir='ltr'><strong>ex</strong></span> <span class='ocrx_word' id='word_1_588' title='bbox 2647 3513 2796 3566; x_wconf 55' lang='lat' dir='ltr'><strong>Deo:</strong></span> <span class='ocrx_word' id='word_1_589' title='bbox 2831 3512 2971 3564; x_wconf 85' lang='lat' dir='ltr'><strong>alius</strong></span> <span class='ocrx_word' id='word_1_590' title='bbox 3009 3510 3230 3578; x_wconf 83' lang='lat' dir='ltr'><strong>quidem</strong></span> <span class='ocrx_word' id='word_1_591' title='bbox 3269 3511 3370 3568; x_wconf 84' lang='lat' dir='ltr'><strong>sic.</strong></span> <span class='ocrx_word' id='word_1_592' title='bbox 3403 3509 3538 3562; x_wconf 87' lang='lat' dir='ltr'><strong>alius</strong></span> <span class='ocrx_word' id='word_1_593' title='bbox 3565 3518 3675 3558; x_wconf 78' lang='lat' dir='ltr'><strong>vero</strong></span> 
     </span>
    </p>
   </div>
   <div class='ocr_carea' id='block_1_79' title="bbox 2123 3601 3674 3672">
    <p class='ocr_par' dir='ltr' id='par_1_79' title="bbox 2123 3601 3674 3672">
     <span class='ocr_line' id='line_1_79' title="bbox 2123 3601 3674 3672; baseline -0.005 -10"><span class='ocrx_word' id='word_1_594' title='bbox 2123 3609 2225 3662; x_wconf 87' lang='lat' dir='ltr'><strong>sic.</strong></span> <span class='ocrx_word' id='word_1_595' title='bbox 2263 3608 2390 3659; x_wconf 79' lang='lat' dir='ltr'><strong>Dico</strong></span> <span class='ocrx_word' id='word_1_596' title='bbox 2424 3616 2604 3658; x_wconf 85' lang='lat' dir='ltr'><strong>autem</strong></span> <span class='ocrx_word' id='word_1_597' title='bbox 2644 3621 2748 3657; x_wconf 86' lang='lat' dir='ltr'><strong>non</strong></span> <span class='ocrx_word' id='word_1_598' title='bbox 2782 3604 2988 3672; x_wconf 84' lang='lat' dir='ltr'><strong>nuptis,</strong></span> <span class='ocrx_word' id='word_1_599' title='bbox 3031 3613 3086 3656; x_wconf 90' lang='lat' dir='ltr'><strong>et</strong></span> <span class='ocrx_word' id='word_1_600' title='bbox 3115 3604 3336 3657; x_wconf 87' lang='lat' dir='ltr'><strong>viduis:</strong></span> <span class='ocrx_word' id='word_1_601' title='bbox 3379 3605 3569 3656; x_wconf 80' lang='lat' dir='ltr'><strong>bonum</strong></span> <span class='ocrx_word' id='word_1_602' title='bbox 3606 3601 3674 3649; x_wconf 72' lang='grc' dir='ltr'><strong>εει</strong></span> 
     </span>
    </p>
   </div>
   <div class='ocr_carea' id='block_1_80' title="bbox 2121 3691 3675 3767">
    <p class='ocr_par' dir='ltr' id='par_1_80' title="bbox 2121 3691 3675 3767">
     <span class='ocr_line' id='line_1_80' title="bbox 2121 3691 3675 3767; baseline -0.008 -15"><span class='ocrx_word' id='word_1_603' title='bbox 2121 3700 2230 3752; x_wconf 81' lang='lat' dir='ltr'><strong>illis</strong></span> <span class='ocrx_word' id='word_1_604' title='bbox 2257 3698 2298 3750; x_wconf 88' lang='lat' dir='ltr'><strong>si</strong></span> <span class='ocrx_word' id='word_1_605' title='bbox 2331 3697 2411 3751; x_wconf 78' lang='lat' dir='ltr'><strong>sic</strong></span> <span class='ocrx_word' id='word_1_606' title='bbox 2445 3707 2802 3765; x_wconf 64' lang='lat' dir='ltr'><strong>permaneant</strong></span> <span class='ocrx_word' id='word_1_607' title='bbox 2833 3695 2957 3767; x_wconf 83' lang='lat' dir='ltr'><strong>[ms.</strong></span> <span class='ocrx_word' id='word_1_608' title='bbox 2998 3691 3457 3764; x_wconf 65' lang='lat' dir='ltr'><strong>permanserint],</strong></span> <span class='ocrx_word' id='word_1_609' title='bbox 3481 3691 3607 3745; x_wconf 85' lang='lat' dir='ltr'><strong>sicut</strong></span> <span class='ocrx_word' id='word_1_610' title='bbox 3630 3695 3675 3740; x_wconf 85' lang='lat' dir='ltr'><strong>et</strong></span> 
     </span>
    </p>
   </div>
   <div class='ocr_carea' id='block_1_81' title="bbox 2120 3784 3675 3860">
    <p class='ocr_par' dir='ltr' id='par_1_81' title="bbox 2120 3784 3675 3860">
     <span class='ocr_line' id='line_1_81' title="bbox 2120 3784 3675 3860; baseline -0.01 -15"><span class='ocrx_word' id='word_1_611' title='bbox 2120 3807 2242 3860; x_wconf 79' lang='lat' dir='ltr'><strong>cgo.</strong></span> <span class='ocrx_word' id='word_1_612' title='bbox 2271 3789 2426 3854; x_wconf 86' lang='lat' dir='ltr'><strong>Quod</strong></span> <span class='ocrx_word' id='word_1_613' title='bbox 2467 3790 2512 3844; x_wconf 93' lang='lat' dir='ltr'><strong>si</strong></span> <span class='ocrx_word' id='word_1_614' title='bbox 2544 3805 2650 3843; x_wconf 90' lang='lat' dir='ltr'><strong>non</strong></span> <span class='ocrx_word' id='word_1_615' title='bbox 2687 3805 2746 3842; x_wconf 89' lang='lat' dir='ltr'><strong>sc</strong></span> <span class='ocrx_word' id='word_1_616' title='bbox 2779 3792 3084 3850; x_wconf 89' lang='lat' dir='ltr'><strong>continent,</strong></span> <span class='ocrx_word' id='word_1_617' title='bbox 3116 3787 3352 3841; x_wconf 90' lang='lat' dir='ltr'><strong>nubant.</strong></span> <span class='ocrx_word' id='word_1_618' title='bbox 3393 3784 3574 3838; x_wconf 77' lang='lat' dir='ltr'><strong>Melius</strong></span> <span class='ocrx_word' id='word_1_619' title='bbox 3603 3786 3675 3831; x_wconf 91' lang='lat' dir='ltr'><strong>est</strong></span> 
     </span>
    </p>
   </div>
   <div class='ocr_carea' id='block_1_82' title="bbox 2120 3876 3677 3950">
    <p class='ocr_par' dir='ltr' id='par_1_82' title="bbox 2120 3876 3677 3950">
     <span class='ocr_line' id='line_1_82' title="bbox 2120 3876 3677 3950; baseline -0.007 -14"><span class='ocrx_word' id='word_1_620' title='bbox 2120 3881 2266 3936; x_wconf 87' lang='lat' dir='ltr'><strong>enim</strong></span> <span class='ocrx_word' id='word_1_621' title='bbox 2298 3879 2543 3948; x_wconf 83' lang='lat' dir='ltr'><strong>nubere,</strong></span> <span class='ocrx_word' id='word_1_622' title='bbox 2580 3897 2740 3950; x_wconf 87' lang='lat' dir='ltr'><strong>quam</strong></span> <span class='ocrx_word' id='word_1_623' title='bbox 2778 3881 2885 3934; x_wconf 89' lang='lat' dir='ltr'><strong>uri.</strong></span> <span class='ocrx_word' id='word_1_624' title='bbox 2914 3880 2984 3934; x_wconf 87' lang='lat' dir='ltr'><strong>lis</strong></span> <span class='ocrx_word' id='word_1_625' title='bbox 3017 3890 3198 3933; x_wconf 87' lang='lat' dir='ltr'><strong>autem</strong></span> <span class='ocrx_word' id='word_1_626' title='bbox 3230 3918 3245 3941; x_wconf 94' lang='lat'><strong>,</strong></span> <span class='ocrx_word' id='word_1_627' title='bbox 3279 3879 3375 3948; x_wconf 86' lang='lat' dir='ltr'><strong>qui</strong></span> <span class='ocrx_word' id='word_1_628' title='bbox 3415 3876 3677 3930; x_wconf 80' lang='lat' dir='ltr'><strong>matrimo-</strong></span> 
     </span>
    </p>
   </div>
   <div class='ocr_carea' id='block_1_83' title="bbox 2123 3971 3674 4046">
    <p class='ocr_par' dir='ltr' id='par_1_83' title="bbox 2123 3971 3674 4046">
     <span class='ocr_line' id='line_1_83' title="bbox 2123 3971 3674 4046; baseline -0.01 -15"><span class='ocrx_word' id='word_1_629' title='bbox 2123 3976 2216 4031; x_wconf 87' lang='lat' dir='ltr'><strong>nio</strong></span> <span class='ocrx_word' id='word_1_630' title='bbox 2238 3977 2418 4046; x_wconf 84' lang='lat' dir='ltr'><strong>juncti</strong></span> <span class='ocrx_word' id='word_1_631' title='bbox 2457 3987 2584 4028; x_wconf 86' lang='lat' dir='ltr'><strong>sunt</strong></span> <span class='ocrx_word' id='word_1_632' title='bbox 2612 4016 2626 4040; x_wconf 94' lang='lat'><strong>,</strong></span> <span class='ocrx_word' id='word_1_633' title='bbox 2658 3975 2916 4043; x_wconf 76' lang='lat' dir='ltr'><strong>praeripio</strong></span> <span class='ocrx_word' id='word_1_634' title='bbox 2946 3990 3054 4027; x_wconf 90' lang='lat' dir='ltr'><strong>non</strong></span> <span class='ocrx_word' id='word_1_635' title='bbox 3103 3988 3201 4042; x_wconf 75' lang='lat' dir='ltr'><strong>ego</strong></span> <span class='ocrx_word' id='word_1_636' title='bbox 3230 4013 3243 4036; x_wconf 93' lang='lat'><strong>,</strong></span> <span class='ocrx_word' id='word_1_637' title='bbox 3283 3975 3380 4025; x_wconf 82' lang='lat' dir='ltr'><strong>sed</strong></span> <span class='ocrx_word' id='word_1_638' title='bbox 3415 3971 3674 4026; x_wconf 90' lang='lat' dir='ltr'><strong>Dominus,</strong></span> 
     </span>
    </p>
   </div>
   <div class='ocr_carea' id='block_1_84' title="bbox 2123 4060 3677 4135">
    <p class='ocr_par' dir='ltr' id='par_1_84' title="bbox 2123 4060 3677 4135">
     <span class='ocr_line' id='line_1_84' title="bbox 2123 4060 3677 4135; baseline -0.007 -12"><span class='ocrx_word' id='word_1_639' title='bbox 2123 4085 2347 4123; x_wconf 82' lang='lat' dir='ltr'><strong>uxorem</strong></span> <span class='ocrx_word' id='word_1_640' title='bbox 2386 4085 2413 4120; x_wconf 91' lang='lat' dir='ltr'><strong>a</strong></span> <span class='ocrx_word' id='word_1_641' title='bbox 2451 4069 2569 4122; x_wconf 88' lang='lat' dir='ltr'><strong>viro</strong></span> <span class='ocrx_word' id='word_1_642' title='bbox 2606 4083 2712 4121; x_wconf 90' lang='lat' dir='ltr'><strong>non</strong></span> <span class='ocrx_word' id='word_1_643' title='bbox 2743 4067 3066 4121; x_wconf 77' lang='lat' dir='ltr'><strong>discedere:</strong></span> <span class='ocrx_word' id='word_1_644' title='bbox 3103 4068 3247 4135; x_wconf 86' lang='lat' dir='ltr'><strong>quod</strong></span> <span class='ocrx_word' id='word_1_645' title='bbox 3282 4067 3329 4121; x_wconf 92' lang='lat' dir='ltr'><strong>si</strong></span> <span class='ocrx_word' id='word_1_646' title='bbox 3365 4060 3677 4121; x_wconf 62' lang='lat' dir='ltr'><strong>disceSscrit,</strong></span> 
     </span>
    </p>
   </div>
   <div class='ocr_carea' id='block_1_85' title="bbox 2126 4152 3678 4230">
    <p class='ocr_par' dir='ltr' id='par_1_85' title="bbox 2126 4152 3678 4230">
     <span class='ocr_line' id='line_1_85' title="bbox 2126 4152 3678 4230; baseline -0.008 -14"><span class='ocrx_word' id='word_1_647' title='bbox 2126 4178 2354 4216; x_wconf 87' lang='lat' dir='ltr'><strong>manere</strong></span> <span class='ocrx_word' id='word_1_648' title='bbox 2398 4162 2720 4230; x_wconf 66' lang='lat' dir='ltr'><strong>innulltam,</strong></span> <span class='ocrx_word' id='word_1_649' title='bbox 2755 4170 2848 4212; x_wconf 87' lang='lat' dir='ltr'><strong>aut</strong></span> <span class='ocrx_word' id='word_1_650' title='bbox 2897 4160 3016 4212; x_wconf 81' lang='lat' dir='ltr'><strong>viro</strong></span> <span class='ocrx_word' id='word_1_651' title='bbox 3065 4174 3167 4212; x_wconf 87' lang='lat' dir='ltr'><strong>suo</strong></span> <span class='ocrx_word' id='word_1_652' title='bbox 3217 4154 3578 4212; x_wconf 72' lang='lat' dir='ltr'><strong>reconciliari.</strong></span> <span class='ocrx_word' id='word_1_653' title='bbox 3623 4152 3678 4204; x_wconf 77' lang='lat' dir='ltr'><strong>Et</strong></span> 
     </span>
    </p>
   </div>
   <div class='ocr_carea' id='block_1_86' title="bbox 2123 4245 3679 4317">
    <p class='ocr_par' dir='ltr' id='par_1_86' title="bbox 2123 4245 3679 4317">
     <span class='ocr_line' id='line_1_86' title="bbox 2123 4245 3679 4317; baseline -0.003 -9"><span class='ocrx_word' id='word_1_654' title='bbox 2123 4254 2208 4308; x_wconf 79' lang='lat' dir='ltr'><strong>vir</strong></span> <span class='ocrx_word' id='word_1_655' title='bbox 2259 4268 2485 4307; x_wconf 62' lang='lat' dir='ltr'><strong>uxorem</strong></span> <span class='ocrx_word' id='word_1_656' title='bbox 2551 4268 2658 4306; x_wconf 89' lang='lat' dir='ltr'><strong>non</strong></span> <span class='ocrx_word' id='word_1_657' title='bbox 2694 4252 2956 4304; x_wconf 83' lang='lat' dir='ltr'><strong>dimittat.</strong></span> <span class='ocrx_word' id='word_1_658' title='bbox 2992 4249 3126 4302; x_wconf 83' lang='lat' dir='ltr'><strong>Nam</strong></span> <span class='ocrx_word' id='word_1_659' title='bbox 3163 4250 3380 4303; x_wconf 77' lang='lat' dir='ltr'><strong>czeteris</strong></span> <span class='ocrx_word' id='word_1_660' title='bbox 3426 4266 3523 4317; x_wconf 78' lang='lat' dir='ltr'><strong>ego</strong></span> <span class='ocrx_word' id='word_1_661' title='bbox 3552 4245 3679 4303; x_wconf 64' lang='lat' dir='ltr'><strong>dico-</strong></span> 
     </span>
    </p>
   </div>
   <div class='ocr_carea' id='block_1_87' title="bbox 2124 4337 3682 4412">
    <p class='ocr_par' dir='ltr' id='par_1_87' title="bbox 2124 4337 3682 4412">
     <span class='ocr_line' id='line_1_87' title="bbox 2124 4337 3682 4412; baseline -0.008 -12"><span class='ocrx_word' id='word_1_662' title='bbox 2124 4362 2233 4400; x_wconf 89' lang='lat' dir='ltr'><strong>non</strong></span> <span class='ocrx_word' id='word_1_663' title='bbox 2272 4346 2559 4399; x_wconf 85' lang='lat' dir='ltr'><strong>Dominus.</strong></span> <span class='ocrx_word' id='word_1_664' title='bbox 2620 4345 2677 4398; x_wconf 75' lang='lat' dir='ltr'><strong>Si</strong></span> <span class='ocrx_word' id='word_1_665' title='bbox 2730 4344 2855 4412; x_wconf 89' lang='lat' dir='ltr'><strong>quis</strong></span> <span class='ocrx_word' id='word_1_666' title='bbox 2907 4343 3079 4397; x_wconf 82' lang='lat' dir='ltr'><strong>frater</strong></span> <span class='ocrx_word' id='word_1_667' title='bbox 3112 4359 3340 4396; x_wconf 81' lang='lat' dir='ltr'><strong>uxorem</strong></span> <span class='ocrx_word' id='word_1_668' title='bbox 3395 4343 3553 4396; x_wconf 82' lang='lat' dir='ltr'><strong>habet</strong></span> <span class='ocrx_word' id='word_1_669' title='bbox 3581 4337 3682 4391; x_wconf 84' lang='lat' dir='ltr'><strong>inti-</strong></span> 
     </span>
    </p>
   </div>
   <div class='ocr_carea' id='block_1_88' title="bbox 2126 4435 3684 4503">
    <p class='ocr_par' dir='ltr' id='par_1_88' title="bbox 2126 4435 3684 4503">
     <span class='ocr_line' id='line_1_88' title="bbox 2126 4435 3684 4503; baseline -0.007 -12"><span class='ocrx_word' id='word_1_670' title='bbox 2126 4437 2304 4492; x_wconf 87' lang='lat' dir='ltr'><strong>delcm</strong></span> <span class='ocrx_word' id='word_1_671' title='bbox 2330 4481 2343 4503; x_wconf 91' lang='lat'><strong>,</strong></span> <span class='ocrx_word' id='word_1_672' title='bbox 2376 4446 2432 4492; x_wconf 88' lang='lat' dir='ltr'><strong>et</strong></span> <span class='ocrx_word' id='word_1_673' title='bbox 2483 4437 2598 4491; x_wconf 66' lang='grc' dir='ltr'><strong>ικιό</strong></span> <span class='ocrx_word' id='word_1_674' title='bbox 2632 4438 2913 4490; x_wconf 85' lang='lat' dir='ltr'><strong>consentit</strong></span> <span class='ocrx_word' id='word_1_675' title='bbox 2961 4436 3210 4488; x_wconf 82' lang='lat' dir='ltr'><strong>habitare</strong></span> <span class='ocrx_word' id='word_1_676' title='bbox 3256 4451 3384 4488; x_wconf 89' lang='lat' dir='ltr'><strong>cum</strong></span> <span class='ocrx_word' id='word_1_677' title='bbox 3419 4435 3510 4487; x_wconf 91' lang='lat' dir='ltr'><strong>illo</strong></span> <span class='ocrx_word' id='word_1_678' title='bbox 3535 4472 3550 4497; x_wconf 96' lang='lat'><strong>,</strong></span> <span class='ocrx_word' id='word_1_679' title='bbox 3589 4441 3684 4483; x_wconf 87' lang='lat' dir='ltr'><strong>non</strong></span> 
     </span>
    </p>
   </div>
   <div class='ocr_carea' id='block_1_89' title="bbox 450 4521 3686 4600">
    <p class='ocr_par' dir='ltr' id='par_1_89' title="bbox 450 4521 3686 4600">
     <span class='ocr_line' id='line_1_89' title="bbox 450 4521 3686 4600; baseline -0.007 -20"><span class='ocrx_word' id='word_1_680' title='bbox 450 4529 554 4582; x_wconf 89' lang='lat' dir='ltr'><strong>hoc</strong></span> <span class='ocrx_word' id='word_1_681' title='bbox 585 4525 866 4580; x_wconf 83' lang='lat' dir='ltr'><strong>fratribus.</strong></span> <span class='ocrx_word' id='word_1_682' title='bbox 905 4529 990 4578; x_wconf 82' lang='lat' dir='ltr'><strong>An</strong></span> <span class='ocrx_word' id='word_1_683' title='bbox 1024 4523 1248 4576; x_wconf 90' lang='lat' dir='ltr'><strong>nescitis</strong></span> <span class='ocrx_word' id='word_1_684' title='bbox 1288 4524 1416 4591; x_wconf 88' lang='lat' dir='ltr'><strong>quia</strong></span> <span class='ocrx_word' id='word_1_685' title='bbox 1450 4523 1624 4591; x_wconf 89' lang='lat' dir='ltr'><strong>iniqui</strong></span> <span class='ocrx_word' id='word_1_686' title='bbox 1659 4539 1886 4592; x_wconf 81' lang='lat' dir='ltr'><strong>regnum</strong></span> <span class='ocrx_word' id='word_1_687' title='bbox 1925 4521 2018 4575; x_wconf 90' lang='lat' dir='ltr'><strong>Dei</strong></span> <span class='ocrx_word' id='word_1_688' title='bbox 2051 4541 2101 4600; x_wconf 84' lang='lat' dir='ltr'><strong>D</strong></span> <span class='ocrx_word' id='word_1_689' title='bbox 2129 4528 2372 4582; x_wconf 67' lang='lat' dir='ltr'><strong>dimittat</strong></span> <span class='ocrx_word' id='word_1_690' title='bbox 2421 4528 2596 4581; x_wconf 66' lang='lat' dir='ltr'><strong>illam,</strong></span> <span class='ocrx_word' id='word_1_691' title='bbox 2648 4529 2714 4582; x_wconf 63' lang='grc' dir='ltr'><strong>[ει</strong></span> <span class='ocrx_word' id='word_1_692' title='bbox 2749 4528 2795 4581; x_wconf 55' lang='lat' dir='ltr'><strong>si</strong></span> <span class='ocrx_word' id='word_1_693' title='bbox 2846 4543 2950 4596; x_wconf 66' lang='lat' dir='ltr'><strong>qua</strong></span> <span class='ocrx_word' id='word_1_694' title='bbox 2985 4527 3184 4580; x_wconf 56' lang='lat' dir='ltr'><strong>mulier</strong></span> <span class='ocrx_word' id='word_1_695' title='bbox 3217 4526 3396 4580; x_wconf 59' lang='lat' dir='ltr'><strong>ﬁdelis</strong></span> <span class='ocrx_word' id='word_1_696' title='bbox 3431 4527 3588 4578; x_wconf 52' lang='lat' dir='ltr'><strong>habet</strong></span> <span class='ocrx_word' id='word_1_697' title='bbox 3620 4522 3686 4574; x_wconf 55' lang='lat' dir='ltr'><strong>vi.</strong></span> 
     </span>
    </p>
   </div>
   <div class='ocr_carea' id='block_1_90' title="bbox 451 4615 2022 4689">
    <p class='ocr_par' dir='ltr' id='par_1_90' title="bbox 451 4615 2022 4689">
     <span class='ocr_line' id='line_1_90' title="bbox 451 4615 2022 4689; baseline -0.005 -16"><span class='ocrx_word' id='word_1_698' title='bbox 451 4635 559 4674; x_wconf 89' lang='lat' dir='ltr'><strong>non</strong></span> <span class='ocrx_word' id='word_1_699' title='bbox 591 4615 991 4689; x_wconf 85' lang='lat' dir='ltr'><strong>possidebunt?</strong></span> <span class='ocrx_word' id='word_1_700' title='bbox 1020 4616 1197 4669; x_wconf 78' lang='lat' dir='ltr'><strong>Nolite</strong></span> <span class='ocrx_word' id='word_1_701' title='bbox 1225 4631 1410 4669; x_wconf 88' lang='lat' dir='ltr'><strong>errare</strong></span> <span class='ocrx_word' id='word_1_702' title='bbox 1453 4631 1465 4670; x_wconf 92' lang='lat'><strong>:</strong></span> <span class='ocrx_word' id='word_1_703' title='bbox 1502 4631 1681 4683; x_wconf 86' lang='lat' dir='ltr'><strong>neque</strong></span> <span class='ocrx_word' id='word_1_704' title='bbox 1714 4615 2022 4680; x_wconf 90' lang='lat' dir='ltr'><strong>fornicarii,</strong></span> 
     </span>
    </p>
   </div>
   <div class='ocr_carea' id='block_1_91' title="bbox 445 4708 2022 4781">
    <p class='ocr_par' dir='ltr' id='par_1_91' title="bbox 445 4708 2022 4781">
     <span class='ocr_line' id='line_1_91' title="bbox 445 4708 2022 4781; baseline -0.003 -16"><span class='ocrx_word' id='word_1_705' title='bbox 445 4727 631 4781; x_wconf 70' lang='lat' dir='ltr'><strong>neque</strong></span> <span class='ocrx_word' id='word_1_706' title='bbox 657 4709 819 4764; x_wconf 76' lang='lat' dir='ltr'><strong>idolis</strong></span> <span class='ocrx_word' id='word_1_707' title='bbox 847 4708 1177 4770; x_wconf 84' lang='lat' dir='ltr'><strong>servientes,</strong></span> <span class='ocrx_word' id='word_1_708' title='bbox 1206 4724 1383 4776; x_wconf 90' lang='lat' dir='ltr'><strong>neque</strong></span> <span class='ocrx_word' id='word_1_709' title='bbox 1411 4708 1867 4776; x_wconf 69' lang='lat' dir='ltr'><strong>adulti-ri,neque</strong></span> <span class='ocrx_word' id='word_1_710' title='bbox 1892 4708 2022 4761; x_wconf 78' lang='lat' dir='ltr'><strong>mol-</strong></span> 
     </span>
    </p>
   </div>
   <div class='ocr_carea' id='block_1_92' title="bbox 453 4799 2020 4871">
    <p class='ocr_par' dir='ltr' id='par_1_92' title="bbox 453 4799 2020 4871">
     <span class='ocr_line' id='line_1_92' title="bbox 453 4799 2020 4871; baseline -0.003 -12"><span class='ocrx_word' id='word_1_711' title='bbox 453 4806 553 4868; x_wconf 84' lang='lat' dir='ltr'><strong>lcs,</strong></span> <span class='ocrx_word' id='word_1_712' title='bbox 583 4819 758 4871; x_wconf 86' lang='lat' dir='ltr'><strong>neque</strong></span> <span class='ocrx_word' id='word_1_713' title='bbox 790 4801 1160 4855; x_wconf 87' lang='lat' dir='ltr'><strong>masculorum</strong></span> <span class='ocrx_word' id='word_1_714' title='bbox 1196 4800 1607 4862; x_wconf 86' lang='lat' dir='ltr'><strong>concubitores,</strong></span> <span class='ocrx_word' id='word_1_715' title='bbox 1640 4816 1816 4868; x_wconf 90' lang='lat' dir='ltr'><strong>neque</strong></span> <span class='ocrx_word' id='word_1_716' title='bbox 1851 4799 2020 4865; x_wconf 88' lang='lat' dir='ltr'><strong>fures,</strong></span> 
     </span>
    </p>
   </div>
   <div class='ocr_carea' id='block_1_93' title="bbox 453 4893 2022 4968">
    <p class='ocr_par' dir='ltr' id='par_1_93' title="bbox 453 4893 2022 4968">
     <span class='ocr_line' id='line_1_93' title="bbox 453 4893 2022 4968; baseline -0.004 -14"><span class='ocrx_word' id='word_1_717' title='bbox 453 4913 635 4968; x_wconf 86' lang='lat' dir='ltr'><strong>neque</strong></span> <span class='ocrx_word' id='word_1_718' title='bbox 663 4896 810 4950; x_wconf 85' lang='lat' dir='ltr'><strong>avari</strong></span> <span class='ocrx_word' id='word_1_719' title='bbox 840 4934 854 4959; x_wconf 95' lang='lat'><strong>,</strong></span> <span class='ocrx_word' id='word_1_720' title='bbox 894 4909 1070 4965; x_wconf 90' lang='lat' dir='ltr'><strong>neque</strong></span> <span class='ocrx_word' id='word_1_721' title='bbox 1103 4893 1306 4949; x_wconf 84' lang='lat' dir='ltr'><strong>ebriosi</strong></span> <span class='ocrx_word' id='word_1_722' title='bbox 1334 4935 1347 4955; x_wconf 93' lang='lat'><strong>,</strong></span> <span class='ocrx_word' id='word_1_723' title='bbox 1385 4908 1565 4962; x_wconf 88' lang='lat' dir='ltr'><strong>neque</strong></span> <span class='ocrx_word' id='word_1_724' title='bbox 1602 4895 1874 4953; x_wconf 87' lang='lat' dir='ltr'><strong>maledici,</strong></span> <span class='ocrx_word' id='word_1_725' title='bbox 1927 4911 2022 4948; x_wconf 89' lang='lat' dir='ltr'><strong>nc-</strong></span> 
     </span>
    </p>
   </div>
   <div class='ocr_carea' id='block_1_94' title="bbox 455 4985 2028 5063">
    <p class='ocr_par' dir='ltr' id='par_1_94' title="bbox 455 4985 2028 5063">
     <span class='ocr_line' id='line_1_94' title="bbox 455 4985 2028 5063; baseline -0.003 -18"><span class='ocrx_word' id='word_1_726' title='bbox 455 5007 562 5063; x_wconf 88' lang='lat' dir='ltr'><strong>que</strong></span> <span class='ocrx_word' id='word_1_727' title='bbox 612 5005 878 5060; x_wconf 88' lang='lat' dir='ltr'><strong>rapaces,</strong></span> <span class='ocrx_word' id='word_1_728' title='bbox 934 5002 1163 5056; x_wconf 81' lang='lat' dir='ltr'><strong>regnum</strong></span> <span class='ocrx_word' id='word_1_729' title='bbox 1232 4985 1321 5038; x_wconf 88' lang='lat' dir='ltr'><strong>Dei</strong></span> <span class='ocrx_word' id='word_1_730' title='bbox 1361 4985 1742 5054; x_wconf 89' lang='lat' dir='ltr'><strong>possidebunt.</strong></span> <span class='ocrx_word' id='word_1_731' title='bbox 1806 4985 1870 5039; x_wconf 85' lang='lat' dir='ltr'><strong>Et</strong></span> <span class='ocrx_word' id='word_1_732' title='bbox 1912 4985 2028 5041; x_wconf 74' lang='lat' dir='ltr'><strong>[nec</strong></span> 
     </span>
    </p>
   </div>
   <div class='ocr_carea' id='block_1_95' title="bbox 458 5077 2021 5153">
    <p class='ocr_par' dir='ltr' id='par_1_95' title="bbox 458 5077 2021 5153">
     <span class='ocr_line' id='line_1_95' title="bbox 458 5077 2021 5153; baseline -0.001 -17"><span class='ocrx_word' id='word_1_733' title='bbox 458 5082 681 5153; x_wconf 89' lang='lat' dir='ltr'><strong>quidam</strong></span> <span class='ocrx_word' id='word_1_734' title='bbox 717 5079 934 5134; x_wconf 83' lang='lat' dir='ltr'><strong>fuistis:</strong></span> <span class='ocrx_word' id='word_1_735' title='bbox 969 5077 1064 5134; x_wconf 91' lang='lat' dir='ltr'><strong>sed</strong></span> <span class='ocrx_word' id='word_1_736' title='bbox 1114 5078 1285 5132; x_wconf 84' lang='lat' dir='ltr'><strong>abluti</strong></span> <span class='ocrx_word' id='word_1_737' title='bbox 1343 5078 1479 5132; x_wconf 86' lang='lat' dir='ltr'><strong>estis</strong></span> <span class='ocrx_word' id='word_1_738' title='bbox 1511 5119 1524 5144; x_wconf 92' lang='lat'><strong>,</strong></span> <span class='ocrx_word' id='word_1_739' title='bbox 1571 5077 1664 5132; x_wconf 87' lang='lat' dir='ltr'><strong>sed</strong></span> <span class='ocrx_word' id='word_1_740' title='bbox 1695 5079 2021 5134; x_wconf 80' lang='lat' dir='ltr'><strong>sanctificati</strong></span> 
     </span>
    </p>
   </div>
   <div class='ocr_carea' id='block_1_96' title="bbox 459 5171 2025 5239">
    <p class='ocr_par' dir='ltr' id='par_1_96' title="bbox 459 5171 2025 5239">
     <span class='ocr_line' id='line_1_96' title="bbox 459 5171 2025 5239; baseline -0.003 -9"><span class='ocrx_word' id='word_1_741' title='bbox 459 5177 615 5239; x_wconf 81' lang='lat' dir='ltr'><strong>estis,</strong></span> <span class='ocrx_word' id='word_1_742' title='bbox 649 5172 742 5228; x_wconf 88' lang='lat' dir='ltr'><strong>sed</strong></span> <span class='ocrx_word' id='word_1_743' title='bbox 771 5172 1050 5238; x_wconf 77' lang='lat' dir='ltr'><strong>iustificati</strong></span> <span class='ocrx_word' id='word_1_744' title='bbox 1097 5171 1252 5236; x_wconf 89' lang='lat' dir='ltr'><strong>estis,</strong></span> <span class='ocrx_word' id='word_1_745' title='bbox 1310 5172 1363 5225; x_wconf 90' lang='lat' dir='ltr'><strong>in</strong></span> <span class='ocrx_word' id='word_1_746' title='bbox 1404 5173 1626 5227; x_wconf 87' lang='lat' dir='ltr'><strong>nomine</strong></span> <span class='ocrx_word' id='word_1_747' title='bbox 1666 5172 1881 5225; x_wconf 89' lang='lat' dir='ltr'><strong>Domini</strong></span> <span class='ocrx_word' id='word_1_748' title='bbox 1925 5187 2025 5226; x_wconf 79' lang='lat' dir='ltr'><strong>no-</strong></span> 
     </span>
    </p>
   </div>
   <div class='ocr_carea' id='block_1_97' title="bbox 463 5263 2025 5334">
    <p class='ocr_par' dir='ltr' id='par_1_97' title="bbox 463 5263 2025 5334">
     <span class='ocr_line' id='line_1_97' title="bbox 463 5263 2025 5334; baseline -0.002 -10"><span class='ocrx_word' id='word_1_749' title='bbox 463 5269 565 5324; x_wconf 89' lang='lat' dir='ltr'><strong>stri</strong></span> <span class='ocrx_word' id='word_1_750' title='bbox 599 5266 729 5324; x_wconf 82' lang='lat' dir='ltr'><strong>Jesu</strong></span> <span class='ocrx_word' id='word_1_751' title='bbox 780 5265 1007 5331; x_wconf 80' lang='lat' dir='ltr'><strong>Christi,</strong></span> <span class='ocrx_word' id='word_1_752' title='bbox 1047 5273 1105 5318; x_wconf 90' lang='lat' dir='ltr'><strong>et</strong></span> <span class='ocrx_word' id='word_1_753' title='bbox 1131 5264 1186 5318; x_wconf 93' lang='lat' dir='ltr'><strong>in</strong></span> <span class='ocrx_word' id='word_1_754' title='bbox 1217 5263 1426 5334; x_wconf 91' lang='lat' dir='ltr'><strong>Spiritu</strong></span> <span class='ocrx_word' id='word_1_755' title='bbox 1465 5263 1560 5318; x_wconf 89' lang='lat' dir='ltr'><strong>Dei</strong></span> <span class='ocrx_word' id='word_1_756' title='bbox 1591 5265 1788 5320; x_wconf 89' lang='lat' dir='ltr'><strong>nostri.</strong></span> <span class='ocrx_word' id='word_1_757' title='bbox 1833 5265 2025 5320; x_wconf 90' lang='lat' dir='ltr'><strong>Omnia</strong></span> 
     </span>
    </p>
   </div>
   <div class='ocr_carea' id='block_1_98' title="bbox 454 5353 2024 5425">
    <p class='ocr_par' dir='ltr' id='par_1_98' title="bbox 454 5353 2024 5425">
     <span class='ocr_line' id='line_1_98' title="bbox 454 5353 2024 5425; baseline -0.004 -8"><span class='ocrx_word' id='word_1_758' title='bbox 454 5362 590 5418; x_wconf 75' lang='lat' dir='ltr'><strong>mihi</strong></span> <span class='ocrx_word' id='word_1_759' title='bbox 623 5361 812 5422; x_wconf 81' lang='lat' dir='ltr'><strong>licent,</strong></span> <span class='ocrx_word' id='word_1_760' title='bbox 835 5359 931 5413; x_wconf 89' lang='lat' dir='ltr'><strong>sed</strong></span> <span class='ocrx_word' id='word_1_761' title='bbox 962 5372 1070 5410; x_wconf 89' lang='lat' dir='ltr'><strong>non</strong></span> <span class='ocrx_word' id='word_1_762' title='bbox 1101 5356 1284 5410; x_wconf 89' lang='lat' dir='ltr'><strong>omnia</strong></span> <span class='ocrx_word' id='word_1_763' title='bbox 1311 5356 1634 5425; x_wconf 80' lang='lat' dir='ltr'><strong>expediunt.</strong></span> <span class='ocrx_word' id='word_1_764' title='bbox 1667 5353 1860 5410; x_wconf 91' lang='lat' dir='ltr'><strong>Omnia</strong></span> <span class='ocrx_word' id='word_1_765' title='bbox 1890 5357 2024 5411; x_wconf 82' lang='lat' dir='ltr'><strong>mihi</strong></span> 
     </span>
    </p>
   </div>
   <div class='ocr_carea' id='block_1_99' title="bbox 455 5448 2030 5522">
    <p class='ocr_par' dir='ltr' id='par_1_99' title="bbox 455 5448 2030 5522">
     <span class='ocr_line' id='line_1_99' title="bbox 455 5448 2030 5522; baseline -0.006 -11"><span class='ocrx_word' id='word_1_766' title='bbox 455 5457 646 5521; x_wconf 90' lang='lat' dir='ltr'><strong>licent,</strong></span> <span class='ocrx_word' id='word_1_767' title='bbox 675 5452 769 5509; x_wconf 90' lang='lat' dir='ltr'><strong>sed</strong></span> <span class='ocrx_word' id='word_1_768' title='bbox 801 5467 903 5522; x_wconf 80' lang='lat' dir='ltr'><strong>ego</strong></span> <span class='ocrx_word' id='word_1_769' title='bbox 933 5450 1038 5506; x_wconf 89' lang='lat' dir='ltr'><strong>sub</strong></span> <span class='ocrx_word' id='word_1_770' title='bbox 1070 5449 1273 5503; x_wconf 90' lang='lat' dir='ltr'><strong>nullius</strong></span> <span class='ocrx_word' id='word_1_771' title='bbox 1307 5448 1528 5519; x_wconf 77' lang='lat' dir='ltr'><strong>redigar</strong></span> <span class='ocrx_word' id='word_1_772' title='bbox 1559 5457 1852 5517; x_wconf 89' lang='lat' dir='ltr'><strong>potestate.</strong></span> <span class='ocrx_word' id='word_1_773' title='bbox 1890 5448 2030 5504; x_wconf 85' lang='lat' dir='ltr'><strong>Esca</strong></span> 
     </span>
    </p>
   </div>
   <div class='ocr_carea' id='block_1_100' title="bbox 535 5608 2028 5670">
    <p class='ocr_par' dir='ltr' id='par_1_100' title="bbox 535 5608 2028 5670">
     <span class='ocr_line' id='line_1_100' title="bbox 535 5608 2028 5670; baseline -0.005 -3"><span class='ocrx_word' id='word_1_774' title='bbox 535 5615 552 5646; x_wconf 77' lang='grc'><strong>⁸</strong></span> <span class='ocrx_word' id='word_1_775' title='bbox 593 5613 765 5668; x_wconf 75' lang='lat' dir='ltr'><strong>Aliter</strong></span> <span class='ocrx_word' id='word_1_776' title='bbox 794 5613 967 5666; x_wconf 90' lang='lat' dir='ltr'><strong>multo</strong></span> <span class='ocrx_word' id='word_1_777' title='bbox 999 5611 1053 5664; x_wconf 89' lang='lat' dir='ltr'><strong>in</strong></span> <span class='ocrx_word' id='word_1_778' title='bbox 1084 5608 1334 5662; x_wconf 83' lang='lat' dir='ltr'><strong>Palatino</strong></span> <span class='ocrx_word' id='word_1_779' title='bbox 1393 5622 1518 5670; x_wconf 91' lang='lat' dir='ltr'><strong>ms.,</strong></span> <span class='ocrx_word' id='word_1_780' title='bbox 1561 5622 1662 5658; x_wconf 84' lang='lat' dir='ltr'><strong>non</strong></span> <span class='ocrx_word' id='word_1_781' title='bbox 1691 5609 2028 5659; x_wconf 79' lang='lat' dir='ltr'><strong>commiscea-</strong></span> 
     </span>
    </p>
   </div>
   <div class='ocr_carea' id='block_1_101' title="bbox 461 5678 2028 5750">
    <p class='ocr_par' dir='ltr' id='par_1_101' title="bbox 461 5678 2028 5750">
     <span class='ocr_line' id='line_1_101' title="bbox 461 5678 2028 5750; baseline -0.003 -13"><span class='ocrx_word' id='word_1_782' title='bbox 461 5686 607 5740; x_wconf 80' lang='lat' dir='ltr'><strong>mini.</strong></span> <span class='ocrx_word' id='word_1_783' title='bbox 630 5685 673 5735; x_wconf 79' lang='lat' dir='ltr'><strong>si</strong></span> <span class='ocrx_word' id='word_1_784' title='bbox 699 5686 784 5746; x_wconf 85' lang='lat' dir='ltr'><strong>qui</strong></span> <span class='ocrx_word' id='word_1_785' title='bbox 806 5684 971 5750; x_wconf 75' lang='lat' dir='ltr'><strong>frater</strong></span> <span class='ocrx_word' id='word_1_786' title='bbox 990 5681 1300 5750; x_wconf 75' lang='lat' dir='ltr'><strong>nominatur</strong></span> <span class='ocrx_word' id='word_1_787' title='bbox 1319 5678 1458 5750; x_wconf 74' lang='lat' dir='ltr'><strong>inter</strong></span> <span class='ocrx_word' id='word_1_788' title='bbox 1482 5678 1899 5750; x_wconf 51' lang='lat' dir='ltr'><strong>uos/oriﬁcium,</strong></span> <span class='ocrx_word' id='word_1_789' title='bbox 1921 5688 2028 5732; x_wconf 88' lang='lat' dir='ltr'><strong>etc.</strong></span> 
     </span>
    </p>
   </div>
   <div class='ocr_carea' id='block_1_102' title="bbox 459 5746 2029 5822">
    <p class='ocr_par' dir='ltr' id='par_1_102' title="bbox 459 5746 2029 5822">
     <span class='ocr_line' id='line_1_102' title="bbox 459 5746 2029 5822; baseline -0.002 -19"><span class='ocrx_word' id='word_1_790' title='bbox 459 5746 992 5822; x_wconf 63' lang='lat' dir='ltr'><strong>qua-quidemlectio</strong></span> <span class='ocrx_word' id='word_1_791' title='bbox 1022 5749 1369 5822; x_wconf 78' lang='lat' dir='ltr'><strong>vetnsvideri</strong></span> <span class='ocrx_word' id='word_1_792' title='bbox 1397 5760 1523 5822; x_wconf 75' lang='lat' dir='ltr'><strong>ante</strong></span> <span class='ocrx_word' id='word_1_793' title='bbox 1550 5746 2029 5822; x_wconf 75' lang='lat' dir='ltr'><strong>Hieronymianatn</strong></span> 
     </span>
    </p>
   </div>
   <div class='ocr_carea' id='block_1_103' title="bbox 464 5817 2028 5889">
    <p class='ocr_par' dir='ltr' id='par_1_103' title="bbox 464 5817 2028 5889">
     <span class='ocr_line' id='line_1_103' title="bbox 464 5817 2028 5889; baseline -0.003 -13"><span class='ocrx_word' id='word_1_794' title='bbox 464 5817 906 5876; x_wconf 60' lang='lat' dir='ltr'><strong>enuntiationem</strong></span> <span class='ocrx_word' id='word_1_795' title='bbox 944 5829 1124 5889; x_wconf 84' lang='lat' dir='ltr'><strong>potest</strong></span> <span class='ocrx_word' id='word_1_796' title='bbox 1170 5837 1183 5874; x_wconf 74' lang='grc' dir='ltr'>ς</span> <span class='ocrx_word' id='word_1_797' title='bbox 1218 5818 1312 5874; x_wconf 87' lang='lat' dir='ltr'><strong>sed</strong></span> <span class='ocrx_word' id='word_1_798' title='bbox 1367 5817 1649 5876; x_wconf 81' lang='lat' dir='ltr'><strong>ct&#39;alicubi</strong></span> <span class='ocrx_word' id='word_1_799' title='bbox 1692 5817 2028 5888; x_wconf 35' lang='lat' dir='ltr'><strong>in’epistolis</strong></span> 
     </span>
    </p>
   </div>
   <div class='ocr_carea' id='block_1_104' title="bbox 2130 4612 3683 4685">
    <p class='ocr_par' dir='ltr' id='par_1_104' title="bbox 2130 4612 3683 4685">
     <span class='ocr_line' id='line_1_104' title="bbox 2130 4612 3683 4685; baseline -0.006 -9"><span class='ocrx_word' id='word_1_800' title='bbox 2130 4638 2249 4676; x_wconf 88' lang='lat' dir='ltr'><strong>rum</strong></span> <span class='ocrx_word' id='word_1_801' title='bbox 2285 4612 2558 4675; x_wconf 68' lang='lat' dir='ltr'><strong>inﬁdelem</strong></span> <span class='ocrx_word' id='word_1_802' title='bbox 2589 4661 2602 4685; x_wconf 93' lang='lat'><strong>,</strong></span> <span class='ocrx_word' id='word_1_803' title='bbox 2639 4632 2693 4676; x_wconf 90' lang='lat' dir='ltr'><strong>et</strong></span> <span class='ocrx_word' id='word_1_804' title='bbox 2725 4621 2814 4675; x_wconf 86' lang='lat' dir='ltr'><strong>hic</strong></span> <span class='ocrx_word' id='word_1_805' title='bbox 2840 4622 3111 4674; x_wconf 84' lang='lat' dir='ltr'><strong>consentit</strong></span> <span class='ocrx_word' id='word_1_806' title='bbox 3152 4621 3405 4674; x_wconf 83' lang='lat' dir='ltr'><strong>habitare</strong></span> <span class='ocrx_word' id='word_1_807' title='bbox 3437 4634 3558 4673; x_wconf 87' lang='lat' dir='ltr'><strong>cum</strong></span> <span class='ocrx_word' id='word_1_808' title='bbox 3588 4617 3683 4679; x_wconf 88' lang='lat' dir='ltr'><strong>illa,</strong></span> 
     </span>
    </p>
   </div>
   <div class='ocr_carea' id='block_1_105' title="bbox 2129 4710 3685 4768">
    <p class='ocr_par' dir='ltr' id='par_1_105' title="bbox 2129 4710 3685 4768">
     <span class='ocr_line' id='line_1_105' title="bbox 2129 4710 3685 4768; baseline -0.005 -1"><span class='ocrx_word' id='word_1_809' title='bbox 2129 4730 2236 4767; x_wconf 89' lang='lat' dir='ltr'><strong>non</strong></span> <span class='ocrx_word' id='word_1_810' title='bbox 2269 4714 2513 4767; x_wconf 89' lang='lat' dir='ltr'><strong>dimittat</strong></span> <span class='ocrx_word' id='word_1_811' title='bbox 2547 4713 2724 4766; x_wconf 89' lang='lat' dir='ltr'><strong>virutn</strong></span> <span class='ocrx_word' id='word_1_812' title='bbox 2754 4730 2767 4768; x_wconf 85' lang='lat'><strong>:</strong></span> <span class='ocrx_word' id='word_1_813' title='bbox 2799 4712 3170 4766; x_wconf 81' lang='lat' dir='ltr'><strong>sanctiﬁcatus</strong></span> <span class='ocrx_word' id='word_1_814' title='bbox 3205 4723 3288 4766; x_wconf 89' lang='lat' dir='ltr'><strong>cst</strong></span> <span class='ocrx_word' id='word_1_815' title='bbox 3325 4713 3476 4766; x_wconf 92' lang='lat' dir='ltr'><strong>cnim</strong></span> <span class='ocrx_word' id='word_1_816' title='bbox 3507 4712 3582 4765; x_wconf 84' lang='lat' dir='ltr'><strong>vir</strong></span> <span class='ocrx_word' id='word_1_817' title='bbox 3613 4710 3685 4762; x_wconf 84' lang='lat' dir='ltr'><strong>iu-</strong></span> 
     </span>
    </p>
   </div>
   <div class='ocr_carea' id='block_1_106' title="bbox 2130 4804 3688 4874">
    <p class='ocr_par' dir='ltr' id='par_1_106' title="bbox 2130 4804 3688 4874">
     <span class='ocr_line' id='line_1_106' title="bbox 2130 4804 3688 4874; baseline -0.006 -16"><span class='ocrx_word' id='word_1_818' title='bbox 2130 4805 2308 4858; x_wconf 84' lang='lat' dir='ltr'><strong>ﬁdelis</strong></span> <span class='ocrx_word' id='word_1_819' title='bbox 2360 4822 2453 4874; x_wconf 80' lang='lat' dir='ltr'><strong>per</strong></span> <span class='ocrx_word' id='word_1_820' title='bbox 2505 4806 2791 4859; x_wconf 86' lang='lat' dir='ltr'><strong>mulierem</strong></span> <span class='ocrx_word' id='word_1_821' title='bbox 2821 4805 3036 4857; x_wconf 74' lang='lat' dir='ltr'><strong>fidelem</strong></span> <span class='ocrx_word' id='word_1_822' title='bbox 3070 4807 3112 4867; x_wconf 80' lang='lat'><strong>’,</strong></span> <span class='ocrx_word' id='word_1_823' title='bbox 3143 4814 3196 4856; x_wconf 89' lang='lat' dir='ltr'><strong>et</strong></span> <span class='ocrx_word' id='word_1_824' title='bbox 3238 4804 3578 4858; x_wconf 84' lang='lat' dir='ltr'><strong>sanctiﬁcata</strong></span> <span class='ocrx_word' id='word_1_825' title='bbox 3616 4808 3688 4850; x_wconf 87' lang='lat' dir='ltr'><strong>est</strong></span> 
     </span>
    </p>
   </div>
   <div class='ocr_carea' id='block_1_107' title="bbox 2132 4892 3687 4967">
    <p class='ocr_par' dir='ltr' id='par_1_107' title="bbox 2132 4892 3687 4967">
     <span class='ocr_line' id='line_1_107' title="bbox 2132 4892 3687 4967; baseline -0.006 -14"><span class='ocrx_word' id='word_1_826' title='bbox 2132 4900 2330 4953; x_wconf 84' lang='lat' dir='ltr'><strong>mulier</strong></span> <span class='ocrx_word' id='word_1_827' title='bbox 2381 4899 2616 4952; x_wconf 84' lang='lat' dir='ltr'><strong>inﬁdelis</strong></span> <span class='ocrx_word' id='word_1_828' title='bbox 2663 4914 2760 4967; x_wconf 88' lang='lat' dir='ltr'><strong>per</strong></span> <span class='ocrx_word' id='word_1_829' title='bbox 2808 4898 2983 4951; x_wconf 81' lang='lat' dir='ltr'><strong>virum</strong></span> <span class='ocrx_word' id='word_1_830' title='bbox 3024 4897 3238 4951; x_wconf 79' lang='lat' dir='ltr'><strong>fidelem</strong></span> <span class='ocrx_word' id='word_1_831' title='bbox 3269 4916 3282 4952; x_wconf 91' lang='lat'><strong>:</strong></span> <span class='ocrx_word' id='word_1_832' title='bbox 3311 4899 3554 4966; x_wconf 82' lang='lat' dir='ltr'><strong>alioquin</strong></span> <span class='ocrx_word' id='word_1_833' title='bbox 3604 4892 3687 4945; x_wconf 80' lang='lat' dir='ltr'><strong>ﬁlii</strong></span> 
     </span>
    </p>
   </div>
   <div class='ocr_carea' id='block_1_108' title="bbox 2132 4989 3685 5054">
    <p class='ocr_par' dir='ltr' id='par_1_108' title="bbox 2132 4989 3685 5054">
     <span class='ocr_line' id='line_1_108' title="bbox 2132 4989 3685 5054; baseline -0.008 -9"><span class='ocrx_word' id='word_1_834' title='bbox 2132 4993 2297 5046; x_wconf 85' lang='lat' dir='ltr'><strong>vestri</strong></span> <span class='ocrx_word' id='word_1_835' title='bbox 2352 4990 2617 5045; x_wconf 86' lang='lat' dir='ltr'><strong>intmundi</strong></span> <span class='ocrx_word' id='word_1_836' title='bbox 2653 5001 2876 5054; x_wconf 87' lang='lat' dir='ltr'><strong>essent,</strong></span> <span class='ocrx_word' id='word_1_837' title='bbox 2929 5005 3074 5044; x_wconf 87' lang='lat' dir='ltr'><strong>nunc</strong></span> <span class='ocrx_word' id='word_1_838' title='bbox 3106 4999 3286 5042; x_wconf 88' lang='lat' dir='ltr'><strong>autem</strong></span> <span class='ocrx_word' id='word_1_839' title='bbox 3322 4989 3501 5042; x_wconf 81' lang='lat' dir='ltr'><strong>sancti</strong></span> <span class='ocrx_word' id='word_1_840' title='bbox 3552 4990 3685 5037; x_wconf 90' lang='lat' dir='ltr'><strong>sunt.</strong></span> 
     </span>
    </p>
   </div>
   <div class='ocr_carea' id='block_1_109' title="bbox 2131 5075 3686 5153">
    <p class='ocr_par' dir='ltr' id='par_1_109' title="bbox 2131 5075 3686 5153">
     <span class='ocr_line' id='line_1_109' title="bbox 2131 5075 3686 5153; baseline -0.008 -14"><span class='ocrx_word' id='word_1_841' title='bbox 2131 5086 2286 5153; x_wconf 88' lang='lat' dir='ltr'><strong>Quod</strong></span> <span class='ocrx_word' id='word_1_842' title='bbox 2354 5087 2398 5140; x_wconf 88' lang='lat' dir='ltr'><strong>si</strong></span> <span class='ocrx_word' id='word_1_843' title='bbox 2457 5084 2690 5137; x_wconf 78' lang='lat' dir='ltr'><strong>inﬁdelis</strong></span> <span class='ocrx_word' id='word_1_844' title='bbox 2755 5082 3008 5145; x_wconf 88' lang='lat' dir='ltr'><strong>discedit,</strong></span> <span class='ocrx_word' id='word_1_845' title='bbox 3068 5081 3359 5136; x_wconf 84' lang='lat' dir='ltr'><strong>discedat:</strong></span> <span class='ocrx_word' id='word_1_846' title='bbox 3399 5097 3506 5134; x_wconf 89' lang='lat' dir='ltr'><strong>non</strong></span> <span class='ocrx_word' id='word_1_847' title='bbox 3558 5075 3686 5130; x_wconf 87' lang='lat' dir='ltr'><strong>enim</strong></span> 
     </span>
    </p>
   </div>
   <div class='ocr_carea' id='block_1_110' title="bbox 2132 5167 3687 5245">
    <p class='ocr_par' dir='ltr' id='par_1_110' title="bbox 2132 5167 3687 5245">
     <span class='ocr_line' id='line_1_110' title="bbox 2132 5167 3687 5245; baseline -0.012 -11"><span class='ocrx_word' id='word_1_848' title='bbox 2132 5179 2383 5234; x_wconf 81' lang='lat' dir='ltr'><strong>servituti</strong></span> <span class='ocrx_word' id='word_1_849' title='bbox 2442 5176 2728 5245; x_wconf 88' lang='lat' dir='ltr'><strong>subjectus</strong></span> <span class='ocrx_word' id='word_1_850' title='bbox 2771 5184 2856 5227; x_wconf 85' lang='lat' dir='ltr'><strong>est</strong></span> <span class='ocrx_word' id='word_1_851' title='bbox 2911 5172 3079 5225; x_wconf 88' lang='lat' dir='ltr'><strong>frater</strong></span> <span class='ocrx_word' id='word_1_852' title='bbox 3133 5181 3229 5224; x_wconf 89' lang='lat' dir='ltr'><strong>aut</strong></span> <span class='ocrx_word' id='word_1_853' title='bbox 3279 5187 3438 5225; x_wconf 83' lang='lat' dir='ltr'><strong>soror</strong></span> <span class='ocrx_word' id='word_1_854' title='bbox 3492 5171 3543 5223; x_wconf 90' lang='lat' dir='ltr'><strong>in</strong></span> <span class='ocrx_word' id='word_1_855' title='bbox 3596 5167 3687 5218; x_wconf 84' lang='lat' dir='ltr'><strong>hu-</strong></span> 
     </span>
    </p>
   </div>
   <div class='ocr_carea' id='block_1_111' title="bbox 2129 5261 3682 5343">
    <p class='ocr_par' dir='ltr' id='par_1_111' title="bbox 2129 5261 3682 5343">
     <span class='ocr_line' id='line_1_111' title="bbox 2129 5261 3682 5343; baseline -0.01 -18"><span class='ocrx_word' id='word_1_856' title='bbox 2129 5271 2413 5343; x_wconf 88' lang='lat' dir='ltr'><strong>jusmudi;</strong></span> <span class='ocrx_word' id='word_1_857' title='bbox 2483 5269 2538 5322; x_wconf 91' lang='lat' dir='ltr'><strong>in</strong></span> <span class='ocrx_word' id='word_1_858' title='bbox 2621 5281 2752 5336; x_wconf 85' lang='lat' dir='ltr'><strong>pace</strong></span> <span class='ocrx_word' id='word_1_859' title='bbox 2831 5275 3015 5318; x_wconf 84' lang='lat' dir='ltr'><strong>autem</strong></span> <span class='ocrx_word' id='word_1_860' title='bbox 3077 5265 3294 5320; x_wconf 83' lang='lat' dir='ltr'><strong>vocavit</strong></span> <span class='ocrx_word' id='word_1_861' title='bbox 3365 5279 3464 5316; x_wconf 88' lang='lat' dir='ltr'><strong>nos</strong></span> <span class='ocrx_word' id='word_1_862' title='bbox 3535 5261 3682 5312; x_wconf 89' lang='lat' dir='ltr'><strong>Deus.</strong></span> 
     </span>
    </p>
   </div>
   <div class='ocr_carea' id='block_1_112' title="bbox 2135 5348 3687 5425">
    <p class='ocr_par' dir='ltr' id='par_1_112' title="bbox 2135 5348 3687 5425">
     <span class='ocr_line' id='line_1_112' title="bbox 2135 5348 3687 5425; baseline -0.013 -3"><span class='ocrx_word' id='word_1_863' title='bbox 2135 5366 2286 5422; x_wconf 86' lang='lat' dir='ltr'><strong>Unde</strong></span> <span class='ocrx_word' id='word_1_864' title='bbox 2323 5363 2470 5417; x_wconf 90' lang='lat' dir='ltr'><strong>enim</strong></span> <span class='ocrx_word' id='word_1_865' title='bbox 2504 5363 2614 5415; x_wconf 93' lang='lat' dir='ltr'><strong>scis</strong></span> <span class='ocrx_word' id='word_1_866' title='bbox 2638 5399 2651 5425; x_wconf 96' lang='lat'><strong>,</strong></span> <span class='ocrx_word' id='word_1_867' title='bbox 2707 5361 2927 5420; x_wconf 87' lang='lat' dir='ltr'><strong>mulier,</strong></span> <span class='ocrx_word' id='word_1_868' title='bbox 2963 5358 3005 5410; x_wconf 90' lang='lat' dir='ltr'><strong>si</strong></span> <span class='ocrx_word' id='word_1_869' title='bbox 3042 5359 3218 5411; x_wconf 86' lang='lat' dir='ltr'><strong>virum</strong></span> <span class='ocrx_word' id='word_1_870' title='bbox 3250 5360 3462 5412; x_wconf 88' lang='lat' dir='ltr'><strong>salvum</strong></span> <span class='ocrx_word' id='word_1_871' title='bbox 3497 5348 3687 5408; x_wconf 73' lang='lat' dir='ltr'><strong>facies!</strong></span> 
     </span>
    </p>
   </div>
   <div class='ocr_carea' id='block_1_113' title="bbox 2133 5443 3689 5519">
    <p class='ocr_par' dir='ltr' id='par_1_113' title="bbox 2133 5443 3689 5519">
     <span class='ocr_line' id='line_1_113' title="bbox 2133 5443 3689 5519; baseline -0.009 -9"><span class='ocrx_word' id='word_1_872' title='bbox 2133 5467 2228 5510; x_wconf 86' lang='lat' dir='ltr'><strong>aut</strong></span> <span class='ocrx_word' id='word_1_873' title='bbox 2271 5455 2412 5510; x_wconf 90' lang='lat' dir='ltr'><strong>unde</strong></span> <span class='ocrx_word' id='word_1_874' title='bbox 2446 5455 2557 5509; x_wconf 88' lang='lat' dir='ltr'><strong>scis</strong></span> <span class='ocrx_word' id='word_1_875' title='bbox 2585 5493 2600 5519; x_wconf 95' lang='lat'><strong>,</strong></span> <span class='ocrx_word' id='word_1_876' title='bbox 2659 5454 2764 5516; x_wconf 86' lang='lat' dir='ltr'><strong>vir,</strong></span> <span class='ocrx_word' id='word_1_877' title='bbox 2795 5453 2842 5506; x_wconf 89' lang='lat' dir='ltr'><strong>si</strong></span> <span class='ocrx_word' id='word_1_878' title='bbox 2901 5452 3186 5506; x_wconf 88' lang='lat' dir='ltr'><strong>mulieretn</strong></span> <span class='ocrx_word' id='word_1_879' title='bbox 3239 5452 3445 5505; x_wconf 80' lang='lat' dir='ltr'><strong>salvam</strong></span> <span class='ocrx_word' id='word_1_880' title='bbox 3496 5443 3689 5503; x_wconf 75' lang='lat' dir='ltr'><strong>facies?</strong></span> 
     </span>
    </p>
   </div>
   <div class='ocr_carea' id='block_1_114' title="bbox 2131 5609 3031 5682">
    <p class='ocr_par' dir='ltr' id='par_1_114' title="bbox 2131 5609 3031 5682">
     <span class='ocr_line' id='line_1_114' title="bbox 2131 5609 3031 5682; baseline -0.004 -14"><span class='ocrx_word' id='word_1_881' title='bbox 2131 5613 2200 5668; x_wconf 86' lang='lat' dir='ltr'><strong>ab</strong></span> <span class='ocrx_word' id='word_1_882' title='bbox 2237 5613 2582 5682; x_wconf 79' lang='lat' dir='ltr'><strong>Hieronymo</strong></span> <span class='ocrx_word' id='word_1_883' title='bbox 2602 5613 2720 5679; x_wconf 87' lang='lat' dir='ltr'><strong>ipso</strong></span> <span class='ocrx_word' id='word_1_884' title='bbox 2752 5609 3031 5666; x_wconf 89' lang='lat' dir='ltr'><strong>laudatur.</strong></span> 
     </span>
    </p>
   </div>
   <div class='ocr_carea' id='block_1_115' title="bbox 2205 5675 3684 5735">
    <p class='ocr_par' dir='ltr' id='par_1_115' title="bbox 2205 5675 3684 5735">
     <span class='ocr_line' id='line_1_115' title="bbox 2205 5675 3684 5735; baseline -0.001 0"><span class='ocrx_word' id='word_1_885' title='bbox 2205 5687 2225 5716; x_wconf 77' lang='grc'>³</span> <span class='ocrx_word' id='word_1_886' title='bbox 2265 5675 2512 5735; x_wconf 72' lang='lat' dir='ltr'><strong>Pressius</strong></span> <span class='ocrx_word' id='word_1_887' title='bbox 2558 5675 2759 5735; x_wconf 64' lang='lat' dir='ltr'><strong>Graecae</strong></span> <span class='ocrx_word' id='word_1_888' title='bbox 2824 5683 3021 5734; x_wconf 69' lang='lat' dir='ltr'><strong>littera:</strong></span> <span class='ocrx_word' id='word_1_889' title='bbox 3052 5678 3332 5735; x_wconf 86' lang='lat' dir='ltr'><strong>Palatinus</strong></span> <span class='ocrx_word' id='word_1_890' title='bbox 3361 5691 3466 5734; x_wconf 88' lang='lat' dir='ltr'><strong>ms.</strong></span> <span class='ocrx_word' id='word_1_891' title='bbox 3515 5675 3684 5733; x_wconf 65' lang='grc' dir='ltr'><strong>δεῦτε.</strong></span> 
     </span>
    </p>
   </div>
   <div class='ocr_carea' id='block_1_116' title="bbox 2133 5750 3245 5821">
    <p class='ocr_par' dir='ltr' id='par_1_116' title="bbox 2133 5750 3245 5821">
     <span class='ocr_line' id='line_1_116' title="bbox 2133 5750 3245 5821; baseline -0.004 -13"><span class='ocrx_word' id='word_1_892' title='bbox 2133 5755 2189 5808; x_wconf 84' lang='lat' dir='ltr'><strong>in</strong></span> <span class='ocrx_word' id='word_1_893' title='bbox 2225 5753 2442 5808; x_wconf 82' lang='lat' dir='ltr'><strong>muliere</strong></span> <span class='ocrx_word' id='word_1_894' title='bbox 2471 5752 2638 5820; x_wconf 79' lang='lat' dir='ltr'><strong>ﬁdeli,</strong></span> <span class='ocrx_word' id='word_1_895' title='bbox 2672 5753 2729 5806; x_wconf 75' lang='grc' dir='ltr'><strong>ἐν</strong></span> <span class='ocrx_word' id='word_1_896' title='bbox 2763 5753 2832 5821; x_wconf 81' lang='grc' dir='ltr'><strong>τῇ</strong></span> <span class='ocrx_word' id='word_1_897' title='bbox 2865 5750 3107 5819; x_wconf 73' lang='grc' dir='ltr'><strong>γυναικὶ,</strong></span> <span class='ocrx_word' id='word_1_898' title='bbox 3135 5759 3245 5805; x_wconf 88' lang='lat' dir='ltr'><strong>etc.</strong></span> 
     </span>
    </p>
   </div>
  </div>
