3946 6170
328 280 446 342 Ἱδῢ

1430 273 1491 340 S.
1535 272 1774 337 PAULI
1821 272 2062 338 EPIST.
2114 275 2143 337 Ι
2180 277 2280 337 AD
2322 276 2489 339 COB.

3479 269 3584 332 790

318 398 431 453 nisi
468 392 786 465 unicuique,
810 392 954 449 sicut
981 389 1169 449 divisit
1198 390 1488 461 Dominus,
1526 407 1900 463 unumquem-
1931 401 1981 460 Α
2009 393 2294 459 manserit,
2329 390 2640 448 secundum
2668 403 2849 445 meum
2875 388 3165 445 consilium
3192 403 3209 447 :
3236 394 3366 456 puto
3404 398 3585 442 autem

317 502 436 555 que
471 487 613 542 sicut
656 485 873 540 vocavit
899 483 1044 540 Deus
1066 526 1081 551 ,
1135 483 1213 539 ita
1244 483 1528 551 ambulet,
1574 491 1631 538 et
1665 484 1816 539 sicut
1848 482 1905 537 in

319 578 592 635 omnibus
652 577 902 633 ecclesiis
990 576 1188 633 doceo.
1262 576 1637 633 Circumcisus
1707 575 1909 644 aliquis

315 682 556 728 vocatus
586 671 714 726 est?
754 687 864 725 non
897 658 1135 725 adducat
1163 669 1517 742 praeputium.
1546 672 1607 724 ιιι
1640 676 1908 740 praeputio

313 764 530 834 aliquis
565 772 797 821 vocatus
830 763 961 819 est?
1014 778 1126 818 non
1176 762 1628 818 circumcidatur.
1658 761 1910 818 Circum-

254 932 255 935 η
313 856 468 911 cisio
496 856 631 912 nihil
657 866 759 921 est,
792 857 1121 927 praeputium
1149 855 1290 911 nihil
1318 864 1442 911 est:
1474 854 1571 911 sed
1598 856 1910 912 observatio

313 947 721 1003 mandatorum
753 948 874 1003 Dei.
932 946 1331 1018 Unusquisque
1378 946 1434 1003 in
1468 962 1576 1017 qua
1621 948 1909 1003 vocatione

315 1049 558 1095 vocatus
595 1050 700 1106 est,
733 1039 787 1094 in
838 1054 901 1095 ea
933 1048 1273 1109 permaneat.
1313 1038 1523 1095 Servus
1560 1038 1911 1109 vocatusfes?

312 1148 433 1188 non
492 1133 565 1188 sit
605 1133 706 1189 tibi
751 1148 938 1189 curae:
970 1134 1065 1188 sed
1118 1133 1163 1188 si
1196 1142 1353 1203 potes
1390 1133 1509 1187 fieri
1544 1132 1711 1199 liber,
1739 1134 1913 1202 magis

313 1235 511 1282 utere.
543 1223 651 1291 Qui
681 1223 830 1280 enim
869 1225 923 1279 in
958 1223 1192 1279 Domino
1226 1234 1456 1279 vocatus
1484 1233 1569 1280 est
1596 1239 1809 1291 servus,
1841 1224 1911 1279 li-

312 1318 522 1374 bertus
549 1328 636 1373 est
669 1318 884 1373 Domini
919 1335 933 1377 :
972 1317 1232 1372 similiter
1255 1317 1350 1388 qui
1374 1316 1516 1372 liber
1549 1326 1775 1372 vocatus
1803 1326 1910 1378 est,

312 1424 526 1465 servus
559 1418 648 1463 est
679 1407 910 1464 Christi.
970 1407 1156 1463 Pretio
1190 1407 1361 1478 empti
1395 1408 1549 1473 estis,
1584 1406 1755 1471 nolite
1791 1404 1911 1461 fieri

312 1502 479 1556 servi
521 1502 832 1556 hominum.
873 1499 1272 1571 Unusquisque
1319 1502 1373 1555 in
1404 1516 1515 1570 quo
1547 1510 1773 1556 vocatus
1804 1509 1912 1566 est,

313 1593 527 1647 fratres
557 1634 576 1655 ,
613 1596 666 1648 in
700 1595 804 1648 hoe
832 1603 1156 1664 permaneat
1210 1593 1356 1664 apud
1410 1594 1605 1649 Deum.
1646 1595 1716 1647 De
1746 1592 1915 1662 virgi-

314 1687 498 1741 nibus
534 1696 721 1741 autem
759 1699 1095 1756 praeceptum
1126 1688 1341 1743 Domini
1378 1703 1488 1741 non
1526 1686 1742 1743 habeo:
1776 1701 1905 1739 con-

2012 484 2159 555 quod
2196 493 2249 540 et
2282 501 2383 551 ego
2420 484 2684 554 Spiritum
2722 484 2814 538 Dei
2852 482 3107 537 habeam.

2082 576 2241 648 [Cap.
2277 547 2549 648 vmj'oe
2601 576 2671 630 iis
2725 584 2951 638 autem,
3003 589 3121 643 quae
3175 570 3335 627 idolis
3382 547 3614 654 saeua!)

2011 679 2241 733 cantur,
2280 671 2487 723 scimus
2535 667 2661 737 quia
2715 681 2907 721 omnes
2969 665 3259 721 scientiam
3307 663 3616 745 habemus.’

2014 760 2259 815 Seientia
2294 758 2482 821 inflat,
2516 758 2756 812 eharitas
2786 770 2920 810 vero
2950 754 3206 808 asdificat.
3242 752 3296 807 Si
3331 750 3456 821 quis
3488 764 3613 816 ειη-ἵ

2015 863 2123 907 tem
2158 867 2216 907 se
2246 852 2529 906 existimat
2580 851 2723 905 scire
2754 847 2961 918 aliquid
2988 887 3004 913 ,
3068 844 3309 900 nondum
3345 842 3618 917 cognovit1

2013 944 2475 1014 quemadmodum
2519 949 2768 1013 oporteat
2801 956 2925 996 eum
2959 938 3122 994 scire.
3162 936 3221 991 Si
3256 936 3377 1005 quis
3406 942 3589 989 antem

2015 1038 2189 1108 diligit
2218 1037 2389 1092 Deum
2420 1077 2434 1101 ,
2467 1036 2558 1090 hic
2587 1034 2842 1104 cognitus
2873 1041 2955 1086 est
2990 1032 3058 1085 ab
3087 1046 3175 1085 eo.
3213 1030 3286 1083 De
3316 1028 3459 1083 escis
3490 1042 3591 1081 au-

2017 1140 2126 1188 tem
2156 1175 2171 1199 ,
2211 1146 2334 1199 quae
2366 1126 2528 1183 idolis
2583 1125 2961 1186 immolantur,
3012 1122 3218 1175 scimus
3264 1118 3393 1187 quia
3451 1115 3590 1169 nihil

2016 1236 2102 1280 est
2132 1224 2338 1279 idolum
2374 1221 2428 1276 in
2461 1219 2668 1275 mundo
2695 1260 2710 1284 ,
2770 1226 2825 1271 et
2862 1214 3007 1285 quod
3063 1212 3246 1267 nullus
3295 1217 3378 1265 est
3423 1209 3588 1272 Deus,

2015 1316 2123 1372 nisi
2159 1332 2319 1370 unus.
2355 1313 2486 1368 Nam
2520 1313 2625 1368 etsi
2661 1320 2792 1366 sunt
2838 1309 2931 1379 qui
2962 1307 3213 1361 dicantur
3246 1304 3343 1364 dii.
3382 1302 3496 1356 sive
3533 1300 3586 1354 in

2018 1407 2163 1462 cmio
2187 1447 2202 1471 ,
2239 1407 2355 1461 sive
2391 1406 2443 1457 in
2490 1413 2636 1459 terra
2674 1400 2963 1472 (siquidem
3000 1406 3127 1452 sunt
3179 1396 3253 1449 dii
3303 1393 3457 1448 multi
3483 1433 3499 1457 ,
3534 1403 3592 1447 et

2022 1498 2234 1553 domini
2269 1496 2451 1566 multi)
2482 1516 2493 1551 :
2532 1494 2691 1550 nobis
2720 1503 2899 1546 tamen
2939 1504 3077 1542 ιιιιιιε
3116 1486 3280 1551 Deus,
3312 1484 3489 1549 Pater,
3523 1498 3589 1537 ex

2020 1606 2131 1658 quo
2181 1589 2364 1642 omnia
2392 1628 2405 1651 ,
2462 1595 2519 1642 et
2546 1601 2646 1639 nos
2699 1584 2754 1637 in
2811 1582 2964 1635 illum
2997 1596 3011 1633 :
3047 1587 3105 1632 et
3137 1590 3280 1630 unus
3330 1566 3595 1627 aniiuns

2021 1682 2182 1737 Jesus
2212 1681 2469 1734 Christus
2492 1721 2505 1741 ,
2544 1693 2641 1747 per
2672 1689 2835 1744 quem
2875 1670 3057 1727 omnia
3085 1711 3099 1733 ,
3134 1676 3187 1722 et
3240 1680 3338 1720 nos
3391 1680 3487 1733 per
3517 1665 3597 1732 ip-

314 1780 516 1834 silium
556 1791 743 1834 autem
776 1778 881 1845 do,
942 1788 1203 1847 tanquam
1238 1777 1683 1833 misericordiam
1713 1792 1913 1832 eonse-
1943 1771 1991 1832 B
2021 1789 2165 1828 sum.
2203 1771 2323 1827 lSed
2358 1785 2467 1824 non
2508 1769 2561 1822 in
2619 1766 2876 1820 omnibus
2925 1770 3009 1816 est
3057 1759 3305 1814 scientia.
3363 1755 3596 1822 Quidam

316 1889 495 1926 cu.us
528 1890 560 1928 ι
595 1873 845 1940 Domino,
883 1882 942 1928 ut
972 1874 1077 1927 sim
1111 1872 1310 1927 fidelis.
1349 1872 1618 1927 Existimo
1644 1885 1777 1942 ergo
1810 1871 1914 1926 hoc

325 1962 551 2017 bonum
586 1979 708 2019 esse
740 1974 964 2034 propter
997 1965 1294 2020 instantem
1336 1965 1744 2031 necessitatem,
1779 1980 1915 2033 quo-

320 2058 481 2110 niam
535 2056 743 2111 bouum
808 2066 894 2112 est
948 2057 1158 2112 homini
1219 2058 1300 2112 sic
1326 2073 1471 2112 esse.
1528 2058 1801 2128 Alligatus
1855 2074 1916 2114 es

328 2148 552 2202 uxori?
608 2149 719 2203 noli
771 2166 1025 2217 quaerere
1078 2150 1437 2205 solutionem.
1484 2150 1709 2206 Solutus
1757 2167 1815 2207 es
1850 2152 1918 2207 ab

324 2240 558 2295 uxore?
614 2241 724 2295 noli
755 2257 1001 2311 qumrere
1038 2257 1289 2297 uxorem.
1325 2243 1381 2295 Si
1414 2252 1597 2296 autem
1639 2243 1920 2311 acceperis

325 2348 600 2394 uxorem,
664 2350 769 2387 non
804 2334 1069 2402 peccasti.
1109 2333 1176 2386 Et
1222 2333 1268 2389 si
1302 2335 1553 2402 nupserit
1588 2335 1740 2405 virgo
1763 2374 1778 2399 ,
1810 2351 1919 2389 non

326 2427 614 2494 peccavit.
672 2427 1111 2481 Tribulationem
1172 2435 1354 2481 tamen
1407 2429 1591 2483 carnis
1640 2428 1923 2482 habebunt

328 2518 690 2585 huiusmodi.
754 2517 865 2587 Ego
922 2530 1105 2573 autem
1153 2520 1311 2573 vobis
1361 2535 1546 2588 parco.
1592 2519 1703 2574 lloc
1736 2521 1924 2589 itaque

326 2609 487 2689 ilico,
550 2608 794 2663 fratres:
849 2619 1065 2679 tempus
1132 2609 1301 2665 breve
1333 2617 1455 2676 est;
1501 2610 1770 2680 reliquum
1818 2622 1923 2672 est,

331 2712 395 2753 ιιι
421 2707 494 2753 et
543 2700 640 2769 qui
689 2700 893 2754 habent
929 2700 1149 2761 uxores,
1200 2710 1477 2769 tamquam
1513 2717 1622 2755 non
1659 2702 1927 2755 habentes

328 2793 455 2846 sint
484 2810 500 2849 .
530 2802 591 2846 et
636 2792 730 2861 qui
776 2792 950 2860 flent,
992 2802 1255 2864 tanquam
1303 2809 1414 2848 non
1465 2793 1698 2852 flentes:
1731 2802 1788 2848 et
1832 2792 1927 2862 qui

330 2885 616 2954 gaudent,
676 2895 930 2956 tanquam
965 2902 1074 2941 non
1112 2888 1415 2956 gaudentes
1452 2904 1465 2942 :
1501 2896 1558 2942 et
1586 2886 1681 2957 qui
1711 2895 1928 2951 emunt,

330 2986 617 3047 tanquam
676 2996 783 3033 non
842 2980 1230 3050 possidentes:
1286 2988 1343 3035 et
1372 2984 1467 3051 qui
1509 2991 1743 3035 utuntur
1802 2980 1908 3034 hoc

332 3071 585 3138 mundo,
606 3082 863 3142 tanquam
889 3088 996 3128 non
1019 3082 1283 3129 utantur:
1314 3075 1563 3145 praeterit
1584 3074 1732 3129 enim
1758 3073 1929 3144 figura

333 3166 515 3234 hujus
539 3166 751 3219 mundi.
774 3166 906 3221 Volo
926 3176 1107 3220 autem
1130 3182 1224 3221 vos
1250 3167 1368 3222 sine
1390 3166 1763 3221 sollicitudine
1786 3181 1929 3221 esse.

331 3259 443 3325 Qui
482 3257 609 3311 sine
641 3274 807 3311 nitore
833 3269 941 3323 est,
973 3259 1243 3313 sollicitus
1267 3268 1500 3327 estquae
1531 3258 1747 3312 Domini
1777 3270 1928 3323 sunt,

331 3351 635 3421 quomodo
670 3354 884 3420 placeat
926 3353 1056 3405 Deo.
1096 3352 1198 3417 Qui
1241 3364 1425 3406 autem
1457 3368 1582 3419 cum
1625 3368 1794 3406 uxore
1824 3363 1927 3419 est,

334 3444 627 3498 sollicitus
657 3459 734 3497 es:
792 3460 915 3514 qua:
966 3453 1094 3497 sunt
1128 3445 1342 3505 mundi,
1400 3442 1682 3513 quomodo
1723 3444 1934 3512 placeat

334 3538 512 3592 uxori
541 3555 556 3590 :
596 3547 653 3592 et
680 3538 891 3593 divisus
920 3548 1024 3592 est.
1065 3536 1133 3592 Et
1163 3538 1362 3591 mulier
1389 3538 1643 3605 innupta,
1668 3546 1726 3591 et
1759 3537 1936 3605 virgo,

334 3632 561 3700 cogitat
612 3646 733 3700 quae
764 3631 979 3683 Domini
1016 3640 1180 3693 sunt;
1215 3641 1272 3683 ut
1302 3631 1373 3685 sit
1427 3639 1617 3684 sancta
1697 3644 1937 3697 corpore

334 3736 397 3781 et
432 3725 666 3795 spiritu.
699 3723 828 3790 Qua:
856 3732 1039 3777 autem
1083 3732 1253 3792 nupta
1286 3733 1391 3785 est,
1417 3722 1625 3791 cogitat
1657 3737 1778 3791 qua:
1809 3731 1939 3776 sunt

337 3819 547 3873 mundi
576 3862 590 3883 ,
623 3817 899 3888 quomodo
950 3817 1161 3886 placeat
1190 3815 1327 3869 viro.
1369 3815 1539 3868 Porro
1572 3815 1676 3868 hoc
1714 3813 1781 3867 ad
1833 3814 1941 3866 uti-

336 3915 567 3969 litatem
598 3922 831 3967 vestram
875 3912 1042 3971 dico:
1080 3927 1189 3963 non
1225 3917 1284 3962 ut
1317 3909 1577 3978 laqueum
1612 3907 1771 3962 vobis
1813 3908 1940 3975 inji-

338 4011 496 4063 ciam
528 4046 544 4071 ,
577 4005 673 4060 sed
708 4005 772 4058 ad
834 4005 887 4058 id
936 4004 1081 4074 quod
1113 4004 1406 4057 honestum
1439 4013 1521 4055 est
1548 4041 1562 4066 ,
1596 4009 1651 4055 et
1682 3999 1830 4069 quod
1862 4001 1937 4053 fa-

341 4104 626 4159 cultatem
700 4100 943 4170 praebeat
1018 4101 1138 4153 sine
1196 4096 1593 4162 impedimento
1649 4094 1940 4148 Dominum

342 4194 697 4253 obsecrandi
730 4193 851 4265 [mm
885 4190 1226 4262 obsecrare].
1265 4191 1319 4244 Si
1352 4191 1477 4258 quis
1508 4197 1691 4242 autem
1728 4195 1943 4255 turpem

344 4308 412 4348 se
446 4290 634 4345 videri
684 4287 965 4343 existimat
1016 4301 1184 4353 super
1233 4284 1443 4352 virgine
1501 4297 1640 4345 sua,
1686 4279 1837 4350 quod
1875 4280 1948 4332 sit

344 4382 747 4455 superadulta,
772 4390 828 4435 et
859 4382 931 4435 ita
966 4388 1187 4448 oportet
1217 4377 1334 4431 fieri
1364 4393 1377 4438 ;
1403 4375 1550 4445 quod
1592 4374 1706 4427 vult
1739 4372 1902 4426 faciat
1931 4387 1946 4428 :

2019 1876 2205 1922 autem
2243 1879 2368 1919 cum
2429 1858 2763 1917 conscientia
2798 1870 2971 1925 usque
3030 1866 3177 1908 nunc
3228 1850 3403 1914 idoli,
3435 1847 3591 1918 quasi

2021 1958 2386 2026 idolothytum
2446 1952 2817 2008 manducant;
2853 1958 2907 2002 et
2957 1942 3296 2000 conscientia
3347 1941 3594 2010 ipsorum

2020 2067 2146 2109 cum
2197 2052 2267 2105 sit
2300 2049 2515 2104 infirma
2544 2088 2558 2112 ,
2598 2044 2882 2115 polluitur.
2936 2039 3069 2094 Esca
3103 2047 3285 2091 autem
3343 2049 3442 2087 nos
3488 2047 3600 2085 non

2022 2143 2367 2202 commendat
2400 2141 2532 2195 Deo.
2562 2138 2750 2208 Neque
2797 2135 2940 2189 enim
2978 2135 3021 2188 si
3074 2128 3595 2188 mandicaverimus,

2023 2237 2429 2294 abundavimus
2474 2250 2489 2294 ;
2544 2247 2723 2301 neque
2786 2230 2830 2283 si
2899 2242 3006 2280 non
3060 2220 3599 2278 niandncaverimus.

2024 2331 2361 2386 delicieinus.
2396 2325 2592 2381 Videte
2643 2334 2823 2378 autem
2882 2337 2949 2373 ne
3005 2318 3145 2371 forte
3204 2316 3319 2369 haec
3378 2311 3602 2367 licentia

2024 2435 2209 2479 vestra
2274 2419 2670 2477 oﬂendiculum
2722 2419 2811 2470 fiat
2848 2413 3098 2468 infirmis.
3161 2409 3217 2465 Si
3274 2407 3420 2461 enim
3481 2404 3604 2473 quis

2026 2520 2228 2573 viderit
2305 2530 2469 2579 eum,
2536 2512 2630 2581 qni
2694 2510 2857 2563 habet
2928 2503 3256 2566 scientiam,
3317 2501 3370 2552 in
3440 2494 3606 2551 idolio

2028 2612 2444 2667 recumbentem
2496 2622 2511 2662 :
2564 2617 2748 2657 nonne
2799 2597 3138 2654 conscientia
3187 2594 3342 2663 ejus,
3381 2605 3505 2642 cum
3537 2588 3608 2641 sit

2029 2705 2270 2766 infirma,
2298 2700 2605 2754 aediﬁcatur
2635 2698 2654 2727 ’
2683 2692 2749 2748 ad
2784 2687 3227 2747 manducandum
3261 2681 3555 2751 idolothyta
3581 2678 3605 2731 ?

2031 2798 2098 2853 Et
2135 2795 2337 2867 peribit
2361 2792 2617 2847 infirmus
2646 2788 2701 2842 in
2740 2798 2830 2841 tua
2867 2782 3119 2847 scientia,
3158 2778 3348 2841 frater,
3380 2782 3607 2844 propter

2032 2903 2196 2957 quem
2230 2884 2482 2941 Christus
2517 2888 2762 2934 mortuus
2811 2872 2938 2929 est?
2968 2871 3059 2926 Sic
3093 2876 3277 2923 autem
3317 2870 3610 2935 peccantes

2036 2956 2092 3033 in
2154 2976 2352 3030 fratres
2380 3012 2395 3037 ,
2447 2978 2503 3023 et
2556 2965 2932 3039 percutientes
2978 2956 3372 3015 conscientiam
3414 2965 3606 3007 eorum

2038 3070 2353 3131 infirmam,
2433 3065 2488 3117 in
2546 3060 2829 3115 Christum
2914 3051 3168 3125 peccatis.
3258 3046 3613 3115 Quapropter

2035 3162 2080 3216 si
2127 3176 2248 3215 esea
2307 3155 2640 3212 scandalizat
2702 3151 2929 3204 fratrem
2987 3157 3165 3199 meum
3218 3158 3232 3194 :
3284 3154 3390 3192 non
3454 3151 3610 3190 nian-

2036 3255 2502 3309 ducabocarueiu
2554 3247 2608 3299 in
2661 3253 2968 3306 aeternum,
3022 3254 3090 3291 ne
3144 3234 3369 3289 fratrem
3428 3244 3610 3285 meum

2036 3348 2420 3406 scandalizent.

2112 3442 2277 3514 [ϐαρ.
2312 3436 2433 3507 DL]
2477 3435 2591 3489 Non
2624 3448 2746 3489 sum
2784 3427 2961 3484 liber?
2993 3424 3112 3479 Non
3146 3437 3264 3479 sum
3299 3413 3619 3514 apostolus?

2037 3538 2232 3594 Nonne
2260 3535 2544 3589 Christum
2596 3528 2785 3582 Jesnm
2837 3520 3128 3577 Dominum
3164 3524 3415 3568 nostrum
3454 3504 3617 3561 vidi'f

2040 3630 2231 3684 Nonne
2268 3642 2405 3695 opus
2436 3637 2616 3677 meum
2649 3634 2744 3673 vos
2773 3614 2905 3670 estis
2932 3614 2985 3667 in
3028 3607 3302 3664 Domino?
3329 3604 3396 3658 Et
3429 3601 3474 3657 si
3502 3598 3626 3653 aliis

2043 3740 2150 3779 non
2187 3737 2303 3775 sum
2363 3716 2646 3786 apostolus
2674 3755 2690 3776 ,
2745 3709 2839 3763 sed
2880 3717 3059 3761 tamen
3107 3698 3264 3754 vobis
3300 3708 3462 3751 sum:
3498 3704 3623 3745 nam

2045 3805 2764 3885 signaculumapostolatus
2810 3799 2913 3853 mei
2950 3812 3046 3849 vos
3076 3793 3207 3848 estis
3257 3790 3312 3844 in
3366 3785 3622 3840 Domino.

2046 3878 2161 3963 i133
2207 3901 2457 3958 defensio
2492 3897 2635 3964 apud
2667 3910 2783 3957 eos,
2816 3891 2907 3961 qui
2948 3903 3034 3941 me
3074 3888 3457 3952 interrogant,
3512 3878 3628 3929 lucc

2048 4010 2154 4056 est.
2211 3992 2472 4063 Nunquid
2545 4004 2651 4043 non
2712 3987 2976 4039 habemus
3030 3983 3355 4049 potestatem
3400 3969 3628 4024 mandu-

2049 4093 2209 4148 candi
2238 4099 2290 4144 et
2327 4084 2597 4141 bibendi?
2627 4078 2885 4149 Nunquid
2943 4090 3049 4127 non
3085 4070 3348 4124 habemus
3387 4072 3628 4133 potesta-

2049 4198 2159 4243 tein
2199 4184 2485 4239 mulierem
2534 4191 2782 4231 sororem
2812 4172 2830 4201 ³
2861 4161 3343 4222 circumducendi,
3399 4157 3540 4211 sicut
3570 4162 3629 4208 et

2055 4281 2236 4335 c;i-teri
2271 4273 2525 4345 apostoli,
2559 4280 2611 4323 et
2648 4267 2846 4321 fratres
2875 4258 3128 4321 Domini,
3164 4263 3219 4309 et
3250 4248 3497 4322 Cephas?
3534 4256 3630 4300 aut

2058 4389 2161 4442 ego
2197 4371 2346 4425 solus
2370 4408 2385 4431 ,
2417 4375 2472 4418 et
2505 4360 2777 4415 Barnabas
2804 4398 2817 4422 ,
2853 4370 2961 4408 non
2999 4351 3265 4404 habemus
3309 4348 3631 4414 potestatem

346 4435 473 4529 ιιοῖι
513 4480 726 4541 peccat,
756 4471 803 4524 si
833 4468 1027 4523 nubat.
1066 4468 1198 4522 Nam
1229 4467 1319 4536 qui
1356 4466 1548 4520 statuit
1581 4465 1635 4517 in
1655 4464 1820 4517 corde
1848 4478 1949 4516 suo
1987 4485 2029 4539 ο
2065 4435 2170 4521 bbe
2225 4457 2535 4531 operandi?
2591 4454 2725 4520 Quis
2775 4448 2973 4503 militat
3028 4442 3143 4498 suis
3186 4435 3479 4538 stipendiis
3530 4447 3638 4486 un-

352 4568 589 4629 firmus,
623 4580 731 4617 non
766 4562 982 4617 habens
1016 4562 1407 4615 necessitatem
1437 4597 1452 4621 ,
1483 4567 1809 4627 potestatem
1857 4572 1954 4610 au-

348 4669 480 4716 tem
533 4658 745 4712 habens
782 4670 895 4709 suae
926 4653 1224 4708 voluntatis
1252 4690 1267 4713 ,
1330 4662 1386 4705 et
1440 4651 1544 4704 hoc
1591 4649 1861 4717 judicavit
1904 4648 1954 4701 in

350 4755 538 4812 corde
557 4769 680 4815 suo,
704 4765 925 4807 servare
947 4748 1211 4817 virginem
1246 4761 1422 4807 suam,
1447 4744 1584 4798 bene
1618 4743 1764 4796 facit.
1795 4742 1958 4810 Igitur

353 4861 418 4905 et
448 4850 547 4916 qui
585 4843 938 4900 matrimonio
962 4842 1141 4912 jungit
1177 4839 1449 4909 virginem
1483 4851 1660 4903 suam,
1705 4835 1844 4889 bene
1877 4835 1959 4889 fa-

355 4947 444 4999 cit
471 4942 671 5010 :etqui
698 4940 1016 5009 uonjungit,
1045 4934 1400 4991 melinsfacit.
1424 4933 1617 4987 Mulier
1639 4931 1852 5000 alligata
1877 4940 1960 4984 est

355 5040 477 5105 legi
522 5040 535 5068 ‘
574 5047 781 5105 quanto
819 5044 1066 5101 tempore
1104 5033 1185 5085 vir
1216 5030 1335 5098 ejus
1368 5028 1502 5083 vivit
1530 5043 1544 5083 :
1577 5025 1722 5097 quod
1752 5026 1795 5079 si
1826 5024 1961 5077 dor-

363 5131 566 5186 mit-rit
612 5131 694 5182 vir
744 5130 866 5196 ejus
895 5168 908 5190 ,
964 5126 1193 5180 liberata
1247 5133 1374 5177 est:
1412 5123 1500 5176 eui
1559 5122 1675 5174 vult
1734 5119 1904 5172 nubat
1942 5132 1956 5169 :

363 5234 598 5280 tantum
634 5226 688 5276 in
724 5222 977 5275 Domino.
1020 5218 1237 5271 Beatior
1269 5224 1449 5270 autem
1483 5214 1587 5269 erit
1637 5214 1681 5267 si
1722 5212 1802 5266 sic
1836 5225 1963 5279 per-

450 5363 470 5394 ¹
512 5346 645 5413 ΝοιιΓ
691 5359 841 5411 addit
890 5354 1171 5411 Palatinus
1229 5366 1330 5404 ms.
1390 5350 1488 5420 legi
1517 5388 1531 5410 ,
1568 5347 1708 5415 quod
1760 5359 1961 5420 nomen

370 5449 564 5501 neque
602 5430 690 5483 alii
726 5447 829 5482 ms.
869 5428 1048 5480 Latini
1087 5424 1209 5501 libri
1236 5464 1249 5487 ,
1291 5416 1657 5475 Corbeienses
1684 5458 1696 5478 ,
1733 5428 1786 5469 ct
1826 5416 1967 5467 San-

369 5496 774 5573 gor'inanenses
798 5540 814 5561 ,
871 5508 1034 5564 atque
1095 5496 1185 5573 alii
1217 5509 1433 5573 magno
1460 5561 1471 5573 I
1505 5502 1735 5573 n'nmero
1757 5526 1770 5549 ,
1826 5500 1967 5573 quos

372 5557 531 5627 δυριὶ
569 5572 667 5623 viri
704 5557 1139 5631 consuluerunt,
1177 5566 1264 5618 hic
1318 5557 1421 5615 loci
1460 5560 1664 5631 habent
1695 5577 1708 5613 :
1744 5557 1838 5611 sed
1871 5571 1967 5608 ne—

373 5660 494 5712 que
544 5644 598 5694 in
652 5639 858 5695 Graecis
912 5630 1184 5707 plerisque
1221 5634 1506 5712 codicibus
1557 5630 1807 5707 invenire
1861 5634 1967 5712 est,

376 5696 446 5768 ὖι
478 5696 659 5765 videri
693 5711 863 5778 pessit
893 5696 954 5761 ex
988 5696 1275 5780 supériore
1303 5703 1370 5757 ad
1409 5704 1683 5760 Romanos
1714 5696 1968 5769 epistola,

376 5803 512 5855 cap.
548 5798 645 5849 vn,
682 5794 825 5838 vers.
860 5784 913 5845 2,
948 5778 1376 5839 liuc'adsciturn.

2062 4576 2225 4626 quam
2247 4528 2277 4609 ?_
2300 4553 2435 4619 Quis
2467 4550 2675 4619 plantat
2712 4544 2949 4603 vineam,
2979 4545 3033 4591 et
3068 4535 3135 4587 de
3166 4532 3346 4585 fructu
3379 4528 3500 4597 ejus
3526 4537 3639 4576 non

2062 4619 2216 4707 edit?
2250 4648 2381 4714 Quis
2414 4641 2587 4714 pascit
2625 4649 2841 4706 gregem
2872 4671 2887 4695 ,
2935 4640 2989 4683 et
3022 4628 3089 4682 de
3124 4626 3264 4679 lacte
3300 4619 3482 4691 gregis
3530 4631 3642 4670 non

2062 4739 2393 4800 manducet?
2454 4729 2709 4802 Nunquid
2798 4726 3098 4781 secundum
3174 4715 3455 4771 hominem
3531 4714 3646 4763 inec

2062 4835 2223 4891 dico?
2253 4836 2332 4887 An
2366 4841 2422 4885 et
2452 4830 2537 4883 lex
2574 4827 2687 4879 haec
2719 4836 2823 4875 non
2854 4816 3024 4872 dicit?
3064 4812 3343 4881 Scriptum
3374 4814 3459 4861 est
3493 4804 3639 4859 enim

2064 4929 2118 4981 in
2152 4928 2268 4993 lege
2327 4919 2538 4991 Moysi:
2597 4933 2703 4969 non
2760 4906 3011 4977 alligabis
3043 4920 3106 4958 os
3151 4900 3280 4955 bovi
3334 4895 3641 4951 trituranti.

2063 5016 2319 5086 Nunquid
2367 5014 2433 5068 dc
2485 5011 2660 5064 bobus
2690 5020 2822 5059 cura
2856 5009 2938 5054 est
2969 4997 3117 5052 Deo?
3174 4998 3253 5049 An
3286 4998 3507 5061 propter
3543 4999 3642 5038 nos

2068 5085 2256 5178 utique
2284 5112 2385 5161 hoc
2407 5104 2584 5159 dicit?
2630 5100 2761 5153 Nam
2794 5097 2814 5127 ⁸
2850 5101 3080 5162 propter
3118 5104 3219 5143 nos
3242 5085 3443 5154 scripta
3493 5086 3642 5133 sunt.

2066 5206 2333 5273 Quoniam
2367 5200 2527 5254 debet
2580 5198 2632 5249 in
2667 5209 2761 5262 spe
2791 5233 2804 5255 ,
2838 5189 2932 5260 qui
2968 5196 3125 5249 arat,
3183 5193 3343 5235 arare
3385 5193 3397 5227 :
3432 5182 3488 5226 et
3543 5168 3643 5239 qui

2139 5342 2158 5371 ³
2196 5340 2359 5394 Juxta
2391 5337 2488 5391 Gr.
2525 5328 3054 5400 οἰκοδομηθήσεται,
3087 5319 3219 5388 legit
3249 5322 3307 5372 εὶ
3331 5307 3502 5364 Palat.
3538 5318 3645 5359 ms.

2070 5413 2121 5465 in
2154 5412 2375 5467 futuro,
2411 5403 2781 5473 mdiﬁcabitur.
3260 5458 3274 5473 _
3334 5463 3534 5473 Mm“
3592 5444 3604 5473 ε

2143 5458 2379 5533 llW'l‘ac'et
2413 5458 2586 5532 Palat.
2649 5489 2750 5527 ms.
2804 5484 3077 5529 sororem,
3129 5458 3278 5531 qum!
3334 5463 3537 5507 ῐὶοῐιὶθῐι
3592 5461 3650 5498 ιιι

2070 5552 2265 5607 Gnaeo
2300 5561 2480 5601 tamen
2516 5554 2666 5600 textu
2701 5549 2939 5596 resonat.
3195 5600 3205 5607 _
3370 5598 3402 5607 __
3442 5594 3513 5607 ___

2068 5594 2264 5675 ‘VT‘In
2518 5594 2666 5679 ἶ
2700 5594 2783 5666 Αἰὶ
2804 5594 3029 5681 propter
3060 5620 3151 5658 nos
3189 5600 3297 5656 hac
3348 5594 3513 5653 dicit?
3542 5594 3654 5643 uti-

2073 5710 2210 5765 que;
2244 5708 2372 5745 nam
2389 5729 2403 5755 ,
2432 5696 2543 5742 etc.
