3946 6170
393 267 491 334 791

1301 276 1363 337 S.
1405 274 1843 339 HIERONYMI
1880 271 2143 335 DIVINA
2186 277 2715 345 BIBl.IOTllECA.

3476 290 3566 354 792

384 384 603 439 triturat
625 425 638 444 .
676 384 729 438 in
766 398 859 454 spe
910 383 1119 441 fruetus
1185 387 1542 458 percipiendi.
1577 387 1632 443 Si
1667 401 1769 441 nos
1803 384 1959 440 vobis
1988 388 2030 443 Δ
2061 400 2419 445 surrexerunt
2449 393 2662 450 ludere.
2712 395 2898 465 Neque
2934 393 3285 461 fornicemur,
3320 395 3442 451 sicut
3466 402 3570 468 qui-

388 478 696 547 spirltualia
732 480 1126 535 seminavimus
1147 520 1161 542 ,
1214 495 1465 550 magnum
1498 488 1583 534 est
1614 479 1658 535 si
1706 493 1806 533 nos
1836 493 1954 532 car-

389 569 530 623 nalia
582 578 762 623 vestra
818 570 1132 625 metamus?
1186 571 1243 624 Si
1301 571 1393 625 alii
1439 571 1727 641 potestatis
1761 579 1955 623 vestrae

388 661 684 731 participes
727 673 897 726 sunt,
947 676 1115 730 quare
1147 677 1257 716 non
1309 663 1491 732 potius
1526 662 1670 737 nhs?
1717 661 1813 717 sed
1845 676 1954 715 non

392 754 477 808 usi
512 768 701 808 sumus
740 752 844 807 hac
872 762 1137 823 potestate
1178 773 1192 809 :
1244 756 1340 809 sed
1376 755 1559 809 omnia
1591 754 1956 818 sustinemus,

392 865 461 904 ne
508 850 649 917 quod
696 847 1087 903 oﬂ‘endiculum
1132 848 1326 904 demus
1378 849 1670 915 Evangelio
1726 847 1958 903 Christi.

390 938 626 994 Nescitis
676 940 933 1007 quoniam
965 938 1059 1009 qui
1107 938 1161 991 in
1199 940 1442 993 sacrario
1474 946 1800 1007 operantur,
1838 953 1959 1006 quze

391 1034 458 1088 de
490 1036 729 1087 sacrario
760 1041 907 1099 sunt,
944 1033 1155 1086 edunt:
1191 1042 1245 1086 et
1289 1033 1381 1101 qui
1414 1031 1571 1085 altari
1612 1031 1955 1097 deserviunt,

391 1139 516 1176 cum
548 1122 703 1176 altari
738 1122 1109 1192 participant?
1159 1124 1235 1177 lta
1270 1132 1325 1177 et
1377 1124 1638 1177 Dominus
1679 1122 1962 1176 ordinavit

391 1216 460 1271 iis
483 1256 498 1281 ,
527 1217 618 1286 qui
655 1214 1010 1284 Evangelium
1046 1217 1379 1269 annuntiant
1402 1255 1417 1278 ,
1451 1214 1518 1269 de
1549 1215 1845 1285 Evangelio
1878 1212 1963 1267 vi-

393 1326 542 1364 vere.
578 1309 689 1379 Ego
717 1318 900 1363 autem
957 1308 1109 1363 nullo
1142 1308 1336 1363 borum
1367 1324 1499 1365 usus
1525 1300 1669 1364 sum.
1708 1309 1827 1363 Non
1864 1323 1963 1362 au-

395 1409 503 1455 tem
540 1400 733 1469 scripsi
766 1400 883 1455 haec
910 1442 923 1465 ,
973 1409 1033 1454 ut
1078 1400 1150 1455 ita
1196 1400 1326 1454 tiant
1372 1402 1427 1455 in
1484 1416 1568 1455 me
1599 1418 1614 1458 :
1648 1400 1848 1454 bonum
1878 1408 1964 1454 est

395 1492 540 1545 enim
594 1491 727 1545 mihi
781 1491 953 1562 magis
1003 1492 1176 1556 mori,
1209 1506 1371 1560 quam
1404 1502 1462 1545 ut
1509 1492 1736 1563 gloriam
1785 1506 1963 1545 meam

398 1584 526 1653 quis
575 1592 828 1637 evacuct.
878 1582 1015 1636 Nam
1073 1584 1115 1636 si
1173 1584 1668 1654 evangelizavero,
1721 1599 1831 1637 non
1882 1590 1965 1637 est

400 1674 533 1728 mihi
570 1674 742 1743 gloria
770 1690 784 1732 :
817 1674 1118 1729 necessitas
1165 1674 1310 1728 enim
1349 1675 1481 1728 mihi
1534 1673 1803 1728 incumbit
1836 1689 1852 1731 :
1889 1688 1965 1727 vae

398 1767 548 1819 enim
600 1764 734 1819 mihi
787 1774 913 1828 est,
970 1764 1017 1819 si
1070 1780 1179 1817 non
1232 1765 1697 1832 evangelizavero.
1734 1764 1792 1818 Si
1822 1764 1966 1818 enim

400 1858 589 1912 volens
645 1858 749 1911 hoc
802 1871 939 1926 ago,
986 1856 1292 1911 mercedem
1341 1856 1557 1911 habeo:
1593 1858 1637 1911 si
1674 1863 1854 1911 autem
1886 1858 1968 1911 in-

402 1950 546 2003 vitus
570 1988 582 2011 .
616 1949 955 2019 dispensatio
1002 1948 1135 2003 mihi
1172 1948 1375 2003 credita
1423 1960 1524 2004 est.
1575 1949 1705 2016 Quae
1731 1959 1814 2003 est
1844 1963 1972 2018 ergo

402 2058 615 2097 merces
640 2042 798 2097 mea?
828 2042 897 2098 Ut
926 2043 1282 2113 Evangelium
1320 2043 1641 2112 pra-dicans,
1675 2042 1795 2097 sine
1825 2058 1974 2096 sum-

404 2143 499 2203 ptu
524 2149 721 2203 ponam
751 2133 1127 2203 Evangelium,
1146 2142 1201 2188 ut
1224 2149 1329 2187 non
1354 2137 1547 2187 abutar
1565 2144 1829 2205 potestate
1854 2151 1973 2189 mea

405 2226 461 2278 in
511 2224 823 2294 Evangelio.
870 2225 1004 2279 Nam
1037 2242 1161 2279 cum
1198 2226 1341 2282 liber
1390 2243 1565 2281 essem
1598 2243 1663 2280 ex
1694 2226 1972 2285 omnibus.

406 2314 649 2368 omnium
674 2331 759 2368 me
790 2330 1005 2368 servum
1039 2314 1165 2376 feci.
1189 2315 1445 2383 utplures
1466 2314 1869 2368 lucrifacerem.
1908 2312 1977 2366 Et

408 2408 586 2462 factus
615 2425 731 2462 sum
757 2408 963 2463 Jntlaeis
990 2418 1245 2477 tanquam
1270 2408 1513 2468 Iudaeus,
1545 2416 1604 2458 ut
1652 2405 1870 2459 Judmos
1896 2406 1977 2457 lu-

409 2516 613 2555 crarer.
645 2500 715 2554 lis
753 2502 845 2570 qui
867 2501 970 2555 sub
1002 2502 1119 2570 lege
1152 2511 1300 2563 sunt,
1329 2500 1485 2569 quasi
1518 2498 1619 2555 sub
1652 2499 1771 2569 lege
1800 2514 1973 2552 essem

410 2598 557 2662 (cum
614 2594 729 2663 ipse
776 2608 884 2647 non
946 2608 1121 2648 essent
1173 2594 1275 2647 sub
1319 2594 1480 2663 lege),
1513 2604 1570 2647 ut
1599 2608 1714 2654 eos,
1747 2592 1840 2662 qui
1878 2592 1978 2646 sub

409 2686 529 2755 lege
582 2694 760 2751 erant,
812 2684 1217 2739 lucrifaccrcm.
1248 2682 1319 2738 lis
1372 2684 1466 2753 qui
1510 2684 1628 2736 sine
1656 2684 1771 2752 lege
1798 2692 1976 2745 erant,

411 2790 671 2847 tanquam
727 2777 845 2832 sine
875 2778 991 2846 lege
1037 2792 1213 2831 essem
1261 2777 1409 2842 (cum
1438 2777 1556 2830 sine
1592 2776 1708 2843 lege
1743 2776 1835 2829 Dei
1870 2790 1978 2827 non

413 2884 590 2923 essem
624 2882 639 2923 :
674 2868 767 2922 sed
798 2868 852 2921 in
887 2868 999 2937 lege
1027 2882 1202 2921 essem
1232 2866 1481 2935 Christi),
1510 2875 1566 2919 ut
1598 2864 1979 2919 lucrifacerem

411 2977 531 3023 eos,
558 2961 652 3030 qui
703 2960 819 3014 sine
859 2962 974 3031 lege
1005 2970 1181 3014 erant.
1232 2958 1430 3013 Factus
1460 2974 1577 3013 sum
1617 2959 1849 3011 inlirmis
1906 2957 1984 3009 ἰη-

2056 480 2181 534 dam
2213 498 2277 536 ex
2315 484 2446 552 ipsis
2476 486 2728 541 fornicati
2762 496 2912 549 sunt,
2944 497 3000 541 et
3031 488 3339 542 ceciderunt
3384 506 3473 543 una
3500 492 3572 547 die

2060 573 2257 641 viginti
2315 577 2418 628 tria
2469 577 2664 631 millia.
2722 577 2910 647 Neque
2974 586 3248 633 tentemus
3288 576 3573 644 Christum,

2059 658 2203 720 sicut
2237 667 2461 735 quidam
2487 685 2674 723 eorum
2705 678 3082 731 tentaverunt,
3107 677 3162 722 et
3202 683 3230 721 a
3270 670 3579 737 serpentibus

2058 760 2365 829 perierunt.
2433 759 2621 829 Neque
2664 760 3165 823 murmuraveritis,
3211 758 3349 813 sicut
3391 761 3579 827 quidam

2060 865 2250 904 eorum
2278 863 2788 919 murmuraverunt,
2811 863 2863 908 et
2888 855 3168 924 perierunt
3199 853 3267 907 ab
3291 858 3582 909 extermina-

2064 952 2204 996 tore.
2240 942 2362 995 Haec
2394 955 2577 998 autem
2648 945 2835 1000 omnia
2892 946 2948 1001 in
2990 946 3176 1015 figura
3245 947 3589 1015 contingebant

2064 1037 2172 1092 illis
2210 1054 2224 1091 :
2249 1038 2450 1108 scripta
2472 1049 2601 1093 sunt
2632 1050 2811 1093 autem
2844 1042 2908 1095 ad
2931 1040 3334 1111 correptionem
3360 1053 3586 1101 nostram.

2064 1129 2121 1182 in
2155 1145 2291 1198 quos
2353 1132 2491 1186 ﬁnes
2550 1133 2877 1187 saeculorum
2937 1134 3292 1187 devenerunt.
3329 1132 3590 1202 ltaquequi

2067 1233 2126 1276 se
2153 1219 2627 1285 existimatstare,
2653 1222 2835 1276 videat
2894 1239 2962 1277 ne
2995 1222 3174 1278 cadat.
3240 1221 3471 1276 Tentatio
3514 1239 3592 1276 vos

2070 1321 2177 1360 non
2241 1309 2624 1377 apprehendat
2684 1311 2788 1365 nisi
2856 1312 3148 1377 humana;
3223 1312 3393 1365 ﬁdelis
3441 1321 3594 1366 autem

2071 1399 2215 1453 Deus
2240 1408 2341 1464 est,
2405 1402 2499 1469 qui
2528 1417 2639 1455 non
2696 1401 2935 1471 patietur
2962 1418 3059 1457 vos
3106 1402 3305 1457 tentari
3351 1416 3498 1470 supra
3535 1402 3595 1465 id,

2071 1488 2216 1557 quod
2240 1492 2490 1559 potestis,
2520 1491 2613 1546 sed
2647 1492 2815 1547 faciet
2842 1493 3009 1546 etiam
3043 1508 3165 1546 cum
3187 1492 3476 1546 tentatione
3497 1507 3601 1561 pro-

2072 1586 2297 1630 ventum
2336 1594 2350 1631 :
2380 1587 2440 1632 ut
2472 1580 2696 1649 possitis
2728 1582 3022 1634 sustinere.
3050 1580 3283 1650 Pr0pter
3311 1580 3469 1649 quod.
3498 1581 3603 1635 eba-

2069 1670 2269 1723 rissimi
2304 1672 2457 1737 mihi,
2504 1672 2673 1743 fugite
2706 1674 2774 1727 ab
2808 1673 3079 1727 idolorum
3136 1675 3372 1727 cultura.
3402 1671 3467 1727 Ut
3492 1689 3602 1741 pru-

2074 1758 2329 1813 dentibus
2361 1762 2574 1829 loquor,
2599 1776 2695 1816 vos
2726 1760 2825 1831 ipsi
2846 1762 3089 1832 judicate
3128 1762 3277 1832 quod
3311 1761 3449 1817 dico.
3476 1758 3605 1815 Calix

2074 1852 2499 1919 benedictionis,
2530 1854 3039 1920 cuibenedicimus,
3102 1870 3287 1908 nonne
3328 1851 3603 1907 communi-

2075 1945 2221 2000 catio
2271 1947 2556 2015 sanguinis
2580 1947 2786 2000 Christi
2820 1957 2905 2002 est
2933 1947 3036 2001 ?et
3064 1947 3243 2016 panis,
3278 1961 3433 2015 quem
3482 1942 3608 1997 fran-

2076 2040 2278 2108 gimus,
2311 2054 2495 2093 nonne
2555 2041 2571 2070 ¹
2595 2040 2944 2109 participatio
2968 2040 3217 2109 corporis
3274 2037 3473 2090 Domini
3502 2034 3611 2090 est?

2077 2132 2345 2198 Quoniam
2384 2148 2526 2187 unus
2549 2133 2728 2202 panis,
2762 2149 2933 2188 unum
2968 2148 3174 2203 corpus
3231 2132 3389 2186 multi
3426 2144 3612 2185 sumus.

2078 2240 2269 2280 omnes
2289 2225 2380 2294 qui
2412 2227 2478 2279 de
2510 2240 2617 2279 uno
2645 2239 2784 2294 pane
2806 2226 3226 2295 participamus.
3259 2224 3439 2280 Videte
3473 2220 3615 2273 lsrael

2079 2319 2378 2372 Secundum
2414 2334 2634 2373 carnem
2671 2335 2689 2372 ι
2714 2334 2898 2373 nonne
2926 2321 3020 2388 qui
3063 2319 3234 2373 edunt
3285 2315 3498 2374 hostias.
3518 2330 3621 2383 par-

2083 2412 2276 2481 ticipes
2304 2422 2433 2465 sunt
2468 2412 2657 2466 altaris
2686 2412 2709 2464 Y
2745 2410 2889 2476 Quid
2924 2412 3102 2480 ergo?
3133 2410 3261 2465 dico
3283 2411 3421 2479 quod
3481 2407 3619 2460 idolis

2083 2503 2418 2557 immolatum
2482 2504 2553 2557 sit
2616 2503 2872 2573 aliquid?
2930 2512 3025 2556 aut
3103 2502 3251 2571 quod
3317 2500 3525 2557 idolum
3564 2496 3623 2548 sit

2078 2596 2340 2663 aliquid?
2394 2595 2499 2649 Sed
2552 2612 2673 2665 qua:
2714 2584 3005 2649 Immolant
3072 2603 3286 2663 gentes,
3371 2588 3623 2644 daemoniis

2085 2690 2369 2741 immolant
2419 2696 2617 2741 etnon
2677 2687 2811 2742 Deo.
2864 2686 3001 2741 Nolo
3071 2694 3261 2739 autem
3320 2698 3416 2736 vos
3471 2679 3626 2735 socios

2086 2778 2203 2832 fieri
2265 2779 2658 2833 daemoniorum
2715 2797 2729 2842 ;
2791 2792 2897 2831 non
2966 2779 3187 2846 potestis
3263 2774 3477 2827 calicem
3537 2770 3628 2822 Duo

2089 2872 2222 2926 mini
2291 2872 2524 2935 bibere,
2599 2881 2655 2925 et
2721 2871 2945 2925 calicem
3014 2868 3415 2923 dmmoniorum
3464 2880 3479 2918 ι
3535 2875 3629 2913 non

2087 2966 2314 3033 potestis
2360 2980 2560 3017 mensae
2594 2963 2806 3017 Domini
2862 2962 3154 3031 participes
3181 2976 3327 3023 esse,
3372 2967 3423 3011 et
3460 2965 3633 3007 mense

415 3051 608 3105 firmus
630 3092 644 3117 ,
684 3060 741 3104 ut
776 3051 1022 3105 inlirmos
1054 3049 1452 3105 lucrifacerem.
1502 3050 1766 3104 Omnibus
1797 3049 1977 3103 omnia

2087 3057 2506 3111 danuomorum.
2564 3055 2645 3108 An
2734 3054 3061 3108 aemulantur
3123 3048 3451 3106 Dominum?
3508 3042 3637 3095 Nun-

412 3144 592 3199 factus
622 3159 740 3198 sum
766 3187 779 3210 ,
816 3153 873 3198 ut
902 3158 1094 3197 omnes
1129 3144 1364 3198 facerem
1396 3143 1595 3197 salvos.
1640 3143 1835 3197 Omnia
1886 3159 1981 3195 au-

415 3247 521 3289 tem
557 3235 703 3289 facio
746 3244 970 3304 propter
1020 3234 1374 3305 Evangelium
1404 3251 1418 3288 :
1452 3246 1510 3287 ut
1547 3235 1821 3303 particeps
1866 3236 1985 3303 ejus

414 3326 640 3382 ciliciar.
694 3325 933 3379 Nescitis
987 3327 1130 3394 quod
1167 3326 1201 3379 ii
1254 3327 1348 3393 qui
1404 3326 1455 3378 in
1516 3325 1693 3377 stadio
1731 3336 1981 3387 currunt,

414 3432 612 3472 omnes
642 3416 865 3487 quidem
894 3427 1146 3482 currunt,
1177 3418 1271 3472 sed
1308 3434 1448 3472 unus
1472 3419 1665 3487 accipit
1693 3416 1985 3470 bravium?

417 3513 512 3566 Sic
542 3512 771 3577 currite,
814 3523 872 3565 ut
898 3511 1399 3581 comprehendatis.
1447 3510 1640 3566 Omnis
1671 3521 1854 3564 autem
1889 3511 1983 3580 qui

417 3605 474 3659 in
531 3619 703 3675 agone
742 3602 1068 3669 contendit,
1102 3604 1169 3658 ab
1218 3603 1474 3658 omnibus
1523 3618 1580 3658 se
1612 3603 1852 3657 abstinet
1886 3616 1899 3655 :
1934 3611 1986 3655 et

419 3697 501 3751 illi
535 3696 756 3767 quidem
784 3737 799 3763 ,
833 3705 893 3753 ut
922 3696 1337 3765 corruptibilem
1372 3711 1631 3751 Coronam
1667 3695 1985 3763 accipiant;

417 3805 521 3845 nos
553 3800 737 3845 autem
767 3790 1163 3860 incorruptam.
1207 3790 1316 3859 Ego
1348 3790 1515 3860 igitur
1549 3789 1629 3844 sic
1662 3805 1847 3851 curro,
1882 3804 1989 3841 non

418 3886 576 3954 quasi
615 3884 670 3938 in
724 3882 1032 3949 incertum;
1068 3882 1147 3938 sic
1193 3898 1375 3952 pugno
1400 3924 1414 3949 ,
1451 3898 1560 3936 non
1602 3883 1757 3951 quasi
1807 3894 1989 3934 aerem

420 3976 759 4031 verberans:
794 3976 887 4029 sed
926 3974 1134 4043 castigo
1183 3988 1386 4042 corpus
1432 3989 1648 4039 meum,
1686 3982 1739 4027 et
1776 3974 1829 4027 in
1876 3989 1990 4027 ser-

422 4074 649 4123 vltutem
684 4068 870 4135 redigo
910 4082 929 4124 :
982 4083 1048 4121 ne
1080 4070 1220 4121 forte
1251 4082 1372 4120 cum
1402 4068 1524 4121 aliis
1558 4068 1989 4133 preedicaverim,

424 4164 540 4234 ipse
578 4160 848 4235 reprobus
882 4158 1105 4213 elliciar.

494 4256 653 4329 |Cup.
688 4251 783 4322 Χ]
816 4253 953 4308 Nolo
987 4254 1132 4307 enim
1162 4267 1258 4307 vos
1299 4252 1573 4321 ignorare,
1605 4254 1829 4317 fratres,
1862 4270 1996 4323 quo-

2085 3152 2215 3222 quid
2265 3152 2525 3204 fortiores
2585 3149 2678 3203 illo
2744 3148 2987 3203 sumus?
3045 3144 3241 3200 Omnia
3307 3141 3434 3195 mihi
3471 3139 3635 3194 licent.

2085 3245 2179 3299 sed
2210 3260 2316 3297 non
2349 3243 2530 3298 omnia
2562 3242 2855 3295 mdilicant.
2906 3239 3077 3292 Nemo
3135 3238 3284 3306 quod
3344 3247 3497 3287 suum
3546 3236 3636 3285 est.

2089 3347 2322 3408 qu:crat,
2373 3336 2466 3391 sed
2488 3332 2631 3405 quod
2666 3334 2915 3387 alterius.
2945 3331 3140 3387 Omne.
3176 3328 3326 3393 quod
3354 3330 3405 3379 in
3439 3321 3641 3376 macello

2091 3431 2270 3492 vzenit,
2292 3432 2636 3491 manducatc,
2665 3428 2801 3481 nihil
2829 3428 3232 3494 interrogantes
3263 3429 3485 3491 propter
3504 3426 3643 3469 cons-

2089 3523 2371 3576 cientiam.
2407 3520 2620 3574 Domini
2683 3531 2770 3572 est
2798 3526 2961 3583 terra,
2995 3526 3050 3570 ct
3087 3511 3377 3583 plenitudo
3407 3510 3539 3577 ejus.
3598 3499 3644 3553 Si

2092 3617 2216 3685 quis
2257 3625 2414 3669 vocat
2452 3628 2549 3667 vos
2627 3610 2951 3673 inﬁdelium,
3004 3618 3057 3662 et
3089 3607 3256 3661 vultis
3313 3606 3436 3657 ire:
3483 3610 3647 3655 omne,

2094 3708 2241 3777 quod
2275 3708 2428 3762 vobis
2458 3705 2779 3774 apponitur,
2840 3702 3187 3761 mauducate,
3238 3699 3378 3752 nihil
3439 3697 3651 3749 interro~

2092 3812 2283 3874 gantes
2313 3811 2535 3870 propter
2555 3796 2969 3852 conscientiam.
2993 3795 3048 3848 Si
3068 3794 3192 3863 quis
3222 3804 3409 3846 autem
3436 3786 3651 3842 dixerit:

2094 3897 2210 3951 Hoc
2233 3892 2570 3949 immolatum
2603 3890 2726 3962 [ηδε.
2754 3885 3184 3958 immolatitiuni]
3214 3897 3300 3940 est
3357 3883 3537 3944 idolis,
3568 3896 3656 3932 no—

2097 3991 2188 4045 lite
2221 3988 2552 4042 manducare
2582 4023 2595 4048 ,
2638 3994 2864 4053 propter
2910 3982 3060 4034 illum
3105 3981 3196 4049 qui
3285 3975 3564 4035 indicavit,
3609 3980 3658 4023 et

2094 4092 2318 4154 propter
2363 4077 2749 4133 conscientiam
2820 4090 2834 4128 :
2894 4072 3291 4127 conscientiam
3360 4080 3541 4121 autem
3586 4062 3659 4115 di-

2099 4190 2162 4229 co
2217 4188 2323 4227 non
2386 4180 2557 4235 tuam,
2615 4176 2707 4222 sed
2769 4167 3015 4221 alterius.
3092 4164 3156 4219 Ut
3208 4162 3343 4231 quid
3411 4160 3550 4211 enim
3602 4154 3660 4206 li-

2100 4268 2286 4323 bertas
2352 4279 2467 4317 mea
2523 4262 2805 4331 judicatur
2832 4260 2900 4313 ab
2952 4260 3129 4313 aliena
3174 4250 3565 4309 conscientia?
3613 4245 3661 4295 Si

426 4349 570 4402 niam
600 4358 781 4414 patres
814 4346 987 4398 nostri
1046 4359 1237 4398 omnes
1302 4345 1405 4398 sub
1467 4344 1612 4397 nube
1658 4346 1897 4409 luerunt,
1942 4354 1992 4398 ct
2029 4376 2202 4450 nego
2251 4374 2373 4414 cum
2423 4356 2593 4427 8mm
2641 4356 2926 4424 ραι-ιίυίρο,
2982 4350 3112 4422 quid
3177 4348 3534 4417 blasphemor
3579 4354 3665 4409 pro

427 4454 617 4495 omnes
678 4452 824 4491 mare
850 4436 1227 4501 transierunt;
1284 4444 1338 4490 et
1370 4439 1636 4491 omncsin
1673 4437 1850 4509 Moyse
1904 4438 1997 4492 ba-

430 4533 623 4603 ptizati
646 4540 794 4599 sunt,
826 4531 879 4584 in
904 4530 1073 4593 nube,
1101 4539 1156 4584 et
1190 4529 1241 4582 in
1297 4531 1430 4583 mari
1473 4541 1569 4586 :et
1620 4547 1811 4587 omnes
1852 4549 2001 4585 ωηι-

431 4625 555 4679 dem
583 4640 764 4679 escam
805 4622 1111 4693 spiritalem
1168 4623 1661 4689 manducaverunt,
1723 4636 1773 4679 et
1811 4640 2001 4679 omnes

432 4718 686 4772 eumdem
746 4724 935 4786 potum
1008 4713 1311 4783 spiritalem
1397 4717 1652 4771 biberunt
1719 4719 2003 4787 (bibebant

434 4818 615 4866 autem
645 4808 713 4861 de
734 4806 994 4874 spiritali,
1048 4815 1417 4876 consequente
1465 4824 1561 4863 eos
1601 4821 1751 4877 petra
1812 4826 2001 4881 :petra

434 4911 617 4955 autem
651 4908 770 4952 erat
792 4896 1067 4968 Christus)
1099 4913 1112 4951 :
1152 4896 1244 4951 sed
1275 4913 1383 4950 non
1418 4899 1467 4951 in
1507 4900 1755 4968 pluribus
1808 4918 1999 4956 eorum

433 4991 834 5063 beneplacitum
865 4999 948 5044 est
984 4990 1139 5056 Deo;
1178 5005 1305 5042 nam
1334 4994 1590 5059 prostrati
1616 5002 1742 5048 sunt
1803 4996 1855 5048 in
1906 4997 2001 5049 de-

432 5094 606 5141 serto.
629 5084 755 5138 llaec
787 5094 967 5137 autem
1018 5084 1075 5137 in
1114 5083 1285 5152 ﬁgura
1315 5084 1452 5138 facta
1478 5096 1605 5139 sunt
1659 5090 1831 5141 nostri
1877 5087 2001 5159 [ηις.

431 5176 643 5250 nobis],
678 5186 737 5230 ut
762 5192 869 5230 non
898 5176 1070 5230 simus
1096 5181 1549 5246 eoneupiscentes
1608 5182 1895 5239 malorum.
1934 5184 2010 5236 si.

439 5283 535 5329 cut
567 5285 621 5328 et
654 5272 728 5326 illi
770 5271 1189 5339 concupierunt.
1233 5270 1417 5340 Neque
1476 5272 1780 5327 idololatrae
1807 5274 2008 5330 cilicia.

437 5364 993 5434 mini,sicutquidam
1020 5378 1088 5417 ex
1123 5362 1253 5432 ipsis
1284 5378 1301 5419 ί
1326 5365 1794 5432 quemadmodum
1823 5371 2007 5438 serip-

440 5469 553 5512 tum
590 5467 674 5512 est
716 5457 915 5512 :Sedit
942 5455 1179 5527 populus
1230 5456 1563 5511 manducare
1598 5468 1651 5511 ct
1705 5461 1914 5525 bibere,
1952 5470 2007 5515 ct

2107 4470 2173 4509 eo
2204 4452 2347 4522 quod
2402 4451 2605 4520 gratias
2640 4449 2783 4517 ago?
2827 4447 2954 4500 Sive
2997 4459 3127 4513 ergo
3160 4440 3533 4499 manducatis,
3568 4440 3669 4487 sive

2108 4546 2319 4609 bibitis,
2356 4545 2470 4599 sive
2520 4543 2667 4597 aliud
2715 4538 2843 4608 quid
2875 4537 3055 4591 facitis
3090 4553 3104 4591 :
3152 4534 3340 4587 omnia
3376 4532 3430 4583 in
3456 4526 3665 4599 gloriam

2115 4641 2209 4695 Dei
2244 4639 2426 4693 facite.
2464 4636 2594 4690 Sine
2640 4633 2944 4688 offensione
2999 4626 3431 4685 estOLeJudzeis,
3468 4632 3521 4675 et
3556 4634 3674 4690 gen-

2114 4733 2367 4795 tibus,ct
2412 4728 2669 4784 Ecclesia:
2726 4726 2839 4779 Dei.
2891 4723 3048 4778 Sicut
3083 4730 3139 4775 et
3190 4735 3291 4789 ego
3342 4734 3446 4787 per
3504 4711 3671 4767 omnia

2112 4826 2369 4880 omnibus
2401 4826 2612 4893 placeo,
2643 4834 2752 4871 non
2777 4831 3031 4885 quaerens
3061 4812 3204 4882 quod
3233 4810 3371 4864 mihi
3406 4806 3540 4861 utile
3581 4814 3675 4861 est,

2111 4916 2204 4971 sed
2242 4915 2383 4984 quod
2448 4912 2653 4975 multis,
2711 4917 2772 4964 ut
2812 4906 2945 4961 salvi
2988 4906 3137 4959 ﬁant.

2186 5007 2343 5079 [ϐαρ.
2377 5003 2498 5075 XL]
2530 5004 2837 5057 lmitatorcs
2871 4998 2977 5051 mei
3014 5004 3214 5059 estote,
3269 4996 3421 5049 sicut
3486 4998 3541 5045 et
3591 4999 3680 5053 ego

2112 5100 2338 5153 Christi.
2372 5097 2559 5151 Laudo
2596 5106 2780 5149 autem
2816 5109 2935 5158 vos,
2978 5092 3196 5154 fratres,
3238 5087 3389 5157 quod
3425 5100 3521 5153 per
3570 5095 3678 5133 om-

2112 5193 2201 5243 nia
2234 5191 2339 5243 ιυρὶ
2366 5202 2634 5242 memores
2664 5186 2798 5240 estis
2834 5202 2845 5236 :
2912 5193 2969 5238 et
3019 5184 3160 5235 sicut
3231 5177 3442 5231 tradidi
3510 5171 3671 5232 vobis,

2116 5292 2385 5353 prmccpta
2416 5296 2536 5335 mea
2570 5279 2787 5334 tenetis.
2826 5276 2956 5329 Volo
2988 5285 3169 5328 autem
3206 5288 3303 5324 vos
3344 5272 3514 5328 scire,
3546 5272 3677 5332 quod

2112 5374 2291 5426 omnis
2316 5372 2415 5424 viri
2459 5378 2621 5439 caput
2653 5368 2907 5423 Christus
2926 5375 3050 5419 est:
3099 5369 3262 5431 caput
3323 5371 3513 5414 autem
3578 5370 3685 5406 ntu-

2111 5461 2282 5527 lieris,
2318 5461 2400 5515 vir
2432 5475 2447 5512 :
2484 5468 2647 5527 caput
2672 5474 2801 5515 vero
2854 5456 3080 5521 Christi,
3155 5453 3319 5505 Deus.
3390 5447 3582 5503 Omnis
3611 5443 3685 5493 rir

517 5668 531 5696 ‘
559 5666 823 5737 Curcelzei
847 5666 1063 5723 codices
1091 5664 1300 5721 addunt
1325 5662 1379 5716 in
1420 5660 1610 5717 Graeco
1651 5662 1743 5715 καὶ
1784 5660 1873 5716 τοῦ
1907 5663 2191 5737 ποτηρίου,
2231 5664 2375 5735 quod
2421 5673 2477 5719 et
2526 5662 2813 5733 inLatino
2866 5658 3112 5716 Palatio.
3153 5670 3253 5711 ms.
3283 5652 3517 5712 retinet,
3550 5655 3595 5723 ξι
3625 5642 3681 5693 de

440 5754 543 5791 uno
578 5736 758 5791 calice.
