3946 6170
234 291 328 355 7'13

1335 302 1398 362 S.
1446 303 1677 366 PAULI
1710 306 1956 372 EPIST.
1999 312 2027 372 Ι
2063 312 2166 373 AD
2198 313 2370 376 COB.

3368 322 3481 384 7‘4

229 422 381 464 orans
401 409 848 502 autprOphetans
883 413 1064 470 velato
1118 418 1296 487 capite
1343 421 1597 493 deturpat
1645 434 1809 490 caput
1838 427 2250 498 Aexspectate.
2307 431 2364 486 Si
2407 433 2528 502 quis
2588 431 2783 497 esurit,
2837 430 2986 486 domi
3052 431 3386 489 manducet:
3419 444 3478 487 iit

229 515 397 556 suum.
450 501 640 558 Omnis
666 513 849 560 autem
901 509 1099 563 mulier
1147 523 1424 567 oransaut
1463 517 1799 585 prophetaiis

230 603 324 640 non
343 589 523 641 velato
553 591 748 659 capite,
771 595 1021 664 deturpat
1045 609 1207 667 caput
1229 615 1384 655 suum
1409 621 1422 657 :
1459 621 1624 658 unum
1649 608 1797 661 enim

229 688 374 731 cstac
403 679 445 732 si
478 682 816 738 decalretur.
843 684 974 740 Nam
998 689 1043 743 si
1073 706 1179 744 non
1206 693 1416 747 vrlatur
1446 697 1656 766 mulier,
1681 709 1799 753 ton-

226 768 429 823 deatiir.
466 772 520 824 Si
576 789 708 827 vero
736 785 894 847 turpe
918 790 1002 835 est
1026 782 1238 837 mulieri
1267 787 1480 841 tonderi
1506 791 1799 845 aiitdecal-

226 861 349 922 vari,
387 863 530 918 velet
556 877 720 936 caput
749 884 953 927 suum:
981 876 1241 941 quoniam
1306 879 1485 949 imago
1540 892 1596 936 et
1622 884 1795 950 gloria

231 953 324 1006 viri
354 967 466 1011 est.
498 955 613 1012 Non
648 962 794 1014 enim
821 964 904 1017 vir
937 981 1003 1020 ex
1037 970 1266 1024 muliere
1325 984 1433 1036 est,
1472 975 1566 1028 sed
1603 978 1798 1030 mulier

227 1055 284 1094 ex
322 1043 464 1098 viro.
503 1047 717 1104 Etenim
752 1069 861 1105 non
895 1065 979 1109 est
1009 1072 1225 1114 creatus
1258 1063 1339 1115 vir
1392 1074 1617 1132 propter
1675 1083 1793 1120 mii-

230 1132 437 1198 lier-m,
481 1140 576 1194 sed
639 1144 840 1200 mulier
903 1161 1130 1218 propter
1188 1153 1390 1208 viruzn.
1451 1157 1578 1212 ldeo
1631 1159 1795 1214 debet

231 1225 419 1320 molior
475 1240 811 1298 potestatem
873 1237 1077 1296 habere
1134 1259 1299 1313 supra
1357 1258 1520 1317 caput
1570 1262 1795 1320 propter

170 1351 172 1353 -
225 1317 460 1385 angelos.
494 1320 877 1384 Verumtamen
920 1347 1097 1402 neque
1124 1339 1204 1388 vir
1235 1339 1354 1392 sine
1383 1317 1634 1406 muliere,
1674 1317 1792 1399 vne-

229 1421 323 1473 que
356 1412 555 1467 mulier
579 1416 697 1472 sine
731 1421 872 1486 viro,
910 1425 962 1478 in
997 1425 1251 1482 Domino.
1290 1431 1429 1485 Nam
1493 1435 1640 1489 sicut
1671 1453 1792 1489 niu-

230 1497 321 1552 lier
344 1505 412 1555 de
445 1506 585 1570 viro,
613 1511 684 1563 ita
708 1521 759 1566 et
779 1514 858 1566 vir
887 1531 985 1584 per
1015 1520 1299 1574 mulierem
1327 1540 1340 1574 :
1371 1526 1553 1577 omnia
1608 1538 1787 1580 autem

226 1606 283 1644 ex
331 1592 463 1650 Deo.
498 1597 604 1654 Vos
635 1602 735 1671 ipsi
779 1605 1026 1676 jiidicate
1062 1626 1078 1666 :
1131 1612 1287 1667 decet
1315 1617 1632 1672 'mulierem
1677 1636 1789 1675 non

227 1686 446 1742 velatam
478 1706 636 1748 orare
670 1695 835 1750 Deum
862 1699 1016 1756 iNec
1045 1703 1160 1773 ipsa
1209 1719 1402 1762 natura
1437 1710 1599 1764 docet
1667 1729 1784 1777 vos,

226 1777 356 1865 quod
394 1779 483 1830 vir
521 1782 742 1850 quidem
775 1788 821 1841 si
864 1804 1076 1846 comam
1113 1795 1338 1860 nutriat,
1378 1797 1674 1865 ignominia
1706 1812 1790 1859 est
1824 1777 1866 1830 Β

227 1862 294 1916 illi
321 1882 334 1919 :
368 1867 570 1922 mulier
601 1887 729 1926 vero
758 1876 803 1930 si
833 1893 1042 1934 comam
1090 1887 1318 1949 nutriat,
1355 1862 1525 1956 gloria
1553 1901 1637 1944 est
1668 1891 1745 1946 illi
1771 1931 1787 1958 ,

227 1962 474 2027 quoniam
504 1967 684 2036 capilli
720 1986 816 2036 pro
852 1975 1122 2044 velamine
1158 1980 1208 2032 ei
1244 1981 1352 2034 dati
1386 1995 1534 2039 sunt.
1561 1983 1616 2039 Si
1665 1988 1788 2054 quis

233 2063 397 2107 autem
432 2059 652 2114 videtur
687 2068 1066 2122 contentiosus
1095 2085 1218 2126 esse
1259 2090 1273 2127 :
1303 2089 1405 2128 nos
1447 2076 1610 2129 talem
1660 2095 1791 2132 con-

227 2150 562 2206 suetudinem
632 2171 741 2208 non
811 2158 1098 2227 habemus,
1145 2179 1326 2234 neque
1378 2165 1621 2223 Ecclesia
1671 2170 1786 2226 Dei.

231 2237 331 2291 lloc
375 2255 561 2299 autem
591 2250 848 2318 praecipio
883 2268 1028 2306 :non
1065 2255 1316 2322 laudans,
1351 2259 1495 2328 quod
1565 2275 1673 2316 non
1733 2263 1787 2318 in

231 2333 437 2399 melius,
465 2337 558 2390 sed
586 2338 640 2392 in
673 2340 918 2398 deterius
941 2347 1271 2402 convenitis.
1292 2348 1536 2404 Primum
1565 2353 1788 2421 quidem

225 2427 667 2483 convenientibus
690 2434 846 2488 vobis
876 2436 931 2490 in
965 2437 1286 2506 Ecclesiam,
1315 2443 1484 2498 audio
1520 2447 1790 2502 scissuras

227 2532 336 2572 esse
366 2521 512 2574 inter
566 2539 664 2578 vos
695 2524 820 2596 Ima.
877 2540 985 2587 tac.
1032 2532 1176 2588 inter
1235 2535 1377 2607 vos],
1443 2547 1500 2592 et
1525 2554 1591 2593 ex
1635 2551 1790 2609 parte

223 2609 395 2700 credo.
421 2611 556 2667 Nam
581 2629 801 2682 oportet
826 2629 879 2674 et
911 2621 1146 2679 haereses
1213 2641 1353 2688 esse.
1387 2637 1520 2684 utet
1551 2631 1643 2698 qui
1664 2646 1790 2700 ρι’οο
1819 2685 1824 2689 ,

223 2699 326 2757 bati
357 2717 506 2768 sunt,
542 2709 814 2765 manifesti
847 2711 977 2768 fiant
1026 2716 1079 2770 in
1114 2718 1293 2774 vobis.
1319 2699 1791 2778 Convenientibiis

221 2805 341 2860 ergo
399 2797 556 2853 vobis
615 2800 668 2854 iii
727 2817 922 2870 unum,
982 2807 1094 2876 jam
1152 2824 1261 2864 non
1302 2820 1386 2864 est
1450 2812 1788 2870 Dominicam

220 2895 422 2941 Coenam
499 2893 854 2950 manducare.
937 2897 1329 2972 Unusquisque
1401 2907 1547 2958 enim
1637 2922 1788 2961 suam

227 2992 426 3035 rtenam
461 2987 744 3051 praisumit
771 2987 836 3041 ad
870 2990 1334 3053 manducandum.
1370 2995 1436 3050 Et
1468 2998 1610 3053 alius
1669 3003 1791 3068 qui-

1907 535 2017 573 non
2059 521 2110 575 in
2143 521 2408 592 judicium
2451 523 2817 578 conveniatis.
2861 523 3068 579 Carteia
3113 534 3318 588 autem,
3351 540 3476 579 cum
3563 569 3570 585 ς

1902 629 2135 678 venero,
2173 615 2484 686 disponam.

1975 706 2128 779 [Cap.
2154 707 2294 780 Xll.]
2323 710 2396 761 De
2417 710 2794 778 spiritualibus
2818 720 3022 772 autem,
3057 711 3182 763 nolo
3209 724 3301 764 vos
3329 711 3478 778 igno-

1901 815 2045 862 rare,
2110 801 2330 854 fratres.
2373 801 2536 855 Scitis
2573 803 2833 872 quoniam
2870 819 2992 856 cum
3032 811 3221 872 gentes
3253 801 3471 864 essetis,

1899 892 1963 945 ad
1997 892 2290 945 simulacra
2331 904 2476 946 muta
2528 893 3063 963 proutdncebamini
3094 902 3312 947 euntes.
3349 891 3476 944 Ideo

1898 995 2088 1038 notum
2119 987 2272 1039 vobis
2314 985 2473 1048 facio,
2535 985 2679 1054 quod
2716 1001 2878 1039 nemo
2904 988 2956 1039 in
3011 985 3215 1054 Spiritu
3249 983 3344 1038 Dei
3396 985 3478 1038 lo-

1897 1091 2092 1142 quens,
2132 1078 2262 1132 dicit
2294 1080 2584 1131 anathema
2615 1079 2763 1133 Jcsu.
2787 1080 2852 1132 Et
2876 1091 3038 1131 nemo
3066 1087 3243 1147 potest
3285 1077 3499 1131 dicere

1897 1165 2160 1221 Dominus
2177 1169 2339 1223 Jcsus
2358 1170 2459 1222 nisi
2482 1171 2533 1223 iii
2558 1169 2764 1239 Spiritu
2787 1178 2996 1224 sancto.
3011 1170 3313 1223 Divisiones
3336 1183 3469 1221 vero

1895 1261 2194 1328 gratiarum
2223 1270 2374 1323 sunt,
2411 1261 2554 1316 idem
2589 1272 2771 1315 autem
2804 1261 3046 1330 Spiritus
3082 1279 3094 1314 :
3130 1271 3186 1314 et
3239 1260 3468 1314 divisio-

1895 1367 1991 1406 nes
2019 1353 2479 1407 ministrationum
2526 1364 2678 1418 sunt,
2712 1355 2857 1408 idem
2920 1365 3098 1407 autem
3153 1355 3416 1408 Dominus
3450 1371 3467 1408 :

1894 1451 1950 1495 et
2009 1442 2306 1497 divisiones
2331 1445 2716 1513 operationuni
2753 1453 2902 1507 sunt,
2958 1443 3100 1496 idem
3136 1457 3265 1496 vero
3300 1442 3467 1507 Deus,

1893 1533 1982 1600 qui
2043 1544 2304 1601 operatur
2330 1535 2513 1588 omnia
2548 1537 2598 1588 in
2635 1535 2915 1589 omnibus.
2942 1535 3251 1602 Unicuique
3288 1544 3469 1587 autem

1892 1624 2053 1678 datur
2086 1626 2452 1680 nianifestatio
2478 1628 2717 1696 Spiritus
2755 1627 2821 1681 ad
2852 1628 3170 1680 utilitatem.
3197 1625 3305 1678 Alii
3343 1625 3472 1693 qui.

1893 1715 2015 1769 dein
2079 1732 2174 1784 per
2241 1718 2503 1785 Spiritum
2562 1719 2725 1772 datur
2769 1715 2953 1772 sermo
3010 1718 3335 1787 sapientiae:
3378 1715 3471 1768 alii

1892 1812 2279 1863 auteni'sermo
2298 1810 2541 1865 scientia:
2557 1811 2859 1864 secundmn
2883 1811 3136 1864 eumdem
3168 1808 3470 1878 Spiritum:

1892 1901 2051 1954 alteri
2095 1903 2226 1955 fides
2255 1903 2310 1956 in
2344 1903 2535 1957 eodem
2557 1902 2766 1970 Spiritu
2813 1921 2826 1957 ε
2859 1903 2949 1956 alii
2981 1902 3151 1971 gratia
3171 1901 3469 1954 sanitatum

1891 1989 1948 2043 in
1987 2006 2096 2044 uno
2130 1990 2336 2060 Spiritu
2378 1993 2512 2050 :alii
2574 1994 2822 2062 operatio
2879 1994 3166 2054 virtutum,
3227 1991 3314 2044 alii
3342 2004 3471 2059 prn-

1892 2081 2098 2151 plietia.
2123 2083 2214 2136 alii
2247 2083 2508 2138 discretio
2539 2086 2856 2153 spirituum,
2886 2084 2978 2137 alii
3018 2098 3219 2153 genera
3255 2082 3472 2150 lingua-

1893 2185 2038 2235 rum,
2058 2173 2146 2225 alii
2171 2173 2559 2243 interpretatio
2576 2191 2915 2228 sermonum.
2938 2172 3060 2227 ΙΙευη
3078 2183 3259 2226 autem
3283 2169 3468 2228 omi‘iia

1890 2272 2151 2332 operatur
2181 2281 2324 2319 unus
2353 2274 2515 2334 atque
2544 2265 2686 2318 idem
2713 2263 2980 2335 Spiritus,
3004 2264 3260 2319 dividens
3278 2263 3470 2329 singito

1894 2353 1965 2408 lis
2029 2369 2196 2422 prout
2251 2358 2388 2411 vult.
2432 2357 2584 2412 Sicut
2644 2360 2792 2412 enim
2833 2371 3035 2428 corpus
3085 2371 3252 2410 unum
3287 2362 3470 2420 est,et

1895 2450 2134 2502 membra
2171 2451 2336 2505 habet
2358 2454 2548 2510 multa.
2573 2455 2754 2505 omnia
2777 2461 2960 2505 autem
3000 2449 3243 2505 membra
3269 2461 3468 2515 corpo-

1893 2541 1969 2596 ris
2002 2557 2126 2594 cum
2151 2544 2260 2596 sint
2292 2545 2481 2608 multa,
2521 2560 2688 2598 unum
2735 2553 2915 2598 tamen
2948 2558 3150 2611 corpus
3185 2550 3314 2596 sunt
3348 2555 3364 2595 :
3392 2541 3467 2594 ita

1896 2643 1950 2688 et
1982 2633 2257 2689 Christus.
2292 2635 2504 2689 Etenim
2538 2637 2720 2690 inuno
2761 2636 2967 2704 Spiritu
3014 2649 3205 2688 omnes
3254 2647 3355 2686 nos
3411 2633 3468 2686 in

1895 2743 2064 2782 tinum
2117 2744 2317 2810 corpus
2366 2729 2868 2797 baptizatisiiiiins,
2923 2728 3038 2780 sive
3097 2725 3292 2790 Judaei,
3352 2724 3470 2777 sive

1894 2817 2157 2884 gentiles,
2216 2818 2328 2870 sive
2381 2820 2566 2883 servi,
2598 2819 2712 2871 sive
2778 2819 2936 2872 liberi
2997 2833 3011 2874 :
3065 2827 3119 2870 ct
3171 2830 3363 2868 omnes
3414 2814 3468 2867 in

1896 2923 2006 2961 uno
2075 2908 2282 2976 Spiritu
2365 2911 2534 2977 potati
2612 2925 2800 2963 sumus
2845 2910 2882 2964 ‘.
2945 2908 3078 2962 Nam
3143 2918 3196 2961 et
3268 2920 3472 2975 corpus

1895 3015 2002 3053 non
2055 3010 2138 3073 est
2190 3016 2356 3054 unum
2411 3001 2864 3066 membruiii,sed
2929 3001 3121 3054 multa.
3171 2999 3224 3053 Si
3268 2999 3469 3052 dixerit

221 3071 546 3185 deitiesprit.
578 3077 718 3132 alius
742 3090 922 3134 autem
948 3081 1136 3136 ebrius
1174 3094 1279 3140 est.
1329 3086 1582 3159 Nunquid
1601 3091 1860 3185 domosc
1899 3107 2045 3161 pes:
2091 3071 2356 3156 Quoniam
2427 3108 2535 3146 non
2589 3110 2709 3146 sum
2762 3109 2986 3156 manus,
3049 3109 3156 3146 non
3220 3108 3340 3145 sum
3400 3091 3469 3145 de

219 3178 318 3215 non
350 3165 566 3221 habetis
614 3169 682 3223 ad
717 3173 1158 3228 manducandum
1214 3185 1269 3231 et
1330 3178 1672 3234 bibendum?
1697 3194 1786 3236 aut

220 3255 517 3312 Ecclesiam
544 3260 637 3315 Dei
667 3267 1044 3331 contemnitis,
1069 3277 1124 3321 et
1155 3269 1492 3325 confunditis
1519 3288 1638 3337 eos,
1689 3277 1784 3346 qui

215 3363 318 3402 non
348 3349 602 3407 habent?
645 3354 786 3417 Ouid
816 3357 993 3412 dicam
1053 3361 1211 3416 vobis
1242 3362 1264 3414 ?
1299 3361 1489 3418 Laudo
1533 3365 1680 3420 vos?
1734 3371 1787 3423 in

217 3439 314 3495 boc
344 3459 452 3498 non
483 3443 664 3500 laudo.
694 3447 807 3518 Ego
833 3448 980 3504 enim
1004 3453 1197 3520 accepi
1231 3470 1256 3504 a
1304 3454 1534 3510 Domino
1559 3456 1702 3525 quod
1733 3467 1790 3512 et

219 3535 414 3590 tradidi
467 3539 646 3605 vobis,
725 3542 988 3610 quoniam
1059 3541 1322 3599 Dominus
1365 3545 1526 3600 Jcsus
1574 3549 1624 3600 in
1683 3563 1787 3616 qua

215 3640 366 3684 nocte
409 3631 757 3699 tradebatur,
785 3636 999 3704 accepit
1049 3653 1268 3706 panem,
1301 3646 1356 3692 et
1389 3641 1595 3709 gratias
1622 3655 1789 3711 agens

213 3723 390 3793 fregit,
414 3736 475 3781 et
514 3727 652 3782 dixit
685 3727 997 3798 :Accipite,
1033 3739 1086 3784 et
1149 3732 1476 3787 manducata
1510 3750 1524 3786 :
1559 3734 1664 3788 hoc
1705 3743 1790 3788 est

215 3832 411 3886 corpus
432 3835 642 3886 meum,
675 3822 823 3890 quod
851 3837 952 3890 pro
975 3823 1129 3878 vobis
1157 3823 1406 3878 tradetur
1439 3843 1458 3880 :
1492 3827 1595 3880 hoc
1625 3825 1788 3880 facite

212 3909 264 3964 in
303 3927 482 3965 meam
526 3917 1126 3979 commemorationem,
1166 3917 1430 3972 Similiter
1447 3928 1498 3972 et
1535 3919 1782 3986 calicem,

217 4015 505 4074 postquam
535 4007 795 4072 coenavit,
825 4009 1178 4063 dicenszllic
1242 4011 1382 4063 calix
1432 4026 1631 4063 novum
1705 4021 1786 4064 te-

209 4108 548 4150 stamentum
581 4107 664 4153 est
719 4100 773 4153 in
827 4115 950 4153 meo
981 4103 1246 4170 sanguine
1275 4118 1290 4156 :
1324 4102 1426 4157 hoc
1449 4104 1607 4157 facite
1653 4120 1790 4173 quo—

211 4189 537 4259 tiescuiiqne
577 4191 777 4246 bibetis
824 4193 876 4245 iii
943 4208 1116 4245 meam
1169 4197 1783 4250 commeniorationem.

210 4282 668 4352 Quotiescunque
699 4283 847 4338 enim
883 4285 1286 4338 manducabitis
1319 4301 1514 4353 panem
1538 4288 1703 4349 hunc,
1732 4297 1787 4342 et

203 4374 436 4428 calicem
504 4377 726 4441 bibetis,
800 4387 1034 4430 mortem
1095 4377 1310 4431 Domini
1363 4379 1780 4443 aiiiiuiitiabitis,

200 4473 377 4521 donec
442 4468 646 4523 veniat.
704 4469 893 4538 Itaque
948 4471 1284 4540 quicumque
1361 4471 1782 4525 niaiiducaverit
1818 4467 1858 4520 ι)

199 4577 399 4630 panem
432 4561 600 4628 hunc,
637 4562 724 4617 vel
785 4563 984 4616 biberit
1025 4564 1249 4618 calicem
1286 4565 1499 4618 Domini
1537 4567 1784 4635 indigne,

200 4669 326 4707 retis
367 4653 483 4706 erit
519 4655 766 4724 corporis
821 4664 878 4709 et
939 4656 1220 4726 sanguinis
1283 4655 1519 4710 Domini.
1587 4658 1787 4714 Probet

198 4757 383 4800 autem
418 4746 664 4816 seipsum
696 4748 862 4802 homo
913 4764 926 4801 :
965 4758 1022 4802 et
1045 4749 1124 4802 sic
1181 4747 1248 4802 de
1283 4764 1420 4819 pane
1481 4750 1571 4802 illo
1633 4750 1781 4813 edat,

194 4843 332 4893 etde
373 4839 556 4894 calice
590 4840 760 4896 bibat.
794 4838 899 4906 Qui
937 4842 1084 4894 enim
1121 4842 1415 4896 nianducat
1440 4853 1494 4896 et
1544 4843 1681 4896 bibit
1717 4845 1773 4898 in

194 4932 382 5001 digne,
413 4934 686 5003 judicium
729 4934 836 4990 sibi
869 4936 1159 4989 manducat
1189 4946 1246 4990 et
1295 4937 1452 5003 bibit,
1483 4954 1589 4991 non
1634 4938 1784 5003 judi-

192 5040 326 5080 cans
357 5040 572 5095 corpus
606 5028 843 5082 Domini.
873 5027 1001 5081 [dco
1032 5029 1174 5082 inter
1208 5045 1303 5082 vos
1364 5031 1519 5084 inulti
1577 5032 1780 5085 infirmi

195 5131 248 5173 et
282 5121 623 5185 imbecilles,
655 5123 1002 5177 etdormiunt
1027 5125 1208 5180 inulti.
1254 5124 1409 5190 Quod
1450 5127 1492 5178 si
1537 5135 1781 5179 nosmet-

196 5213 345 5280 ipsos
428 5214 890 5283 dijudicaremus,
961 5233 1070 5271 non
1132 5218 1320 5286 utique
1379 5217 1778 5287 judicarcinur.

195 5298 683 5370 Dumjudicamur
705 5315 890 5358 autem
929 5320 960 5358 a
996 5305 1231 5359 Domino
1303 5307 1661 5374 corripiiiiur,
1715 5318 1776 5362 ut

195 5409 300 5447 non
346 5409 486 5448 cum
543 5395 644 5450 hoc
693 5397 901 5452 mundo
951 5398 1294 5453 daniiiemiir.
1341 5399 1552 5469 Itaque,
1581 5401 1776 5456 fratres

194 5491 322 5554 iiiei,
357 5505 496 5544 cum
551 5492 860 5550 convenitis
889 5493 956 5549 ad
1010 5495 1484 5560 manducandum,
1543 5495 1778 5554 invicem

1895 3201 2122 3254 corpore
2167 3201 2182 3240 :
2228 3201 2357 3238 num
2386 3187 2510 3241 ideo
2549 3203 2655 3240 non
2713 3196 2796 3240 cst
2853 3186 2919 3240 de
2957 3185 3244 3254 corpore?
3295 3184 3359 3239 Et
3424 3185 3469 3236 si

1891 3277 2091 3332 dixerit-
2118 3280 2308 3335 auris:
2343 3280 2606 3344 Quoniam
2638 3297 2744 3333 non
2773 3295 2890 3333 sum
2933 3280 3147 3339 oculus,
3194 3293 3298 3330 non
3344 3293 3468 3332 sum

1891 3372 1958 3426 de
1991 3386 2256 3439 corpore:
2285 3388 2416 3424 niiiii
2439 3373 2558 3424 ideo
2588 3387 2696 3424 non
2728 3381 2810 3425 est
2843 3371 2910 3426 de
2968 3370 3244 3439 corpore?
3275 3369 3329 3424 Si
3387 3381 3468 3424 to-

1894 3473 2006 3518 tum
2029 3481 2227 3532 corpus
2255 3465 2446 3518 oculus
2473 3484 2486 3519 :
2552 3466 2641 3517 ubi
2674 3465 2944 3519 auditus?
2995 3465 3050 3518 Si
3078 3475 3249 3518 totum
3309 3463 3472 3517 audi-

1895 3566 2032 3610 tus:
2104 3555 2194 3609 tibi
2258 3556 2588 3609 odoratus?
2643 3555 2798 3609 Nunc
2825 3569 3010 3609 autem
3080 3555 3262 3622 posuit
3328 3555 3473 3607 Deus

1893 3648 2160 3710 membra,
2219 3647 2646 3716 unun'iqiiodqiie
2702 3662 2892 3716 eorum
2954 3647 3006 3697 in
3069 3661 3298 3713 corpore
3327 3644 3471 3696 sicut

1890 3740 2085 3793 Voluit.
2119 3739 2271 3804 Quod
2329 3741 2370 3792 si
2426 3751 2613 3793 essent
2679 3740 2861 3791 omnia
2896 3755 3062 3791 unum
3128 3736 3464 3798 membrum,

1894 3830 2208 3897 ubicurpiis
2235 3829 2257 3880 ?
2289 3827 2446 3882 Nunc
2488 3839 2676 3881 autem
2717 3829 2886 3882 multa
2915 3827 3138 3895 quidem
3194 3827 3466 3890 membra,

1893 3938 2060 3976 unum
2124 3934 2306 3975 auten.
2370 3938 2590 3988 corpus.
2633 3921 2752 3974 Non
2813 3929 2993 3989 potest
3034 3935 3216 3972 antem
3274 3918 3470 3974 oculus

1890 4018 2080 4071 dicere
2115 4015 2340 4070 manui:
2373 4015 2549 4084 Opera
2579 4024 2670 4068 tua
2718 4030 2824 4066 non
2864 4015 3082 4082 indigeo
3112 4028 3127 4068 ξ
3155 4014 3475 4066 autiaerum

1891 4119 2053 4179 caput
2090 4109 2362 4179 pedibus:
2399 4108 2514 4160 Non
2569 4109 2702 4162 estis
2764 4107 2896 4160 milii
2968 4107 3290 4160 necessarii.
3359 4104 3466 4159 Sed

1893 4205 2067 4257 multo
2099 4205 2271 4273 magis
2297 4219 2416 4270 qua:
2441 4204 2702 4256 videntur
2748 4203 2986 4254 membra
3041 4200 3284 4268 corporis
3311 4199 3466 4274 infir-

1893 4297 2063 4347 miora
2087 4308 2228 4359 esse,
2275 4295 2650 4348 necessariora
2712 4302 2882 4347 sunt:
2923 4300 2978 4345 et
3037 4308 3157 4360 quae
3207 4301 3468 4360 putamus

1892 4385 2216 4455 ignobiliora
2259 4387 2502 4440 membra
2559 4402 2679 4440 esse
2731 4386 3000 4454 c0rporis,
3062 4385 3147 4438 bis
3204 4385 3468 4438 honorem

1888 4479 2346 4533 abundantiorem
2402 4480 2792 4533 circuiidanius
2829 4497 2843 4535 :
2882 4489 2937 4532 et
2987 4494 3108 4548 quae
3177 4479 3470 4534 inhonesta

1889 4583 2021 4626 sunt
2052 4584 2265 4634 nostra,
2321 4571 2784 4626 abundantiorem
2829 4572 3170 4625 honestatem
3235 4571 3464 4625 habent.

1891 4665 2130 4720 Honesta
2186 4675 2369 4718 autem
2425 4676 2612 4718 nostra
2658 4663 2862 4717 nullius
2908 4675 3071 4735 egent
3121 4681 3136 4717 :
3182 4663 3276 4717 sed
3330 4661 3475 4716 Deus

1889 4759 2214 4826 temperavit
2245 4773 2447 4828 corpus
2489 4759 2563 4821 ei,
2623 4758 2708 4812 cui
2762 4757 2973 4821 deerat,
3007 4756 3472 4810 abundantiorem

1888 4851 2184 4905 tribuendo
2251 4850 2520 4904 honorem
2557 4858 2660 4903 :ut
2703 4864 2814 4904 non
2854 4849 2925 4903 sit
2961 4849 3203 4903 schisma
3241 4851 3293 4903 in
3350 4864 3475 4904 cor-

1895 4958 2050 5011 pore,
2085 4942 2179 4996 scd
2208 4941 2447 5010 idipsuni
2487 4956 2586 5010 pro
2626 4943 2860 4995 invicem
2897 4943 3132 4996 sollicita
3155 4943 3266 4996 sint
3298 4957 3474 4994 mem-

1893 5036 2010 5088 bra.
2048 5037 2111 5088 Et
2143 5036 2186 5088 si
2221 5035 2350 5103 quid
2380 5035 2618 5104 partitur
2659 5051 2826 5088 unum
2888 5035 3196 5090 membrum
3243 5049 3471 5104 compa-

1891 5127 2101 5180 tiuntur
2153 5127 2336 5180 omnia
2404 5127 2648 5181 membra
2729 5129 2908 5182 :sive
2969 5129 3237 5198 gloriatur
3297 5142 3466 5180 unum

1889 5218 2221 5283 membrum,
2253 5218 2599 5285 congaudent
2628 5219 2813 5272 omnia
2841 5220 3112 5274 membra.
3143 5218 3250 5272 Vos
3275 5227 3459 5272 autem

1894 5314 2022 5367 estis
2052 5329 2256 5380 corpus
2305 5315 2530 5378 Christi,
2559 5325 2616 5368 et
2647 5315 2915 5370 membra.
2949 5317 3014 5370 Et
3046 5313 3312 5382 quosdam
3337 5314 3468 5380 qui-

1889 5405 2014 5460 dem
2047 5404 2232 5475 posuit
2279 5405 2424 5461 Deus
2477 5407 2534 5461 in
2571 5407 2837 5473 Ecclesia,
2879 5408 3111 5478 primum
3159 5403 3468 5472 apostolos,

1884 5497 2132 5553 secundo
2147 5499 2465 5569 prophetas,
2488 5503 2654 5556 tertio
2676 5501 2951 5562 doctores,
2972 5497 3169 5553 deinde
3191 5496 3435 5552 virtutes
3450 5515 3469 5552 :

261 5701 514 5784 "Active
540 5701 763 5772 propius
788 5700 974 5762 Graeco
1001 5709 1170 5766 textui
1198 5707 1486 5766 Palatinus
1507 5720 1608 5763 ms.
1661 5704 1846 5766 habet.
1902 5723 2065 5764 unum
2118 5711 2368 5784 spiritum
2422 5711 2743 5779 paravimus,
2790 5718 2925 5775 etc.,
2970 5708 3032 5762 ἓν
3065 5701 3286 5776 πνεῦμα
3340 5705 3476 5762 ἐπο-

200 5769 430 5844 τίσθημε
441 5791 495 5825 ν.
