3946 6170
521 314 627 376 ’ῖςδ
1402 315 1465 376 S.
1504 313 1945 375 HIERONYMI
1989 315 2257 379 DIVINA
2299 316 2825 379 BIBLIOTHECA.
3588 328 3673 392 796

508 429 702 484 exinde
731 438 932 497 gratias
952 430 1318 488 curationum.
1349 430 1767 498 epitulatioues,
1796 431 2072 499 guberna-
2103 439 2148 492 Α
2180 429 2306 499 quis
2338 430 2546 499 parabit
2583 447 2640 486 se
2681 430 2752 486 ad
2790 430 3038 485 bellum?
3067 427 3144 486 lta
3175 438 3230 485 et
3259 447 3346 485 vos
3373 448 3459 504 per
3483 435 3675 508 linguam

510 524 710 581 tiones.
737 537 936 589 genera
979 522 1816 590 linguarum,interpretationes
1863 538 2076 576 sermo-
2180 524 2283 578 nisi
2350 523 2702 577 manifestum
2747 538 3057 578 sermonem
3119 525 3410 581 dederitis:
3455 534 3679 596 quomodo

508 626 638 663 num
659 612 698 664 '.
730 610 983 678 Nunquid
1031 626 1222 664 omnes
1253 614 1530 680 apostoli?
1579 615 1826 684 nunquid
1887 630 2079 668 omnes
2180 613 2393 668 scietur
2423 614 2473 667 id
2499 615 2642 682 quod
2669 609 2906 668 dicitur?
2937 615 3090 669 eritis
3107 616 3252 669 enim
3287 616 3336 669 in
3366 633 3476 672 aera
3499 619 3682 690 loquen-

509 702 833 770 prophelat?
884 702 1125 769 nunquid
1203 718 1393 757 omnes
1460 707 1761 760 doctores?
1833 705 2076 774 nunquid
2185 713 2288 758 tes.
2343 703 2475 757 Tam
2512 706 2703 768 multa,
2752 714 2810 758 ut
2857 715 3008 775 puta,
3043 721 3243 776 genera
3275 699 3555 778 linguarum
3580 723 3684 769 sunt

507 806 698 845 omnes
742 793 1011 845 virtutes?
1056 795 1298 862 nunquid
1351 810 1543 850 omnes
1597 802 1825 866 gratiam
1879 797 2082 851 habent
2185 795 2239 849 in
2277 795 2379 850 hoc
2416 797 2622 850 mundo
2659 814 2674 854 :
2737 808 2792 852 et
2846 798 2978 852 nihil
3014 799 3133 854 sine
3166 815 3298 855 voce
3341 810 3434 858 est.
3485 802 3535 856 Si
3580 820 3684 875 ergo

509 883 894 938 curationum?
946 887 1190 955 nunquid
1256 902 1449 942 omnes
1490 889 1691 958 linguis
1746 890 2084 960 loquuntur?
2188 888 2432 946 nesciero
2463 889 2724 942 virtutem
2761 891 2930 953 vocis,
2969 906 3066 944 ero
3099 890 3168 957 ei,
3200 891 3286 945 cui
3313 891 3507 961 loquor,
3534 894 3686 950 barba-

509 972 758 1039 nunquid
787 987 978 1026 onmes
1017 974 1486 1042 interpretantur?
1511 975 1868 1030 IEmulatnini
1900 985 2081 1028 autem
2188 991 2322 1029 rus:
2367 985 2423 1029 et
2466 979 2561 1046 qui
2618 978 2890 1046 loquitur,
2945 979 3078 1033 mihi
3118 981 3392 1036 barbarus.
3431 981 3511 1037 Sic
3529 998 3576 1038 et
3597 1000 3687 1050 vos,

511 1063 839 1119 charismata
878 1065 999 1137 [ηις.
1049 1066 1215 1140 dona]
1275 1069 1520 1124 tueliOra.
1561 1069 1627 1123 Et
1668 1069 1848 1122 adhuc
1903 1069 2086 1123 cxcel—
2187 1067 2446 1137 quoniam
2502 1070 2850 1126 aemulatores
2884 1072 3021 1127 e5tis
3061 1073 3374 1141 spirituum,
3415 1076 3474 1126 ad
3501 1074 3690 1131 aediﬁca.

511 1157 801 1212 lentiorem
834 1161 976 1213 viam
1011 1161 1327 1214 demonstro
1359 1160 1482 1232 [ηιι.
1521 1159 1956 1232 demonstrabo].
2190 1159 2394 1212 tionem
2427 1159 2686 1214 Ecclesia:
2713 1162 2961 1230 quarrite,
2992 1171 3049 1214 ut
3080 1161 3384 1216 abundetis.
3407 1162 3471 1218 Et
3499 1163 3601 1217 ideo
3617 1165 3689 1234 qui

588 1249 740 1321 ICap.
770 1249 938 1322 Xlll.]
976 1251 1034 1305 Si
1058 1253 1261 1321 linguis
1291 1254 1570 1306 hominum
1605 1253 1819 1321 loquar,
1841 1262 1896 1306 et
1926 1266 2090 1321 ai-ge-
2190 1251 2672 1321 loquilnrlingua,
2698 1262 2816 1307 oret
2842 1263 2897 1306 ut
2924 1253 3340 1322 interpretetur.
3371 1253 3492 1307 Nam
3517 1257 3556 1308 si
3574 1269 3690 1310 orem

514 1340 718 1402 lorum,
749 1343 1084 1396 eharitatem
1116 1352 1298 1395 autem
1328 1357 1433 1395 non
1468 1341 1721 1403 habeam.
1757 1341 1932 1395 iactus
1964 1355 2085 1394 sum
2191 1343 2398 1412 lingua,
2441 1345 2671 1414 spiritus
2704 1360 2858 1400 meus
2899 1354 3043 1410 orat,
3087 1360 3243 1399 mens
3275 1353 3444 1398 autem
3477 1360 3578 1399 mea
3603 1345 3693 1400 sine

515 1434 671 1488 velut
703 1449 777 1488 aes
804 1449 1031 1497 sonans,
1063 1443 1158 1488 aut
1190 1435 1500 1505 cymbalum
1532 1434 1795 1488 tinniens.
1825 1433 1954 1488 Etsi
1989 1433 2089 1487 ba-
2193 1435 2372 1490 fructu
2404 1445 2509 1490 est.
2543 1435 2684 1503 Quid
2719 1452 2850 1503 ergo
2879 1435 3012 1490 est?
3041 1435 3222 1491 Orabo
3265 1435 3470 1504 spiritu,
3499 1435 3636 1490 orabo
3652 1444 3692 1491 et

520 1511 696 1580 buero
730 1527 1098 1594 prephetiam,
1138 1537 1193 1580 et
1226 1527 1472 1580 noverim
1503 1526 1760 1595 mysteria
1791 1525 1998 1588 omnia,
2034 1532 2091 1580 et
2193 1537 2420 1585 mente:
2457 1531 2680 1597 psallam
2727 1525 2950 1596 spiritu,
2998 1527 3223 1600 psallam
3265 1535 3320 1581 et
3351 1536 3537 1579 mente.
3562 1525 3694 1581 Caete-

519 1633 739 1672 omnem
764 1619 1049 1672 scientiam
1081 1628 1173 1674 :et
1197 1620 1240 1673 si
1275 1619 1518 1674 habuero
1542 1635 1764 1673 omnem
1798 1619 1980 1684 tidem,
2016 1619 2089 1672 ita
2195 1635 2314 1673 rum
2364 1620 2408 1674 si
2473 1609 2820 1675 benedixeris
2871 1621 3065 1688 spiritu
3099 1636 3114 1673 :
3175 1619 3270 1688 qui
3325 1617 3524 1685 supplet
3557 1617 3694 1670 locum

523 1719 582 1764 ut
617 1719 830 1764 montes
859 1712 1210 1777 transferam,
1237 1713 1564 1764 charitatem
1612 1721 1796 1765 autem
1837 1727 1944 1764 non
1988 1710 2090 1764 ha-
2196 1712 2400 1770 idio'ze.
2435 1713 2713 1782 quomodo
2744 1713 2906 1773 dicet,
2945 1713 3140 1773 Amen,
3195 1723 3359 1778 super
3409 1718 3538 1761 tuam
3577 1708 3698 1761 bene-

520 1800 718 1862 buero,
745 1801 880 1854 nihil
915 1817 1058 1854 sum.
1095 1801 1158 1851 Et
1189 1801 1231 1854 si
1257 1800 1597 1854 distribuere
1619 1800 1673 1853 in
1709 1789 1864 1854 cibos
1891 1815 2088 1869 paupe-
2123 1815 2166 1874 Β
2202 1803 2496 1858 dictionem
2525 1804 2547 1856 Ἰ
2598 1805 2859 1872 quoniun
2917 1803 3045 1870 quid
3099 1802 3269 1863 dicas,
3305 1801 3482 1854 nescit.
3522 1799 3630 1853 Nam
3657 1809 3697 1851 tu

527 1909 650 1948 rum
679 1909 872 1948 omnes
895 1894 1184 1948 facultates
1215 1908 1385 1953 meas,
1418 1903 1473 1946 et
1503 1894 1545 1946 si
1575 1893 1857 1948 tradidero
1891 1908 2093 1961 corpus
2201 1896 2422 1964 quidem
2453 1895 2592 1948 bene
2626 1896 2828 1960 gratias
2849 1895 2985 1965 agis,
3013 1896 3105 1948 sed
3143 1895 3281 1946 alter
3302 1908 3404 1946 non
3437 1893 3698 1945 aadiﬁcatur.

527 2002 710 2042 meum
736 1988 804 2042 ita
829 1997 887 2041 ut
910 1990 1128 2041 ardeam
1159 1986 1285 2058 [ms.
1308 1985 1540 2057 ardeat].
1567 1987 2092 2040 charitatemautem
2201 1989 2414 2043 Gratias
2457 2005 2557 2057 ago
2591 1989 2698 2041 Deo
2749 2003 2892 2051 meo,
2928 1987 3072 2055 quod
3105 1985 3349 2039 omnium
3383 1993 3598 2036 vestrum
3623 1982 3701 2035 litt-

531 2095 637 2132 non
671 2078 936 2143 habuero.
973 2081 1107 2133 nihil
1139 2082 1272 2135 mihi
1303 2082 1548 2149 prodest.
1597 2078 1846 2133 Charitas
1883 2075 2098 2146 patiens
2202 2097 2308 2151 gtta
2364 2080 2576 2148 loquor.
2636 2078 2740 2133 Sed
2792 2081 2844 2132 in
2883 2079 3126 2133 Ecclesia
3166 2078 3290 2131 volo
3322 2077 3544 2146 quinque
3579 2074 3703 2127 verba

531 2183 642 2235 est,
670 2171 902 2240 benigna
929 2184 1011 2225 est
1041 2187 1055 2224 :
1112 2173 1477 2225 charitasnon
1509 2171 1817 2232 aatnulatnr,
1848 2185 1954 2222 non
1986 2168 2099 2238 agit
2205 2187 2372 2226 sensu
2419 2186 2540 2224 meo
2577 2169 2749 2238 loqui,
2787 2178 2848 2222 ut
2876 2179 2932 2222 et
2962 2169 3101 2221 alios
3131 2166 3397 2219 instruatn
3427 2182 3439 2216 ι
3469 2177 3606 2232 quam
3633 2161 3702 2213 de-

533 2272 848 2328 ρετρετεως
902 2261 1279 2326 luminum“.
1333 2277 1441 2314 ιιοη
1491 2273 1577 2316 εει
1629 2259 1939 2323 ambulo“.
1988 2274 2099 2311 non
2208 2279 2328 2318 cem
2381 2263 2547 2316 millia
2601 2262 2898 2315 verborum
2940 2261 2992 2312 in
3051 2259 3262 2327 lingua.
3324 2256 3543 2329 Fratres,
3585 2253 3707 2305 nolite

532 2351 872 2420 qua2ritqua:
909 2368 1005 2404 sua
1057 2363 1208 2418 sunt,
1268 2369 1374 2407 non
1429 2354 1842 2414 irritatur,non
1898 2353 2103 2420 cogitat
2211 2358 2365 2427 pueri
2397 2356 2534 2410 cllici
2583 2356 2861 2414 sensibus,
2915 2355 3008 2408 sed
3061 2351 3270 2404 malitia
3309 2349 3503 2418 parvuli
3543 2356 3710 2400 estote:

533 2443 761 2507 malum,
797 2459 903 2496 non
953 2447 1152 2513 gaudet
1210 2461 1378 2514 snper
1431 2445 1745 2514 iniquitate.
1799 2443 2104 2513 εοιιεθυάθι
2211 2450 2465 2504 sensibus
2508 2459 2690 2503 autem
2743 2447 2969 2515 perfecti
3013 2455 3212 2500 estote.
3271 2443 3328 2496 lu
3375 2442 3483 2507 lege
3504 2441 3710 2507 scriptum

532 2544 715 2587 autent
767 2538 984 2588 veritati
1009 2549 1027 2591 ε
1057 2539 1237 2590 omnia
1304 2536 1515 2600 suﬂ'ert,
1538 2539 1720 2589 omnia
1751 2536 1944 2600 credit,
1991 2549 2104 2588 om-
2213 2555 2334 2603 est:
2371 2543 2638 2610 Quoniam
2676 2544 2730 2597 itt
2761 2543 2882 2595 aliis
2911 2539 3113 2609 linguis
3144 2548 3200 2591 et
3238 2537 3394 2592 labiis
3423 2535 3530 2587 aliis
3566 2536 3714 2598 lquar

534 2627 624 2679 nia
657 2636 857 2697 sperat.
916 2631 1098 2681 omnia
1169 2631 1425 2682 sustinet.
1491 2629 1742 2682 Charitas
1821 2641 2103 2695 nunquam
2215 2637 2416 2706 ροριιιυ
2447 2636 2573 2690 huic
2603 2652 2618 2694 ;
2645 2647 2700 2689 ει
2736 2649 2838 2689 nec
2868 2635 2950 2688 sic
2977 2633 3281 2687 exaudiam
3307 2646 3408 2690 me,
3431 2627 3550 2680 dicit
3575 2621 3717 2678 Domi-

539 2721 762 2778 exeidit.
805 2722 920 2773 sive
956 2721 1256 2788 prophetia:
1285 2723 1720 2782 cvaeuabuutur.
1761 2722 1876 2774 sive
1907 2720 2097 2788 lingua

2217 2747 2341 2784 nus.
2387 2730 2574 2798 Itaque
2624 2730 2826 2798 lingua:
2881 2729 2935 2782 in
2967 2727 3181 2795 signum
3213 2733 3344 2778 sunt
3377 2739 3475 2776 non
3502 2717 3718 2778 ﬁdelibus,

538 2817 854 2875 cessabunt,
889 2814 1003 2866 sive
1032 2814 1258 2867 scientia
1293 2817 1625 2867 destruetur.
1667 2815 1743 2867 Ex
1771 2824 1926 2882 parte
1959 2813 2108 2866 enim
2216 2823 2309 2876 sed
2342 2822 2657 2875 inﬁdelibus
2691 2837 2706 2876 ;
2740 2818 3036 2888 prophetiae
3067 2828 3254 2871 autem
3287 2831 3391 2870 non
3437 2809 3715 2866 inﬁdelibus.

540 2908 940 2973 cnguoscintns.
972 2919 1026 2960 et
1048 2924 1111 2958 et
1147 2921 1297 2976 parte
1328 2909 1746 2975 pmpltelatnus.
1769 2906 1900 2957 Cuut
1926 2917 2108 2958 autem
2219 2915 2314 2968 sed
2345 2913 2619 2967 ﬁdelibus,
2677 2913 2732 2965 Si
2762 2928 2892 2980 ergo
2923 2911 3220 2965 conveniat
3259 2911 3499 2961 universa
3531 2897 3723 2956 Ecclesia

552 3000 766 3052 venerit
799 3000 943 3068 quod
976 3003 1279 3068 perfectum
1311 3011 1414 3063 cst.
1451 3000 1810 3054 evaclldbllur
1863 2999 2008 3068 quod
2045 3011 2110 3049 ex
2223 3008 2275 3059 in
2300 3015 2560 3068 unum,et
2585 3020 2778 3058 omnes
2803 3004 3003 3073 linguis
3025 3003 3352 3071 loquantur,
3379 2997 3722 3053 iutrentautem

544 3101 700 3158 parte
727 3102 832 3144 est.
855 3090 987 3145 CUI"
1016 3107 1194 3144 essent
1223 3097 1504 3161 parvulus,
1539 3094 1805 3161 loquebar
1836 3101 1892 3144 Ul
1917 3105 2116 3158 parvu-
2227 3099 2426 3160 ﬁliola},
2460 3107 2554 3151 θυι
2587 3097 2866 3151 ίιιίὶάειεεε
2903 3109 3085 3149 nonne
3117 3095 3308 3148 dicen],
3339 3088 3477 3161 quod
3504 3077 3725 3142 insanitis?

545 3185 654 3247 lus,
681 3185 986 3252 cogitabam
1054 3195 1113 3239 ιιι
1161 3187 1437 3254 pan-villus.
1489 3167 1720 3252 Quando
1743 3196 1922 3238 autem
1945 3183 2120 3236 factus
2145 3223 2190 3256 τ,
2227 3191 2284 3244 Si
2316 3199 2498 3244 autem
2533 3203 2726 3243 omnes
2765 3187 3116 3256 prophetent,
3148 3186 3318 3239 intret
3351 3189 3517 3236 autem
3547 3174 3648 3244 quis
3664 3171 3727 3224 in-

545 3292 667 3329 sunt
713 3277 816 3334 vir,
858 3278 1115 3328 etracuavi
1183 3293 1304 3344 qua:
1360 3288 1518 3329 erant
1566 3277 1802 3342 parvuli.
1857 3275 2103 3328 Videntur

2169 3267 2190 3286 ’
2226 3285 2424 3347 ﬁdelis,
2459 3283 2538 3338 vel
2573 3284 2762 3343 idiota.
2797 3281 3145 3336 convincitur
3181 3279 3251 3331 ab
3283 3276 3542 3332 omnibus.
3575 3263 3727 3334 dijudi-

549 3383 698 3422 nunc
742 3383 836 3436 per
858 3370 1140 3435 speculum
1177 3372 1229 3422 in
1280 3370 1566 3437 aenigmate
1603 3387 1615 3422 :
1652 3378 1779 3421 tunc
1841 3379 2020 3421 autem
2041 3367 2122 3418 [ιι-
2226 3389 2381 3431 ρεηιη-
2411 3377 2478 3430 ει,
2511 3375 2767 3428 omnibus
2800 3393 2812 3428 ε
2846 3373 3058 3427 occulta
3119 3371 3308 3425 cordis
3349 3369 3462 3436 ejus
3501 3359 3725 3415 manifesn

549 3462 632 3515 cie
655 3462 720 3535 ad
757 3461 972 3514 faciem.
1007 3463 1159 3515 Nunc
1187 3478 1457 3532 cognosco
1513 3478 1578 3516 ex
1623 3471 1774 3531 parte
1821 3477 1836 3516 :
1875 3471 2007 3513 tunc
2033 3475 2126 3511 ειυ-
2229 3468 2386 3532 ﬁunt,
2433 3478 2484 3521 et
2513 3469 2586 3520 ita
2613 3467 2819 3520 cadens
2848 3467 2900 3517 in
2933 3464 3126 3518 faciem
3161 3459 3414 3515 adorabit
3437 3455 3604 3515 Deum,
3630 3459 3724 3518 βιο-

556 3565 666 3607 tetu
692 3570 1016 3624 c0gnoscatn
1048 3558 1194 3609 sicut
1219 3557 1542 3624 etcognilus
1567 3571 1707 3608 sntn.
1763 3554 1918 3607 Nunc
1946 3563 2125 3605 autent
2230 3563 2492 3615 nuntians
2529 3559 2669 3627 quod
2712 3573 2836 3612 vere
2875 3558 3016 3610 Deus
3050 3556 3104 3607 in
3159 3554 3320 3607 vobis
3349 3552 3437 3605 sit.
3491 3543 3611 3611 Quid
3635 3551 3728 3606 ergo

558 3661 780 3704 manent
801 3651 955 3713 fides,
980 3665 1126 3717 spes,
1153 3651 1420 3713 Charitas,
1451 3649 1578 3715 tria;
1607 3649 1723 3702 hinc
1749 3648 1921 3717 major
1945 3654 2128 3699 autem
2231 3664 2337 3720 εει,
2365 3654 2599 3708 fratres?
2626 3667 2751 3705 cuin
2783 3651 3114 3710 convenitis,
3143 3645 3519 3714 unusquisque
3544 3645 3732 3690 vestrum

563 3753 760 3800 horum
821 3753 908 3798 est
965 3745 1223 3798 Charitas.
2235 3747 2496 3814 psalmum
2563 3745 2762 3807 habet,
2823 3744 3126 3797 doctrinam
3180 3739 3381 3803 habet,
3438 3723 3732 3804 apocalyPSl‘“

645 3840 802 3911 L(Jan.
819 3837 980 3909 XIV.|
1001 3837 1295 3892 Sectamini
1317 3835 1658 3896 chat'itatem.
1675 3831 2002 3888 temulamini
2025 3831 2136 3900 spi-

2238 3840 2423 3905 habet,
2473 3838 2712 3908 linguam
2775 3836 2961 3901 habet,
3016 3831 3521 3902 interpretationem
3573 3819 3735 3911 habet:

563 3908 778 3988 nulla:
807 3908 1170 4000 magisautem
1206 3940 1263 3982 ut
1298 3924 2136 3998 prophetetis.Quienimloqui-
2236 3929 2416 3984 omnia
2451 3930 2514 3981 ad
2551 3928 2967 3983 aailtiicationcm
2999 3925 3153 3978 ﬁant.
3201 3924 3333 3978 Sive
3364 3923 3532 3989 lingua
3559 3913 3659 3983 quis
3681 3908 3744 3960 Io-

567 4038 654 4077 tnr
677 4028 876 4093 Lingua,
902 4040 1007 4075 non
1051 4022 1368 4074 hominibus
1399 4021 1664 4088 loquitur,
1684 4019 1775 4072 sed
1803 4018 1915 4071 Deo
1938 4030 1953 4073 :
1975 4029 2125 4069 nemo

2237 4026 2446 4093 quitur,
2478 4025 2779 4076 secundum
2815 4020 2976 4082 duos,
3003 4030 3096 4073 aut
3128 4029 3190 4072 ut
3217 4017 3448 4070 multum
3474 4023 3586 4074 tres,
3612 4014 3741 4099 etpet

565 4120 714 4171 enim
748 4120 921 4170 audit.
953 4118 1162 4185 Spiritu
1194 4129 1373 4166 autem
1407 4113 1645 4180 loquitur
1677 4112 1956 4183 mysteria.
2003 4109 2133 4163 Nam
2240 4125 2443 4185 partes,
2473 4126 2528 4168 et
2566 4129 2709 4166 unus
2739 4118 3154 4179 interpretetur.
3186 4106 3245 4162 Si
3285 4116 3462 4159 autem
3492 4115 3583 4153 non
3615 4095 3745 4148 fuerit

564 4211 660 4278 qui
713 4209 1023 4278 prophetat,
1078 4207 1391 4258 horninibus
1436 4203 1678 4271 loquitur
1717 4202 1784 4254 ad
1818 4200 2137 4253 aadilicatio-
2242 4210 2534 4276 inim-pres,
2577 4216 2753 4259 ιερεηι
2785 4207 2836 4258 in
2871 4203 3138 4268 Ecdesia,
3168 4201 3275 4256 sibi
3307 4208 3484 4253 autem
3545 4192 3745 4259 loquatur

564 4319 713 4360 nem.
743 4311 800 4354 et
843 4299 1312 4360 exhortationem,
1343 4305 1398 4349 et
1434 4297 1889 4347 consolationem.
1923 4293 2021 4357 Qm
2057 4292 2139 4344 lo—
2241 4311 2296 4354 ει
2335 4301 2463 4353 Deo.
2519 4299 2802 4367 Ρι-υρῃριω
2850 4307 3030 4350 amem
3059 4296 3188 4358 duo.
3230 4303 3328 4346 θυι
3369 4301 3474 4344 πρε
3515 4287 3683 4339 dicant,
3708 4283 3748 4374 et

563 4397 756 4463 quitur
814 4394 1017 4461 lingua,
1072 4391 1429 4458 semetipsum
1478 4389 1763 4444 aediﬁcat;
1827 4385 1921 4453 qui
1956 4396 2138 4439 autem
2244 4392 2424 4446 exteri
2474 4391 2802 4460 diiudicent.
2860 4387 3016 4453 Quod
3069 4389 3117 4440 si
3172 4385 3266 4438 alii
3317 4381 3597 4436 revelatum
3623 4373 3748 4424 inerti

568 4492 882 4560 prophetat,
934 4489 1232 4543 Ecclesiam
1285 4487 1376 4540 Dei
1414 4485 1648 4538 aediﬁcat
1683 4488 1723 4539 ³.
1790 4484 1921 4536 Volo
1956 4493 2126 4535 autent

2246 4484 2483 4545 sedenti,
2537 4485 2688 4551 prior
2740 4490 2936 4535 taceat.
2985 4479 3224 4533 Potestis
3283 4477 3430 4530 enim
3477 4480 3643 4525 omnes
3681 4472 3749 4528 per

564 4600 764 4636 omnes
801 4599 895 4634 vos
925 4582 1071 4647 loqui
1102 4580 1326 4648 linguis,
1358 4577 1529 4647 magis
1561 4589 1742 4630 autem
1787 4577 2134 4643 prophetale.
2177 4579 2216 4631 ι)
2248 4579 2495 4646 singulos
2523 4577 2850 4646 prophetare
2879 4589 2893 4630 :
2932 4585 2989 4626 ιιι
3020 4585 3214 4626 omnes
3265 4570 3497 4634 discant,
3542 4571 3589 4616 et
3611 4564 3751 4652 omnes

571 4676 706 4730 Nam
745 4674 913 4741 major
962 4682 1046 4726 est
1081 4673 1171 4737 qui
1209 4670 1521 4737 prophetat,
1554 4683 1718 4737 quam
1755 4668 1849 4734 qui
1900 4668 2129 4734 loquitur

2249 4675 2656 4735 exhortentur;
2699 4680 2753 4724 et
2805 4669 3033 4738 Spiritus
3087 4665 3484 4735 prephetarnm
3532 4649 3751 4741 prophelif

573 4770 776 4838 linguis
815 4781 831 4820 ζ
865 4765 965 4817 utsi
999 4763 1141 4816 forte
1169 4760 1291 4832 [τηε.
1322 4761 1446 4815 add.
1487 4759 1568 4829 ut]
1627 4761 2043 4826 interpretetur,
2085 4770 2137 4810 ut
2250 4766 2479 4835 subjecti
2515 4775 2663 4816 sum,
2697 4763 2810 4817 Νυη
2843 4761 2989 4815 enim
3023 4768 3109 4812 est
3141 4753 3503 4812 dissensionis
3531 4732 3751 4805 Deus,scd

574 4864 818 4918 Ecclesia
847 4859 1268 4916 aediﬁcationem
1303 4857 1562 4926 accipiat.
1600 4859 1759 4912 Nunc
1793 4865 1999 4915 autem,
2037 4855 2148 4905 l‘ra-
2253 4861 2401 4926 pacis
2439 4877 2450 4912 ε
2493 4859 2635 4912 sicut
2687 4867 2743 4910 ει
2795 4857 2846 4907 in
2883 4853 3141 4906 omnibus
3187 4847 3452 4903 [ccclesiis
3505 4843 3752 4933 sanctorum

579 4969 710 5020 tres,
763 4957 808 5011 si
848 4971 1047 5010 venero
1079 4955 1145 5008 ad
1183 4967 1280 5006 vos
1312 4953 1511 5022 linguis
1544 4952 1798 5021 loquens,
1829 4951 1960 5020 quid
1994 4952 2148 5002 Vobis
2255 4957 2449 5007 doceo.
2513 4952 2766 5004 Mulieres
2825 4950 2880 5001 in
2933 4946 3194 5000 Ecclesiis
3240 4948 3476 5002 taceant,
3519 4948 3612 4988 non
3647 4935 3753 4980 enim

579 5052 838 5118 prodere,
885 5049 988 5104 nisi
1021 5050 1175 5102 vobis
1211 5048 1408 5115 loquar
1436 5057 1531 5100 aut
1565 5048 1615 5099 iit
1669 5047 2024 5110 revelatione,
2057 5053 2152 5095 aut
2257 5047 2594 5116 penniuitnr
2646 5045 2727 5097 eis
2779 5041 2949 5109 loqui,
3006 5039 3100 5091 sed
3149 5036 3410 5089 subditas
3437 5045 3564 5088 esse,
3594 5022 3758 5119 siturth

573 5148 634 5200 in
669 5145 915 5205 scicntia,
967 5153 1063 5197 aut
1103 5145 1156 5195 in
1213 5141 1521 5209 prephetia,
1585 5151 1680 5193 aut
1738 5140 1791 5192 itt
1855 5136 2150 5192 doctrina?
2260 5141 2343 5194 lex
2378 5140 2531 5192 dicit.
2564 5139 2617 5190 Si
2651 5137 2778 5206 quid
2806 5151 2984 5187 amem
3027 5133 3218 5186 volunt
3247 5131 3476 5188 discere,
3504 5117 3628 5212 donli
3653 5120 3760 5212 Vtilis

581 5241 790 5295 Tamen
839 5253 962 5306 qua:
1017 5237 1134 5290 sine
1161 5237 1338 5287 anima
1391 5243 1522 5288 sunt
1568 5247 1755 5286 vocem
1790 5231 1995 5296 dantia,
2038 5233 2153 5284 sive
2265 5249 2392 5288 suos
2427 5237 2783 5299 interrogent.
2817 5227 2999 5295 Turpe
3033 5236 3116 5279 est
3166 5222 3318 5276 enim
3360 5213 3557 5272 mulieri
3585 5211 3763 5306 loqui

581 5337 739 5397 tibia,
905 5331 1135 5389 cithara.
1169 5330 1270 5382 nisi
1295 5327 1704 5382 distinctionem
1737 5326 2019 5380 SOIlllulllll
2057 5323 2154 5377 de-
2269 5327 2534 5381 Ecclesia,
2566 5329 2646 5378 Αιι
2681 5341 2711 5377 a
2749 5322 2901 5375 vubis
2933 5323 3154 5372 verbum
3185 5317 3280 5368 Dei
3315 5308 3562 5384 processit
3586 5303 3605 5354 ἲ
3629 5305 3702 5352 ἒυι
3727 5303 3767 5397 ¹ν⁷¹

584 5396 790 5490 derint,
827 5422 1101 5494 quomodo
1132 5422 1339 5476 scietur
1365 5422 1414 5472 id
1443 5420 1586 5488 quod
1619 5423 1860 5484 canitur,
1891 5417 2152 5491 autquod
2267 5435 2363 5470 vos
2400 5419 2546 5470 solos
2575 5413 2863 5484 pervenit?
2899 5411 2953 5465 Si
2987 5415 3110 5480 quis
3140 5408 3364 5460 videtur
3400 5402 3634 5498 [)TUPl-Nfu

583 5489 988 5576 citharizatur?
1021 5516 1234 5571 Etenim
1264 5515 1307 5569 si
1342 5515 1608 5568 incertam
1655 5527 1842 5566 vocent
1881 5489 1977 5565 det
2007 5514 2158 5576 tuba,
2271 5521 2366 5566 aut
2413 5507 2736 5578 spiritualis,
2777 5514 3069 5576 cognoscat
3116 5516 3241 5571 qua:
3270 5497 3450 5553 scribo
3477 5489 3629 5546 vobis.
3675 5489 3771 5544 qu”

671 5703 687 5732 ³
719 5701 894 5754 Νεενὶι
919 5697 1196 5752 Palatinus
1230 5712 1333 5750 ms.
1361 5695 1547 5755 verba,
1579 5693 2034 5760 interpretationis
2054 5707 2164 5746 ser-

2351 5694 2369 5723 ‘
2403 5689 2608 5744 Nomen
2667 5687 2780 5748 Dei,
2823 5685 2965 5754 quod
3001 5692 3057 5738 et
3110 5684 3163 5738 in
3220 5680 3413 5737 ϐιωεο
3450 5669 3769 5730 rcticettettu.

599 5788 835 5831 utamini,
864 5782 982 5836 qua:
1031 5779 1083 5822 ct
1116 5770 1223 5823 rari
1269 5786 1296 5821 e
1320 5765 1522 5824 Cra-cis
1559 5780 1689 5818 mss.
1720 5764 1940 5817 habent.
2279 5762 2332 5816 in
2367 5761 2616 5816 Palatino
2652 5772 2753 5812 ms.
2791 5773 2899 5811 non
2923 5766 3028 5810 cst.
