3946 6170
235 304 347 370 797

1347 321 1404 382 ε.
1451 321 1686 381 PAULI
1729 321 1969 382 EPIST.
2017 323 2046 382 Ι
2086 324 2188 384 AD
2229 323 2402 386 (ΞΟΠ.

3373 324 3485 387 793

231 419 459 477 Domini
488 433 618 480 sunt
648 426 922 484 mandata.
949 427 1003 484 Si
1029 430 1153 500 quis
1177 439 1360 487 autem
1389 432 1625 503 ignorat,
1658 432 1813 502 igno-
1843 445 1886 499 Α
1919 448 2066 498 eum,
2103 437 2196 504 qui
2249 437 2481 505 subjecit
2529 436 2579 492 ei
2615 436 2816 490 omnia.
2865 435 3000 490 Cum
3033 443 3212 488 autem
3235 434 3486 503 subjecta

229 515 475 569 rabitur.
528 514 736 586 Itaque,
790 521 1002 583 fratres,
1039 524 1371 578 aetiiulamini
1424 525 1809 593 prophetare:

228 617 289 659 et
324 610 476 674 loqui
503 610 701 677 linguis
729 613 896 666 nolite
926 617 1241 680 prohibere.
1271 619 1466 671 Omnia
1497 629 1678 671 autem
1713 619 1814 672 ho-

230 708 418 756 neste.
461 709 517 752 et
545 706 850 757 secundum
883 708 1130 761 ordinem
1165 708 1316 764 ﬁant.

307 790 474 862 [Cap.
513 792 655 866 XV]
708 796 905 851 Nolunt
958 811 1139 854 autem
1196 802 1351 857 vobis
1384 803 1544 866 facio,
1594 805 1814 868 fratres.

229 882 620 952 Evangelium,
646 892 790 957 quod
818 892 1107 958 praedicari
1142 896 1318 959 vobis,
1347 899 1489 966 quod
1521 910 1575 951 et
1599 899 1816 966 accepi-

229 977 362 1040 stis,
406 980 465 1033 in
503 995 612 1048 quo
649 991 704 1035 et
733 984 911 1047 statis,
947 1002 1044 1052 per
1073 988 1216 1055 quod
1254 999 1308 1043 et
1341 992 1629 1044 salvamiui
1663 1009 1678 1046 :
1709 1008 1814 1061 qua

231 1071 460 1126 ratione
495 1074 898 1140 pmdiCaveriut
926 1079 1101 1144 vobis,
1135 1081 1179 1134 si
1214 1083 1433 1145 tenetis,
1471 1085 1576 1138 nisi
1615 1084 1814 1140 frustra

231 1163 580 1220 credidistis.
608 1165 831 1222 Tradidi
867 1169 1012 1222 enim
1049 1173 1202 1226 vobis
1237 1174 1289 1226 iu
1325 1175 1536 1240 primis.
1578 1178 1723 1244 quod
1760 1189 1815 1230 et

234 1254 430 1323 accepi
461 1271 476 1311 :
509 1259 770 1324 quoniam
807 1259 1059 1315 Christus
1100 1273 1348 1318 mortuus
1380 1273 1463 1319 est
1499 1282 1596 1333 pro
1628 1283 1817 1332 pecca-

237 1347 313 1400 tis
354 1349 561 1402 nostris
607 1351 909 1406 secundum
963 1353 1293 1422 Scripturas,
1328 1365 1382 1409 et
1408 1359 1536 1425 quia
1570 1358 1817 1427 sepultus

235 1444 346 1495 est.
383 1445 441 1490 et
481 1439 608 1506 quia
653 1445 955 1496 resurrexit
1005 1446 1164 1498 tertia
1205 1446 1294 1499 die
1329 1449 1630 1500 secundum
1670 1449 1818 1502 Scri-

239 1537 488 1596 pturas:
521 1540 576 1585 et
605 1535 732 1600 quia
774 1535 925 1588 visus
953 1547 1039 1588 est
1065 1535 1287 1604 Cephm,
1321 1547 1376 1591 et
1413 1548 1534 1607 post
1571 1539 1674 1592 hoc
1711 1553 1816 1591 un-

240 1619 452 1675 decim.
509 1622 716 1678 Deinde
747 1627 898 1679 visus
923 1637 1009 1681 est
1040 1629 1160 1696 plus
1182 1646 1343 1698 quant
1369 1632 1683 1703 quingentis
1711 1631 1819 1683 fra-

243 1708 430 1782 tribus
468 1712 627 1767 simul
662 1732 677 1768 :
717 1732 782 1769 ex
814 1718 1015 1784 quibus
1054 1720 1208 1772 multi
1250 1730 1472 1774 manent
1519 1737 1692 1788 usque
1725 1721 1821 1774 ad-

244 1799 384 1867 huc,
425 1804 644 1870 quidam
681 1820 860 1860 autem
898 1810 1279 1865 dormierunt:
1312 1811 1512 1865 deinde
1546 1784 1694 1865 visus
1739 1823 1822 1866 est
1857 1784 1896 1836 Β

245 1892 483 1957 Iacobo,
513 1896 710 1951 deinde
747 1901 1009 1968 apostolis
1039 1902 1297 1956 omnibus
1334 1920 1348 1958 ε
1398 1904 1693 1958 noviSsinte
1731 1920 1826 1957 au-

249 1997 363 2040 tem
396 1990 640 2042 omnium
672 2001 928 2060 tanquam
990 1995 1260 2058 abortivo,
1292 1995 1440 2049 visus
1469 2006 1553 2048 est
1582 2005 1636 2049 et
1667 1995 1824 2054 mihi.

247 2080 367 2149 Ego
391 2081 539 2134 enim
577 2098 698 2136 sum
728 2083 991 2138 'minimus
1024 2087 1419 2155 apostolorum,
1453 2089 1543 2157 qui
1571 2105 1679 2142 non
1703 2105 1824 2143 sum

249 2171 458 2241 dignus
498 2175 683 2228 vocari
713 2177 1016 2244 apostolus,
1060 2177 1317 2245 quoniam
1347 2188 1670 2247 persecutus
1702 2195 1824 2232 sum

252 2263 559 2319 Ecclesiam
591 2267 708 2321 Dei.
740 2267 922 2320 Gratia
954 2279 1134 2322 autem
1165 2269 1255 2321 Dei
1289 2287 1404 2323 sum
1433 2273 1480 2324 i'd
1514 2273 1656 2340 quod
1681 2287 1824 2336 sum,

250 2369 302 2412 et
339 2360 518 2425 gratia
551 2363 671 2427 ejus
707 2363 761 2413 in
793 2377 876 2413 nte
905 2376 1068 2414 vacua
1101 2373 1214 2414 non'
1243 2363 1361 2425 luit,
1403 2364 1497 2417 sed
1541 2364 1829 2416 abundan-

254 2453 370 2505 tius
421 2453 530 2505 illis
581 2439 834 2507 omnibus
864 2454 1106 2507 laboravi
1143 2473 1156 2509 :
1196 2471 1302 2509 non
1342 2471 1440 2526 ego
1475 2464 1679 2523 autem,
1732 2457 1826 2510 sed

252 2545 429 2611 gratia
480 2545 572 2598 Dei
624 2562 837 2600 mecum
873 2564 887 2602 :
929 2551 1043 2602 sive
1071 2550 1215 2603 enim
1249 2565 1370 2618 ego,
1433 2550 1546 2603 sive
1604 2551 1720 2604 illi:
1751 2551 1829 2604 sic

255 2638 626 2703 praedicamus
650 2638 770 2710 [ωδ.
811 2640 1274 2712 praedicavimus],
1300 2654 1353 2694 et
1387 2642 1466 2695 sic
1493 2643 1851 2697 credidistis.'

255 2730 312 2781 Si
350 2739 535 2798 autem
576 2731 834 2784 Christus
883 2735 1210 2799 praedicatur
1246 2734 1392 2800 quod
1449 2737 1743 2787 resurrexit
1799 2751 1828 2788 a

254 2819 513 2879 mortuis,
533 2821 807 2886 quomodo
832 2823 1050 2888 quidam
1076 2823 1266 2877 dicunt
1298 2826 1349 2875 in
1377 2826 1552 2884 vobis,
1573 2827 1827 2892 quoniam

257 2912 596 2963 resurrectio
637 2921 978 2965 mortuorum
1011 2929 1116 2966 non
1156 2915 1283 2968 est?
1334 2915 1387 2970 Si
1433 2926 1615 2969 autem
1648 2933 1834 2969 τρέω-κ

259 3006 436 3056 ret-tio
488 3015 826 3056 mortuorum
876 3019 982 3058 non
1027 3015 1130 3071 est,
1160 3023 1336 3076 neque
1368 3008 1618 3062 Chrisuts
1656 3027 1832 3062 resur-

1917 526 2120 581 fuerint
2153 529 2232 582 illi
2283 531 2465 581 omnia
2500 546 2514 582 :
2572 538 2700 581 tunc
2741 537 2794 580 et
2841 528 2956 595 ipse
2993 525 3165 580 Filius
3198 527 3488 594 subjectus

1916 621 2022 671 erit
2057 619 2128 678 ei,
2163 620 2253 686 qui
2281 620 2510 689 subjecit
2546 619 2647 673 sibi
2677 618 2882 678 omnia,
2929 625 2988 671 nt
3015 617 3087 670 sit
3131 617 3272 670 Deus
3302 615 3486 670 omnia

1920 705 1973 760 in
2006 709 2278 761 omnibus.
2319 710 2573 776 Alioquin
2611 709 2739 776 quid
2771 709 2977 761 faciunt
3006 710 3095 776 qui
3129 707 3480 775 baptizantur

1920 814 2020 869 pro
2071 800 2322 864 mortuis,
2355 801 2399 854 si
2433 801 2657 854 omnino
2685 801 2884 853 mortui
2912 815 3018 852 non
3055 797 3389 864 resurgunt?
3427 806 3485 854 ut

1917 894 2048 962 quid
2082 903 2136 947 et
2167 895 2513 962 baptizantur
2541 911 2639 964 pro
2675 895 2822 948 illis?
2874 905 2933 948 ut
2959 894 3091 963 quid
3124 903 3180 948 et
3211 908 3312 947 nos
3346 895 3488 962 peri-

1919 986 2169 1039 clitamur
2196 988 2344 1040 omni
2379 987 2558 1041 hora?
2583 986 2841 1052 Quotidie
2882 987 3082 1038 morior
3099 1001 3195 1054 per
3232 999 3471 1039 vestram

1920 1077 2174 1146 gloriam,
2211 1076 2431 1141 fratres,
2469 1093 2631 1146 quam
2670 1077 2845 1130 habeo
2885 1077 2936 1130 in
2968 1074 3189 1130 Christo
3219 1076 3345 1131 Jesu
3383 1074 3488 1130 Do-

1920 1170 2070 1222 mino
2106 1179 2314 1222 nostro.
2372 1169 2428 1223 Si
2489 1168 2814 1238 (secundum
2842 1168 3143 1234 hominem)
3188 1166 3254 1221 ad
3284 1167 3491 1221 bestias

1921 1261 2155 1328 pugnavi
2187 1259 2408 1328 Ephesi,
2448 1259 2580 1329 quid
2617 1259 2748 1313 mihi
2785 1259 3030 1328 prodest,
3066 1261 3111 1312 si
3143 1259 3344 1312 mortui
3377 1272 3490 1311 non

1921 1352 2256 1418 resurgunt?
2308 1354 2722 1412 manducemus.
2773 1360 2829 1405 et
2876 1352 3144 1414 bibamus,
3187 1365 3311 1404 cras
3343 1349 3490 1404 enim

1920 1445 2241 1498 morientur.
2268 1443 2445 1497 Nolite
2477 1443 2684 1498 seduci.
2713 1442 3085 1511 Corrumpunt
3109 1457 3290 1496 mores
3316 1440 3493 1496 bonos

1919 1536 2191 1603 colloquia
2225 1537 2386 1589 mala.
2417 1537 2705 1604 Evigilate.
2741 1536 2899 1604 justi.
2929 1545 2984 1589 et
3021 1534 3188 1588 nolite
3215 1547 3442 1602 peccare
3471 1548 3487 1587 :

1921 1628 2281 1698 ignorantiam
2314 1630 2460 1682 enim
2488 1629 2581 1682 Dei
2613 1630 2833 1697 quidam
2859 1628 3086 1690 habent.
3119 1627 3184 1679 ad
3225 1641 3486 1679 reveren-

1925 1718 2054 1769 tiam
2103 1717 2258 1769 vobis
2293 1717 2509 1786 loquor.
2561 1716 2665 1771 Sed
2718 1718 2864 1772 dicet
2914 1718 3152 1786 aliquis:
3206 1715 3492 1783 Quomodo

1927 1817 2221 1874 resurgunt
2255 1805 2498 1858 mortui?
2537 1806 2755 1873 qualive
2790 1821 3020 1875 corpore
3053 1804 3316 1859 venient?
3349 1805 3492 1860 lusi-

1926 1899 2102 1966 piens.
2145 1907 2200 1952 tu
2235 1899 2380 1966 quod
2421 1898 2663 1952 semiuas
2695 1914 2804 1951 non
2838 1899 3175 1962 viviﬁcatur,
3211 1898 3317 1952 nisi
3343 1899 3494 1966 prius

1929 1971 2214 2043 moriatur.
2261 1989 2326 2042 Et
2363 1990 2506 2056 quod
2542 1991 2800 2050 seminas,
2828 2003 2934 2041 non
2959 2003 3182 2056 corpus.
3222 1988 3366 2060 quod
3402 1989 3491 2042 fu-

1928 2085 2111 2131 turum
2160 2087 2263 2143 est,
2307 2080 2565 2144 seminus,
2617 2079 2710 2132 sed
2759 2080 2964 2133 nuduut
3007 2095 3257 2148 granum,
3300 2087 3492 2147 utputa

1929 2171 2120 2237 tritici,
2155 2179 2248 2224 aut
2282 2170 2514 2238 alicujus
2569 2182 2916 2224 calerorum.
2981 2170 3122 2224 Deus
3169 2181 3352 2224 autem
3401 2169 3494 2222 dat

1929 2264 2006 2317 illi
2037 2278 2236 2330 corpus
2267 2264 2410 2316 sicut
2445 2264 2560 2316 vult
2591 2279 2605 2316 :
2644 2273 2697 2316 et
2740 2263 3037 2331 unicuique
3064 2263 3334 2315 seminum
3369 2277 3497 2330 pro-

1932 2357 2114 2424 priunt
2156 2372 2377 2424 corpus.
2419 2355 2538 2408 Non
2573 2357 2752 2408 omnis
2789 2371 2918 2409 caro
2951 2356 3139 2408 eadem
3178 2369 3308 2406 caro
3339 2366 3354 2405 :
3401 2343 3496 2406 sed

1931 2449 2034 2501 alia
2087 2448 2307 2516 quidem
2354 2447 2665 2507 hominum,
2715 2447 2820 2499 alia
2868 2461 3000 2498 vero
3047 2459 3344 2510 pectiirum,
3395 2443 3499 2497 alia

1930 2539 2214 2593 volucrum
2251 2539 2291 2604 ³,
2348 2539 2449 2590 alia
2511 2547 2689 2590 autem
2728 2539 2984 2604 piscium.
3025 2534 3088 2586 Et
3131 2549 3359 2602 corpora
3387 2549 3499 2586 ca:-

1930 2630 2110 2688 lestia,
2142 2641 2196 2682 et
2227 2645 2468 2698 corpora
2492 2632 2817 2685 terrestria:
2856 2627 2948 2682 sed
2988 2629 3091 2681 alia
3135 2629 3356 2696 quidem
3389 2642 3500 2681 cm-

1932 2724 2148 2777 lestium
2174 2722 2366 2788 gloria,
2397 2720 2500 2773 alia
2529 2731 2711 2774 autem
2745 2721 3105 2773 terrestrium.
3132 2719 3250 2772 Alia
3277 2719 3498 2772 claritas

1934 2817 2087 2876 sotis,
2120 2816 2225 2867 alia
2263 2815 2485 2867 claritas
2524 2815 2688 2876 lunai,
2723 2823 2775 2866 et
2807 2813 2911 2865 alia
2942 2813 3162 2866 claritas
3193 2811 3496 2865 stellarum.

1937 2907 2100 2959 Stella
2131 2909 2276 2960 enim
2311 2923 2338 2958 a
2373 2907 2530 2959 stella
2564 2904 2749 2958 differt
2781 2906 2834 2958 itt
2863 2905 3110 2958 claritate
3147 2919 3162 2958 :
3208 2904 3288 2956 sic
3313 2914 3369 2956 et
3406 2917 3498 2956 re-

1935 3003 2205 3054 surrectio
2256 3009 2620 3052 mortuorum.
2669 2999 2979 3050 Seminatur
3019 2997 3072 3050 in
3121 2998 3500 3064 Corruptione,

259 3098 423 3149 rexit.
464 3098 523 3149 Si
557 3109 739 3150 autem
776 3097 1026 3152 Christus
1053 3115 1158 3151 non
1193 3101 1512 3159 resurrexit,
1538 3099 1718 3153 inanis
1748 3111 1834 3153 est
1860 3123 1901 3175 (ε
1937 3103 2124 3160 surget
2158 3094 2208 3142 iu
2242 3091 2672 3159 incorruptione.
2708 3089 3023 3143 Seminatur
3051 3091 3102 3141 in
3140 3089 3502 3153 ignobilitate.

259 3204 394 3256 ergo
424 3190 742 3256 praedicatio
776 3201 985 3255 nostra,
1024 3191 1204 3244 inanis
1232 3200 1314 3243 est
1344 3201 1397 3244 et
1433 3191 1567 3244 ﬁdes
1606 3203 1780 3244 vestra
1815 3208 1831 3248 :

258 3281 577 3334 invenimur
607 3291 787 3335 autem
823 3293 879 3336 et
909 3282 1027 3334 falsi
1063 3295 1227 3336 testes
1257 3283 1348 3337 Dei
1381 3300 1397 3336 ξ
1432 3285 1688 3352 quaniant
1729 3296 1835 3338 tes-

260 3376 559 3427 timonium
600 3377 836 3428 diximus
875 3378 1144 3429 adversus
1178 3377 1373 3437 Deum,
1424 3377 1570 3444 quod
1601 3382 1831 3430 suscita-

265 3470 339 3518 vit
376 3469 651 3521 Christum
687 3485 700 3521 :
740 3484 899 3536 quem
936 3485 1042 3522 non
1076 3471 1387 3531 suscitavit,
1420 3470 1464 3523 si
1498 3470 1695 3522 mortui
1729 3486 1834 3522 non

227 3593 230 3595 .
261 3565 564 3623 resurgunt
598 3557 635 3610 '.
695 3556 829 3610 Nam
863 3558 906 3610 si
937 3559 1138 3611 mortui
1169 3575 1274 3612 non
1310 3571 1620 3627 resnrgunt,
1657 3576 1834 3629 neque

258 3644 518 3698 Christus
550 3651 869 3700 resurrexit.
909 3648 1064 3713 Quod
1119 3649 1165 3702 si
1221 3650 1474 3704 Christus
1511 3669 1616 3704 non
1657 3667 1840 3706 resur-

261 3739 434 3801 rexit,
490 3755 623 3790 vana
675 3753 758 3793 est
805 3741 938 3794 ﬁdes
968 3754 1170 3808 vestra,
1207 3745 1389 3797 adhuc
1435 3747 1582 3800 enim
1615 3748 1744 3800 estis
1779 3747 1833 3800 in

262 3829 509 3894 peccatis
537 3832 750 3884 vestris.
777 3833 918 3901 Ergo
937 3845 990 3888 et
1021 3837 1112 3903 qui
1146 3839 1488 3892 dormierunt
1514 3857 1567 3892 tu
1591 3840 1834 3907 Christo,

262 3921 572 3988 perierunt.
638 3923 690 3977 Si
726 3924 782 3977 in
826 3926 926 3979 hac
965 3928 1075 3981 vita
1111 3938 1323 3982 tantum
1369 3933 1421 3983 in
1454 3932 1678 3986 Christo
1713 3949 1840 4002 spe-

261 4024 455 4068 rantes
496 4031 713 4080 sumus,
763 4018 1190 4072 miserabiliores
1218 4036 1410 4074 sumus
1441 4023 1697 4076 omnibus
1738 4028 1840 4076 ho-

260 4106 531 4160 rninibus.
590 4109 748 4162 Nunc
798 4119 980 4162 autent
1015 4111 1264 4166 Christus
1300 4115 1594 4166 resurrexit
1624 4131 1650 4166 a
1689 4130 1840 4167 mor-

260 4199 381 4248 tuis
413 4199 665 4264 primitite
697 4200 1088 4253 dormientium
1127 4217 1143 4255 :
1195 4204 1448 4269 quoniam
1483 4206 1704 4271 quidem
1741 4221 1837 4274 per

259 4291 545 4344 hominem
583 4308 755 4356 mors,
785 4304 839 4346 et
873 4310 968 4363 per
998 4295 1276 4349 hominem
1331 4299 1658 4350 resurrectio
1692 4314 1840 4351 mor-

257 4395 511 4438 tuorum.
549 4387 612 4439 lit
642 4387 784 4439 sicut
817 4388 870 4439 in
893 4387 1064 4439 Adam
1100 4403 1292 4441 omnes
1320 4394 1655 4452 moriuntur,
1685 4393 1754 4443 ita
1781 4399 1837 4445 et

255 4477 316 4528 iu
384 4477 604 4531 Christo
661 4495 854 4534 omnes
922 4481 1366 4535 viviﬁcabuntur.

257 4581 457 4624 autem
494 4573 547 4624 in
581 4587 682 4624 suo
712 4572 928 4638 ordine,
979 4575 1235 4642 primitiae
1288 4575 1584 4632 Christus:
1643 4577 1840 4631 deinde

253 4663 296 4713 ii
376 4663 467 4730 qui
534 4673 666 4717 sunt
729 4665 956 4728 Christi,
991 4667 1086 4733 qui
1147 4667 1201 4719 in
1224 4667 1462 4722 adventu
1501 4672 1624 4737 ejus
1654 4670 1842 4727 credis

251 4758 488 4812 derunt.
524 4758 731 4813 Deinde
772 4747 936 4815 ﬁnis:
979 4775 1102 4814 cum
1140 4761 1429 4815 tradiderit
1467 4779 1690 4832 regnum
1731 4763 1842 4816 Deo

249 4866 316 4902 et
373 4849 542 4910 Patri,
597 4866 719 4904 cum
750 4853 1102 4906 evacuaverit
1131 4868 1347 4906 omnem
1385 4855 1752 4922 principatum
1786 4864 1843 4908 et

253 4952 618 5005 potestatem.
668 4957 726 4999 et
776 4948 1107 4999 virtutem’.
1168 4943 1391 5013 Oportet
1450 4957 1632 5001 autem
1690 4948 1840 5001 illum

252 5050 520 5103 regnare,
566 5038 741 5090 donec
770 5047 935 5104 ponat
967 5053 1158 5091 omnes
1192 5038 1445 5090 inimicos
1474 5039 1575 5092 sub
1610 5040 1843 5107 pedibus

250 5133 415 5194 eius.
471 5131 776 5184 Novissima
803 5143 985 5185 autem
1035 5131 1256 5187 inimica
1299 5132 1617 5187 destruetur
1653 5149 1843 5188 mors:

251 5223 464 5275 Umnia
494 5228 639 5277 enim
668 5224 903 5293 subjecit
925 5225 1028 5278 sub
1058 5226 1286 5292 pedibus
1309 5228 1448 5293 ejus.
1480 5227 1616 5280 Cum
1655 5236 1840 5280 autem

253 5314 424 5366 dicat
454 5316 684 5370 :Omnia
715 5319 960 5388 subjecta
997 5328 1126 5372 sunt
1155 5320 1206 5373 ei
1241 5336 1256 5374 :
1290 5320 1409 5372 sine
1441 5320 1612 5374 dubio
1644 5331 1844 5390 pratter

341 5473 360 5503 ‘
403 5471 592 5548 isthaec
623 5475 898 5542 periocha.
935 5481 982 5530 si
1027 5479 1223 5532 mortui
1275 5493 1380 5531 non
1415 5489 1718 5548 resurgunt,
1753 5494 1845 5531 nc-

256 5545 474 5666 gnemin
505 5543 703 5612 Palat.,
759 5562 936 5614 neque
989 5551 1044 5606 in
1093 5551 1270 5608 Graec.
1301 5543 1588 5620 plerisque
1619 5543 1719 5604 lib.
1751 5552 1846 5603 ha-

301 5624 362 5665 ει
445 5651 459 5664 .

301 5624 459 5665 εῑυτ.

340 5688 364 5716 ι
400 5681 555 5748 Quod
586 5684 740 5741 addit
767 5684 854 5742 hic
882 5687 1146 5758 Palatinus
1166 5711 1303 5760 ms.,
1331 5699 1381 5748 el
1405 5689 1841 5759 dominationem,

1453 4480 1839 4551 Unusquisque
1875 4478 1915 4530 D
1948 4478 2265 4544 mysterium
2306 4476 2459 4528 vobis
2510 4474 2633 4525 dico
2670 4491 2685 4530 :

1943 3193 2127 3252 surget
2169 3185 2221 3234 in
2257 3183 2450 3250 gloria.
2508 3182 2826 3235 Seminatur
2857 3182 2908 3233 in
2943 3180 3283 3241 inﬁrmitate,
3313 3189 3503 3244 surget

1946 3276 1998 3328 in
2036 3276 2256 3328 virtute.
2293 3275 2608 3328 Seminatur
2640 3289 2840 3342 corpus
2871 3273 3128 3336 animale,
3154 3280 3341 3342 surget
3375 3287 3504 3325 cor-

1947 3383 2047 3436 pus
2077 3369 2340 3436 spiritale.
2394 3366 2446 3419 Si
2491 3376 2572 3418 est
2602 3382 2803 3434 corpus
2839 3366 3099 3430 animale,
3149 3375 3231 3419 est
3261 3373 3315 3418 et
3345 3363 3512 3432 spiris

1948 3461 2071 3522 tale,
2106 3460 2246 3512 sicut
2277 3461 2544 3526 scriptum
2576 3470 2657 3510 est
2702 3475 2715 3511 :
2756 3458 2953 3510 Factus
2983 3468 3067 3510 est
3104 3458 3311 3525 primus
3340 3456 3507 3510 homo

1944 3552 2115 3605 Adam
2154 3552 2205 3603 in
2253 3553 2489 3602 animam
2543 3554 2840 3610 viventem,
2895 3549 3225 3601 novissimus
3258 3548 3425 3599 Adam
3456 3547 3513 3599 in

1946 3645 2197 3710 spiritum
2242 3641 2630 3692 viviﬁcantem.
2681 3639 2788 3691 Sed
2846 3654 2952 3690 non
2995 3640 3142 3706 prius
3169 3638 3313 3705 quod
3349 3638 3512 3704 spiri-

1948 3737 2051 3790 tale
2084 3746 2188 3800 est,
2219 3735 2310 3788 sed
2350 3734 2494 3802 quod
2529 3733 2799 3784 animale:
2836 3731 3034 3784 deinde
3066 3731 3210 3797 quod
3243 3729 3509 3798 sptritale.

1947 3830 2162 3883 Primus
2201 3832 2362 3879 homo
2397 3827 2462 3878 de
2507 3838 2666 3885 terra,
2701 3833 2996 3878 terrenus:
3039 3822 3314 3876 secundus
3347 3821 3510 3873 homo

1946 3924 2012 3976 de
2048 3924 2207 3980 C(Dit),
2256 3921 2520 3973 calestis.
2576 3919 2764 3983 Qualis
2794 3925 3068 3978 terrenus,
3124 3915 3258 3968 tales
3303 3925 3355 3967 et
3399 3924 3511 3967 ter-

1947 4018 2104 4069 reni:
2139 4023 2191 4067 et
2235 4015 2408 4082 qualis
2455 4012 2717 4074 caelestis,
2763 4012 2897 4063 tales
2929 4018 2982 4062 et
3012 4009 3286 4062 caelestes.
3319 4008 3510 4076 Igitur,

1946 4112 2088 4165 sicut
2140 4110 2475 4176 portavimus
2515 4106 2803 4173 imaginem
2840 4104 3063 4166 terreni,
3105 4111 3383 4170 portemus
3450 4109 3506 4153 et

1948 4203 2236 4268 imaginem
2275 4201 2535 4253 caelestis.
2570 4199 2681 4250 lloc
2717 4207 2896 4248 autem
2933 4197 3075 4257 dico,
3107 4195 3300 4246 fratres
3333 4208 3348 4248 :
3385 4193 3512 4262 quia

1947 4308 2076 4347 caro
2106 4303 2158 4346 et
2191 4293 2414 4360 sanguis
2443 4307 2668 4359 regnum
2693 4290 2783 4341 Dei
2818 4288 3095 4356 possidere
3118 4303 3224 4339 non
3252 4295 3514 4354 possunt;

1948 4400 2124 4451 neque
2173 4383 2456 4448 corruptio
2514 4380 2941 4445 iucorruptelam
2989 4374 3310 4444 possidebit.
3378 4373 3516 4426 Ecce

2745 4485 2937 4525 omnes
2991 4469 3211 4537 quidem
3262 4480 3516 4533 resurge-

1950 4585 2091 4630 mus,
2135 4570 2232 4624 sed
2266 4585 2373 4620 non
2417 4584 2604 4620 omnes
2641 4563 3074 4619 imumtabiuiur.
3121 4561 3178 4614 lu
3213 4569 3515 4624 momento,

1949 4660 2002 4712 in
2041 4664 2148 4713 ictu
2178 4661 2342 4722 Oculi,
2375 4660 2427 4712 in
2461 4657 2754 4711 novissima
2789 4656 2955 4707 tuba:
2992 4663 3151 4706 cauet
3177 4654 3325 4704 enim
3361 4650 3518 4713 tuba,

1949 4761 2006 4806 et
2045 4754 2245 4806 mortui
2279 4760 2561 4820 resurgcttt
2599 4747 2940 4816 incorrupti:
2980 4755 3034 4798 et
3067 4759 3165 4798 nus
3206 4744 3522 4797 immutabi-

1951 4860 2096 4898 mur.
2147 4844 2374 4910 Oportet
2427 4845 2572 4896 enim
2629 4839 2992 4907 corruptibile
3024 4839 3127 4890 hoc
3171 4837 3399 4890 induere
3436 4838 3526 4889 itt-

1950 4941 2361 5006 c0rruptionem
2392 4953 2405 4988 :
2443 4946 2499 4989 et
2534 4936 2764 4988 mortale
2783 4935 2894 5006 ‘hoc
2939 4932 3165 4984 induere
3202 4929 3527 4984 inunortali-

1953 5041 2140 5086 tatem.
2194 5030 2329 5083 Cum
2390 5040 2572 5080 autem
2614 5026 2840 5078 mortale
2885 5026 2987 5078 ltoc
3020 5024 3264 5077 induerit
3296 5025 3527 5075 immor-

1953 5123 2236 5183 talitatem,
2287 5131 2417 5174 tunc
2450 5121 2540 5171 liet
2574 5131 2778 5180 sermo,
2827 5118 2919 5184 qui
2956 5117 3195 5184 scriptus
3233 5124 3356 5167 est:
3414 5111 3526 5164 Ab-

1951 5226 2136 5282 sorpta
2165 5223 2247 5267 est
2279 5229 2426 5266 mors
2455 5214 2510 5268 in
2537 5214 2784 5266 victoria.
2819 5209 2924 5266 Ubi
2956 5222 3064 5276 est,
3096 5224 3264 5269 mors,
3294 5207 3524 5262 victoria

1957 5308 2087 5360 tua?
2121 5307 2212 5359 ubi
2237 5317 2344 5371 est,
2374 5321 2544 5371 mors,
2579 5306 2834 5359 stimulus
2861 5305 3022 5359 tuus?
3047 5301 3311 5358 Stimulos
3337 5309 3527 5354 autem.

1959 5504 2068 5542 non
2107 5485 2344 5540 habetur
2373 5487 2426 5540 in
2451 5485 2642 5540 Graeco
2677 5487 2994 5552 archetypo.

2029 5559 2043 5570 '
2085 5555 2140 5609 lit
2179 5558 2422 5610 Palatino
2456 5572 2583 5618 ms.,
2630 5556 2740 5608 alia
2772 5549 3038 5620 pecorum,
3079 5551 3184 5604 alia
3221 5565 3346 5603 caro
3378 5549 3532 5605 volu-

1955 5645 2128 5698 crum,
2164 5638 2296 5694 etc.,
2321 5626 2414 5682 sed
2442 5635 2493 5679 et
2523 5625 2744 5680 Graecus
2774 5627 2863 5678 hic
2897 5633 3074 5678 textus
3106 5621 3307 5674 variat.
