3946 6170
514 351 620 412 Ἷῗὶθ

1397 363 1460 423 S.
1500 362 1944 426 HIEBONYMI
1989 367 2257 427 DIVINA
2303 367 2831 430 BIBLIOTHECA.

3587 379 3674 441 8N3

521 473 714 526 mortis
749 484 1033 540 peccatum
1059 485 1142 528 est
1180 493 1194 530 :
1232 475 1406 531 virtus
1442 494 1572 533 vero
1608 482 1815 549 peccati
1845 482 1952 536 lex.
1985 483 2094 537 Deo
2121 491 2170 546 Α
2205 482 2358 537 illum
2413 486 2466 539 in
2524 501 2680 556 pace.
2733 497 2794 540 ut
2837 483 3024 539 veniat
3062 483 3128 538 ad
3177 500 3297 540 me:
3331 499 3550 555 exspecto
3570 496 3685 547 enim

509 575 697 617 autem
741 568 967 634 gratias.
1015 569 1107 635 qui
1147 569 1295 623 dedit
1334 572 1492 625 nobis
1521 573 1807 626 victoriam
1846 591 1941 642 per
1981 576 2088 629 Do-

523 655 731 709 minum
789 668 1034 710 nostrum
1080 659 1263 714 Jesum
1301 663 1602 717 Christum.
1640 666 1848 734 Itaque,
1888 667 2086 722 fratres

513 748 618 800 mei
665 749 867 812 dilecti,
915 751 1134 805 stabiles
1171 764 1368 817 estote,
1419 766 1474 809 et
1507 759 1858 813 immobiles:
1911 761 2089 815 abun-

512 839 707 894 dantes
763 841 816 894 in
860 857 1025 910 opere
1079 844 1291 898 Domini
1333 861 1572 915 semper,
1643 851 1882 905 scientes
1934 851 2081 920 quod

517 931 672 986 labor
704 945 886 986 vester
912 951 1019 988 non
1051 945 1133 990 est
1159 938 1340 991 inanis
1370 939 1422 992 in
1456 939 1713 995 Domino.

589 1022 750 1095 [Cap.
784 1025 954 1098 XVI]
1001 1027 1077 1082 De
1130 1029 1377 1085 collectis
1412 1041 1620 1094 autem,
1675 1049 1797 1102 quae
1849 1035 1986 1090 fiunt
2031 1035 2086 1090 in

513 1126 756 1179 sanctos,
791 1116 936 1172 sicut
962 1118 1212 1172 ordinavi
1238 1121 1499 1178 Ecclesiis
1527 1123 1776 1187 Galatiae,
1809 1126 1882 1179 ita
1913 1136 1968 1182 et
1991 1143 2088 1182 vos

511 1205 698 1260 facite.
738 1205 842 1261 Per
899 1225 1061 1262 unam
1100 1210 1325 1266 Sabbati
1396 1218 1778 1285 nrmsquisque
1833 1231 2084 1273 vestrum

511 1299 652 1364 apud
681 1313 740 1351 se
768 1310 1018 1367 seponat,
1039 1305 1344 1358 recomlens
1367 1306 1512 1374 quod
1540 1310 1590 1360 ei
1617 1308 1757 1362 bene
1782 1310 2086 1378 placuerit:

509 1396 729 1451 utnon,
787 1399 912 1442 cum
963 1405 1188 1458 venero,
1248 1405 1377 1449 tunc
1424 1397 1670 1451 collecta:
1732 1399 1884 1454 ﬂant.
1947 1400 2086 1456 Cum

508 1488 690 1531 autem
733 1496 972 1547 priesens
1009 1482 1189 1549 fuero,
1236 1501 1377 1554 quos
1429 1488 1800 1556 probaveritis
1832 1508 1931 1560 per
1966 1495 2088 1562 epi-

509 1570 696 1632 stolas,
731 1571 831 1626 hos
857 1573 1068 1629 mittam
1101 1578 1350 1644 perferre
1380 1581 1608 1648 gratiam
1634 1590 1875 1637 vestram
1913 1584 1968 1638 in
1995 1585 2089 1640 Je-

513 1661 775 1718 rusalem!
825 1665 981 1729 Quod
1029 1667 1074 1721 si
1120 1667 1344 1738 dignum
1380 1671 1570 1732 fuerit.
1617 1683 1676 1727 ut
1719 1685 1771 1728 et
1803 1691 1903 1744 ego
1947 1692 2090 1743 eam,

511 1765 728 1804 mecum
763 1753 944 1810 ibunt.
996 1755 1224 1811 Veniam
1263 1770 1444 1813 autem
1478 1762 1546 1815 ad
1592 1778 1709 1829 vos,
1751 1781 1874 1819 cum
1907 1766 2085 1822 Mace-

515 1841 732 1895 doniam
769 1846 1188 1912 pertransiero:
1249 1865 1372 1903 nam
1419 1852 1788 1907 Macedoniam
1841 1870 2087 1923 pertran-

515 1932 656 1986 siho.
688 1933 847 2002 Apud
884 1951 980 1990 vos
1009 1949 1192 1993 autem
1228 1942 1460 1998 forsitan
1497 1949 1749 2008 tttattebo.
1802 1951 1884 2003 vel
1922 1953 2088 2006 etiam

523 2021 801 2091 hiemabo,
855 2038 915 2083 ut
962 2047 1058 2086 vos
1109 2048 1194 2088 me
1241 2036 1525 2093 deducalis
1578 2059 1906 2113 quocunque
1952 2047 2088 2100 iero.

516 2114 654 2171 Nolo
683 2121 826 2173 enim
852 2137 949 2176 vos
976 2126 1137 2203 modo
1171 2128 1222 2181 in
1249 2135 1480 2186 transitu
1507 2135 1713 2201 videre,
1746 2153 1905 2204 spero
1931 2139 2078 2192 enim

517 2225 606 2263 me
653 2212 1048 2282 aliquantulum
1107 2222 1369 2290 temporis
1423 2241 1642 2281 manere
1695 2231 1833 2297 apud
1889 2247 2006 2290 vos.
2040 2249 2083 2286 st

514 2298 782 2358 Dominus
844 2310 1176 2374 permiserit.
1257 2313 1596 2370 Permanebo
1653 2328 1833 2372 autem
1886 2321 2085 2390 Ephesi

514 2407 688 2461 usque
718 2396 783 2448 ad
817 2399 1204 2456 Pentecosten.
1249 2403 1642 2482 OStiumleuim
1677 2411 1808 2464 mihi
1836 2427 2083 2481 apertum

513 2494 598 2539 est
635 2503 910 2558 magnum,
956 2504 1008 2547 et
1046 2496 1294 2562 evidens,
1341 2507 1398 2554 et
1448 2485 1748 2557 adversarii
1786 2507 1962 2560 multi.
2028 2506 2083 2561 Si

513 2589 697 2632 autem
738 2584 948 2637 venerit
1012 2585 1357 2656 Timotheus,
1409 2594 1585 2648 videte
1619 2607 1674 2649 ut
1727 2599 1843 2652 sine
1895 2602 2088 2655 ιὶεοτθ

515 2671 586 2722 sit
624 2673 764 2739 apud
811 2691 904 2728 vos
941 2693 956 2731 :
1009 2693 1149 2747 opus
1185 2683 1328 2735 enim
1365 2682 1578 2738 Domini
1611 2699 1894 2755 Operatur,
1939 2692 2086 2746 sicut

514 2773 568 2815 et
598 2780 716 2832 ego.
745 2765 820 2820 Ne
845 2769 967 2837 quis
991 2785 1122 2842 ergo
1155 2774 1305 2828 illum
1343 2789 1599 2844 spernat:
1622 2780 1876 2836 deducite
1905 2794 2086 2837 autem

593 2918 979 3000 ’Conejnnius
1030 2927 1226 3000 multo.
1277 2939 1439 2998 atque
1492 2933 1540 2984 id
1601 2935 1839 3000 pressius
1893 2935 2086 2990 Graeco

516 2993 709 3054 verbo,
744 2993 1075 3067 εὐκαιρήσῃ,
1108 2997 1160 3051 in
1195 2993 1441 3054 Palatino
1482 2993 1848 3071 ιιιδίιυκηιηκ
1886 3024 2004 3059 cum
2037 3009 2082 3062 ei

517 3072 871 3128 Opportunum
900 3066 1080 3130 fuerit.

517 3075 871 3119 Opportunum
902 3075 1080 3119 luerit.

551 3078 871 3128 pportttnum
900 3078 1080 3130 luerit.

590 3133 609 3162 ⁸
649 3133 880 3185 Additur
910 3137 961 3187 in
1004 3135 1253 3193 Palatino
1285 3157 1386 3193 ms.
1417 3144 1468 3194 in
1506 3145 1665 3207 vobs,
1713 3163 1831 3212 qua:
1865 3147 2111 3213 quidem.

2196 571 2351 627 illum
2386 590 2510 628 cum
2552 575 2835 629 fratribus.
2873 575 2944 628 De
2974 574 3167 644 Apollo
3196 585 3367 628 autem
3403 578 3545 634 fratre
3566 582 3690 636 vobis

2195 672 2382 714 notum
2418 663 2580 727 facio,
2616 664 2872 734 quoniam
2909 665 3136 717 multum
3170 666 3346 733 rogavi
3401 681 3510 722 eum
3547 679 3595 723 ut
3621 686 3684 724 ve-

2196 753 2340 806 nivet
2377 754 2441 805 ad
2494 769 2590 808 vos
2641 769 2765 809 cunt
2823 754 3130 809 fratribus:
3187 765 3242 809 et
3292 757 3460 826 utique
3493 761 3693 816 nonfuit

2195 846 2448 899 voluntas
2502 856 2562 899 ut
2604 860 2753 900 nunc
2781 846 2993 900 veniret
3020 863 3034 899 :
3090 846 3276 901 veniet
3306 857 3492 913 autem,
3521 867 3622 907 cum
3653 859 3692 910 ci

2193 954 2426 991 vacuum
2489 938 2648 992 fuerit
2680 939 2720 990 ί.
2773 939 3029 1008 Vigilate,
3077 945 3213 993 State
3267 940 3317 993 in
3369 941 3479 1007 fide,
3507 946 3694 1000 viriliter

2193 1031 2360 1098 agite,
2397 1040 2452 1085 et
2497 1031 2905 1086 confortamini.
2935 1029 3131 1085 Omnia
3171 1039 3347 1084 vestra
3397 1034 3444 1086 in
3477 1035 3695 1092 charitate

2193 1123 2352 1178 ﬁant.
2398 1123 2640 1179 Obsecro
2689 1132 2870 1177 autem
2924 1138 3040 1185 vos.
3079 1122 3298 1184 fratres,
3339 1125 3496 1180 nostis
3519 1129 3692 1182 domum

2194 1215 2509 1283 Stephame,
2540 1225 2596 1268 et
2624 1212 2930 1274 Fortunati,
2964 1223 3019 1267 et
3052 1212 3274 1266 Achaici
3300 1229 3313 1266 :
3337 1216 3569 1282 quoniam
3596 1229 3697 1272 sunt

2191 1307 2446 1376 primitia:
2504 1306 2736 1371 Achaiae,
2800 1315 2856 1359 et
2909 1305 2961 1359 in
3026 1305 3386 1359 ministerium
3440 1317 3694 1362 satu-torum

2192 1398 2586 1452 ordinaverunt
2614 1399 2859 1468 seipsos:
2903 1408 2964 1452 ut
2995 1408 3051 1452 et
3084 1414 3180 1453 vos
3223 1398 3424 1453 subditi
3462 1399 3567 1454 sitis
3591 1401 3700 1466 ejus-

2193 1489 2360 1550 modi.
2389 1499 2443 1543 et
2474 1489 2621 1543 omni
2662 1491 3011 1558 cooperanti.
3061 1498 3116 1544 et
3149 1490 3412 1545 laboranti
3439 1493 3480 1544 '.
3521 1492 3696 1546 Gaudeo

2194 1592 2375 1635 autem
2426 1583 2478 1634 in
2531 1581 2820 1650 prwscmia
2879 1581 3191 1650 Stephanus,
3241 1591 3293 1635 et
3348 1580 3615 1645 Fortunati,
3655 1595 3698 1638 et

2193 1671 2460 1726 Achaici:
2510 1670 2767 1740 quoniam
2822 1670 2915 1731 id,
2975 1669 3121 1738 quod
3176 1669 3334 1722 vobis
3393 1669 3577 1730 deerat,
3619 1669 3693 1737 ipsi

2197 1765 2588 1832 suppleverunt
2618 1779 2632 1828 ;
2671 1761 2982 1815 refer-erunt
3025 1762 3170 1814 enim
3197 1771 3252 1813 et
3276 1775 3450 1813 meum
3475 1761 3700 1829 spiritum,

2199 1868 2252 1912 et
2301 1866 2563 1909 vestrum.
2601 1855 2927 1925 Cognoscite
2973 1870 3102 1924 ergo
3133 1855 3227 1923 qui
3278 1852 3697 1922 hujusmodisunt.

2201 1946 2451 2002 Salutant
2481 1962 2576 2000 vos
2610 1945 2863 2001 Ecclesia:
2883 1946 3043 1998 Asiae.
3063 1945 3316 1999 Salutant
3337 1958 3428 1997 vos
3448 1943 3497 1998 in
3521 1943 3702 1997 Domino

2201 2041 2456 2101 multum,
2507 2037 2702 2106 Aquila
2752 2047 2808 2090 et
2859 2036 3131 2099 Priscilla,
3181 2050 3306 2090 cum
3342 2034 3608 2088 domestica
3630 2048 3702 2086 sua

2201 2129 2494 2182 Ecclesia:
2554 2127 2695 2198 apud
2740 2142 2884 2197 quos
2941 2137 2993 2181 et
3048 2126 3320 2196 liospitor.
3365 2124 3591 2178 Salutant
3633 2138 3705 2176 vos

2195 2233 2387 2273 omnes
2422 2218 2641 2271 fratres.
2679 2216 2921 2271 Salutate
2961 2217 3198 2270 invicem
3242 2217 3292 2268 in
3330 2216 3508 2269 osculo
3534 2224 3704 2268 sancto.

2197 2307 2486 2371 Szdutatio,
2525 2323 2642 2360 mea
2675 2323 2838 2362 manu
2873 2307 3052 2360 Pauli.
3085 2307 3139 2361 Si
3179 2308 3307 2376 quis
3345 2321 3449 2359 non
3481 2315 3606 2357 amat
3625 2304 3699 2355 Do-

2196 2404 2405 2453 minum
2464 2410 2712 2453 nostrum
2761 2397 2947 2453 Iesum
2996 2399 3306 2464 Christum,
3354 2398 3420 2451 sit
3452 2395 3706 2455 anathema,

2196 2493 2379 2547 Maran
2424 2493 2588 2545 Atha.
2625 2492 2812 2547 Gratia
2839 2491 3054 2546 Domini
3083 2491 3255 2545 nostri
3285 2491 3409 2545 Jesu
3435 2488 3610 2541 Christi
3636 2500 3706 2537 vo-

2198 2585 2406 2637 biscum
2440 2583 2484 2637 ³.
2536 2583 2790 2637 Charitas
2839 2599 2956 2638 mea
3003 2597 3131 2638 cum
3195 2582 3451 2637 omnibus
3498 2579 3629 2633 vobis
3666 2576 3708 2630 in

2195 2673 2417 2730 Christo
2448 2673 2602 2730 Jesu.
2637 2675 2845 2742 Amen.

2196 2939 2247 2992 in
2279 2938 2470 2994 Grzrco
2503 2949 2650 2994 textu
2673 2941 2783 2993 duo
2807 2941 2971 2994 verba
3003 2956 3110 2993 non
3140 2949 3294 2994 sunt.

2256 3011 2276 3041 ³
2310 3013 2487 3077 Atque
2513 3013 2598 3063 hic
2629 3027 2785 3063 anien
2815 3012 2966 3064 addit
2989 3010 3271 3066 Palatinus
3306 3025 3404 3062 ms.
3432 3025 3445 3062 :
3476 3007 3601 3076 quod
3624 3017 3718 3060 verb

2193 3079 2320 3133 bum
2359 3083 2548 3135 reticet
2578 3080 2798 3135 Graecus
2835 3089 3036 3136 textus.

1339 3256 1459 3326 EIp
1485 3258 1575 3310 icit
1615 3257 1852 3324 Epistqu
1885 3260 1942 3312 Β.
1979 3260 2137 3315 Pauli
2175 3260 2403 3328 apostoli
2428 3261 2497 3314 ad
2522 3259 2816 3315 Corinthios
2845 3257 2896 3313 I.

2007 3451 3709 3476 _______________________________..

1245 3619 1414 3730 Β.
1498 3619 2064 3734 PAULI
2141 3620 3038 3736 APOSTOLI

1949 3831 1952 3834 i
2004 3834 2288 3895 INCIPIT

646 4021 1736 4203 EPISTOLA
1865 3887 3635 4201 AD-CORINTHIOS

1909 4317 2377 4396 SECUNDA

589 4620 746 4694 [ϐαρ.
773 4620 842 4693 1.]
896 4601 1097 4678 Paulus
1134 4624 1412 4690 apostolus
1443 4624 1572 4679 Iesu
1601 4624 1803 4680 Christi
1859 4641 1956 4694 per
2001 4641 2094 4679 vo-
2122 4631 2168 4694 ο
2203 4625 2364 4680 nobis
2387 4625 2513 4696 [ms.
2582 4620 2766 4695 vobis]
2808 4622 2921 4675 :ita
2975 4629 3031 4674 et
3067 4635 3166 4688 per
3201 4619 3487 4673 Christum
3541 4606 3735 4667 abundat

518 4712 786 4765 luntatem
813 4713 928 4774 Dei.
963 4723 1014 4766 et
1056 4712 1380 4768 Timotheus
1425 4715 1614 4782 frater,
1671 4715 1927 4770 Ecclesia:
1973 4717 2089 4780 Dei,

522 4820 644 4874 quae
667 4815 749 4858 est
777 4805 1044 4869 Corinthi,
1070 4822 1193 4860 cum
1221 4807 1476 4861 Omnibus
1504 4809 1726 4872 sanctis,
1757 4808 1850 4876 qui
1883 4818 2010 4862 sunt
2037 4812 2092 4861 in

525 4895 783 4947 universa
817 4894 1041 4949 Achaia.
1074 4894 1256 4950 Gratia
1287 4897 1444 4950 vobis
1472 4908 1524 4950 et
1556 4913 1660 4967 pax
1705 4913 1733 4952 a
1779 4898 1885 4952 Deo
1937 4898 2094 4952 Patre

525 4995 736 5047 nostro,
766 4985 1074 5041 etDomino
1116 4987 1246 5042 Jesu
1304 4987 1542 5043 Christo.
1588 4990 1916 5045 Benedictus
1955 4989 2096 5043 Deus

524 5086 580 5130 et
613 5077 772 5130 Pater
801 5077 1011 5131 Domini
1048 5081 1219 5132 nostri
1256 5081 1382 5134 Jesu
1415 5081 1643 5147 Christi,
1684 5083 1844 5135 Pater
1877 5082 2095 5136 miseri—

526 5171 859 5236 cordiarum,
893 5181 949 5224 et
984 5172 1125 5224 Deus
1153 5174 1318 5226 totius
1346 5176 1762 5238 consolationis,
1823 5176 1918 5244 qui
1970 5191 2098 5227 con-

528 5263 736 5316 solatur
767 5278 865 5317 nos
890 5263 944 5316 in
978 5265 1124 5317 Omni
1165 5265 1515 5319 tribulatione
1542 5277 1725 5319 nostra
1757 5283 1772 5333 ;
1825 5276 1883 5318 ut
1921 5266 2099 5334 possi-

530 5371 652 5408 mus
683 5366 738 5411 et
797 5356 898 5426 ipsi
943 5356 1213 5410 consolati
1261 5373 1374 5423 eos,
1409 5359 1502 5428 qui
1551 5359 1602 5412 in
1643 5361 1790 5411 omni
1841 5372 2102 5427 pressura

531 5461 680 5516 sunt,
729 5465 825 5518 per
849 5450 1315 5514 exhortationem,
1352 5467 1454 5520 qua
1487 5454 1846 5506 exhortamur
1895 5461 1951 5505 et
1996 5451 2100 5520 ipsi

533 5555 564 5594 a
599 5541 729 5597 Deo.
753 5543 1023 5610 Quoniam
1055 5543 1198 5599 sicut
1220 5543 1494 5598 abundant
1516 5544 1796 5613 passiones
1812 5543 2012 5599 Christi
2049 5545 2102 5597 in

619 5719 636 5751 ¹
667 5717 866 5772 Solida'
895 5719 1083 5775 isthmc
1119 5719 1399 5789 periocha.
1457 5720 1562 5771 sive
1629 5719 1966 5773 consolamur
2011 5737 2106 5789 pro

539 5801 716 5868 castra.
741 5790 1113 5856 consolatione,
1137 5801 1268 5858 εις..
1296 5791 1448 5861 juxta
1469 5790 1715 5845 Cra-eum
1752 5790 2104 5861 archetypum

2197 4717 2502 4772 coiisalatio
2527 4729 2732 4769 nostra.
2761 4714 2887 4769 Sive
2908 4721 3089 4764 autem
3149 4709 3493 4763 tribulamur
3525 4719 3610 4772 pro
3661 4711 3732 4747 ve—

2162 4796 2307 4864 ’stra
2329 4809 2714 4863 exhortatione
2768 4816 2821 4858 et
2849 4804 3043 4867 salute,
3100 4802 3219 4855 sive
3272 4799 3609 4854 consolamur
3659 4800 3733 4857 pro

2200 4907 2378 4952 vestra
2395 4898 2771 4953 consolatione.
2806 4897 2821 4926 ί
2868 4911 2882 4950 :
2925 4894 3042 4948 sive
3073 4893 3444 4946 exhortamur
3477 4905 3569 4958 pro
3595 4893 3733 4936 vestra

2201 4991 2585 5044 exhortatione
2611 4998 2666 5042 et
2700 4989 2896 5052 salute,
2939 5001 3060 5055 (pta:
3104 4994 3375 5054 operatur
3433 4975 3729 5036 tolerantiam

2204 5079 2519 5133 earumdem
2580 5078 2922 5146 passionum,
2968 5089 3106 5145 quas
3137 5084 3190 5127 et
3240 5089 3346 5126 nos
3397 5071 3654 5141 patimur:
3696 5068 3738 5110 ul

2207 5186 2330 5240 Spes
2357 5181 2537 5222 nostra
2562 5171 2712 5221 tirma
2744 5170 2813 5222 sit
2845 5183 2942 5235 pro
2973 5165 3129 5220 vobis
3158 5180 3171 5217 :
3227 5165 3475 5218 scientes
3503 5155 3632 5228 quod
3677 5150 3733 5202 si-

2208 5275 2302 5317 cut
2333 5263 2463 5315 δονῆ
2495 5263 2806 5330 passionum
2839 5260 2991 5320 estis.
3029 5258 3107 5311 sic
3137 5256 3308 5310 eritis
3362 5264 3420 5308 et
3453 5244 3739 5305 consolatio-

2212 5358 2314 5411 nis.
2352 5353 2468 5408 Non
2503 5358 2647 5408 enim
2683 5353 2937 5405 volumus
2987 5351 3241 5420 ignorare
3291 5364 3413 5412 vos,
3452 5349 3647 5399 fratres.
3688 5334 3739 5385 de

2215 5449 2566 5504 tribulatione
2596 5457 2802 5504 nostra.
2832 5459 2952 5512 qua:
2979 5443 3116 5496 facta
3141 5452 3223 5496 est
3256 5441 3312 5493 in
3341 5438 3492 5498 Asia.
3523 5429 3738 5503 quoniam

2213 5558 2376 5612 supra
2416 5542 2634 5594 modum
2663 5540 2870 5610 gravati
2894 5549 3084 5588 sumus
3109 5547 3280 5601 supra
3310 5533 3585 5584 virtutem,
3609 5522 3668 5572 ita
3695 5519 3743 5564 ιιι

2217 5721 2499 5776 Palatinus
2525 5733 2625 5772 ms.
2653 5716 2886 5788 omnino
2912 5715 3143 5788 ignorat.
3182 5710 3312 5788 Mos
3337 5710 3517 5788 eidem
3545 5696 3750 5788 pressius

2219 5793 2414 5857 textui,
2445 5805 2560 5859 qua:
2587 5796 2836 5858 aperutur
2872 5784 3256 5849 intolerantia,
3288 5784 3348 5834 ἐν
3378 5783 3636 5848 {amovit};-
