3946 6170
1012 194 1040 208 φ

217 280 302 347 801

1251 271 1318 334 S.
1354 269 1592 331 PAULI
1622 264 1866 329 EPIST.
1907 265 1966 326 ll
1998 263 2098 324 AD
2138 261 2313 326 COR.

3322 261 3435 327 802

215 392 428 451 taderet
481 399 582 441 nos
609 383 776 440 etiam
824 382 1032 438 vivere.
1082 379 1191 436 Sed
1243 380 1347 451 ipsi
1371 380 1426 434 in
1464 377 1768 436 nobismet-
1797 373 2255 452 Aabundantiori
2309 371 2530 440 tristitia
2597 372 2965 428 absorbeatur
3028 373 3121 444 qui
3171 374 3443 445 ejusmodi

210 484 325 556 ipsis
376 491 702 548 responsum
737 473 930 529 mortis
967 471 1284 536 habuimus,
1332 479 1533 524 utnon
1593 467 1766 523 simus

213 576 423 632 ﬁdentes
457 572 510 624 in
548 567 730 630 nobis,
769 565 866 621 sed
927 565 982 618 in
1027 563 1156 627 Deo,
1189 562 1283 632 qui
1343 563 1573 615 suscitat
1629 573 1774 611 mor-

213 680 354 723 tuos:
381 663 478 733 qui
508 661 575 716 de
609 660 776 714 tantis
813 657 1079 728 periculis
1106 670 1206 708 nos
1238 653 1463 723 eripuit,
1497 663 1552 705 et
1585 651 1771 705 eruit:

212 776 256 814 tn
285 771 444 827 quem
469 767 752 824 speramus
781 751 1044 820 quoniam
1070 755 1125 800 et
1158 747 1341 799 adhuc
1373 744 1592 813 eripiet,
1617 741 1773 812 adju-

215 848 452 904 vantibus
477 857 531 900 et
563 843 716 898 vobis
744 842 796 895 in
816 839 1064 895 oratione
1091 851 1193 906 pro
1227 835 1386 890 nobis
1410 851 1425 889 :
1453 843 1512 888 ut
1534 849 1599 888 ex
1629 832 1774 885 tnui-

213 951 374 997 torum
409 937 661 1009 personis
689 935 708 967 ¹
741 978 758 1003 ,
793 935 914 1005 ejus
934 947 1058 1002 que
1103 932 1155 984 iu
1214 929 1373 984 nobis
1415 937 1494 982 est
1524 926 1778 981 donatio—

215 1037 304 1102 nis,
337 1048 440 1103 per
492 1031 695 1085 multos
741 1027 928 1098 gratia:
969 1034 1203 1093 agantur
1257 1036 1355 1088 pro
1407 1020 1589 1076 nobis.
1643 1017 1777 1072 Nam

213 1129 363 1200 gloria
419 1135 605 1180 nostra
652 1123 768 1176 hzec
819 1128 934 1196 est,
991 1117 1368 1172 testiinonium
1426 1111 1778 1166 conscientias

219 1229 423 1282 nostrae,
457 1216 602 1286 quod
633 1215 687 1268 in
723 1211 1080 1281 simplicitate
1110 1207 1294 1261 cordis
1342 1217 1408 1268 ct,
1447 1203 1773 1259 sinceritate

221 1314 319 1379 Dei,
341 1324 395 1366 et
427 1325 538 1364 non
564 1309 619 1362 in
651 1306 917 1376 sapientia
943 1303 1176 1362 carnali,
1205 1301 1300 1355 sed
1345 1299 1399 1352 in
1430 1297 1603 1368 gratia
1641 1295 1734 1349 Dei
1765 1334 1780 1360 ,

219 1401 514 1460 conversati
547 1414 734 1455 sumus
766 1398 820 1451 in
852 1397 955 1449 hoc
989 1392 1194 1447 mundo
1223 1408 1237 1457 ;
1273 1389 1652 1444 abundantius
1684 1401 1784 1439 au-

223 1512 314 1552 teut
351 1497 421 1551 ad
460 1511 571 1550 vos.
606 1493 724 1548 Non
780 1491 928 1545 cnim
960 1490 1066 1542 alia
1116 1486 1412 1540 scribimus
1469 1483 1624 1537 vobis
1656 1480 1780 1552 [ηις.

224 1603 314 1644 tac.
345 1586 528 1658 vobis]
566 1627 581 1652 ,
609 1599 772 1655 quam
809 1600 926 1652 qua:
958 1581 1188 1651 legistis.
1220 1586 1275 1632 ct
1302 1573 1780 1647 cognovistisims.

225 1678 588 1753 cognoscitis].
623 1679 798 1746 Spero
830 1687 1010 1730 autem
1042 1673 1188 1743 quod
1223 1686 1393 1739 usque
1420 1670 1473 1722 in
1502 1667 1662 1721 linem
1689 1680 1783 1718 co-

225 1773 506 1844 gnoscetis,
539 1771 681 1825 sicut
711 1778 765 1823 et
797 1767 1136 1838 ceguovistis
1173 1781 1275 1818 nos
1299 1782 1362 1817 ex
1413 1770 1587 1830 parte,
1639 1760 1783 1827 quod
1822 1743 1860 1794 Β

231 1866 336 1941 ima.
374 1865 503 1917 add.
537 1861 662 1932 nos]
690 1861 862 1930 gloria
914 1868 1094 1912 vestra
1148 1871 1358 1917 sumus,
1412 1855 1553 1906 sicut
1582 1863 1637 1906 et
1696 1865 1792 1903 vos

231 1968 420 2022 nostra,
463 1955 519 2008 in
559 1954 648 2008 die
677 1951 894 2006 Domini
919 1950 1093 2004 nostri
1139 1948 1267 2003 .Iesu
1307 1945 1535 1999 Christi.
1573 1944 1637 1996 Et
1693 1943 1794 1996 hac

242 2045 561 2104 confidentia
595 2044 741 2098 volui
774 2043 926 2112 prius
958 2040 1147 2094 venire
1206 2038 1269 2095 ad
1306 2053 1418 2102 vos,
1486 2045 1545 2087 ut
1597 2048 1796 2086 secun-

233 2144 343 2194 dam
407 2137 641 2207 gratiam
693 2135 1018 2188 haberetis:
1053 2141 1246 2200 ctper
1293 2144 1392 2183 vos
1460 2126 1698 2180 transire
1739 2125 1794 2178 in

237 2231 619 2293 Macedoniam,
643 2238 698 2283 et
721 2230 919 2282 iterum
959 2241 989 2278 a
1025 2221 1337 2277 Macedonia
1365 2220 1550 2273 venire
1574 2216 1639 2270 ad
1677 2233 1791 2283 vos,

236 2334 283 2379 et
311 2324 518 2379 avobis
543 2321 743 2377 deduci
789 2322 844 2372 in
876 2317 1140 2373 Jttdteam.
1179 2314 1314 2368 Cum
1365 2327 1497 2380 ergo
1546 2310 1649 2362 hoc
1699 2323 1796 2359 vo-

235 2418 472 2479 luissem,
529 2413 786 2482 nunquid
810 2411 1030 2466 levitate
1055 2422 1188 2461 usus
1208 2422 1327 2460 sum
1364 2405 1387 2457 ‘l
1425 2404 1536 2457 Aut
1561 2417 1683 2471 quae
1705 2415 1799 2454 co-

233 2510 358 2578 gito,
407 2508 715 2562 secundum
752 2517 974 2558 carnem
1031 2501 1236 2570 cogito,
1271 2507 1330 2552 ut
1361 2500 1432 2551 sit
1461 2497 1602 2565 apud
1665 2510 1751 2547 mc
1778 2528 1797 2557 ,

236 2603 322 2656 Est
347 2610 404 2654 et
426 2598 548 2653 Non
582 2597 605 2650 Ἰ
632 2596 834 2651 Fidelis
862 2605 1042 2650 autem
1072 2593 1236 2656 Deus,
1271 2590 1394 2659 quia
1425 2603 1609 2642 sermo
1665 2599 1800 2638 nos.

239 2703 332 2754 ter,
363 2691 457 2761 qui
487 2689 593 2744 fuit
627 2688 749 2761 [ηαδ.
784 2685 863 2758 iit]
899 2684 1043 2755 apud
1071 2700 1190 2747 vos,
1217 2699 1323 2736 non
1356 2690 1438 2735 est
1471 2681 1523 2739 in
1557 2679 1672 2742 illo,
1708 2679 1800 2732 Est
1832 2683 1836 2688 '

235 2783 432 2840 etNon
471 2786 492 2816 ³
534 2823 548 2837 .
587 2783 681 2836 Dei
722 2779 870 2834 enim
907 2778 1078 2832 Filius
1097 2776 1259 2831 Jcsus
1286 2773 1562 2836 Christus,
1616 2772 1708 2842 qui
1743 2772 1798 2824 in

240 2875 383 2930 vobis
419 2891 517 2945 per
547 2889 650 2928 nos
666 2871 991 2942 praedicatus
1009 2879 1114 2934 est,
1147 2884 1241 2936 per
1279 2882 1386 2930 tne,
1418 2875 1472 2920 et
1492 2865 1800 2930 Silvanum,

235 2979 286 3024 et
310 2969 683 3030 Timotheum,
714 2981 828 3020 non
874 2963 980 3018 fuit
1003 2963 1096 3016 Est
1135 2970 1192 3014 et
1221 2960 1362 3021 Non,
1387 2963 1480 3012 sed
1501 2958 1597 3012 Est
1628 2959 1680 3010 in
1706 2956 1800 3010 illo

238 3059 351 3113 fuit.
392 3060 676 3127 Quotquot
712 3055 860 3110 enim
899 3051 1292 3122 promissiones
1315 3051 1410 3104 Dei
1439 3059 1568 3105 sunt
1598 3049 1653 3101 in
1708 3049 1807 3120 illo

236 3154 325 3208 Est
349 3154 520 3207 :ideo
543 3162 598 3206 et
635 3166 729 3218 per
767 3149 942 3217 ipsum
974 3146 1144 3200 Amen
1175 3145 1285 3198 Deo
1310 3143 1378 3196 ad
1418 3143 1646 3212 gloriam
1707 3155 1804 3194 no-

237 3258 418 3299 stram.
450 3244 552 3309 Qui
586 3249 769 3295 autem
801 3239 1091 3293 conﬁrmat
1115 3252 1215 3290 nos
1239 3235 1521 3290 vobiscum
1555 3234 1614 3287 in
1641 3231 1801 3288 Chri-

232 3355 312 3394 sto
337 3340 461 3412 [ηιε.
483 3337 733 3393 Christus
761 3331 1065 3404 Dominus].
1100 3344 1156 3387 et
1185 3330 1278 3399 qui
1305 3330 1459 3383 unxit
1483 3343 1584 3382 nos
1614 3331 1756 3382 Deus
1782 3343 1797 3381 :

233 3435 318 3500 qui
357 3442 416 3485 et
456 3430 689 3500 signavit
726 3442 847 3489 nos,
871 3437 926 3479 et
960 3424 1108 3478 dedit
1143 3424 1340 3491 pignus
1387 3421 1630 3489 Spiritus
1668 3417 1800 3490 [ωε.

231 3522 523 3593 Spiritum]
569 3522 622 3575 in
657 3519 917 3574 cordibus
945 3516 1168 3569 nostris.
1201 3514 1313 3582 Ego
1354 3521 1540 3566 autem
1603 3521 1797 3565 testem

236 3619 402 3670 Deum
428 3617 621 3669 invoco
651 3613 887 3665 animam
921 3623 1094 3662 meam
1125 3606 1270 3674 quod
1330 3618 1564 3673 parcens
1620 3603 1800 3662 vobis.

231 3727 334 3761 non
369 3707 499 3761 veni
536 3705 675 3759 ultra
703 3701 1027 3757 Corinthum
1071 3715 1086 3754 :
1137 3713 1246 3751 non
1279 3697 1408 3766 quia
1455 3696 1806 3750 dominamur

231 3799 352 3850 tidei
384 3805 599 3857 vestrm,
631 3792 726 3847 sed
776 3790 1058 3860 adjutores
1096 3802 1288 3842 sumus
1326 3785 1511 3856 gaudii
1571 3786 1737 3840 vestri
1777 3800 1794 3839 :

230 3907 352 3942 nam
392 3889 501 3943 (ide
525 3887 708 3941 statis.

299 3984 465 4056 μίαν.
493 3979 584 4051 il.)
613 3976 793 4034 Statui
827 3984 1013 4030 autem
1047 3975 1150 4028 hoc
1181 3973 1360 4041 ipsum
1395 3970 1540 4041 apud
1583 3983 1691 4035 me,
1735 3983 1804 4023 ne

226 4074 508 4126 iterumin
532 4070 762 4124 tristitia
813 4067 1056 4120 venirem
1110 4063 1176 4118 ad
1217 4078 1345 4126 vos.
1406 4062 1465 4116 Si
1498 4061 1643 4116 enim
1704 4074 1806 4126 ego

225 4166 498 4218 contrislo
532 4177 626 4216 vos
654 4177 668 4213 :
698 4169 754 4214 et
793 4159 917 4228 quis
945 4168 1049 4220 est,
1087 4155 1179 4225 qui
1232 4169 1320 4210 me
1370 4151 1634 4218 ltetilicet,
1687 4153 1796 4209 nisi

223 4259 316 4327 qui
352 4255 714 4310 contristatur
742 4265 810 4305 ex
841 4264 928 4304 tne
957 4249 980 4302 ?
1008 4249 1072 4302 Et
1111 4248 1218 4301 hoc
1253 4247 1430 4316 ipsum
1470 4245 1667 4314 scripsi
1701 4261 1800 4299 vo-

223 4352 331 4413 bis,
383 4359 578 4401 utnon
610 4363 736 4401 eum
783 4356 1008 4405 venero,
1084 4339 1360 4393 tristitiam
1419 4352 1588 4406 super
1633 4338 1808 4392 tristi-

1874 474 1976 518 est.
2007 463 2231 532 PrOpter
2273 464 2415 533 quod
2457 465 2687 517 obsecro
2727 478 2846 528 vos,
2883 473 2939 516 ut
2985 464 3322 517 couiirmetis
3391 465 3447 518 in

1874 551 2027 605 illum
2063 552 2404 606 charitatem.
2437 553 2560 606 ideo
2609 552 2777 612 enim,
2819 561 2870 606 et
2932 553 3124 621 scripsi
3155 593 3170 614 ,
3237 565 3293 606 ut
3353 569 3451 607 co-

1874 657 2130 710 gnoscam
2165 643 2604 710 experimentqu
2637 653 2903 707 vestrum,
2971 659 3037 696 au
3102 647 3153 696 in
3189 644 3452 698 omnibus

1874 731 2198 786 obedientes
2231 733 2369 786 sitis.
2395 732 2494 786 Cui
2555 745 2737 786 autent
2803 733 3006 801 aliquid
3071 734 3341 794 donastis,
3399 741 3455 786 et

1877 837 1978 890 ego
2007 839 2021 875 :
2055 837 2176 874 nam
2211 833 2266 874 et
2294 837 2394 890 ego
2427 823 2567 890 quod
2603 823 2826 887 donavi,
2895 822 2939 877 si
2991 824 3122 891 quid
3196 823 3396 876 donavi
3436 863 3454 886 ,

1881 923 2103 982 propter
2137 928 2230 966 vos
2264 915 2316 965 in
2363 929 2596 981 persoiia
2647 913 2872 976 Christi,
2917 923 2972 965 ut
3011 930 3115 966 non
3143 915 3457 967 circumve-

1883 1004 2101 1057 niantur
2131 1021 2158 1058 a
2198 1005 2443 1060 Satana:
2488 1020 2597 1058 non
2647 1006 2791 1058 enim
2823 1006 3138 1076 ignoramus
3177 1006 3458 1075 cogitatio.

1886 1117 1982 1155 nes
2018 1100 2139 1168 ejus
2174 1099 2194 1129 ³
2223 1138 2236 1152 .
2279 1097 2417 1152 Cum
2470 1098 2745 1153 venissem
2780 1107 2959 1152 autem
3000 1097 3268 1152 Troadem
3332 1113 3460 1167 pro-

1883 1198 2004 1261 pter
2042 1190 2392 1260 Evangelium
2421 1187 2725 1254 Christi,et
2758 1189 3001 1243 hostium
3039 1188 3169 1242 mihi
3203 1200 3453 1257 apertum

1883 1293 2028 1338 esset
2057 1284 2108 1336 in
2140 1282 2392 1346 Domino,
2416 1296 2523 1335 non
2555 1282 2717 1335 habui
2778 1282 3023 1350 requiem
3058 1280 3280 1350 spiritui
3313 1296 3459 1344 meo,

1885 1391 1950 1430 eo
1979 1375 2120 1444 quod
2151 1389 2258 1428 non
2286 1373 2586 1428 invenerim
2620 1372 2802 1426 Titum
2862 1372 3088 1426 fratrem
3124 1388 3328 1433 meum,
3361 1371 3458 1426 sed

1885 1467 2212 1536 valefaciens
2242 1466 2343 1531 cis,
2373 1466 2651 1534 profectus
2681 1481 2800 1520 sum
2823 1466 2877 1519 in
2916 1464 3314 1519 Macedoniam.
3341 1464 3452 1516 Deo

1890 1567 2068 1613 autem
2104 1558 2324 1628 gratias,
2365 1558 2456 1627 qui
2493 1573 2712 1626 semper
2752 1558 3056 1626 triumphat
3088 1573 3186 1610 nos
3215 1557 3266 1608 in
3291 1557 3451 1608 Chri-

1891 1663 1974 1704 sto
2000 1652 2153 1715 Jesu,
2185 1661 2240 1706 ct
2267 1651 2485 1705 odorem
2523 1651 2732 1704 notitia:
2759 1666 2868 1703 sua:
2900 1652 3206 1704 manifestat
3241 1664 3337 1716 per
3363 1664 3462 1700 nos

1894 1741 1944 1793 in
1981 1745 2130 1794 omni
2167 1745 2318 1794 loro:
2361 1743 2488 1810 quia
2519 1742 2717 1794 llhriSti
2735 1742 2910 1794 bonus
2942 1743 3076 1794 odor
3104 1756 3294 1794 sumus
3319 1739 3459 1792 Deo:

1898 1833 1951 1886 in
1984 1835 2050 1886 iis
2081 1834 2172 1901 qui
2205 1833 2335 1885 salvi
2365 1834 2518 1895 iiuut,
2554 1843 2609 1887 et
2652 1835 2704 1886 in
2742 1833 2810 1887 iis
2855 1833 2945 1902 qui
3000 1846 3230 1900 pereunt
3274 1848 3288 1881 :
3340 1833 3464 1884 aliis

1897 1927 2115 1994 quidem
2153 1927 2288 1978 odor
2318 1927 2510 1978 mortis
2542 1926 2592 1977 in
2626 1936 2855 1978 mortem
2885 1942 2897 1978 :
2929 1927 3050 1979 aliis
3083 1937 3262 1978 autent
3317 1928 3459 1977 otior

1902 2019 2022 2068 vita:
2053 2017 2104 2070 in
2131 2017 2313 2069 \itaut.
2349 2016 2408 2068 Et
2469 2017 2535 2069 ad
2567 2018 2681 2071 iure
2710 2023 2834 2085 quis
2871 2028 2975 2070 tant
3020 2019 3291 2070 idoneus?
3347 2017 3463 2068 Non

1900 2107 2045 2157 enim
2077 2121 2265 2158 sumus
2291 2107 2431 2159 sicut
2452 2107 2672 2175 plurimi
2699 2110 3068 2164 adulterantes
3095 2113 3318 2163 verbum
3345 2111 3466 2174 Dei,

1901 2201 1990 2249 sed
2017 2214 2078 2251 cx
2113 2199 2449 2261 sinceritate,
2482 2200 2576 2252 sed
2597 2201 2736 2254 sicut
2764 2217 2828 2254 ex
2865 2203 2994 2267 Deo,
3025 2219 3208 2256 coram
3241 2210 3372 2270 Deo,
3409 2203 3464 2256 in

1902 2291 2122 2344 Christo
2154 2293 2448 2358 loquimur.

1979 2381 2275 2453 [Cap.lll.1
2307 2381 2600 2450 incipimus
2653 2382 2852 2436 iterum
2895 2385 3259 2451 nosmetipsos
3315 2400 3470 2438 com-

1906 2474 2308 2528 mentlare?aut
2338 2474 2585 2541 nunquid
2615 2490 2836 2542 egemus
2859 2474 3020 2542 (sicut
3052 2475 3296 2543 quidam)
3318 2489 3473 2529 com-

1905 2569 2240 2622 mendatittis
2263 2567 2508 2636 epistolis
2525 2569 2590 2619 ad
2614 2582 2727 2627 vos,
2757 2577 2848 2620 aut
2887 2582 2953 2621 ex
2992 2568 3190 2622 vobis?
3221 2567 3470 2635 Epistula

1904 2673 2091 2714 nostra
2124 2676 2219 2714 vos
2250 2664 2402 2723 estis,
2433 2660 2635 2727 scripta
2663 2660 2717 2712 in
2736 2661 2996 2714 cordibus
3056 2665 3286 2728 nostris,
3347 2677 3470 2732 qua:

1905 2755 2077 2808 scitur
2103 2763 2159 2808 et
2191 2753 2386 2822 legitur
2414 2756 2481 2810 ab
2510 2756 2767 2808 outnibus
2824 2755 3142 2808 hominibus
3174 2771 3189 2809 :
3241 2755 3474 2810 manife-

1906 2847 2032 2899 stati
2060 2847 2205 2914 quod
2241 2848 2467 2913 epistola
2497 2847 2629 2900 estis
2657 2848 2880 2909 Christi,
2916 2849 3226 2901 ministrata
3259 2849 3466 2902 anobis

1906 2949 1960 2992 et
1984 2937 2184 3006 scripta
2202 2954 2309 2992 non
2338 2948 2660 2998 atramento.
2697 2940 2790 2994 sed
2821 2939 3026 3008 Spiritu
3057 2940 3146 2996 Dei
3183 2941 3332 3007 vivi;
3365 2957 3476 2994 non

1911 3028 1964 3081 in
2000 3029 2200 3084 tabulis
2231 3030 2481 3100 lapideis,
2511 3032 2604 3086 sed
2625 3033 2678 3086 in
2705 3033 2908 3088 tabulis
2926 3037 3106 3088 cordis
3130 3036 3472 3089 carnalibus.

1911 3120 2185 3174 Fiduciam
2232 3134 2412 3177 autem
2447 3126 2606 3178 talem
2636 3126 2926 3193 habemus,
2955 3143 3051 3196 per
3085 3129 3363 3182 Christum
3406 3131 3474 3183 ad

1910 3210 2078 3265 Deum
2117 3229 2130 3265 :
2163 3228 2271 3265 non
2303 3216 2448 3282 quod
2489 3218 2819 3272 suilicientes
2880 3221 3054 3274 simus
3085 3221 3326 3290 cogitare
3375 3223 3476 3274 ali-

1906 3304 2036 3374 quid
2076 3321 2106 3358 a
2141 3307 2322 3372 uobis,
2358 3309 2515 3376 quasi
2546 3326 2611 3362 ex
2636 3312 2792 3364 nobis
2822 3326 2838 3364 :
2876 3313 2971 3365 sed
2995 3313 3476 3369 suiiicientianos-

1907 3406 1988 3451 tra
2021 3413 2086 3452 ex
2118 3398 2230 3452 Deo
2259 3409 2345 3454 est
2373 3416 2386 3451 :
2420 3404 2514 3470 qui
2539 3414 2594 3456 et
2616 3403 2842 3458 idoneos
2866 3419 2966 3458 nos
2999 3405 3128 3459 fecit
3193 3406 3478 3460 ministros

1905 3489 2034 3542 novi
2083 3493 2393 3546 testamenti
2434 3532 2449 3557 ,
2491 3508 2599 3546 non
2634 3493 2838 3558 littera,
2892 3497 2984 3549 sed
3038 3496 3268 3564 spiritu:
3297 3497 3478 3551 littera

1904 3583 2054 3637 enim
2085 3585 2310 3649 occidit,
2361 3588 2586 3657 spiritus
2611 3597 2792 3640 autem
2826 3588 3085 3642 viviticat.
3115 3592 3268 3655 Quod
3301 3594 3346 3646 si
3375 3594 3480 3646 mi-

1908 3675 2160 3730 nistratio
2201 3679 2393 3732 mortis
2456 3679 2656 3734 litteris
2707 3680 3010 3736 deformata
3058 3684 3110 3736 in
3149 3685 3423 3753 lapidibus
3451 3723 3472 3753 ,

1905 3768 2094 3824 fuitin
2147 3771 2345 3840 gloria,
2383 3771 2455 3824 ita
2486 3785 2545 3826 ut
2601 3788 2711 3827 non
2765 3787 2988 3844 possent
3034 3778 3323 3834 intendere
3361 3785 3471 3836 ililii

1906 3860 2074 3914 lsrael
2101 3860 2157 3914 in
2215 3861 2408 3916 faciem
2473 3861 2664 3933 Moysi,
2720 3879 2944 3936 propter
2993 3871 3222 3940 gloriam
3292 3875 3474 3928 vultus

1905 3955 2046 4023 ejus,
2077 3967 2197 4022 qua:
2233 3964 2533 4008 evacuatur
2571 3959 2893 4026 :quomodo
2941 3978 3052 4017 non
3109 3966 3278 4034 magis
3312 3967 3478 4020 mini-

1909 4049 2102 4103 stratio
2134 4048 2376 4117 Spiritus
2407 4050 2516 4104 erit
2542 4052 2595 4104 in
2627 4052 2841 4120 gloria}
2871 4053 3005 4107 Nam
3039 4057 3084 4109 si
3143 4059 3474 4113 ministratio

1907 4141 2277 4197 damnationis
2314 4143 2484 4211 gloria
2503 4151 2627 4199 est:
2657 4146 2829 4200 multo
2869 4149 3038 4217 magis
3065 4151 3305 4204 abundat
3338 4151 3472 4223 lius.

1907 4233 2234 4306 abundavit]
2275 4235 2881 4307 ministeriutnjustitia:
2905 4240 2957 4293 iu
2985 4241 3178 4310 gloria.
3208 4243 3341 4297 Nam
3377 4262 3478 4301 nec

1910 4327 2272 4398 glorificatum
2306 4337 2411 4391 est,
2440 4330 2583 4397 quod
2607 4332 2805 4384 claruit
2836 4332 2890 4386 in
2913 4333 3014 4388 hac
3047 4346 3220 4403 parte,
3256 4349 3478 4408 prOptcr

220 4443 358 4496 tiam
390 4440 642 4504 habeam,
676 4437 744 4492 de
768 4435 970 4505 quibus
1006 4437 1334 4502 oportuerat
1362 4443 1447 4484 me
1502 4427 1743 4498 gaudere
1787 4446 1801 4482 :
1836 4440 1882 4495 ι)
1910 4417 2268 4472 excellentem
2308 4419 2556 4486 gloriam.
2591 4421 2646 4475 Si
2669 4422 2816 4476 enim
2847 4429 2992 4493 quod
3023 4440 3346 4496 evacuatur,
3381 4448 3480 4501 per

218 4531 514 4586 conlidens
538 4532 590 4582 in
612 4527 870 4583 ontuibns
908 4523 1082 4588 v‘ohis,
1110 4526 1237 4590 quia
1295 4535 1483 4574 meum
1523 4520 1809 4588 gaudium,

219 4624 484 4680 omnium
506 4630 742 4676 vestrum
778 4626 880 4674 est.
905 4616 1040 4671 Nam
1069 4631 1134 4668 ex
1171 4613 1340 4666 multa
1370 4611 1726 4666 tribulatione
1757 4619 1812 4665 et

219 4716 484 4786 angustia
510 4714 690 4769 cordis
719 4712 912 4780 scripsi
946 4711 1099 4762 vobis
1129 4723 1225 4776 per
1257 4705 1459 4759 multas
1489 4694 1760 4772 lacrymas
1797 4718 1812 4758 :

221 4827 338 4864 non
382 4819 452 4862 ut
477 4804 886 4863 contristemini
925 4820 939 4855 :
976 4803 1070 4855 sed
1107 4811 1165 4854 ut
1190 4800 1399 4860 sciatis,
1428 4812 1592 4867 quam
1627 4796 1812 4850 chari-

223 4913 403 4956 tatem
448 4902 667 4955 habeam
685 4895 1060 4952 abundantius
1091 4895 1142 4945 iu
1175 4893 1350 4945 vobis.
1379 4891 1434 4946 Si
1471 4891 1598 4959 quis
1627 4899 1812 4943 autem

217 4993 602 5056 contristavit,
632 5005 742 5044 non
778 5004 864 5042 me
891 4985 1239 5041 contristavit
1277 5002 1289 5038 :
1319 4983 1412 5037 sed
1446 4999 1512 5038 ex
1542 4994 1723 5049 parte,
1757 4989 1816 5035 ut

221 5101 338 5136 non
371 5096 599 5136 onerent
639 5092 832 5141 omnes
873 5091 989 5130 vos.
1029 5073 1240 5128 Sufficit
1273 5073 1374 5138 illi,
1406 5074 1498 5141 qui
1528 5071 1812 5140 ejusmodi

222 5186 336 5237 est.
377 5171 855 5244 objurgatiolnec,
908 5184 1030 5237 quae
1065 5165 1122 5219 ﬁt
1157 5181 1186 5218 a
1241 5165 1540 5234 pluribus:
1613 5163 1684 5216 ita
1754 5174 1813 5216 ut

224 5268 550 5322 ewntrario
583 5265 758 5333 magis
779 5260 1020 5322 donetis,
1058 5265 1117 5311 et
1146 5253 1536 5318 consulemini,
1576 5267 1644 5305 ne
1676 5251 1816 5306 forte

307 5453 326 5484 ⁸
366 5452 555 5504 l'roex
583 5445 867 5498 multorum
893 5439 1124 5508 personis
1154 5435 1488 5508 in_Palatino
1510 5449 1641 5508 ms.,
1672 5435 1817 5508 Crte-

231 5541 310 5578 ειν
348 5503 579 5588 dutdem
637 5519 832 5570 littera:
867 5503 1194 5588 .pressstus,
1229 5503 1298 5561 ἐκ
1350 5506 1559 5558 πολλῶν
1607 5503 1818 5574 προσώο

238 5582 389 5648 τίωνξ
430 5593 651 5653 legitur,
689 5597 736 5638 et
770 5582 1053 5636 multarunt
1088 5583 1371 5654 fuderunt.

311 5642 659 5713 ὶευιιῖιυδιιέ
700 5668 967 5708 nonnemo
997 5673 1059 5709 ex
1088 5642 1268 5710 'veteri
1333 5648 1565 5699 fortasse
1624 5642 1816 5698 Latina

241 5729 824 5800 ,μιιιιντιριαιιυιιυιιιε
852 5731 1068 5794 addidit,
1128 5727 1218 5783 scd
1262 5730 1339 5776 est
1408 5717 1460 5771 in
1507 5717 1617 5780 illo,
1697 5715 1812 5768 list.

1918 4507 2251 4582 gloriamest
2281 4525 2297 4566 :
2324 4512 2497 4564 multo
2531 4513 2702 4581 magis
2730 4515 2876 4582 quod
2916 4527 3122 4582 manet,
3187 4520 3240 4573 in
3303 4527 3476 4590 gloria

1915 4608 2018 4656 est.
2057 4600 2336 4655 Habentes
2396 4603 2561 4671 igitur
2609 4606 2766 4659 talem
2812 4623 2988 4675 spent,
3045 4613 3215 4666 multa
3278 4617 3485 4670 liducia

1918 4694 2124 4749 utimur
2159 4710 2174 4750 :
2213 4705 2399 4748 etnon
2426 4697 2568 4751 sicut
2600 4698 2809 4768 Moyses
2834 4703 3070 4768 pariebat
3100 4705 3350 4760 velamen
3386 4724 3488 4762 su-

1920 4800 2016 4854 per
2044 4784 2239 4840 faciem
2276 4802 2454 4848 suam,
2483 4800 2540 4841 ut
2569 4805 2678 4843 non
2713 4794 3059 4850 intenderent
3095 4798 3194 4850 lilii
3227 4798 3396 4854 lsrael
3432 4803 3487 4857 in

1919 4875 2114 4930 faciem
2138 4877 2277 4944 ejus,
2311 4880 2456 4944 quod
2488 4892 2804 4945 evacuatur,
2839 4886 2934 4938 sed
2965 4887 3149 4942 obtusi
3178 4901 3310 4944 sunt
3354 4908 3483 4946 sen-
3573 4880 3591 4896 ’

1920 4984 2014 5022 sus
2035 4985 2248 5024 eorum.
2282 4969 2462 5040 Usque
2495 4975 2547 5026 iu
2583 4975 2907 5030 hodiernum
2949 4981 3097 5034 enim
3126 4982 3275 5038 diem
3346 4987 3489 5054 idip—

1918 5075 2038 5114 sunt
2072 5062 2314 5116 velamen
2352 5067 2403 5116 in
2433 5067 2662 5120 lectione
2693 5070 2892 5124 veteris
2939 5071 3274 5130 Testameuti
3307 5089 3487 5131 manet

1921 5167 2031 5206 non
2066 5155 2366 5207 revelatum
2405 5160 2691 5224 (quoniam
2734 5159 2787 5212 in
2817 5161 3040 5218 Christo
3097 5172 3416 5237 evacuatur)
3465 5211 3478 5228 .

1919 5245 2012 5299 sed
2038 5262 2207 5316 usque
2230 5251 2285 5302 in
2319 5249 2647 5306 hodiernum
2681 5252 2846 5319 diem,
2880 5271 3007 5312 cum
3031 5259 3228 5330 legitur
3250 5262 3482 5330 Moyses,

1919 5431 2006 5556 ita:
2023 5445 2078 5485 et
2111 5430 2272 5501 paulo
2300 5442 2439 5504 post,
2489 5449 2592 5488 non
2622 5437 2724 5507 fuit
2759 5439 2812 5491 iu
2841 5439 2932 5494 illo
2986 5438 3079 5494 Est
3109 5450 3156 5492 et
3190 5439 3331 5508 Non,
3370 5447 3484 5514 sed,

1992 5572 2343 5655 {Palatinus
2396 5591 2524 5655 ms.,
2564 5579 2682 5655 N_on
2727 5581 2864 5633 enim
2923 5583 3226 5652 ignoramus
3257 5595 3486 5655 astulas,

1919 5644 2258 5728 cogitationes
2296 5647 2406 5714 eius
2439 5665 2457 5702 .'
2497 5644 2556 5705 in
2589 5651 2774 5706 Graeco
2817 5644 2996 5708 anteiit
3036 5663 3243 5706 tantum
3286 5672 3386 5724 est,
3419 5644 3488 5718 τά

1922 5731 2190 5784 vomant;
