3946 6170
535 333 642 398 803

1600 319 1657 381 S.
1696 317 1922 379 PAULI
1968 313 2219 378 EPIST.
2263 314 2322 373 lI
2365 315 2464 375 AD
2501 313 2673 374 COR.
3601 302 3688 372 εῡι

529 447 776 501 velamen
805 443 1041 514 positum
1066 448 1147 496 est
1171 426 1336 507 super
1361 449 1457 488 cur
1485 447 1699 486 eorum.
1729 431 1865 487 Cum
1901 442 2084 486 autem
2124 440 2167 494 Α
2198 429 2338 484 cmlo
2368 439 2472 492 est,
2514 421 2834 496 superindui
2870 418 3180 489 cupientes.
3212 413 3269 470 Si
3307 419 3472 468 tamen
3525 419 3694 480 vestiti,

529 552 832 593 conversus
852 531 1101 590 fueritad
1133 529 1444 590 Dominum,
1483 523 1765 578 auferetur
1813 525 2085 578 velamen.

535 630 801 683 Dominus
825 636 1005 677 autem
1042 622 1278 688 Spiritus
1311 629 1394 672 est
1428 634 1440 673 :
1481 618 1567 669 ubi
1602 627 1783 668 autem
1849 615 2092 682 Spiritus

533 716 770 778 Domini,
825 713 896 767 ibi
955 713 1194 765 libertas.
1256 709 1364 762 Nos
1406 721 1534 758 vero
1573 720 1800 767 omnes,
1856 703 2095 755 revelata

530 812 668 865 facie
729 808 960 877 gloriam
1021 801 1233 856 Domini
1289 799 1677 867 speculantes,
1739 796 1793 849 in
1845 795 2096 848 eamdem

529 900 821 967 imaginem
858 894 1314 947 transformamur
1345 904 1373 940 a
1407 887 1653 939 claritate
1687 884 1738 936 in
1769 886 2097 946 claritatem,

529 1003 785 1060 tanquam
815 1007 842 1041 a
883 986 1094 1039 Domini
1119 982 1352 1050 Spiritu.

599 1079 932 1155 [Cap.lV’.]
997 1078 1120 1130 Ideo
1180 1077 1440 1128 habentes
1492 1074 1508 1102 ⁸
1568 1069 2095 1122 administrationem

526 1179 679 1248 juxta
707 1175 852 1243 quod
890 1169 1324 1224 misericordiam
1378 1163 1658 1218 consecuti
1706 1177 1918 1223 sumus,
1984 1177 2094 1214 non

529 1269 819 1322 deﬁcimus
841 1305 856 1327 ,
885 1264 977 1317 sed
1020 1261 1339 1313 abdicanius
1371 1259 1584 1310 occulta
1623 1254 1934 1316 dedecoris,
1994 1267 2100 1305 non

530 1359 874 1414 ambulantes
902 1355 954 1406 in
997 1353 1218 1412 astutia,
1245 1364 1420 1417 neque
1457 1348 1832 1399 adulterantes
1869 1344 2099 1397 verbum

533 1439 650 1516 Dei,
683 1453 775 1504 sed
820 1451 873 1500 in
906 1445 1344 1499 manifestatione
1380 1442 1623 1494 veritatis
1655 1439 2102 1490 commendantes

535 1543 906 1608 nosmetipsos
930 1538 995 1591 ad
1030 1551 1248 1590 onmem
1281 1532 1671 1586 consirientiam
1711 1528 1990 1582 hominum
2012 1544 2103 1581 eo-

535 1651 650 1686 ram
686 1632 813 1685 Deo.
851 1629 1004 1694 Quod
1031 1628 1074 1679 si
1124 1626 1288 1678 etiam
1327 1631 1582 1691 opertum
1611 1631 1693 1673 est
1747 1619 2101 1687 Evangelium

539 1734 807 1785 nostrum,
831 1722 882 1772 in
908 1721 995 1782 iis,
1033 1717 1126 1785 qui
1159 1724 1513 1784 percunt,est
1545 1721 1793 1780 opertum
1832 1728 1845 1763 :
1891 1711 1944 1761 in
1981 1710 2104 1776 qui~

536 1815 638 1868 bus
670 1814 808 1864 Deus
838 1810 996 1877 hujus
1019 1807 1200 1859 saeculi
1228 1805 1519 1856 exe-.eeavit
1546 1813 1753 1853 mentes
1778 1799 2100 1861 inlldelium,

541 1915 725 1958 utnon
767 1901 968 1968 fulgeat
1021 1898 1129 1950 illis
1163 1897 1181 1924 ’
1230 1894 1554 1948 illuniinatio
1606 1890 1875 1957 Evangelii
1920 1889 2104 1956 glorim

536 1995 767 2057 Christi,
821 1995 913 2062 qui
944 1998 1026 2045 est
1061 1990 1236 2052 imago
1270 1987 1384 2038 Dei.
1413 1982 1528 2035 Non
1561 1982 1709 2035 enim
1742 1993 2106 2046 nosmetipsos

540 2088 921 2158 pra-dicamus,
963 2081 1056 2136 sed
1079 2081 1266 2134 Jesuni
1306 2076 1584 2131 Christum
1679 2072 1966 2123 Dominum
2007 2084 2106 2121 no-

537 2192 715 2233 ιιτυιιι
751 2193 764 2228 ζ
809 2189 917 2227 1108
941 2185 1120 2225 autem
1149 2183 1335 2221 δεῖνος
1366 2175 1575 2239 κεδιξοε
1615 2179 1707 2229 per
1737 2161 1942 2222 JCSUIIl,
1971 2174 2107 2226 quo-

540 2269 688 2320 niam
718 2267 859 2319 Deus
890 2263 983 2331 qui
1008 2261 1143 2313 dixit
1166 2260 1231 2310 de
1263 2256 1526 2316 tenebris,
1559 2255 1734 2305 lucem
1757 2253 2107 2318 sptendesce-

542 2374 621 2420 re,
646 2357 760 2425 ipse
784 2355 962 2408 illuxit
991 2352 1045 2404 in
1075 2331 1333 2404 cordibus
1365 2349 1589 2408 nostris,
1643 2344 1720 2396 af
1761 2342 2112 2394 illuminatio-

540 2463 667 2503 nem
698 2447 938 2500 scientiae
962 2442 1228 2498 claritatis
1258 2441 1374 2495 Dei.
1406 2438 1460 2490 in
1521 2437 1660 2490 facie
1699 2436 1904 2489 Christi
1945 2436 2098 2489 Jesu.

541 2541 815 2595 Habemus
852 2545 1033 2589 autem
1070 2530 1386 2588 thesaurum
1421 2531 1579 2584 istum
1621 2531 1673 2580 in
1732 2528 1876 2581 vasis
1926 2528 2105 2580 ﬁctili-

540 2634 646 2688 bus
675 2649 690 2686 :
721 2640 777 2685 ut
819 2627 1130 2683 sublimitas
1162 2625 1234 2678 sit
1264 2623 1483 2676 virtutis
1519 2623 1634 2686 Dei,
1665 2630 1718 2674 et
1749 2635 1854 2672 non
1887 2636 1952 2671 ex
2006 2634 2105 2671 no.

540 2727 652 2782 bis.
691 2726 748 2779 ln
779 2723 1035 2776 omnibus
1094 2719 1508 2771 tribulationem
1561 2719 1824 2784 patimur.
1869 2714 1962 2766 sed
1999 2728 2106 2765 non

540 2817 920 2887 angustiamur
968 2812 1349 2882 :aporiamur,
1407 2809 1500 2860 sed
1550 2823 1656 2858 non
1706 2805 2106 2858 destituimnr:

539 2907 981 2977 persecutionem
1017 2904 1252 2972 patimur
1285 2941 1301 2966 ,
1333 2899 1427 2952 sed
1469 2914 1576 2950 non
1613 2898 2049 2963 dcrelinquituut'
2087 2909 2103 2949 :

540 2999 856 3069 dejieimur,
883 2996 979 3051 sed
1014 3010 1122 3049 non
1156 2994 1437 3063 perimus:
1474 3005 1692 3056 semper
1727 2989 2107 3042 mortiﬁcatio-

538 3108 664 3148 nem
699 3089 828 3144 Jesu
854 3091 905 3142 in
939 3101 1170 3156 corpore
1201 3095 1389 3138 nostro
1421 3082 1896 3143 circumferentes,
1935 3089 1993 3133 ut
2050 3092 2104 3133 et

541 3183 654 3234 vita
680 3179 809 3234 Jesu
846 3176 1225 3230 inaniteStetur
1256 3177 1308 3228 in
1350 3174 1676 3242 corporibus
1702 3173 1922 3225 nostris.
1951 3171 2111 3224 Sem-

545 3287 643 3340 per
674 3271 820 3322 enim
853 3284 950 3321 nos
982 3267 1075 3335 qui
1139 3267 1396 3326 vivimus,
1425 3267 1478 3317 in
1547 3275 1777 3317 mortem
1839 3263 2112 3316 tradimur

543 3370 770 3433 propter
797 3359 983 3414 Iesum
1026 3375 1042 3411 :
1115 3367 1173 3410 ut
1204 3366 1258 3410 et
1291 3359 1394 3409 vita
1439 3356 1569 3410 Jesu
1637 3355 2014 3408 manifestetur
2056 3357 2110 3410 in

541 3469 710 3507 carne
748 3462 932 3505 nostra
963 3450 1199 3505 mortali.
1243 3448 1382 3517 Ergo
1417 3464 1566 3502 mors
1606 3449 1657 3500 in
1696 3451 1854 3502 nobis
1912 3464 2109 3516 opera-

553 3558 664 3607 tur,
695 3545 800 3597 vila
826 3553 1005 3596 autem
1030 3543 1081 3594 in
1119 3542 1289 3594 vobis.
1350 3541 1622 3594 Habentes
1647 3555 1826 3594 autem
1857 3542 2109 3594 eumdem

543 3639 796 3705 spiritum
824 3637 969 3699 fidei,
993 3639 1134 3688 sicut
1164 3636 1426 3704 scriptum
1453 3646 1535 3687 est
1570 3651 1582 3686 :
1612 3633 1830 3686 Credidi
1893 3643 2114 3701 propter

542 3731 691 3800 quod
721 3731 937 3783 locutus
963 3743 1106 3791 sum,
1128 3739 1182 3782 et
1213 3744 1313 3781 nos
1347 3729 1643 3787 credimus,
1673 3740 1897 3795 propter
1962 3728 2111 3794 quod

539 3822 936 3890 etluquimur:
987 3821 1223 3874 scientes
1256 3820 1512 3885 quoniam
1561 3821 1653 3886 qui
1707 3817 1988 3870 suscitavit
2030 3820 2114 3871 Je-

544 3930 693 3979 sum,
729 3925 780 3968 ct
810 3929 906 3966 nos
935 3929 1058 3966 eum
1085 3911 1212 3965 Jesu
1241 3911 1548 3970 suscitabit,
1581 3920 1634 3962 et
1690 3920 1984 3962 COItSllluel
2021 3923 2114 3960 vo-

547 4010 786 4062 biscum.
815 4005 1007 4062 Omnis
1028 4006 1189 4058 enim-
1213 4013 1434 4074 propter
1469 4019 1564 4056 vos
1597 4021 1610 4057 :
1649 4014 1706 4056 ut
1735 4007 1905 4072 gratia
1943 4004 2116 4055 abun-

542 4104 700 4162 dans,
727 4115 821 4166 per
849 4098 1048 4150 multos
1076 4096 1129 4149 in
1158 4097 1455 4163 gratiarum
1487 4096 1728 4157 actione,
1781 4093 2023 4146 abundet
2057 4092 2112 4145 iu

541 4191 769 4256 gloriam
813 4186 924 4240 Dei.
956 4188 1185 4254 Pr0ptcr
1239 4187 1382 4254 quod
1414 4201 1521 4237 non
1548 4186 1867 4247 delicimus;
1904 4185 2000 4238 sed
2049 4183 2115 4238 li-

541 4291 631 4333 ret
655 4279 723 4338 is.
753 4281 845 4347 qui
869 4278 1005 4332 foris
1027 4287 1132 4336 est,
1153 4287 1336 4330 uoster
1364 4277 1526 4326 homo
1549 4288 1862 4341 corrumpat
1890 4292 1904 4328 :
1930 4287 2111 4325 tamen

544 4373 612 4435 is,
637 4372 730 4441 qui
758 4373 907 4424 intus
933 4378 1038 4433 est,
1069 4368 1443 4423 renovaturde
1466 4367 1554 4420 die
1586 4366 1640 4418 in
1665 4367 1830 4418 diem.
1860 4366 1914 4417 Id
1938 4365 2108 4425 enim.

542 4465 689 4533 quod
731 4466 782 4517 in
817 4463 1070 4532 praesenti
1100 4472 1186 4516 est
1216 4469 1658 4513 moinentaneum
1694 4467 1746 4509 et
1784 4456 1900 4509 leve
1931 4458 2108 4509 tribu-
2143 4469 2186 4521 ι)

543 4559 761 4610 lationis
781 4565 1006 4621 nostrae,
1033 4568 1198 4622 supra
1231 4552 1454 4608 modum
1489 4552 1541 4604 in
1575 4548 1912 4602 sublimitate
1945 4559 2107 4601 aeter-

544 4665 672 4701 num
695 4648 881 4718 gloriae
904 4647 1112 4716 pondus
1137 4655 1392 4715 operatur
1422 4647 1476 4698 in
1510 4645 1687 4698 nobis.
1714 4643 1828 4696 Non
1858 4653 2110 4696 contem-

545 4715 820 4812 plantibus
843 4715 1005 4793 nobis
1029 4753 1150 4808 qua:
1190 4737 1468 4799 videntur,
1500 4736 1592 4789 sed
1623 4751 1742 4803 qua:
1779 4748 1888 4787 non
1919 4715 2110 4787 videnl-

544 4844 658 4888 tur.
700 4831 830 4896 Qua:
859 4831 1004 4882 enim
1067 4828 1346 4892 videntur,
1399 4825 1720 4893 temporalia
1759 4833 1884 4876 sunt
1921 4837 1937 4880 :
1991 4838 2112 4893 qua

539 4936 724 4979 autem
757 4939 862 4976 non
899 4923 1173 4985 videntur,
1211 4932 1416 4976 aeterna
1449 4928 1599 4973 sunt.

616 5016 774 5088 [ϐαρ.
812 5014 1140 5087 V.|Scimus
1171 5015 1342 5077 enim,
1403 5013 1666 5082 quoniam
1742 5017 1783 5065 sl
1833 5011 2114 5064 terrestris

544 5111 741 5168 domus
777 5121 959 5164 nostra
996 5110 1157 5180 hujus
1185 5107 1540 5162 habitationis
1569 5107 1925 5168 dissolvatur,
1963 5103 2108 5173 quod

543 5204 959 5260 aediﬁcationem
987 5218 1052 5256 ex
1086 5202 1195 5256 Deo
1222 5201 1510 5265 habemus,
1547 5201 1768 5253 domum
1812 5215 1920 5251 non
1990 5213 2112 5249 ma-

547 5298 844 5361 nul'actant,
875 5302 1132 5350 aeternam
1157 5294 1209 5347 in
1236 5295 1410 5347 caelis.
1448 5292 1579 5346 Nam
1614 5305 1668 5346 et
1709 5291 1762 5345 in
1801 5293 1904 5344 hoc
1963 5291 2116 5358 iuge-

549 5392 852 5455 miscimus,
885 5389 1274 5444 habitationem
1311 5398 1572 5448 nostram,
1599 5401 1718 5452 qua:
1753 5383 1820 5438 de
1848 5383 1971 5455 ima.
2037 5379 2115 5452 in]

552 5621 591 5677 Ρ
626 5553 642 5673 ἶ
677 5549 838 5602 Addit
867 5561 1168 5616 pronomen
1201 5553 1336 5598 hanc
1382 5545 1538 5614 juxta
1600 5541 1846 5596 Grzcum
1907 5553 2116 5597 textum

595 5639 622 5672 a
649 5633 720 5672 at.
752 5636 851 5672 ηδε.

595 5633 720 5672 alat.
752 5636 851 5672 ηδε.

623 5691 1090 5767 ι-,ιιιρ-γωοιίιιέι
1146 5699 1469 5767 pronomen,
1531 5683 1674 5752 quod
1729 5684 1783 5735 in
1841 5685 2115 5752 plerisque

552 5758 746 5815 Cra-lis
770 5761 920 5811 libus
951 5761 1204 5823 habetur,
1265 5758 1433 5809 l’alat.
1463 5772 1561 5810 tua.
1588 5759 1800 5810 reticet.

2202 535 2310 574 non
2337 519 2468 572 nudi
2507 517 2874 571 inveniamur.
2895 511 3026 566 Nam
3065 517 3118 564 et
3145 505 3236 576 qui
3271 519 3441 560 sumus
3463 506 3508 559 in
3531 505 3695 561 boeta-

2204 613 2522 673 bernaeulo,
2553 607 2962 676 ingemiseimus
2987 599 3191 670 gravati
3229 597 3348 667 :‘,eo
3402 598 3530 665 quod
3567 599 3698 650 nolu-

2201 719 2322 757 mus
2347 701 2666 771 exspoliari,
2718 698 2811 752 sed
2873 690 3270 763 supervestiri;
3313 698 3366 742 ut
3401 689 3699 742 absorbeatur

2201 796 2343 865 quod
2380 792 2606 846 mortale
2628 799 2733 851 est,
2761 805 2788 841 a
2825 787 2957 839 vita.
2990 783 3092 849 Qui
3130 791 3307 834 autem
3363 779 3507 833 efﬁcit
3535 795 3617 833 nos
3655 783 3698 832 in

2204 887 2308 940 hoc
2353 887 2550 955 ipsum,
2599 883 2764 940 Deus,
2799 880 2889 946 qui
2923 875 3073 930 dedit
3110 872 3268 925 nobis
3291 871 3466 940 pignus
3487 872 3691 938 spiritus.

2208 978 2488 1030 Audentes
2517 977 2680 1044 igitur
2735 983 2972 1037 semper,
3030 958 3264 1018 scientes
3317 962 3549 1030 quoniam
3599 964 3701 1012 dum

2155 1075 2158 1079 ’
2207 1084 2395 1123 sumus
2420 1068 2474 1119 in
2499 1079 2746 1133 corpore,
2788 1060 3199 1130 peregrinamur
3233 1070 3259 1106 a
3295 1054 3498 1106 Domino
3525 1054 3622 1119 (per
3645 1052 3695 1103 f1-

2206 1162 2328 1214 dem
2352 1160 2500 1214 enim
2531 1156 2892 1215 ambulamus,
2915 1163 2969 1204 et
2997 1166 3103 1202 non
3138 1163 3231 1215 per
3259 1145 3497 1214 speciem)
3518 1159 3534 1199 ξ
3559 1144 3690 1195 aude-

2207 1270 2330 1307 mus
2361 1263 2562 1315 autem,
2599 1261 2653 1303 et
2682 1249 2877 1300 bonam
2910 1243 3240 1297 voluntatem
3299 1238 3540 1291 habemus
3563 1237 3698 1303 magis

2206 1348 2542 1416 peregrinari
2573 1360 2600 1395 a
2633 1355 2881 1408 corpore,
2909 1346 2959 1388 et
2985 1344 3282 1402 praesentes
3326 1346 3440 1384 esse
3474 1330 3531 1382 ad
3555 1329 3700 1380 Domi-

2209 1457 2360 1494 num.
2391 1437 2448 1488 Et
2471 1437 2592 1488 ideo
2615 1431 3018 1488 contendimus,
3052 1427 3165 1479 sive
3199 1423 3462 1484 absentes,
3481 1422 3579 1473 sive
3605 1434 3708 1486 prai-

2209 1542 2410 1591 sentes,
2482 1528 2692 1596 placere
2733 1524 2831 1575 illi.
2873 1522 3073 1575 Omnes
3099 1517 3245 1571 enim
3282 1531 3374 1567 nos
3430 1510 3706 1565 ntanifestari

2209 1630 2419 1689 oportet
2455 1629 2578 1671 ante
2615 1615 2850 1670 tribunal
2877 1613 3100 1673 Christi,
3133 1617 3190 1661 ut
3233 1607 3431 1662 referat
3463 1607 3706 1668 unusquis-

2210 1734 2312 1786 qne
2372 1715 2586 1784 pmpria
2625 1713 2893 1780 corporis,
2934 1715 3096 1776 prout
3154 1702 3341 1773 gessit,
3396 1700 3498 1753 sive
3528 1700 3708 1761 bunum,

2209 1811 2322 1862 sive
2349 1808 2568 1859 malum.
2603 1804 2852 1857 Scientes
2887 1815 3020 1867 ergo
3048 1798 3300 1850 timorem
3336 1792 3550 1855 Domini,
3580 1790 3709 1840 hemi-

2211 1902 2370 1954 nibus
2399 1897 2712 1958 suademus,
2749 1894 2858 1946 Deo
2896 1903 3077 1944 autem
3105 1886 3372 1940 manifesti
3403 1895 3588 1935 sumus.
3610 1879 3709 1947 Spe-

2210 2000 2468 2045 roautem
2506 1999 2561 2041 et
2589 1988 2643 2039 in
2681 1984 3035 2039 censcientiis
3079 1979 3279 2033 vestris
3310 1975 3597 2029 manifestos
3640 1985 3713 2022 nos

2210 2101 2349 2138 esse.
2389 2085 2501 2136 Non
2533 2083 2724 2134 iterum
2752 2078 3202 2132 conimemlamus
3233 2088 3332 2133 nos
3355 2071 3514 2128 vobis,
3537 2066 3616 2119 sed
3644 2079 3714 2115 oc-

2210 2177 2483 2228 easionrm
2517 2172 2709 2223 damus
2732 2171 2880 2221 vobis
2919 2166 3183 2236 gloriandi
3223 2178 3319 2229 pro
3343 2159 3488 2211 nobis
3519 2171 3533 2209 :
3565 2163 3614 2206 ut
3640 2153 3714 2204 lia-

2213 2267 2387 2320 heatis
2423 2264 2488 2317 ad
2530 2279 2645 2327 eos,
2680 2262 2772 2330 qui
2801 2261 2850 2312 in
2888 2261 3025 2311 facie
3080 2256 3401 2324 gloriantur,
3450 2261 3500 2302 et
3544 2263 3628 2298 non
3678 2246 3715 2294 in

2211 2361 2397 2415 corde.
2437 2357 2561 2411 Sive
2586 2355 2731 2408 enim
2768 2366 2948 2404 mente
2987 2349 3326 2406 excedimus,
3377 2344 3475 2396 Deo
3501 2357 3515 2395 '.
3539 2342 3714 2391 sit-esu-

2213 2454 2315 2507 brii
2387 2463 2598 2512 sumus,
2642 2446 2814 2498 vobis.
2877 2441 3128 2496 Charitas
3177 2439 3322 2492 enim
3373 2433 3556 2488 Christi
3597 2437 3719 2496 urget

2215 2559 2315 2598 nos
2350 2559 2366 2599 :
2394 2543 2730 2596 mstimantes
2759 2539 2880 2595 hoc,
2915 2535 3174 2602 quoniam
3206 2531 3250 2584 si
3289 2545 3422 2583 unus
3449 2542 3536 2595 pro
3579 2522 3718 2575 omni-

2213 2637 2314 2689 bus
2341 2642 2590 2688 mortuus
2615 2641 2718 2688 est.
2745 2643 2872 2696 ergo
2909 2640 3100 2679 omnes
3136 2624 3336 2677 mortui
3395 2629 3516 2673 sunt
3543 2633 3553 2668 :
3577 2625 3622 2668 et
3648 2613 3720 2679 qni

2215 2742 2311 2796 pro
2341 2725 2596 2778 omnibus
2639 2731 2886 2773 mortuus
2918 2728 3000 2772 est
3037 2720 3296 2770 Christus
3327 2715 3367 2779 ⁸,
3408 2724 3463 2765 ut
3489 2721 3536 2764 et
3562 2711 3639 2779 qui
3663 2722 3723 2755 v1-

2213 2819 2503 2886 vunt,jam
2560 2831 2666 2868 non
2700 2814 2804 2866 sibi
2871 2809 3203 2872 vivant,sed
3253 2806 3440 2875 ei,qui
3493 2818 3578 2871 pro
3623 2801 3724 2867 ipsis

2215 2922 2459 2963 mortuus
2491 2918 2596 2970 est,
2630 2917 2685 2960 et
2717 2904 3038 2960 resurrexit.
3075 2902 3266 2970 Itaque
3293 2915 3390 2953 nos
3438 2898 3604 2948 exlioe
3656 2903 3726 2942 ne-

2222 3003 2424 3053 minem
2460 3001 2714 3050 novimus
2737 2995 3040 3049 secundum
3082 3006 3329 3045 carnem.
3363 2991 3484 3044 Etsi
3517 2985 3730 3053 cognovi-

2140 3122 2179 3175 ε
2219 3108 2340 3144 mus
2368 3093 2672 3143 secundum
2718 3103 2934 3140 carnem
2969 3084 3255 3138 Christum
3295 3084 3429 3135 :sed
3470 3094 3597 3133 nunc
3640 3077 3725 3146 jam

2216 3199 2321 3235 non
2354 3184 2625 3235 novimus.
2650 3181 2703 3234 Si
2727 3197 2832 3248 qua
2864 3195 2995 3248 ergo
3023 3181 3075 3231 in
3106 3178 3329 3232 Christo
3358 3181 3726 3235 nnvaereatura,

2218 3288 2394 3328 vetera
2419 3276 2763 3327 transierunt
2799 3289 2814 3325 :
2849 3286 2979 3324 ecce
3011 3272 3151 3322 facta
3186 3282 3314 3324 sunt
3341 3269 3514 3320 omnia
3548 3273 3565 3295 '
3597 3276 3722 3315 nova.

2214 3365 2407 3419 Omnia
2455 3372 2633 3416 autem
2658 3378 2721 3415 ex
2760 3363 2889 3424 Deo,
2916 3365 3005 3429 qui
3037 3376 3135 3412 nos
3160 3355 3630 3413 rcconciliavitsihi
3657 3365 3731 3419 per

2212 3456 2487 3510 Christum
2521 3473 2535 3510 :
2569 3465 2624 3507 et
2654 3453 2805 3506 dedit
2838 3454 2996 3506 nobis
3057 3453 3425 3503 ministerium
3463 3444 3728 3500 reconcilia-

2215 3548 2402 3601 tionis.
2433 3545 2940 3612 Quoniam;quidem
2965 3544 3106 3596 Deus
3122 3555 3243 3595 erat
3273 3543 3327 3594 in
3357 3541 3565 3593 ChriSto
3608 3551 3731 3588 nutu-

2215 3643 2344 3692 dum
2379 3638 2742 3692 reconcilians
2771 3638 2898 3701 sibi,
2940 3651 3049 3689 non
3108 3647 3374 3702 reputans
3428 3635 3526 3686 illis
3572 3631 3724 3683 delicta

2216 3734 2550 3800 ipsorutn,et
2570 3733 2750 3800 posuit
2773 3731 2824 3782 in
2847 3730 3006 3781 nobis
3029 3729 3260 3782 verbum
3295 3723 3723 3784 reconciliationis,

2215 3827 2554 3890 ProCbristo
2577 3841 2706 3892 ergo
2738 3824 3004 3887 legatione
3031 3822 3343 3890 fungimur,
3381 3830 3614 3886 tanquam
3640 3815 3724 3866 Deo

2215 3919 2540 3970 exhortante
2566 3932 2796 3986 pernos.
2827 3893 3193 3981 Obsecranius
3256 3928 3354 3980 pro
3401 3909 3622 3970 Christo,
3667 3919 3734 3957 re-

2214 4006 2575 4060 conciliamini
2613 4003 2918 4062 Deo.Eum,
2950 4003 3040 4070 qui
3079 4016 3189 4053 non
3228 4009 3455 4052 noverat
3492 4003 3726 4066 peceatum

2219 4113 2314 4167 pio
2342 4103 2497 4149 nobis
2528 4106 2812 4165 peceatum
2835 4095 2982 4158 fecit,
3007 4104 3068 4146 ut
3097 4107 3205 4148 nos
3223 4090 3562 4148 elliceremur
3602 4083 3741 4155 iusti-

2221 4199 2294 4242 tia
2337 4189 2428 4242 Dei
2467 4189 2520 4240 in
2555 4189 2694 4257 ipso.

2287 4281 2446 4352 [Cap.
2477 4279 2568 4334 γι.
2601 4279 2617 4349 j
2641 4278 2977 4348 Adjuvantes
3005 4287 3190 4330 autem
3219 4277 3590 4335 exhortamur,
3609 4285 3666 4324 ne
3693 4268 3736 4320 itt

2217 4388 2448 4424 vacuum
2487 4374 2720 4440 gratiam
2767 4369 2862 4424 Dei
2897 4372 3204 4438 recipiatis.
3237 4371 3331 4424 Ait
3380 4369 3521 4422 enim
3547 4382 3584 4428 ς,
3614 4363 3739 4417 Temo

2220 4478 2351 4533 pore
2379 4472 2604 4532 accepto
2633 4462 2885 4516 exaudivi
2908 4471 2980 4524 te,
3005 4471 3062 4515 et
3091 4463 3147 4515 in
3172 4461 3269 4516 die
3295 4461 3489 4516 salutis
3505 4457 3663 4528 adjuvi
3683 4461 3740 4507 te.

2224 4559 2364 4611 Ecce
2393 4571 2538 4610 nunc
2577 4564 2792 4624 tempus
2823 4554 3184 4622 aeceptahile,
3217 4567 3352 4616 ecce
3378 4565 3522 4606 nunc
3557 4549 3657 4602 dies
3679 4558 3746 4597 sa-

2218 4648 2369 4703 lutis.
2413 4648 2625 4702 Nemini
2653 4649 2848 4701 dantes
2894 4646 3058 4700 ullam
3108 4645 3500 4707 oﬂ‘ensionem,
3550 4649 3603 4696 ut
3657 4649 3741 4691 non

2225 4745 2567 4811 vituperetur
2595 4742 2961 4796 ministerium
2989 4748 3242 4793 nostrum
3263 4755 3286 4793 :
3323 4738 3418 4792 sed
3450 4739 3501 4790 in
3534 4730 3741 4788 omnibus

2219 4837 2579 4890 exhibeamus
2612 4834 2979 4902 nosmetipsos
3024 4833 3170 4886 sicut
3229 4831 3330 4886 Dei
3383 4829 3658 4889 ministros,
3704 4820 3746 4874 iit

2224 4929 2388 4983 multa
2423 4929 2681 4998 patientia
2719 4965 2734 4990 ,
2758 4927 2810 4983 in
2842 4926 3301 4980 tribulationibus
3337 4963 3352 4988 ,
3382 4926 3434 4978 in
3463 4913 3748 4976 necessitati-

2225 5022 2328 5073 bus
2353 5057 2369 5084 ,
2394 5020 2449 5071 in
2479 5018 2772 5086 angustiis,
2811 5016 2866 5068 in
2900 5017 3092 5085 plagis,
3122 5018 3177 5069 in
3209 5016 3553 5076 carceribus,
3585 5011 3633 5062 in
3680 5019 3745 5058 Se-

2223 5108 2544 5168 ditionibus,
2572 5109 2626 5159 in
2675 5107 2978 5168 laboribus,
3010 5110 3061 5158 in
3088 5105 3318 5174 vigiliis,
3351 5109 3404 5157 in
3448 5099 3665 5173 jejuniis.
3706 5096 3746 5145 in

2223 5211 2495 5260 castitate,
2523 5199 2578 5252 in
2598 5199 2852 5262 scientia,
2880 5199 2936 5251 in
2961 5199 3404 5266 longanimitate,
3431 5196 3481 5248 in
3503 5189 3746 5247 suavitate.

2226 5293 2280 5346 in
2313 5291 2522 5361 Spiritu
2551 5301 2738 5344 saneto
2763 5328 2778 5352 ,
2821 5292 2873 5341 in
2900 5290 3173 5343 charitate
3205 5304 3319 5342 non
3355 5289 3495 5350 (icta,
3524 5286 3572 5336 in
3623 5288 3752 5330 verbo

2227 5384 2492 5449 veritatis,
2520 5383 2572 5435 in
2603 5382 2808 5436 virtute
2829 5383 2921 5435 Dei
2957 5422 2970 5446 ,
2994 5397 3086 5449 per
3107 5397 3268 5434 arma
3289 5380 3512 5450 iustitia:
3535 5391 3562 5429 a
3586 5369 3753 5429 dextris

2298 5547 2318 5578 ³
2350 5546 2557 5600 Nomen
2604 5545 2864 5610 Christus,
2921 5546 3065 5616 quod
3098 5556 3152 5600 et
3206 5563 3236 5599 a
3294 5545 3483 5599 Graeco
3518 5540 3758 5604 archetypo

2227 5619 2398 5681 adest,
2433 5621 2482 5668 in
2523 5619 2688 5670 Palat.
2729 5635 2827 5670 HIS.
2874 5635 2978 5670 ltuit
3011 5619 3259 5671 additur.

2297 5686 2318 5716 ‘
2359 5693 2530 5754 Atque
2570 5688 2659 5740 hic
2691 5703 2877 5740 Vocem
2911 5691 3110 5750 omnia,
3149 5703 3278 5756 qua:
3317 5702 3493 5745 tamen
3533 5689 3581 5741 in
3606 5681 3761 5734 (ἕτεεο

2227 5757 2548 5826 plerumque
2577 5758 2830 5822 habetur,
2864 5758 3030 5810 Palat.
3063 5761 3280 5828 ignorat
