3946 6170
486 300 593 361 ΗΠ

1393 309 1455 371 S.
1502 308 1941 370 IIlEllONYMl
1992 309 2251 373 DIVINA
2296 312 2826 375 BIBLIOTHECA.
3588 318 3675 383 8C3

491 421 582 473 illo
637 421 906 479 fratrem.
969 427 1128 496 cuius
1182 425 1298 480 laus
1351 437 1434 478 εει
1478 424 1533 478 in
1587 424 1881 495 Evangelio
1961 441 2056 492 per
2089 434 2129 485 Α
2159 429 2286 483 tiam
2332 429 2425 485 Dei
2464 430 2517 485 in
2561 430 2733 487 vobis.
2784 427 2999 485 Gratias
3029 428 3320 501 Deosuper
3382 429 3680 491 inenarrabili

487 526 679 565 omnes
717 512 985 570 Ecclesias
1019 533 1031 582 ;
1070 532 1174 569 non
1210 516 1381 571 solum
1414 526 1619 581 autem,
1658 517 1752 571 sed
1785 517 2071 573 ordinatus

487 612 576 656 est
621 602 688 656 ad
772 605 1040 659 Ecclesias
1112 620 1296 659 comes
1330 605 1787 675 peregrinationis
1844 619 2063 671 nostrai,

492 696 546 747 in
618 698 757 748 hanc
826 698 1082 766 gratiam,
1134 714 1254 766 quae
1304 698 1652 754 ministratur
1706 715 1737 753 a
1790 699 1948 755 nobis
2001 700 2067 753 ad

494 788 705 842 Domini
738 789 990 857 gloriam,
1014 806 1065 842 et
1087 792 1411 845 destinatam
1441 792 1773 846 voluntatem
1803 804 2065 848 nostram:

493 878 807 931 devitantes
841 879 966 942 hoc,
999 895 1065 932 ne
1090 882 1213 946 quis
1267 896 1368 935 nos
1401 882 1673 950 vituperet
1715 883 1768 934 in
1800 885 1901 935 hac
1942 884 2059 951 ple-

493 970 762 1031 iiitudine,
831 986 951 1037 (iure
1029 972 1380 1026 ministratur
1432 990 1459 1027 a
1529 974 1689 1028 nobis
1723 977 1762 1029 ί.
1815 975 2069 1028 Provide-

494 1076 617 1114 mus
647 1062 792 1115 enim
824 1062 965 1114 bona
1005 1078 1109 1115 non
1151 1046 1325 1117 solum
1365 1080 1548 1119 coram
1592 1066 1721 1128 Deo,
1772 1067 1864 1119 sed
1902 1070 2066 1119 etiam

490 1168 675 1207 coram
710 1154 1046 1207 hominibus.
1090 1156 1337 1209 Misimus
1365 1168 1545 1210 autem
1582 1173 1706 1210 cum
1744 1158 1848 1211 illis
1883 1158 2070 1212 etfra-a

494 1256 632 1299 trem
667 1258 935 1312 nostrum,
985 1263 1147 1315 quem
1198 1249 1549 1316 probavimus
1601 1249 1653 1301 in
1697 1250 1881 1303 multis
1927 1264 2068 1317 sa-pe

498 1340 791 1392 sollicitum
822 1355 983 1397 esse:
1037 1353 1183 1394 nunc
1224 1351 1406 1393 autem
1464 1341 1636 1394 multo
1668 1342 2067 1402 sollicitiorem,

494 1431 825 1486 contidentia
883 1433 1051 1485 multa
1107 1432 1159 1485 in
1207 1448 1318 1491 vos,
1354 1433 1465 1485 sive
1509 1448 1623 1511 pro,
1652 1432 1791 1495 Tito,
1850 1433 1939 1499 qui
1985 1444 2069 1487 cst

491 1525 675 1577 socius
703 1540 877 1584 meus.
928 1532 985 1576 et
1017 1526 1070 1576 iii
1105 1540 1200 1578 vos
1235 1522 1366 1594 [ηαδ.
1409 1523 1584 1595 vobis]
1634 1524 1850 1591 adiutor
1881 1564 1893 1581 .
1954 1525 2067 1577 sive

495 1616 691 1667 fratres
711 1615 901 1677 nostri,
935 1614 1178 1682 Apostoli
1210 1615 1602 1674 Ecclesiaruni,
1639 1614 1806 1682 gloria
1835 1614 2059 1666 Chris‘i.

494 1705 874 1758 Ostensioncm
933 1719 1086 1773 ergo,
1120 1719 1241 1771 quae
1292 1714 1374 1756 est
1426 1704 1713 1756 cliarit'atis
1752 1716 1969 1766 vestrm,
2012 1712 2067 1758 et

2176 522 2320 575 dono
2348 523 2487 589 ejus.

2244 612 2498 685 [Cap.X.]
2559 614 2677 682 Ipse
2735 624 2915 671 autem
2973 632 3072 687 ego
3124 615 3325 671 Paulus
3370 617 3573 674 obsecro
3611 639 3684 675 vus

2173 720 2271 772 per
2328 708 2795 760 mansuetudinem
2832 717 2886 761 et
2925 709 3243 762 modestiam
3278 709 3503 776 Christi;
3530 714 3603 779 qui
3639 715 3680 766 in

2173 795 2307 848 facie
2337 798 2556 865 quidem
2595 799 2815 852 humilis
2846 814 2966 853 sum
2996 800 3133 854 inter
3167 815 3287 862 vos,
3332 801 3513 855 absens
3538 813 3685 859 autem

2171 888 2384 941 confido
2416 889 2467 940 in
2505 890 2674 943 vobis.
2711 890 2857 959 Rogo
2893 902 3073 944 autem
3109 907 3227 955 vos,
3266 908 3331 945 ne
3366 908 3577 960 praesens
3608 912 3686 948 au-

2172 981 2347 1041 deam,
2384 996 2477 1048 per
2505 998 2621 1035 eam
2651 984 3033 1039 confidentiam
3084 1001 3191 1053 qua
3225 986 3495 1039 existimor
3523 989 3690 1043 audere

2174 1072 2225 1124 in
2260 1072 2544 1139 quosdam,
2578 1076 2667 1142 qui
2714 1077 3053 1130 arbitrantur
3098 1093 3195 1131 nos
3244 1086 3490 1145 tanquam
3530 1094 3685 1133 secuu

2171 1163 2297 1216 dum
2341 1181 2559 1219 carnem
2593 1166 2950 1221 ambulemus.
2992 1168 3046 1221 In
3080 1183 3243 1223 carne
3273 1170 3417 1222 enim
3450 1173 3691 1225 ambulau-

2172 1264 2271 1315 tes,
2324 1272 2430 1309 non
2464 1258 2761 1311 secundum
2809 1274 3025 1313 carnem
3086 1262 3400 1315 militamus.
3430 1262 3547 1315 Nam
3573 1279 3693 1316 arma

2172 1348 2377 1401 militis:
2403 1361 2597 1403 IIOSH'EB
2630 1367 2737 1403 non
2771 1354 3009 1406 carnalia
3042 1363 3165 1406 sunt
3191 1392 3206 1417 ,
3235 1355 3329 1407 sed
3364 1357 3579 1422 potentia
3606 1354 3692 1408 Deo

2170 1440 2234 1493 ad
2273 1441 2695 1496 destructionem
2745 1446 3149 1509 munitionum,
3182 1448 3413 1501 concdia
3450 1448 3694 1502 destruen-

2173 1541 2273 1593 tes,
2299 1544 2353 1587 et
2383 1550 2602 1589 omnem
2633 1537 2969 1590 altitudinem
3012 1540 3363 1592 extollentem
3394 1556 3448 1593 se
3478 1542 3695 1595 adversus

2170 1624 2452 1678 scientiam
2498 1627 2623 1691 Dei,
2671 1638 2723 1681 ct
2767 1629 2822 1681 iii
2870 1630 3235 1696 captivitatem
3296 1632 3583 1699 redigentes
3605 1649 3694 1686 om-

2171 1726 2294 1765 nem
2320 1714 2655 1768 iutellcctum
2689 1720 2738 1769 in
2774 1720 3096 1785 obsequium
3128 1719 3354 1779 Christi,
3384 1732 3436 1774 et
3473 1722 3520 1773 in
3550 1739 3695 1787 proni-

499 1807 695 1849 nostrae
736 1797 921 1865 glorire
970 1811 1066 1863 pro
1090 1797 1242 1849 vobis
1269 1837 1283 1861 ,
1327 1797 1381 1848 in
1423 1796 1545 1849 illos
1588 1798 1859 1850 ostendite
1907 1802 1959 1850 in
1992 1801 2069 1850 fa-
2105 1795 2144 1849 Β
2178 1813 2267 1870 ptu
2319 1804 2579 1858 habentes
2625 1806 2810 1860 υιεὶειοὶ
2856 1823 3072 1861 omnem
3125 1809 3569 1873 inobedientiam,
3600 1828 3709 1866 cum.

498 1905 636 1942 metu
675 1889 1066 1941 Ecclesiarum.

570 2070 727 2140 [(Jap.
785 2070 900 2141 lX.j
946 2072 1074 2124 Nam
1109 2070 1176 2123 de
1204 2070 1537 2133 ministerio,
1572 2070 1717 2139 quod
1751 2070 1808 2123 tit
1839 2071 1891 2124 in
1914 2085 2073 2124 sanc-

501 2170 604 2227 tos,
637 2180 701 2215 ex
752 2163 1052 2216 abundanti
1104 2172 1185 2216 est
1228 2164 1363 2214 mihi
1404 2162 1647 2217 scribere
1713 2164 1890 2216 vobis.
1948 2162 2073 2216 Scio

498 2257 644 2311 enim
664 2272 971 2325 promptum
1002 2256 1242 2308 animum
1266 2266 1504 2308 vestrum
1535 2272 1549 2309 :
1580 2272 1675 2325 pro
1700 2273 1804 2322 quo
1824 2255 2074 2321 de;vobis

498 2350 701 2417 glorior
728 2348 869 2416 apud
908 2347 1247 2400 illaCedones.
1272 2347 1541 2411 Quoniam
1563 2358 1617 2400 et
1652 2349 1853 2401 Achaia
1884 2360 2071 2417 parata

497 2451 582 2497 est
619 2444 685 2494 ab
721 2458 863 2493 anno
900 2440 1196 2510 printer-ito,
1227 2451 1281 2492 et
1324 2448 1499 2491 vestra
1534 2440 1808 2493 aemulatio
1863 2456 2074 2509 provo-

496 2535 640 2587 cavit
664 2534 953 2600 plurinios.
1010 2530 1128 2583 Misi
1160 2538 1341 2582 autem
1402 2529 1598 2583 fratres
1632 2546 1647 2582 ;
1688 2540 1747 2582 ιιι
1775 2570 1790 2593 ,
1822 2547 1892 2583 ne
1927 2530 2070 2595 quod

497 2626 794 2694 gloriamur
851 2622 920 2675 de
950 2620 1461 2680 vobis,evacuetur
1501 2621 1553 2673 in
1620 2619 1721 2672 hac
1776 2630 1953 2687 parte,
2016 2631 2074 2675 ut

500 2716 983 2788 (quemadmodum
1040 2713 1176 2782 disi)
1232 2714 1403 2781 parati
1450 2714 1592 2767 sitis:
1626 2728 1694 2765 ne
1726 2728 1850 2766 cum
1909 2728 2075 2767 vene-

500 2813 609 2864 iiut
644 2808 968 2862 Macedones
1017 2821 1254 2869 mecum,
1289 2815 1343 2857 et
1368 2806 1680 2858 invenerint
1741 2820 1839 2858 vos
1893 2806 2071 2875 impa-

499 2914 667 2967 ratus,
703 2899 1096 2954 erubescamus
1138 2914 1237 2951 nos
1262 2898 1344 2967 (ut
1372 2914 1477 2951 non
1541 2897 1789 2951 dicamus
1850 2908 1966 2966 vos)
2017 2898 2072 2952 in

498 2998 598 3050 hac
630 2996 956 3049 substantia.
1000 2992 1379 3046 Necessarium
1412 3006 1538 3059 ergo
1586 2990 1888 3043 existimavi
1918 3006 2073 3059 roga-

498 3106 556 3143 re
602 3088 822 3148 fratres,
874 3098 930 3140 ut
962 3085 1300 3155 pranveniant
1362 3083 1427 3137 ad
1489 3098 1603 3145 vos,
1658 3092 1713 3136 et
1765 3090 2071 3151 pra-parent

498 3180 881 3249 repromissam
906 3177 1344 3241 benedictionem
1372 3178 1506 3229 hanc
1536 3188 1777 3244 paratam
1808 3190 1953 3239 esse,
1990 3176 2068 3229 sic

494 3273 652 3339 quasi
685 3271 1148 3334 benedictionem,
1177 3286 1281 3321 non
1326 3278 1581 3337 tanquam
1614 3269 1922 3321 avaritiam.
1959 3265 2072 3322 Hoc

494 3372 676 3417 autem
710 3362 835 3415 dico
859 3378 874 3415 :
902 3361 1003 3426 Qui
1030 3358 1050 3431 [
1078 3376 1173 3413 ms.
1208 3358 1384 3428 Quia]
1436 3374 1597 3427 parce
1624 3359 1880 3420 seminat,
1906 3373 2072 3428 parce

495 3464 553 3509 et
601 3463 802 3508 metet:
846 3464 901 3508 et
932 3455 1024 3522 qui
1083 3452 1315 3505 seminat
1345 3451 1401 3504 in
1460 3451 1956 3514 benedictionibus,
2003 3450 2072 3504 de

497 3545 977 3599 benedictionibus
1010 3554 1065 3598 et
1107 3552 1293 3597 metet.
1322 3542 1718 3612 Unusquisque
1750 3553 1911 3612 prout
1948 3542 2073 3597 des-

497 3638 770 3692 liuavitin
808 3638 974 3691 corde
1036 3651 1135 3690 suo
1183 3639 1223 3703 ',
1284 3651 1387 3689 non
1449 3650 1513 3688 es
1554 3636 1798 3697 trisriiia.
1856 3645 1949 3689 aut
2004 3651 2073 3690 ex

494 3732 817 3787 necessitate
862 3747 876 3785 :
924 3730 1152 3783 hilarem
1191 3729 1334 3784 enim
1374 3731 1618 3784 datorem
1678 3729 1856 3799 diligit
1903 3729 2069 3785 Deus.

494 3823 698 3877 Potens
746 3832 829 3877 est
874 3831 1056 3876 autem
1099 3820 1241 3874 Deus
1272 3836 1488 3874 omnem
1528 3819 1756 3890 gratiam
1792 3821 2073 3875 abundare

493 3922 673 3969 tacere
707 3918 760 3968 in
800 3915 955 3969 vobis
1013 3930 1026 3967 :
1063 3924 1122 3967 ut
1168 3914 1222 3967 in
1257 3912 1514 3967 omnibus
1607 3928 1820 3983 semper
1848 3926 2069 3966 omnem

491 4012 869 4063 sollieicntiam
907 4008 1169 4064 habentes
1198 4047 1212 4072 ,
1272 4008 1564 4062 abundetis
1603 4008 1656 4061 in
1717 4024 1881 4062 omne
1918 4022 2061 4075 opus

492 4104 691 4154 bonum
724 4141 740 4165 ,
781 4103 921 4153 sicut
951 4100 1209 4167 scriptum
1251 4095 1378 4152 est‘:
1414 4098 1711 4167 Dispersit,
1759 4100 1906 4154 dedit
1937 4117 2073 4170 pau-

492 4195 713 4260 peribus
745 4211 757 4245 :
788 4192 997 4261 justitia
1027 4192 1144 4257 ejus
1178 4200 1361 4243 manet
1412 4191 1467 4242 in
1524 4190 1779 4244 saeculum
1817 4195 1998 4246 saeculi
2030 4196 2069 4246 ³.

491 4287 596 4350 Qui
626 4295 806 4337 autent
842 4283 1186 4337 administrat
1214 4296 1399 4334 semen
1427 4282 1717 4335 seininanti
1756 4297 1771 4336 :
1796 4292 1850 4336 et
1877 4299 2071 4352 panem

490 4380 553 4428 ad
588 4374 1024 4428 manducandum
1055 4372 1355 4442 praestabit,
1400 4382 1454 4426 et
1478 4373 1853 4442 multiplicabit
1885 4392 2071 4432 semen

2176 1894 2392 1964 impleta
2418 1896 2582 1952 fuerit
2628 1909 2803 1953 vestra
2854 1902 3188 1955 obedientia.
3236 1903 3369 1968 Quae
3442 1907 3695 1957 secundum

2176 1988 2365 2041 faciem
2411 1999 2560 2056 sunt,
2618 1993 2812 2045 videte.
2848 1994 3053 2061 Siquis
3078 1994 3299 2048 confidit
3345 1997 3447 2050 sibi
3469 1997 3700 2051 Christum

2175 2097 2230 2135 se
2255 2097 2396 2141 esse,
2424 2083 2527 2136 lioc
2558 2084 2755 2153 COgilel
2786 2087 2977 2138 iterum
3006 2070 3159 2154 apud
3190 2104 3283 2141 se:
3311 2091 3437 2156 quia
3463 2093 3589 2143 sicut
3613 2094 3701 2158 ipse

2174 2172 2372 2226 Christi
2404 2184 2506 2237 est,
2546 2175 2615 2229 ita
2650 2187 2704 2230 et
2743 2192 2862 2229 nos.
2911 2178 3067 2241 Nam,
3104 2192 3157 2233 et
3187 2182 3230 2234 si
3264 2182 3494 2250 amplius
3533 2182 3701 2250 aliquid

2175 2264 2436 2331 gloriatus
2489 2267 2640 2322 fuero
2695 2269 2762 2322 de
2797 2280 3060 2337 potestate
3114 2284 3321 2337 nostra,
3397 2290 3545 2342 quam
3582 2274 3703 2326 dedit

2134 2360 2334 2420 ,nobis
2369 2359 2490 2431 [me
2547 2371 2653 2413 tac.
2690 2361 2870 2432 nobis]
2909 2363 3172 2417 Dominus
3202 2366 3254 2417 in
3328 2366 3704 2419 aidtﬁt'allOllelll

2173 2459 2228 2503 et
2268 2467 2372 2505 non
2403 2454 2455 2506 in
2487 2454 2911 2509 destructionem
2946 2467 3180 2509 vestram
3216 2475 3231 2512 :
3263 2474 3375 2511 non
3403 2460 3703 2512 erubescam.

2175 2540 2241 2596 lli
2276 2554 2459 2599 autem
2491 2528 2597 2600 non
2650 2549 2923 2602 existimet
2954 2560 3209 2618 tauquam
3251 2561 3458 2605 terrere
3498 2567 3585 2605 vos
3632 2566 3708 2619 per

2173 2637 2489 2703 epistolas;
2535 2641 2789 2707 quoniam
2847 2640 3064 2711 quidem
3111 2645 3361 2711 epistulae
3391 2687 3403 2708 ,
3445 2646 3705 2713 inquiunt,

2175 2742 2364 2796 graves
2396 2740 2524 2784 sunt
2581 2740 2635 2785 et
2672 2731 2837 2786 fortes
2878 2752 2890 2787 :
2928 2737 3211 2802 praesentia
3264 2752 3448 2791 autem
3499 2739 3712 2806 corporis

2177 2821 2387 2873 infirma
2418 2863 2432 2885 ,
2463 2832 2518 2875 et
2547 2838 2727 2875 sermo
2759 2827 3185 2894 contemptibilis
3218 2840 3231 2878 :
3281 2829 3388 2881 hoc
3422 2832 3611 2897 cogitet
3632 2830 3711 2897 qui

2174 2913 2440 2983 ejusmodi
2468 2924 2553 2977 est
2582 2956 2595 2979 ,
2620 2918 2745 2983 quia
2770 2918 2958 2985 quales
2992 2935 3181 2973 sumus
3214 2923 3387 2976 verbo
3422 2940 3512 2991 per
3542 2925 3715 2991 ρνὶδιυς

2172 3003 2250 3058 las
2280 3008 2536 3059 absentes
2559 3044 2573 3068 ,
2600 3007 2734 3060 tales
2764 3020 2815 3061 et
2838 3021 3129 3076 praesentes
3157 3012 3208 3065 iu
3244 3012 3409 3068 facto.
3458 3015 3563 3067 Non
3592 3029 3714 3067 cium

2175 3096 2440 3151 audemus
2474 3100 2715 3153 inserere
2737 3140 2751 3163 ,
2783 3112 2874 3153 aut
2904 3092 3223 3170 comparare
3248 3121 3355 3159 nos
3405 3107 3715 3172 quibusdam,

2174 3189 2263 3256 qui
2297 3190 2509 3258 seipsos
2533 3192 2919 3247 commendant
2947 3208 2963 3249 :
2992 3195 3085 3248 sed
3120 3196 3218 3264 ipsi
3257 3198 3309 3250 in
3348 3200 3504 3252 nobis
3536 3213 3716 3251 nosme-
3770 3236 3790 3249 -ι

2178 3280 2344 3349 tipsos
2377 3282 2659 3336 metientes
2682 3321 2696 3346 ,
2748 3296 2803 3338 et
2827 3298 3210 3355 comparantes
3244 3291 3609 3357 nosmetipsos
3636 3304 3717 3342 uo-

2174 3371 2279 3426 bis.
2331 3373 2442 3427 Nos
2472 3384 2649 3429 autem
2675 3392 2779 3429 non
2813 3379 2863 3431 in
2893 3379 3217 3434 immensum
3246 3384 3621 3452 gloriabiinur,
3643 3382 3718 3437 sed

2175 3466 2476 3518 secundum
2512 3482 2824 3521 mensuram
2864 3472 3077 3538 regula},
3114 3488 3219 3537 qua
3274 3490 3500 3530 mensus
3532 3487 3606 3529 est
3629 3490 3721 3528 no-

2173 3554 2258 3607 bis
2288 3556 2426 3610 Deus
2458 3572 2767 3611 mensuram
2804 3565 3139 3629 pertingcnli
3170 3582 3345 3633 usque
3382 3568 3448 3621 ad
3476 3582 3584 3620 vos.
3624 3566 3718 3617 Non

2173 3649 2317 3699 enim
2348 3650 2500 3716 quasi
2532 3665 2638 3704 non
2668 3653 3042 3723 pcrtingentes
3084 3656 3151 3711 ad
3183 3673 3273 3710 vos
3301 3698 3317 3717 .
3344 3658 3722 3727 superextendi-

2175 3754 2296 3793 mus
2327 3755 2425 3793 nos
2453 3757 2467 3798 :
2500 3756 2669 3810 usque
2694 3744 2759 3796 ad
2788 3759 2882 3798 vos
2912 3746 3058 3800 enim
3113 3752 3472 3816 pervmiitnus
3499 3752 3547 3802 in
3580 3750 3726 3801 Evan-

2174 3831 2312 3898 gelio
2338 3830 2563 3886 Christi.
2610 3834 2728 3889 Non
2782 3837 2836 3889 in
2888 3838 3215 3892 immensum
3250 3841 3552 3910 gloriantes
3594 3841 3640 3892 iu
3677 3854 3726 3890 a-

2179 3922 2334 3976 lienis
2358 3924 2662 3993 laboribus;
2690 3942 2840 3996 spem
2888 3941 3071 3984 autem
3123 3933 3399 3988 trahentes
3459 3931 3728 3987 crescentis

2178 4008 2301 4062 fidei
2336 4024 2563 4078 vestrae,
2620 4015 2673 4068 in
2718 4018 2874 4071 vobis
2926 4021 3259 4089 magnificari
3312 4024 3612 4079 secundum
3651 4037 3727 4073 re-

2175 4102 2354 4170 gulam
2400 4118 2641 4159 nostram
2672 4107 2725 4161 in
2768 4109 3183 4179 abundantiam,
3209 4114 3377 4169 etiam
3406 4116 3461 4169 in
3501 4115 3606 4177 illa,
3631 4131 3732 4182 qua:

2177 4192 2319 4246 ultra
2344 4210 2438 4249 vos
2464 4208 2610 4261 sunt,
2634 4201 3006 4269 evangelizare
3027 4244 3042 4268 ,
3080 4219 3187 4258 non
3247 4206 3301 4260 in
3339 4209 3520 4263 aliena
3572 4206 3731 4273 regula

2176 4285 2230 4338 iu
2264 4285 2329 4342 iis
2363 4303 2485 4355 quae
2535 4302 2833 4359 praeparata
2899 4304 3070 4360 sunt,
3100 4298 3351 4365 gloriari.
3412 4299 3518 4367 Qui
3571 4309 3733 4354 autent

2176 4380 2454 4449 gloriatur,
2492 4384 2546 4438 in
2579 4385 2809 4440 Domino
2839 4389 3121 4459 glorietur.
3185 4394 3303 4450 Non
3333 4414 3485 4452 enim
3520 4399 3607 4467 qui
3639 4395 3733 4447 sei-

494 4480 731 4521 tesiruiu
765 4482 779 4519 :
821 4476 875 4520 et
908 4466 1132 4535 augebit
1175 4464 1518 4519 incrementa
1560 4468 1774 4537 frugum
1840 4469 2067 4537 justitia:
2100 4493 2145 4549 υ
2175 4487 2330 4532 psum
2376 4477 2745 4544 commendat,
2780 4480 2873 4536 ille
2923 4485 3185 4552 probatus
3246 4499 3380 4544 est:
3443 4464 3550 4547 sed.
3594 4506 3735 4561 quem

493 4576 680 4616 vestrm
713 4577 726 4612 :
755 4573 809 4613 ut
842 4562 893 4615 in
918 4576 1171 4613 omnibus
1190 4560 1505 4626 locupletati
1532 4563 1823 4616 abundelis
1850 4563 1902 4615 in
1944 4578 2061 4617 om-

493 4671 612 4707 nem
632 4654 1062 4721 simplicitatem,
1084 4667 1204 4718 qua:
1224 4663 1485 4720 operatur
1510 4669 1605 4721 per
1633 4669 1737 4707 nos
1763 4655 2064 4722 gratiarum

489 4747 761 4799 actionem
802 4746 930 4798 Deo.
964 4745 1230 4807 Quoniam
1265 4746 1630 4798 minisrerium
1664 4746 1829 4813 hujus
1880 4746 2062 4814 oﬂicii,

492 4853 600 4889 non
635 4836 812 4889 solum
885 4836 1103 4904 supplet
1171 4850 1232 4888 ea
1280 4851 1401 4902 quae
1450 4838 1647 4913 desunt
1694 4838 1921 4902 sanctis,
1972 4842 2066 4894 sed

490 4929 654 4981 etiam
686 4928 926 4980 abundat
978 4941 1075 4996 per
1131 4925 1330 4981 multas
1383 4929 1955 4997 graliaruntactioncs
2008 4936 2063 4988 in

494 5021 743 5079 Domino,
777 5020 1150 5086 probationem
1192 5020 1485 5073 ministerii
1523 5020 1706 5090 hujus,
1757 5024 2068 5090 glorifican-

493 5125 572 5166 tes
620 5110 789 5164 Deum
825 5111 879 5163 in
912 5111 1225 5166 obedientia
1273 5112 1637 5169 confessionis
1667 5127 1880 5181 vestrae,
1918 5100 1971 5171 in
2003 5118 2070 5171 E-

495 5203 794 5273 rangclium
826 5202 1049 5267 Christi,
1082 5215 1138 5257 et
1170 5205 1515 5273 simplicitate
1548 5209 2067 5265 communicationis

493 5300 544 5349 in
575 5298 716 5362 illos,
740 5307 795 5349 et
824 5298 875 5349 in
904 5310 1113 5360 omnes,
1141 5308 1195 5349 et
1220 5297 1273 5348 in
1303 5297 1544 5366 ipsorum
1567 5299 1947 5355 obsecratione
1972 5318 2069 5370 pro

493 5388 664 5454 vobis,
693 5385 1121 5441 desiderantium
1156 5402 1250 5440 vos
1297 5396 1519 5457 propter
1562 5389 1894 5444 eminentem
1946 5408 2069 5462 gra-

560 5551 577 5577 ¹
610 5544 773 5601 Addit
808 5546 1084 5599 Palatinus
1119 5560 1221 5598 uis.
1255 5544 1346 5597 hic
1380 5544 1543 5598 verba
1576 5544 1627 5596 in
1667 5542 1917 5616 Gloriam
1952 5548 2066 5616 Dei,

488 5633 719 5684 quorum
751 5633 850 5689 nec
887 5617 1005 5689 vola
1032 5656 1043 5675 ,
1076 5630 1199 5689 nec
1232 5616 1521 5689 vestigium
1543 5618 1619 5689 .in
1654 5615 1842 5689 Gramo
1873 5628 2019 5671 textu
2048 5615 2064 5673 .

563 5689 583 5719 ⁸
625 5687 721 5749 Ms,
756 5687 1029 5740 l’alatinus
1050 5686 1347 5746 ,destinavit
1376 5686 1558 5755 cordi,‘
1587 5687 1819 5754 prOpius
1873 5689 2064 5744 Crirco

492 5758 832 5818 προαιρεῖται
855 5761 919 5821 τῆ
952 5757 1171 5823 καρδίᾳ,
1203 5758 1293 5811 ubi
1320 5766 1525 5825 tamen,
1555 5771 1648 5814 suo
1674 5773 1784 5810 non
1809 5760 2057 5812 additur.

2172 4567 2315 4619 Deus
2344 4569 2698 4625 commendat
2723 4609 2740 4626 .

2241 4654 2397 4727 [ϐαρ.
2434 4657 2549 4733 XL]
2602 4662 2819 4719 Utinam
2870 4672 3217 4728 sustineretis
3286 4676 3571 4732 modicum
3625 4675 3737 4746 quid

2174 4745 2502 4818 insipientia:
2536 4768 2671 4808 mea:
2695 4795 2711 4820 ,
2738 4758 2831 4813 sed
2859 4768 2914 4813 et
2960 4775 3279 4831 supportate
3329 4784 3424 4823 me
3455 4787 3471 4823 :
3515 4745 3737 4823 ΔΞιιιιιΙοι·

2170 4840 2314 4893 enim
2348 4858 2442 4896 vos
2492 4842 2586 4898 Dei
2618 4850 2990 4908 simulatione.
3040 4856 3312 4925 Despondi
3340 4862 3498 4916 enim
3540 4879 3631 4916 vos
3659 4859 3738 4915 uni

2173 4931 2289 4983 viro
2324 4934 2590 5004 virginem
2616 4952 2819 4994 castam
2865 4944 3127 5002 exhibere
3154 4948 3401 5009 Christo.
3448 4955 3633 5009 Timeo
3654 4969 3736 5007 au-

2174 5031 2306 5089 tem,
2342 5040 2409 5079 ne
2434 5027 2577 5083 sicut
2627 5044 2853 5101 serpens
2896 5035 3064 5091 Evam
3113 5041 3335 5098 seduxit
3367 5050 3573 5101 astutia
3618 5061 3737 5109 sua,

2174 5116 2245 5168 ita
2267 5130 2688 5188 corrumpantur
2709 5138 2903 5181 sensus
2923 5132 3113 5193 vestri,
3137 5143 3193 5187 et
3218 5136 3483 5191 excidant
3501 5155 3531 5191 ιι
3554 5137 3738 5203 simpli-

2174 5203 2360 5271 citate,
2385 5224 2506 5277 qua:
2530 5221 2615 5265 est
2640 5215 2693 5267 in
2719 5214 2957 5273 Christo.
2984 5220 3117 5275 Nam
3145 5226 3187 5278 si
3215 5230 3258 5279 is
3283 5229 3385 5295 qui
3418 5231 3737 5291 venit,alium

2171 5296 2449 5353 Christum
2485 5306 2764 5374 praedicat,
2811 5326 2971 5379 quem
3028 5329 3133 5369 non
3166 5320 3593 5386 prmdicavimus
3620 5337 3635 5387 ;
3664 5331 3740 5372 aut

2172 5390 2341 5445 alium
2370 5393 2621 5463 spiritum
2652 5402 2921 5471 accipitis,
2952 5420 3117 5475 quem
3153 5426 3259 5463 non
3289 5416 3637 5484 accepistis;
3662 5422 3743 5467 aut

2252 5551 2309 5634 ³⁸
2344 5551 2608 5634 Absolute
2664 5559 2719 5611 iii
2749 5570 3024 5630 cateruam,
3056 5581 3153 5634 pro
3182 5569 3233 5622 in
3285 5572 3553 5623 sarculum
3584 5571 3741 5625 surculi

2175 5620 2395 5709 ιιι-δείελα
2413 5623 2692 5709 Palatinus
2708 5645 2835 5701 ms.,
2860 5644 2915 5689 ct
2940 5620 3125 5691 Cra-ce
3149 5620 3391 5709 quidem
3651 5620 3744 5704 est,

2174 5696 2252 5758 εις
2301 5693 2392 5747 τὸν
2421 5695 2615 5753 abibam.
