3948 6174
295 283 412 354 803

277 403 435 458 aliud
491 405 884 476 Evangelinm,
947 410 1090 480 quod
1149 427 1258 468 non
1319 419 1659 486 recepistis:

273 498 629 562 pateremini.
671 500 937 555 Existimo
975 505 1122 558 enim
1159 506 1296 560 nihil
1325 523 1412 562 me
1444 511 1625 567 minus
1661 512 1858 568 fecisse

272 601 305 638 a
336 591 548 657 magnis
576 593 862 658 apostolis.
899 595 1028 649 Nam
1073 597 1180 652 etsi
1224 598 1510 666 imperitus
1559 617 1814 657 sermone
1843 645 1856 668 ,

269 679 371 733 sed
413 697 520 734 non
578 684 848 750 scientia;
892 688 945 740 in
993 687 1256 746 omnibus
1295 703 1476 746 autem
1527 694 1854 748 manifestati

266 785 466 824 sumus
490 773 659 826 vobis.
684 777 790 829 Aut
818 779 1079 848 numquid
1105 792 1385 848 peecatmn
1418 783 1544 845 feci,
1569 800 1656 840 me
1679 786 1854 854 ipsum

265 860 614 924 humilians,
671 875 730 918 ut
779 880 877 920 vos
937 868 1252 924 exaltemini
1299 873 1322 924 ?
1364 875 1624 941 quoniam
1687 879 1854 942 gratis

261 951 624 1020 Evangelium
665 953 757 1008 Dei
798 958 1165 1026 evangelizavi
1209 962 1421 1016 vobis?
1473 966 1622 1018 Alias
1673 969 1850 1019 eccle-

262 1043 393 1094 sias
413 1044 1021 1115 exspoliavimccipiens
1040 1051 1369 1118 stipendium
1387 1055 1452 1109 ad
1483 1058 1847 1112 ministerium

259 1145 532 1186 vestrum.
583 1134 646 1187 Et
691 1151 814 1188 cum
859 1153 1037 1192 essem
1077 1147 1223 1210 apud
1303 1160 1421 1208 vos,
1483 1155 1537 1199 et
1583 1164 1796 1224 egerem
1830 1190 1844 1210 ,

260 1225 400 1277 nulli
449 1241 714 1278 onerosus
753 1229 829 1282 fui
869 1247 882 1284 :
927 1245 1051 1284 nam
1095 1236 1240 1302 quod
1291 1237 1421 1290 mihi
1457 1239 1678 1301 «luerat,
1716 1257 1844 1309 sup-

259 1315 550 1383 pleverunt
599 1317 820 1383 fratres.
871 1323 964 1391 qui
1015 1335 1284 1380 venerunt
1315 1344 1344 1381 a
1386 1329 1744 1385 Macedonia:
1788 1343 1842 1385 et

261 1405 321 1458 in
364 1408 620 1461 omnibus
655 1411 772 1463 sine
817 1427 984 1467 onere
1031 1430 1116 1467 me
1167 1417 1322 1472 vobis
1351 1422 1586 1479 servavi.
1632 1434 1685 1475 et
1726 1441 1840 1477 ser.

257 1499 448 1550 vabo.
500 1498 596 1552 Est
641 1503 844 1554 veritas
895 1505 1098 1560 Christi
1155 1507 1205 1559 in
1257 1523 1360 1572 mo,
1417 1513 1672 1579 quoniam
1725 1516 1840 1569 haec

259 1587 514 1654 gloriatio
566 1606 674 1643 non
745 1594 1072 1662 infringetur
1133 1595 1187 1649 in
1251 1614 1336 1652 me
1390 1600 1444 1652 in
1524 1604 1836 1670 regionibus

257 1680 520 1736 Achaiae.
569 1679 746 1746 Quare
781 1683 804 1734 ?
839 1686 975 1750 Quia
1035 1703 1140 1740 non
1195 1689 1416 1760 diligo?
1462 1694 1602 1746 Deus
1668 1698 1772 1748 scit
1817 1737 1828 1750 .

255 1770 414 1834 Quod
446 1780 624 1824 autem
661 1773 801 1826 facio
833 1814 847 1839 ,
878 1784 932 1828 et
961 1775 1154 1830 faciam
1187 1796 1202 1832 :

256 1862 471 1914 sionem
503 1877 692 1916 eorum
754 1867 846 1934 qui
887 1867 1076 1921 volunt
1115 1872 1456 1926 occasionem
1489 1913 1506 1940 ,
1544 1885 1604 1928 ut
1636 1877 1687 1929 in
1724 1894 1832 1946 quo

256 1950 564 2018 gloriantur
625 1956 972 2010 inveniantur
1019 1958 1161 2011 sicut
1218 1970 1273 2014 et
1322 1977 1424 2015 nos
1454 2003 1465 2014 .
1501 1963 1636 2017 Nam
1690 1967 1834 2034 ejus-

256 2041 407 2093 modi
461 2044 903 2113 pseudoapostoli
934 2085 950 2111 ,
1013 2050 1156 2104 sicut
1190 2051 1205 2080 ³
1257 2055 1495 2120 operarii
1553 2055 1770 2110 subdoli
1815 2098 1830 2119 ,

258 2127 713 2192 trti‘iistiguraiites
760 2152 819 2191 se
854 2138 910 2191 in
961 2142 1240 2209 apostolos
1309 2144 1542 2200 Christi.
1602 2145 1688 2200 Et'
1723 2164 1832 2201 non

257 2230 457 2276 mirum
488 2243 501 2278 :
545 2226 658 2294 ipse
688 2229 836 2284 enim
865 2229 1094 2286 Satanas
1127 2235 1479 2304 transfigurat
1500 2253 1558 2290 se
1587 2237 1642 2292 in
1669 2255 1833 2308 ange-

254 2317 369 2372 lum
414 2318 574 2372 lucis.
615 2318 725 2372 Nan
757 2328 841 2374 est
873 2336 1002 2391 ergo
1035 2339 1287 2393 maguum
1315 2365 1331 2390 ,
1359 2328 1403 2380 si
1429 2329 1663 2384 ministri
1712 2334 1832 2400 ejus

253 2411 713 2476 transfigurentur
766 2412 912 2466 velut
978 2414 1215 2468 ministri
1258 2416 1487 2485 justitite
1541 2435 1828 2490 :quoruin

252 2499 380 2552 finis
414 2501 518 2554 erit
547 2501 848 2556 secundum
885 2520 1051 2574 opera
1108 2508 1353 2576 ipsorum
1384 2547 1400 2564 .
1439 2509 1644 2566 lterum
1706 2512 1832 2567 dico

249 2594 345 2657 (ne
381 2593 503 2658 quis
537 2607 623 2647 me
651 2603 807 2662 putet
842 2595 1188 2666 insipientem
1217 2614 1362 2663 esse,
1393 2603 1640 2671 alioquin
1682 2605 1831 2658 velut

249 2685 605 2749 insipientem
641 2687 873 2756 accipite
905 2704 990 2743 me
1020 2728 1036 2755 ,
1071 2700 1127 2744 ut
1158 2700 1213 2745 et
1239 2707 1342 2762 ego
1378 2695 1653 2749 modicum
1694 2699 1826 2766 quid

245 2774 498 2845 glorier)
531 2813 547 2839 ,
605 2778 749 2846 quod
813 2780 1010 2850 loquor
1044 2821 1059 2846 ,
1117 2800 1226 2838 non
1279 2786 1476 2856 loquor
1528 2790 1827 2842 secundum

245 2866 446 2930 Deum,
492 2869 588 2922 sed
619 2869 777 2938 quasi
810 2870 868 2926 in
902 2872 1215 2943 insipientia
1241 2915 1255 2940 ,
1293 2877 1348 2930 in
1384 2877 1487 2934 hac
1527 2883 1828 2936 substan1ia

249 2958 458 3026 gloriae.
514 2957 784 3024 Quoniam
829 2964 987 3019 multi
1016 2966 1320 3036 gloriantur
1353 2973 1654 3026 secundum
1707 2988 1828 3027 cai-

247 3063 374 3103 ncm
404 3067 420 3104 :
455 3061 510 3105 et
537 3065 638 3120 ego
691 3053 968 3122 gloriabor
997 3095 1013 3111 .
1054 3057 1318 3114 Libenter
1373 3063 1520 3116 enim
1582 3063 1827 3119 sollertis

245 3147 574 3216 insipientes
603 3192 619 3216 ,
661 3167 785 3206 cum
830 3153 953 3208 sitis
1001 3154 1102 3224 ipsi
1152 3154 1426 3224 sapientes
1456 3191 1472 3209 .
1531 3155 1822 3212 Sustinctis

1932 3169 2024 3223 liis
2052 3211 2067 3236 ,
2123 3174 2175 3226 in
2235 3181 2687 3248 necessitatibus,

245 3241 394 3290 enim
441 3241 487 3292 si
533 3243 658 3308 quis
691 3257 790 3296 vos
844 3243 900 3298 in
945 3248 1264 3300 servitutem
1323 3245 1517 3315 redigit
1546 3287 1562 3309 ,
1615 3247 1658 3300 si
1703 3249 1828 3316 quis

243 3327 495 3392 devorat,
533 3330 576 3383 si
607 3333 730 3398 quis
760 3333 979 3402 accipit,
1023 3335 1066 3387 si
1099 3337 1223 3404 quis
1253 3337 1571 3401 extollitur,
1616 3338 1660 3391 si
1692 3341 1820 3407 quis

245 3420 299 3472 in
331 3420 526 3473 faciem
553 3439 648 3476 vos
674 3424 850 3478 caedit.
882 3426 1188 3479 Secundum
1236 3427 1631 3495 ignobilitatem
1675 3428 1820 3491 dico,

241 3515 399 3580 quasi
443 3531 543 3568 nos
577 3515 778 3571 infirmi
812 3518 1080 3572 fuerimus
1113 3519 1166 3572 in
1213 3521 1316 3573 hac
1366 3535 1559 3590 parte.
1611 3522 1666 3575 ln
1715 3539 1824 3591 quo

241 3608 363 3673 quis
401 3610 566 3658 auiet
614 3607 704 3676 (in
768 3608 1084 3677 insipientia
1141 3612 1297 3682 dico)
1369 3614 1545 3667 audeo
1576 3623 1630 3668 et
1676 3630 1818 3682 ego:

241 3696 454 3749 Πρω-επὶ
483 3711 634 3760 sinit,
664 3710 720 3753 et
741 3715 840 3770 ego
869 3717 885 3757 :
909 3703 1174 3765 Israelita:
1202 3717 1350 3771 sunt,
1375 3716 1432 3758 et
1457 3721 1578 3776 ego.
1611 3705 1810 3760 Semen

241 3789 476 3842 Abrahae
505 3802 634 3844 sunt
667 3832 682 3856 ,
715 3801 774 3846 et
800 3809 900 3862 ego
933 3809 948 3847 :
999 3795 1234 3850 Ministri
1272 3798 1474 3852 Christi
1499 3808 1634 3852 sunt
1660 3841 1674 3864 ,
1737 3800 1818 3864 (ut

240 3883 426 3933 inus
455 3888 673 3943 sapiens
703 3884 849 3953 dico)
879 3887 998 3954 plus
1029 3904 1128 3958 ego
1155 3889 1174 3919 ³
1203 3904 1219 3946 :
1251 3889 1304 3943 in
1337 3891 1619 3945 laboribus
1645 3893 1817 3959 pluri-

243 3971 349 4025 n.is
378 4013 395 4036 ,
432 3974 486 4026 in
540 3977 849 4029 carceribus
877 3979 1246 4033 abundantius
1270 4019 1285 4044 ,
1327 3982 1380 4034 in
1422 3983 1591 4052 plagis
1647 4001 1810 4052 sUpra

237 4065 464 4117 modum
492 4103 506 4127 ,
538 4066 590 4117 in
626 4068 892 4122 mortibus
926 4069 1242 4139 frequenter
1265 4109 1279 4124 .
1332 4072 1378 4125 Δ
1413 4073 1613 4128 ludat-is
1646 4081 1808 4144 quin-

238 4155 417 4224 quies,
451 4157 855 4226 quadragcnas,
889 4176 994 4213 una
1023 4162 1221 4224 minus,
1252 4167 1458 4230 accepi.
1494 4165 1599 4219 Ter
1642 4169 1812 4236 virgis

236 4262 414 4300 uesus
448 4265 567 4301 sum
595 4287 608 4311 ,
653 4252 819 4303 semel
854 4253 1124 4320 lapidatus
1153 4270 1273 4308 sum
1307 4295 1320 4320 ,
1357 4265 1438 4308 ter
1469 4258 1806 4326 naufragium

237 4339 340 4392 feci
372 4354 387 4393 :
422 4352 576 4393 nocte
605 4351 660 4394 et
697 4343 784 4395 die
827 4345 877 4394 in
918 4343 1188 4411 profundo
1219 4348 1384 4400 maris
1415 4348 1512 4409 fni,
1553 4349 1606 4401 in
1648 4352 1806 4403 itine-

236 4432 576 4496 ribnssa-pe,
603 4434 860 4499 periculis
882 4434 1191 4502 fluminum,
1221 4440 1480 4506 periculis
1504 4442 1797 4507 latronum,
1840 4476 1878 4524 μ
1914 4472 2166 4526 parum”
2207 4467 2331 4521 mgis
2352 4509 2365 4522 ,

231 4522 497 4589 periculis
523 4536 585 4574 cx
621 4539 840 4592 genere,
875 4527 1134 4594 periculis
1187 4543 1253 4581 ex
1280 4533 1553 4598 gentibus,
1589 4535 1806 4600 pericu-

230 4609 300 4663 lis
331 4611 388 4662 in
424 4611 667 4675 civitate,
702 4613 958 4680 periculis
996 4616 1052 4669 in
1100 4619 1417 4682 solitudine,
1449 4624 1712 4688 periculis
1749 4625 1802 4676 in

229 4705 414 4766 mari,
450 4703 710 4770 periculis
761 4709 814 4759 in
868 4707 1017 4760 falsis
1061 4708 1324 4766 fratribus
1378 4716 1481 4767 :iu
1534 4715 1719 4770 labore
1750 4727 1802 4768 et

226 4806 474 4846 airumna
501 4835 518 4858 ,
559 4797 610 4847 in
663 4797 862 4866 vigiliis
912 4801 1098 4853 multis
1130 4840 1144 4866 ,
1189 4803 1242 4855 in
1288 4803 1430 4858 fame
1467 4817 1521 4858 et
1555 4811 1642 4860 siti
1677 4848 1691 4870 ,
1747 4810 1798 4861 in

223 4885 452 4954 jejuniis
509 4889 736 4953 multis,
793 4893 846 4945 in
897 4892 1100 4962 frigore
1176 4905 1229 4949 et
1281 4899 1525 4952 nuditate
1559 4918 1573 4956 :
1605 4918 1801 4970 pra-ter

226 4978 318 5030 illa
370 4991 493 5045 qua:
536 4983 878 5037 extrinsecus
937 4995 1085 5050 sunt,
1156 4989 1408 5042 instantia
1461 5007 1574 5044 mea
1619 4995 1798 5062 quoli-

226 5071 412 5130 diana,
459 5071 770 5127 sollicitudo
805 5077 1047 5129 omnium
1084 5079 1486 5156 Ecclesiarum._
1537 5087 1668 5148 Quis
1717 5088 1798 5138 in-

226 5159 480 5212 firm-itur
505 5200 520 5224 ,
561 5171 616 5214 et
644 5178 744 5232 ego
771 5179 878 5219 non
915 5168 1160 5223 inﬁrmor
1179 5170 1202 5222 ἲ
1221 5173 1345 5239 quis
1373 5174 1794 5242 scandalizatur,

224 5367 272 5420 bi
297 5298 315 5327 ί
357 5297 496 5379 Cum
531 5298 720 5356 Graeco
756 5311 902 5358 textu
932 5315 1074 5362 tacet
1106 5307 1158 5362 in
1193 5309 1440 5383 Palatino
1467 5329 1567 5368 ms.
1600 5317 1794 5371 adver-

263 5383 374 5420 ium
413 5381 551 5420 sicut
581 5411 594 5420 .

263 5383 374 5420 tum
413 5381 551 5421 ειειιι
581 5411 594 5424 .

295 5442 316 5470 ³
353 5440 826 5524 Additl’alatinus
876 5461 958 5499 ms
982 5487 997 5501 .
1030 5449 1272 5524 i_so_colcn
1302 5459 1351 5503 et
1382 5467 1474 5523 ego
1498 5493 1514 5516 ,
1541 5457 1684 5524 quod
1736 5459 1788 5514 in

223 5503 416 5562 (ξι-αξρο
447 5511 668 5575 quidem
722 5522 869 5567 textu
903 5533 1010 5571 non
1044 5519 1295 5575 habetur.

294 5578 315 5606 ³
350 5577 584 5646 Propius
612 5578 810 5635 Graecae
841 5591 1122 5652 particulae
1155 5591 1242 5641 ῖνσ.
1274 5594 1329 5647 in
1364 5597 1613 5654 palatino
1655 5617 1736 5656 ωε
1770 5643 1784 5658 ,

294 5685 300 5702 .
333 5663 432 5702 ι)το
459 5651 584 5702 aui.
626 5651 848 5702 legitur.

224 5653 300 5709 tit,
333 5663 432 5715 pro
459 5653 584 5715 qui.
626 5653 848 5720 legitur.
1563 5653 1602 5654 η
1657 5653 1734 5656 ηκ-
1770 5653 1783 5658 -

292 5720 314 5748 ⁸
342 5720 520 5784 Atque
553 5721 646 5773 hic
668 5737 968 5787 pronomen
999 5731 1123 5783 mei:
1157 5732 1210 5785 in
1243 5733 1485 5793 Palatino
1507 5755 1608 5795 ms.
1629 5739 1785 5810 juxta

589 5816 866 5883 ΡΑτιιοι..
907 5825 1126 5891 XXIX.

1363 309 1422 369 s.
1465 299 1692 371 PAULI
1732 303 1972 376 Emsr.
2017 317 2068 379 ll
2111 317 2206 380 Al)
2249 321 2422 384 con.

1255 1791 1315 1832 ut
1347 1791 1622 1850 amputem
1677 1802 1832 1839 oeca-
1866 1779 1907 1838 Β
1938 1791 2063 1859 scit)

3430 346 3536 414 Si.)

1717 432 1867 477 recte
1898 433 1939 486 Λ
1971 439 2023 480 et
2070 445 2170 496 ego
2220 448 2323 484 non
2360 439 2534 489 uror?
2576 439 2628 490 Si
2675 440 2891 508 gloriari
2943 457 3201 515 oportet:
3240 471 3358 523 qure
3391 460 3543 514 infir-

1969 521 2172 573 mitatis
2223 539 2354 576 mea!
2445 539 2588 591 sunt,
2650 534 2946 594 gloriabor.
3037 541 3178 597 Dem
3245 521 3299 600 et
3387 564 3540 619 pater

1968 611 2176 664 Domini
2215 619 2386 669 nostri
2424 618 2551 672 Jesu
2590 623 2791 678 Christi
2826 669 2839 688 ,
2878 631 3080 696 quiest
3115 635 3434 694 benedictus
3484 643 3540 696 in

1959 706 2179 765 sanatio,
2205 709 2306 759 scit
2335 712 2477 774 quod
2509 728 2612 764 non
2645 719 2898 772 mentiar.
2935 722 3179 779 Damasci
3215 735 3538 795 prmpositus

1959 795 2136 858 gentis
2164 797 2340 848 Aret-:9
2376 800 2536 867 regis,
2573 809 2909 863 custodiebat
2944 814 3219 869 civitatem
3257 819 3538 876 Damasce-

1960 898 2150 938 norum
2183 927 2196 949 ,
2232 897 2288 940 ut
2319 906 2403 944 uze
2454 900 2945 963 comprrlienderet
2977 919 2989 960 :
3022 917 3075 960 et
3107 921 3201 975 per
3242 911 3533 969 fenestram

1959 974 2010 1024 in
2040 986 2220 1041 sporta
2260 979 2514 1036 dimissus
2562 1001 2680 1042 sum
2734 1005 2831 1058 per
2868 1007 3084 1050 murum
3115 1039 3128 1060 ,
3163 1009 3217 1052 et
3255 1001 3335 1056 sic
3368 1005 3530 1075 effugi

1957 1080 2148 1118 manus
2183 1070 2325 1136 eius.

2028 1156 2184 1226 [ϐαρ.
2225 1160 2371 1234 ΧΗ.]
2404 1164 2458 1220 Si
2492 1167 2716 1235 gloriari
2748 1187 2962 1242 oportet
3006 1180 3133 1246 (non
3165 1189 3384 1254 expedit
3415 1193 3537 1260 (ια’-

1951 1247 2072 1300 (lein
2109 1252 2127 1317 )
2169 1270 2181 1305 :
2223 1257 2433 1309 veniant
2488 1270 2666 1315 antrm
2698 1266 2761 1318 ad
2809 1270 3044 1325 visiones
3083 1286 3136 1330 et
3173 1283 3530 1336 revelationes

1949 1338 2185 1396 Domini.
2225 1346 2351 1399 Scio
2386 1349 2664 1407 hominem
2697 1356 2750 1410 in
2787 1360 3003 1416 Christo
3035 1377 3161 1420 ante
3193 1385 3364 1424 annos
3395 1391 3530 1442 qua-

1949 1433 2256 1487 tnordecim
2291 1437 2426 1506 (sive
2461 1443 2514 1495 in
2547 1459 2778 1515 corpore
2810 1454 3016 1517 nescio,
3055 1459 3169 1510 sive
3205 1473 3362 1516 extra
3395 1482 3524 1519 cor-

1945 1536 2046 1586 pus
2092 1525 2318 1592 m-scio,
2370 1529 2510 1583 Deus
2544 1535 2686 1603 scit)
2737 1549 2950 1608 raptum
2985 1543 3303 1613 hujusmodi
3350 1569 3550 1624 usque.

1941 1609 2006 1659 ad
2058 1613 2276 1666 tertium
2309 1619 2538 1676 coelum.
2582 1625 2647 1679 Et
2695 1631 2809 1683 scio
2877 1633 3190 1704 hujusmodi
3247 1646 3524 1700 hominem

1941 1699 2078 1769 (sive
2132 1705 2182 1756 in
2238 1723 2498 1776 corpore:
2529 1717 2642 1772 sive
2678 1730 2830 1776 extra
2866 1741 3086 1796 corpus,
3123 1736 3328 1796 nescio,
3371 1741 3515 1793 Dens

2115 1799 2369 1861 quoniam
2409 1815 2594 1871 raptus
2651 1822 2732 1864 est
2768 1813 2820 1866 in
2870 1819 3180 1885 paradisum
3215 1844 3228 1880 :
3261 1839 3312 1882 et
3353 1835 3512 1885 audi-

1938 1883 2011 1935 vit
2036 1900 2229 1942 arcaua
2267 1892 2454 1958 verba,
2493 1914 2616 1966 qum
2651 1915 2758 1957 non
2797 1905 2927 1962 licet
2959 1911 3164 1970 homini
3198 1917 3368 1990 loqui.
3407 1925 3510 1978 P:o

1935 1973 2247 2044 hujusmodi
2295 1984 2617 2051 gloriabor:
2656 2009 2756 2062 pro
2797 2015 2879 2054 me
2927 2014 3110 2060 autem
3149 1973 3283 2066 nihil
3317 2017 3518 2084 gloria-

1935 2065 2038 2118 bor
2068 2069 2170 2122 nisi
2201 2071 2253 2124 in
2284 2073 2699 2137 infirmitatibus
2733 2089 2889 2143 meis.
2922 2091 3082 2160 Nam,
3118 2108 3173 2152 et
3211 2103 3253 2154 si
3287 2065 3521 2162 νΖΙηριὉ

1933 2156 2180 2225 gloriari,
2216 2178 2322 2217 non
2351 2179 2449 2219 ero
2480 2171 2742 2239 insipiens
2771 2183 3091 2238 :veritatem
3124 2189 3268 2242 enim
3295 2194 3470 2248 dicam
3501 2216 3515 2250 :

1935 2260 2102 2314 parco
2141 2263 2346 2317 autem,
2380 2273 2448 2309 ne
2481 2261 2603 2327 quis
2634 2281 2719 2318 uie
2763 2270 3040 2327 existimet
3067 2292 3231 2347 supra
3279 2283 3329 2335 id
3367 2288 3515 2352 quod

1950 2341 2098 2394 videt
2136 2343 2187 2395 in
2222 2361 2326 2406 me.
2363 2361 2453 2402 aut
2490 2353 2690 2421 aliquid
2745 2366 2896 2415 audit
2944 2383 3005 2417 ex
3039 2385 3121 2419 me
3149 2411 3161 2422 .
3201 2371 3267 2425 Et
3310 2341 3516 2430 neuma-

1934 2433 2164 2500 guitudo
2200 2441 2596 2497 revoluti-tinum
2628 2451 2851 2504 extollat
2900 2471 3005 2518 tne,
3043 2459 3203 2514 da'us
3240 2476 3324 2517 est
3379 2471 3511 2522 mihi

1934 2526 2186 2580 stimulus
2241 2537 2421 2587 carnis
2470 2553 2602 2591 mea:
2657 2545 2883 2610 angelus
2936 2547 3192 2614 Saturne.
3245 2559 3336 2624 qui
3368 2562 3388 2590 ³
3430 2577 3515 2616 me

1935 2616 2241 2682 eolaphizi-t
2270 2662 2281 2675 .
2319 2624 2547 2694 Propter
2579 2641 2720 2698 quo-.I
2763 2645 2844 2689 ter
2879 2639 3165 2697 Dominum
3206 2653 3382 2717 rogavi
3453 2665 3513 2708 ut

1934 2708 2246 2765 discederet
2275 2731 2304 2769 a
2343 2733 2426 2768 me
2461 2736 2475 2772 :
2516 2731 2571 2774 et
2605 2725 2742 2779 dixit
2788 2729 2920 2781 mihi
2951 2749 2963 2783 :
3005 2735 3217 2790 Sullicit
3263 2708 3359 2794 tibi
3392 2761 3514 2813 gra-

1935 2800 2006 2850 tia
2067 2817 2183 2855 mea
2237 2822 2420 2861 :nani
2483 2814 2656 2868 virtus
2703 2818 2756 2870 in
2829 2819 3149 2879 infirmitate
3208 2834 3509 2898 perficitur.

1934 2891 2192 2950 Libenter
2228 2901 2391 2964 igitur
2419 2905 2698 2972 gloriabor
2754 2914 2804 2965 in
2856 2916 3272 2978 infirmitatibus
3322 2930 3459 2982 meis
3491 2969 3509 2993 ,

1934 2995 1993 3039 ut
2032 2987 2299 3047 inhabitet
2339 2993 2392 3048 in
2427 3013 2511 3051 me
2545 3002 2719 3056 virtus
2763 3006 2991 3064 Christi.
3047 3014 3278 3083 Propter
3358 2987 3506 3090 quod

1931 3077 2121 3144 placeo
2153 3084 2283 3137 mihi
2330 3088 2382 3140 in
2419 3091 2828 3151 infirmitatibus
2862 3106 2996 3157 meis
3035 3106 3053 3135 ⁵
3085 3145 3100 3170 ,
3143 3110 3192 3160 in
3221 3122 3508 3168 contume-

2743 3189 2795 3242 in
2859 3200 3384 3267 persecutionibns,
3449 3209 3502 3259 in

1932 3264 2196 3330 angustiis
2229 3283 2325 3335 pro
2383 3273 2618 3329 Chri:to.
2677 3278 2812 3333 Cum
2869 3301 3014 3337 enim
3065 3291 3336 3355 infirmor,
3375 3307 3507 3354 tunc

1931 3363 2124 3420 potens
2175 3377 2317 3414 sum.
2371 3359 2564 3421 Factus
2618 3387 2738 3424 sum
2780 3375 3084 3446 insipiens,
3131 3401 3223 3440 vos
3272 3405 3355 3442 tne
3405 3407 3501 3444 co-

1928 3445 2136 3513 egistis.
2201 3451 2309 3520 Ego
2360 3458 2506 3509 enim
2571 3479 2598 3513 a
2659 3467 2808 3518 \obis
2855 3469 3018 3526 debui
3074 3482 3497 3538 commendari:

1927 3543 2064 3595 nihil
2095 3548 2240 3599 enim
2292 3552 2472 3605 minus
2521 3556 2691 3610 lnia'o
2727 3562 2793 3614 iis
2832 3571 2917 3630 qui
2984 3581 3109 3622 sunt
3160 3589 3323 3641 suiira
3384 3596 3498 3630 mo-

1925 3630 2051 3682 dmn
2105 3641 2385 3700 apostoli:
2439 3649 2649 3699 tametsi
2703 3653 2840 3706 nihil
2894 3671 3058 3712 sum:
3114 3665 3262 3731 signa
3318 3678 3493 3726 tamen

1923 3730 2258 3792 apostolatus
2312 3735 2413 3785 mei
2473 3737 2608 3790 facta
2665 3755 2790 3796 sunt
2821 3745 2840 3775 ⁵
2873 3764 3036 3816 super
3072 3770 3164 3809 vos
3193 3797 3204 3816 ,
3260 3760 3309 3811 in
3343 3769 3493 3820 oinni

1921 3822 2181 3885 patientia
2211 3859 2226 3887 ,
2263 3825 2315 3877 in
2371 3827 2543 3897 signis
2569 3872 2582 3895 ,
2631 3845 2686 3888 et
2731 3839 3017 3907 prodigiis,
3055 3854 3110 3899 et
3143 3849 3439 3909 virtutibus
3472 3899 3486 3914 .

1920 3912 2058 3974 Quid
2091 3922 2173 3966 est
2199 3918 2344 3970 enim
2380 3959 2394 3982 ,
2429 3922 2575 3989 quod
2611 3925 2791 3979 minus
2836 3933 3106 3990 habuistis
3136 3954 3245 4006 prte
3272 3951 3487 4001 cat-teris

1921 4003 2178 4059 Eccla'siis
2210 4046 2222 4070 ,
2257 4010 2361 4064 nisi
2409 4017 2551 4082 quod
2597 4035 2698 4088 ego
2749 4023 2864 4091 ipse
2919 4042 3027 4082 non
3077 4039 3294 4102 gravavi
3333 4044 3486 4096 vos?

1917 4095 2119 4150 Donate
2153 4103 2286 4154 mihi
2325 4105 2463 4160 hanc
2515 4109 2794 4178 injuriam.
2844 4116 2982 4174 Ecce
3009 4163 3024 4186 ,
3063 4129 3220 4182 tertio
3259 4131 3362 4186 hoc
3392 4150 3486 4202 pn-

1915 4199 2063 4242 ratus
2098 4207 2218 4245 sum
2248 4197 2434 4251 venire
2471 4200 2538 4252 ad
2574 4218 2668 4256 vos
2697 4219 2710 4257 :
2743 4215 2796 4260 et
2829 4225 2931 4264 non
2962 4227 3057 4268 ero
3089 4222 3268 4285 gravis
3305 4197 3478 4277 vobis.

1911 4279 2027 4333 Non
2067 4285 2211 4336 enim
2253 4302 2438 4355 quacro
2476 4308 2595 4360 que
2629 4309 2801 4352 vestra
2836 4314 2966 4357 sunt
2995 4345 3009 4365 .
3047 4313 3140 4362 sed
3209 4331 3324 4368 vos.
3366 4317 3478 4370 Nm

1911 4371 2054 4422 enim
2119 4374 2322 4430 debent
2398 4380 2496 4435 filii
2560 4391 2874 4450 parentibus
2927 4396 3296 4459 thesaurizare
3330 4447 3345 4470 ,
3381 4411 3474 4460 sel

2401 4473 2511 4541 Ego
2539 4487 2718 4531 autem
2754 4482 3114 4541 libentissime
3141 4495 3474 4562 impendam.

1909 4558 1963 4600 et
2027 4556 2482 4626 superimpendar
2536 4567 2650 4633 ipse
2709 4589 2807 4638 pro
2863 4576 3153 4637 animabus
3215 4593 3469 4643 vestris:

1907 4641 2033 4696 licet
2071 4647 2190 4712 plus
2222 4665 2316 4706 vos
2346 4655 2577 4725 diligens
2605 4699 2620 4723 ,
2659 4664 2842 4721 minus
2872 4672 3066 4740 diligar
3099 4717 3113 4730 .
3151 4677 3255 4733 Sed
3299 4695 3414 4737 esto
3457 4707 3468 4738 :

1906 4748 2004 4800 ego
2066 4753 2161 4791 vos
2206 4757 2310 4796 non
2365 4752 2583 4815 gravavi
2619 4772 2633 4807 :
2671 4757 2765 4810 sed
2810 4775 2929 4814 cum
2971 4780 3146 4821 essent
3207 4782 3418 4832 astutus
3456 4821 3469 4838 .

1905 4826 2028 4926 dolo
2057 4844 2152 4883 vos
2194 4837 2334 4903 cepi.
2369 4840 2636 4911 Numquid
2667 4862 2759 4914 per
2797 4851 3032 4920 aliquem
3089 4826 3310 4916 certior

1904 4916 2028 4970 misi
2078 4922 2142 4975 ad
2180 4941 2275 4979 vos
2299 4967 2313 4990 ,
2351 4933 2682 4991 circ..-mveni
2723 4958 2815 4994 vos
2844 4945 2865 4994 ?
2899 4946 3098 5016 liogavi
3150 4951 3329 5010 Titum
3353 4916 3383 5025 ι,
3416 4975 3472 5014 et

1904 5009 2027 5062 misi
2058 5029 2178 5065 curn
2213 5019 2302 5070 illo
2335 5023 2575 5080 fratrem.
2609 5029 2882 5101 Numquid
2922 5037 3074 5097 Titus
3107 5061 3200 5099 vos
3233 5052 3469 5104 circum-

1904 5104 2092 5156 venit?
2127 5123 2306 5162 nonne
2342 5117 2532 5168 eodem
2567 5123 2761 5188 spiritu
2800 5131 3248 5192 alnbulavimus.’
3282 5159 3464 5196 nonne

1899 5191 2092 5248 iisdem
2137 5201 2419 5270 vestigiis?
2465 5207 2603 5262 Olim
2638 5213 2657 5242 ⁸
2693 5221 2892 5273 putatis
2944 5229 3090 5292 quod
3137 5245 3462 5289 excusemus

1898 5330 2147 5406 Graecum
2178 5349 2384 5396 textum
2431 5348 2725 5406 omittitur.

1966 5404 1986 5434 ⁸
2020 5406 2219 5502 lter-up]
2248 5411 2434 5502 Craeco
2470 5425 2716 5502 pressius
2737 5427 3033 5500 archetypo
3056 5473 3068 5494 ,
3103 5437 3250 5502 signa
3280 5445 3459 5493 tamen

1895 5472 2133 5554 Apostoli
2159 5480 2301 5564 [ficta
2325 5495 2445 5564 sunt
2470 5472 2522 5538 in
2550 5472 3250 5568 Palatiitiiivnisyl'e‘gi’t
3271 5472 3460 5561 illim!"

1897 5548 2258 5639 pene-ripam"
2274 5553 2366 5604 τοῦ
2398 5558 2700 5639 arcessier:
2739 5548 3138 5639 xasatpyagﬁq.

1963 5614 1982 5642 ‘
2015 5614 2170 5671 Utiu
2221 5619 2408 5678 Graeco
2459 5639 2539 5682 cst
2591 5614 3141 5698 Πάλινίὶιίῖέῆιῖἷδίά
3189 5661 3271 5700 ms

1891 5678 1941 5733 Il
2016 5658 2082 5668 ν-
2117 5658 2170 5671 -ιι
2223 5658 2408 5678 υιαυιυ
2459 5658 2539 5682 uas
2591 5658 2779 5698 ιιαΛιν,
2810 5658 2862 5688 ιιι
2896 5658 3141 5696 ratuudo
3189 5661 3271 5700 ms
3305 5686 3318 5700 o
3369 5658 3458 5704 οδε

1947 5698 2109 5742 erum.

3019 5870 3094 5934 25
