3946 6170
487 263 516 321 ε
563 263 580 324 1

1366 270 1428 329 S.
1471 269 1908 329 IIIERONYMI
1955 266 2222 327 DlVlNA
2266 264 2792 325 BlBLlO'l‘llECA.
3563 261 3649 322 812

486 397 581 432 nos
618 377 754 448 apud
800 395 894 434 vos
921 383 941 434 ?
979 383 1170 436 Coram
1197 381 1319 436 'Deo
1366 384 1417 437 in
1463 383 1682 439 Christo
1732 386 2005 452 loquimur
2036 402 2050 438 :
2082 398 2126 452 Α
2159 383 2416 450 metipsos
2447 389 2648 434 tentate
2680 379 2722 432 si
2757 376 2887 432 estis
2922 375 2974 429 ln
3005 374 3109 426 fide
3134 414 3147 437 ,
3189 372 3290 440 ipsi
3321 386 3406 426 vos
3435 375 3618 440 probate
3639 414 3652 430 .

486 472 664 522 omnia
716 482 937 534 autem,
991 474 1320 536 charissimi,
1359 484 1578 543 propter
1633 475 2050 529 mdificationem

487 571 741 613 vestram.
789 562 976 614 Timeo
1021 565 1167 615 enim
1225 581 1291 616 ne
1347 565 1482 618 forte
1515 581 1636 618 cum
1675 579 1910 628 venero,
1944 580 2053 617 non

486 654 673 714 quales
735 654 858 704 Volo
936 655 1206 707 inveniam
1288 671 1382 708 vos
1421 671 1435 710 :
1484 665 1539 708 et
1585 671 1686 725 ego
1733 655 1978 708 inveniar
2023 669 2053 706 a

488 742 662 800 uitiis.
703 743 914 809 qualem
956 760 1061 796 non
1099 745 1260 797 vultis
1289 761 1308 799 :
1352 762 1418 798 ne
1461 747 1600 800 forte
1651 745 2052 809 contentiones,

489 833 863 886 :vntttlatimtcs
891 873 904 896 ,
949 835 1331 890 animositates
1359 874 1374 897 .
1407 837 1782 890 dissensiones
1808 877 1823 903 ,
1871 836 2052 892 detra-

488 922 719 985 ctioncs,
758 925 1188 989 susurrationes,
1217 925 1523 980 inflationes
1553 966 1566 992 ,
1597 926 1896 981 seditiones
1943 928 2054 980 sint

490 1015 630 1065 inter
666 1029 796 1065 vos:
835 1030 901 1067 ne
943 1017 1140 1068 iterum
1187 1033 1389 1070 venero
1422 1057 1436 1083 ,
1474 1017 1724 1072 humiliet
1773 1033 1861 1072 me
1911 1018 2053 1072 Deus

489 1105 627 1170 apud
674 1120 804 1168 vos;
846 1116 900 1158 et
931 1105 1144 1174 lugeam
1186 1109 1386 1161 multos
1431 1123 1497 1160 ex
1532 1108 1600 1161 iis
1629 1109 1721 1177 qui
1775 1120 1901 1162 ante
1929 1125 2052 1178 pec-

487 1206 771 1256 caverunt,
815 1207 1002 1249 etnon
1056 1207 1286 1263 egerunt
1332 1199 1705 1265 paenitentiam
1747 1213 1910 1267 super
1954 1197 2054 1250 im-

490 1288 758 1340 munditia
800 1327 816 1351 ,
853 1299 906 1341 et
953 1289 1314 1343 fornicatione
1341 1332 1354 1354 ,
1393 1301 1449 1344 et
1479 1291 1817 1360 impudicitia
1842 1333 1856 1359 ,
1889 1307 2052 1361 quam

491 1389 801 1445 gesserunt.

565 1468 738 1539 [ϐαρ.
776 1467 950 1540 Χ111.]
991 1466 1129 1524 Ecce
1174 1473 1333 1525 tertio
1375 1471 1477 1526 hoc
1517 1473 1674 1526 venio
1709 1470 1775 1525 ad
1823 1486 1960 1525 vos:
1997 1470 2050 1524 In

492 1574 584 1609 ore
622 1558 851 1610 duorum
880 1600 893 1622 ,
935 1560 1018 1612 vel
1072 1561 1236 1613 trium
1283 1561 1498 1615 testium
1541 1559 1705 1614 stabit
1733 1574 1894 1612 omne
1936 1573 2054 1612 ver-

495 1650 616 1698 hnm
650 1690 660 1699 .
703 1647 932 1702 Pl'ﬂftilXi
978 1652 1113 1717 (ms.
1149 1651 1276 1705 add.
1315 1651 1503 1719 enim)
1532 1691 1548 1715 ,
1587 1663 1640 1706 ct
1679 1651 1910 1720 praedico
1939 1692 1954 1716 ,
1997 1659 2056 1704 ut

2156 471 2238 524 An
2292 486 2402 524 non
2455 467 2784 536 cognoscitis
2846 465 3253 528 vosmetipsos,
3300 463 3416 528 quia
3451 464 3658 518 Christus

2155 563 2314 618 Jesus
2344 565 2398 616 in
2439 561 2592 614 vobis
2628 569 2707 613 est
2734 559 2756 610 ?
2801 557 2904 613 nisi
2937 555 3077 610 forte
3108 554 3328 624 reprobi
3357 556 3490 608 estis.
3519 555 3660 624 Spero

2156 665 2338 708 autem
2367 695 2382 719 ,
2419 651 2563 721 quod
2617 649 2984 720 cognoscetis,
3030 647 3156 714 quia
3191 662 3290 697 nos
3353 661 3448 696 non
3508 661 3664 701 sumus

2157 743 2422 812 reprobi.
2470 741 2706 795 Oramus
2759 748 2942 792 autem
3002 739 3173 788 Deum
3207 773 3221 797 ,
3282 742 3339 786 ut
3389 736 3508 786 nihil
3563 738 3662 788 mali

2154 834 2366 889 faciatis
2390 869 2407 897 ,
2448 847 2558 885 non
2608 841 2665 884 ut
2698 845 2797 884 nos
2846 828 3060 898 probati
3095 839 3447 896 appareamus
3469 866 3482 888 ,
3512 825 3589 878 sed
3621 837 3667 879 ut

2153 940 2253 979 vos
2302 923 2449 994 quod
2497 923 2700 977 bonum
2748 929 2832 975 est
2878 918 3092 973 faciatis
3124 931 3142 974 :
3174 932 3274 970 nos
3333 926 3497 968 autem
3525 926 3571 968 ut
3602 931 3668 968 re-

2157 1013 2312 1084 probi
2361 1015 2533 1068 simus
2558 1051 2572 1066 .
2612 1011 2731 1066 Non
2759 1011 2909 1064 enim
2950 1023 3246 1078 possumus
3296 1006 3485 1074 aliquid
3515 1006 3669 1058 adver-

2154 1123 2250 1162 sus
2276 1105 2605 1170 veritatem,
2644 1104 2740 1158 sed
2776 1118 2874 1172 pro
2907 1101 3158 1156 veritate.
3211 1098 3508 1152 Gaudemus
3533 1099 3667 1162 enim,

2155 1198 2412 1268 quoniam
2463 1196 2589 1267 (ms.
2649 1193 2894 1268 quando]
2946 1209 3046 1249 nos
3093 1191 3294 1246 infirmi
3344 1205 3551 1248 sumus,
3597 1204 3673 1242 vos

2156 1297 2336 1344 autem
2388 1297 2641 1355 potentes
2703 1287 2856 1341 estis.
2916 1285 3031 1339 [loc
3105 1292 3161 1338 et
3217 1295 3431 1336 oramus
3477 1288 3670 1332 vestram

2155 1380 2723 1436 consummationem.
2792 1376 2919 1432 Ideo
2989 1377 3104 1430 hzec
3160 1374 3356 1428 absens
3411 1370 3591 1432 scribo,
3629 1378 3676 1420 ut

2157 1488 2267 1528 non
2302 1487 2541 1549 praesens
2574 1471 2770 1525 durius
2838 1484 3014 1539 agam,
3051 1465 3352 1522 secundum
3401 1469 3673 1531 potestatem

2157 1580 2319 1634 quam
2353 1562 2616 1618 Dominus
2665 1561 2816 1616 dedit
2857 1560 2994 1615 mihi
3041 1559 3096 1612 in
3151 1553 3546 1611 aedificationem
3575 1591 3590 1615 ,
3632 1557 3674 1603 et

2156 1671 2268 1710 non
2311 1657 2364 1710 in
2411 1654 2869 1710 destructionem.
2945 1651 3021 1706 De
3055 1660 3253 1704 caetero
3279 1690 3293 1712 ,
3328 1647 3544 1707 fratres,
3573 1657 3676 1710 gau-

494 1756 735 1806 prwsens
777 1745 894 1808 (ms.
939 1743 1060 1794 add.
1103 1743 1310 1812 vobis),
1349 1753 1402 1796 et
1444 1758 1587 1796 nunc
1619 1744 1840 1807 absens,
1873 1743 1940 1796 iis
1962 1743 2054 1811 qui
2088 1733 2129 1789 Β
2160 1743 2302 1808 dele,
2339 1744 2569 1813 perfecti
2598 1751 2812 1805 estote,
2847 1739 3212 1796 exhortamini
3237 1775 3252 1801 ,
3306 1735 3444 1790 idem
3490 1734 3673 1800 sapite.

494 1841 617 1884 ante
663 1842 1028 1899 peccavi-runt
1053 1871 1068 1896 ,
1107 1843 1163 1887 et
1204 1836 1414 1887 caeteris
1455 1835 1713 1887 omnibus
1741 1873 1754 1897 ,
1793 1835 2051 1903 quoniam

496 1921 540 1971 si
577 1935 775 1972 venero
807 1923 1026 1986 iterum,
1078 1938 1184 1974 non
1229 1938 1467 1990 parcam.
1512 1925 1589 1976 An
1624 1923 2060 1992 experimentum

495 2014 738 2080 quaeritis
771 2014 906 2081 ejus.
944 2015 1033 2082 qui
1076 2015 1130 2067 in
1168 2030 1250 2068 me
1277 2016 1518 2082 loquitur
1547 2014 1797 2069 Christus
1826 2055 1839 2077 ,
1881 2016 1972 2084 qui
2006 2015 2060 2068 in

494 2105 654 2158 vobis
717 2122 821 2158 non
884 2107 1194 2159 infirmatur
1221 2146 1236 2167 .
1275 2107 1368 2160 sed
1424 2117 1620 2175 potens
1653 2116 1738 2161 est
1774 2108 1826 2161 in
1861 2107 2062 2160 vobis?

496 2196 630 2250 Nam
666 2198 767 2249 etsi
794 2197 1089 2250 crucifixus
1112 2207 1194 2252 est
1222 2213 1285 2251 ex
1312 2198 1670 2253 infirmitate:
1707 2201 1802 2254 sed
1836 2201 1968 2255 vivit
1995 2217 2062 2256 ex

496 2287 696 2341 virtute
738 2287 868 2342 Dei.
915 2289 1050 2342 Nam
1091 2299 1145 2342 et
1190 2305 1290 2344 nos
1338 2290 1536 2343 infirmi
1593 2307 1782 2344 sumus
1825 2292 1878 2345 in
1922 2294 2062 2349 illo:

498 2381 592 2434 sed
623 2381 866 2434 vivemus
899 2397 1020 2436 cum
1053 2396 1119 2434 eo
1147 2397 1213 2436 ex
1241 2383 1463 2438 virtute‘
1479 2382 1570 2436 Dei
1605 2383 1657 2435 in
1694 2383 1848 2437 vobis
1878 2422 1892 2437 .
1929 2385 2061 2438 Vos-

2161 1851 2352 1906 pacem
2401 1835 2599 1889 habete
2624 1874 2638 1899 ,
2673 1844 2728 1889 et
2763 1837 2902 1888 Deus
2950 1831 3099 1902 pacis
3141 1838 3198 1884 et
3261 1825 3554 1881 dilectionis
3593 1825 3674 1875 erit

2161 1926 2467 1981 vobiscum.
2522 1926 2764 1980 Salutate
2842 1924 3072 1978 invicem
3125 1922 3182 1975 in
3246 1918 3430 1973 osculo
3481 1923 3672 1968 sancto.

2162 2015 2414 2072 Salutant
2465 2033 2559 2073 vos
2605 2031 2795 2072 omnes
2839 2014 3012 2070 sancti
3040 2050 3053 2065 .
3088 2011 3273 2067 Gratia
3308 2006 3510 2063 Domini
3541 2003 3679 2058 nostri

2160 2108 2290 2165 Jesu
2348 2109 2599 2176 Christi,
2656 2116 2712 2164 et
2784 2107 3024 2162 charitas
3100 2104 3246 2168 Dei,
3301 2111 3356 2157 et
3414 2095 3677 2154 commutti-

2163 2203 2308 2258 eatio
2379 2203 2555 2258 sancti
2609 2201 2846 2271 Spiritus
2907 2199 2979 2254 sit
3032 2211 3158 2251 cum
3215 2193 3467 2250 erunibus
3540 2187 3682 2242 vobis.

2163 2293 2362 2348 Amen.

1274 2501 1504 2571 It'rplicir
1550 2504 1791 2571 Epistola
1828 2503 1889 2556 Β.
1946 2504 2104 2558 Pauli
2146 2505 2368 2572 apostoli
2404 2506 2473 2559 ad
2501 2505 2797 2560 Corinthios
2833 2501 2916 2558 II.

1228 2853 1395 2962 Β.
1474 2849 2032 2963 PAULI
2113 2849 3011 2965 APOSTOLI

1991 3061 2281 3124 INCIPIT

747 3247 1834 3427 EPISTOLA
1962 3243 2258 3421 AD
2409 3245 3482 3427 GALATAS.

579 3682 732 3755 (Cap.
768 3679 848 3750 l.]
887 3681 1081 3734 l‘aulus
1131 3678 1410 3746 apostolus
1465 3691 1575 3731 non
1606 3677 1674 3732 ab
1708 3675 2022 3732 hominibus
2055 3717 2069 3741 ,
2097 3691 2141 3752 ο
2176 3676 2318 3732 facio
2348 3714 2364 3742 ,
2406 3675 2604 3731 fratres
2634 3713 2650 3739 ,
2686 3675 3038 3743 Evangelium
3079 3713 3092 3740 ,
3135 3673 3288 3744 quod
3321 3671 3706 3739 evangelitatum

507 3793 682 3844 neque
720 3791 813 3844 per
847 3772 1144 3834 hominem,
1177 3773 1269 3824 Sed
1311 3785 1406 3836 per
1447 3767 1632 3823 Jesum
1679 3768 1986 3832 Christum,
2017 3775 2075 3822 et

508 3867 674 3918 Deum
729 3865 941 3917 Patrem
969 3903 981 3923 ,
1029 3861 1122 3930 qui
1154 3860 1438 3913 suscitavit
1467 3875 1592 3914 eum
1648 3873 1677 3912 τι
1707 3861 1936 3913 mortuis
1964 3875 1979 3924 ;
2019 3869 2075 3914 et

506 3959 599 4025 qui
632 3971 842 4009 mecum
883 3965 1009 4007 sunt
1047 3968 1237 4006 omnes
1274 3952 1469 4005 fratres
1493 3992 1507 4016 ,
1545 3952 1803 4006 Ecclesiis
1831 3951 2071 4006 Galatiae.

503 4046 689 4098 Gratia
727 4045 878 4098 vobis
907 4059 956 4098 et
986 4059 1084 4112 pax
1115 4059 1146 4096 a
1177 4043 1284 4096 lleo
1315 4043 1493 4106 Patre,
1520 4053 1578 4096 et
1610 4043 1843 4096 Domino
1877 4053 2066 4096 nostro

503 4138 629 4192 Jesu
679 4137 930 4199 Christo,
965 4135 1057 4205 qui
1095 4135 1248 4188 dedit
1297 4135 1653 4202 semetipsum
1705 4148 1801 4200 pro
1837 4133 2076 4202 peccatis

503 4229 730 4294 nostris,
757 4239 815 4282 ut
835 4227 1073 4297 eriperet
1099 4243 1196 4280 nos
1228 4227 1296 4279 de
1319 4225 1572 4295 prmsenti
1592 4226 1791 4277 saeculo
1817 4239 2074 4292 nequam,

505 4323 806 4376 secundum
871 4322 1202 4373 voluntatem
1265 4318 1358 4372 Dei
1397 4328 1451 4372 et
1507 4317 1684 4372 Patris
1745 4315 2077 4380 nostri,cui

506 4422 588 4466 est
644 4414 813 4481 gloria
869 4411 922 4465 in
981 4410 1179 4467 sazcula
1234 4410 1612 4464 smculorum:
1682 4413 1875 4462 Amen.
1907 4406 2076 4460 Miror

507 4503 652 4570 quod
702 4504 780 4556 sic
845 4513 955 4555 tam
1013 4501 1125 4555 cito
1181 4499 1598 4566 transferimini,
1640 4499 1706 4553 ab
1737 4514 1800 4553 eo
1841 4498 1934 4568 qui
1983 4511 2078 4552 vos

510 4594 719 4646 vocavit
757 4595 814 4647 in
843 4593 1068 4661 gratiam
1102 4592 1326 4655 Christi,
1379 4591 1432 4646 in
1466 4591 1613 4644 aliud
1669 4590 2022 4659 Evangelium
2062 4607 2076 4646 :

509 4685 654 4752 quod
689 4701 790 4736 non
819 4692 901 4736 est
937 4683 1105 4742 aliud,
1142 4681 1243 4733 ni~i
1294 4691 1421 4734 sunt
1453 4681 1644 4749 aliqui,
1677 4683 1768 4748 qui
1821 4695 1914 4734 vos
1949 4695 2078 4734 con-

470 4779 476 4786 ’
513 4777 776 4836 turbant,
809 4785 864 4826 et
910 4773 1100 4824 volunt
1147 4783 1472 4825 convertere
1523 4771 1878 4838 Evangelium
1915 4768 2077 4823 Chri-

511 4867 601 4920 sti.
652 4865 756 4919 Sed
811 4865 938 4918 licet
974 4877 1072 4917 nos
1101 4902 1114 4925 ,
1173 4873 1267 4916 aut
1296 4863 1525 4930 angelus
1559 4861 1626 4914 de
1665 4860 1804 4914 coelo
1839 4875 2077 4928 evange-

510 4956 637 5008 lizet
707 4954 860 5006 vobis
920 4963 1283 5022 prmterquam
1364 4951 1510 5019 quod
1571 4949 2078 5017 evangelizavimus

2177 3779 2258 3824 est
2283 3785 2312 3824 a
2348 3785 2455 3834 me,
2488 3768 2615 3838 quia
2647 3783 2756 3822 non
2806 3776 2891 3822 est
2921 3766 3225 3822 secundum
3270 3766 3540 3819 hominem
3573 3776 3584 3787 ’
3633 3775 3710 3812 ne-

2176 3877 2285 3930 que
2322 3862 2467 3916 enim
2504 3875 2604 3930 ego
2633 3860 2702 3913 ah
2742 3859 2962 3914 homine
3001 3860 3186 3927 accepi
3225 3859 3362 3912 illud
3402 3896 3418 3922 ,
3451 3869 3609 3923 neque
3643 3851 3710 3903 di-

2176 3954 2307 4016 dici,
2347 3952 2440 4008 sed
2471 3969 2565 4021 per
2597 3953 2986 4017 revelationem
3053 3952 3180 4004 Jesu
3242 3949 3471 4003 Christi.
3506 3942 3714 3998 Aulistis

2178 4044 2324 4098 enim
2373 4043 2844 4108 conversationem
2877 4042 3171 4111 aliquando
3204 4042 3260 4094 in
3297 4040 3569 4096 Judaismo
3599 4047 3713 4102 quo-

2178 4132 2324 4184 niam
2357 4146 2522 4200 supra
2564 4131 2784 4184 modum
2823 4133 3188 4199 persequebar
3247 4130 3545 4183 Ecclesiam
3597 4122 3674 4176 Dei
3703 4159 3716 4180 ν

2177 4230 2231 4274 et
2284 4221 2658 4290 espugnabam
2702 4220 2848 4274 illam
2887 4263 2900 4286 ,
2944 4230 3000 4274 ct
3068 4219 3427 4288 proficiebam
3467 4216 3516 4266 in
3557 4207 3716 4264 Judai-

2178 4324 2295 4364 sino
2319 4326 2480 4378 supra
2520 4310 2717 4363 multos
2751 4320 3056 4363 comtaneos
3089 4324 3239 4361 meos
3277 4309 3333 4360 in
3373 4319 3567 4376 genere
3598 4312 3717 4361 meo.

2179 4402 2547 4456 abundantius
2581 4403 2865 4456 aemulator
2905 4403 3176 4455 exsistens
3218 4410 3566 4468 paternarum
3595 4402 3718 4442 inea-

2179 4510 2298 4548 rum
2341 4493 2717 4548 traditionum.
2761 4493 2895 4548 Cum
2949 4501 3128 4545 autent
3169 4491 3384 4560 placuit
3413 4491 3486 4552 ei,
3525 4485 3607 4554 qui
3652 4495 3721 4532 me

2180 4586 2489 4655 segregavit
2540 4601 2608 4638 ex
2662 4594 2819 4638 utero
2875 4582 3065 4636 matris
3119 4595 3280 4644 mete,
3337 4589 3395 4632 et
3427 4574 3623 4630 vocavit
3645 4582 3722 4638 per

2180 4677 2406 4744 gratiam
2459 4690 2634 4739 suam,
2679 4683 2736 4728 ut
2779 4674 3044 4728 revelaret
3076 4671 3281 4726 Filium
3320 4683 3484 4725 suum
3528 4668 3575 4717 in
3614 4677 3722 4720 me.

2182 4777 2242 4820 ut
2277 4767 2702 4835 evangelizarem
2736 4766 2889 4818 illum
2927 4765 2982 4818 in
3014 4764 3275 4834 gentibus
3307 4779 3324 4817 :
3359 4761 3720 4814 continuom)!1

2182 4857 2430 4926 acquievi
2486 4858 2638 4910 carni
2679 4865 2734 4911 et
2771 4856 3045 4924 sanguini.
3101 4855 3292 4922 Neque
3332 4853 3458 4906 veni
3512 4848 3725 4901 Hieroso-

2183 4951 2377 5018 lymam
2439 4949 2503 5003 ad
2534 4958 2912 5003 antecessores
2959 4960 3111 5000 meos
3153 4945 3444 5014 apostolos
3475 4957 3490 4994 :
3525 4937 3608 4992 sed
3638 4929 3724 4983 abii

509 5042 670 5094 vobis
701 5081 714 5104 ,
752 5040 1039 5092 anathema
1079 5042 1173 5092 sit.
1232 5038 1386 5092 Sicut
1425 5038 1796 5107 prtediximus,
1826 5049 1881 5091 et
1930 5052 2076 5090 nunc
2112 5025 2153 5079 Β
2185 5043 2237 5096 in
2291 5042 2546 5095 Arabiam
2580 5056 2592 5089 :
2635 5049 2687 5092 et
2719 5042 2914 5093 iterum
2945 5052 3199 5092 reversus
3229 5052 3358 5090 sum
3396 5035 3726 5087 Damascum:

512 5135 710 5188 iterum
781 5132 902 5186 dico

516 5412 753 5468 minibus
791 5411 1006 5481 placere
1055 5409 1077 5462 ?
1111 5407 1167 5463 Si
1201 5407 1378 5462 adhuc
1435 5407 1752 5462 hominibus
1787 5410 2080 5478 placerem,

515 5504 722 5561 Christi
777 5518 969 5560 servus
1025 5517 1134 5557 non
1195 5515 1392 5555 essem.
1452 5499 1652 5554 Notum
1712 5499 1859 5553 enim
1929 5499 2082 5554 vobis

589 5667 606 5698 ⁸
637 5664 913 5722 Palatinus
943 5679 1046 5719 ms.
1078 5665 1196 5729 Aut,
1230 5672 1281 5717 et
1307 5663 1489 5718 Grzece
1520 5662 1738 5732 quidem
1788 5671 1869 5714 est
1901 5661 1993 5712 Ἤ.

974 5147 988 5184 ι
1054 5131 1107 5183 Si
1181 5132 1303 5198 quis
1371 5131 1526 5184 vobis
1617 5129 2083 5200 evangelizaverit

512 5235 710 5296 prater
769 5222 821 5276 id
858 5221 1003 5290 quod
1037 5223 1327 5290 accepistis
1359 5260 1378 5288 ,
1421 5223 1711 5275 anathema
1763 5225 1834 5276 sit
1873 5262 1885 5276 .
1924 5221 2082 5273 Modo

513 5321 657 5374 enim
696 5315 1012 5372 hominibus
1042 5314 1245 5368 suadeo
1266 5354 1280 5376 ,
1312 5330 1378 5367 an
1414 5314 1568 5368 Deo?
1600 5317 1680 5367 An
1714 5316 1727 5344 ¹
1770 5329 1952 5384 quivre
1988 5315 2086 5367 ho-

2185 5135 2381 5188 deinde
2418 5143 2537 5203 post
2572 5149 2744 5186 annos
2779 5143 2886 5185 tres
2924 5131 3048 5185 veni
3100 5127 3544 5195 Hierosolymam
3575 5115 3726 5169 videre

2187 5226 2428 5290 Petrum,
2471 5234 2522 5278 et
2575 5226 2747 5278 mansi
2787 5224 2926 5292 apud
2983 5237 3106 5276 eum
3159 5219 3367 5273 diebus
3430 5207 3728 5284 quindecim.

2191 5318 2372 5371 Aliqu
2426 5326 2605 5370 autem
2667 5315 3037 5384 apostolorum
3097 5312 3206 5366 vidi
3287 5310 3561 5363 neminem
3599 5339 3611 5365 .
3647 5294 3732 5350 nisi

2189 5405 2452 5462 Jacobum
2521 5406 2742 5460 fratrem
2843 5405 3079 5460 Domini.
3137 5404 3272 5469 Quae
3345 5410 3527 5457 autem
3582 5387 3736 5448 scribo

2190 5501 2387 5555 vobis:
2429 5515 2557 5555 ecce
2591 5513 2772 5554 coram
2808 5497 2938 5565 Deo,
2979 5497 3103 5567 quia
3157 5510 3267 5552 non
3312 5495 3568 5552 mentior.
3598 5483 3738 5539 Dein-
