3946 6170
249 303 356 368 813

1355 301 1414 359 S.
1465 298 1686 360 PAULI
1722 293 1960 357 EPIST.
2002 297 2097 354 AD
2131 289 2403 353 GALAT.

3375 293 3477 344 l'iI't

239 419 309 471 de
348 417 470 472 veni
527 417 579 469 in
621 425 803 486 partes
837 415 1008 486 Syriae
1064 425 1118 470 et
1153 414 1360 469 Cilicia:
1392 456 1405 470 .
1442 416 1601 468 Eram
1633 424 1814 467 autem
1849 417 1892 472 Α
1926 418 2172 463 mortuus
2202 423 2344 466 sum.
2377 415 2433 459 ut
2463 405 2571 460 Deo
2589 403 2762 456 vivam
2800 418 2813 453 :
2849 400 3066 454 Christo
3098 399 3338 452 confixus
3363 414 3482 450 sunt

239 491 466 576 ignotus
508 507 643 560 facie
684 507 945 560 Ecclesiis
979 505 1203 572 ludicre,
1233 522 1351 575 qua:
1386 516 1542 559 erant
1579 505 1631 558 in
1655 504 1815 557 Chri-

239 607 376 652 sto:
419 607 623 650 tantum
664 606 844 649 autem
899 595 1146 648 auditum
1181 595 1449 649 habebant
1485 611 1499 648 :
1557 594 1812 662 quoniam

237 687 333 754 qui
369 686 802 754 persequebatur
829 700 925 738 uos
954 683 1264 753 aliquando,
1302 699 1447 738 nunc
1477 683 1814 748 evangelizat

240 775 406 828 fidem
443 815 456 837 ,
508 790 670 842 quam
729 773 1031 843 aliquando
1089 774 1475 842 expugnabat:
1518 782 1572 825 et
1623 771 1675 823 in
1733 788 1815 824 me

237 867 619 920 clnrificabant
653 867 822 918 licunt
850 905 862 917 .

307 958 447 1029 [Cap
503 957 591 1028 ιι]
621 958 819 1010 Deinde
837 965 1143 1026 postannos
1160 954 1588 1024 quatuordccim.
1615 956 1810 1007 iterum

236 1053 460 1105 asceudi
494 1051 922 1120 Hierosolymam
958 1064 1080 1102 cum
1129 1047 1375 1101 Barnaha
1403 1086 1417 1109 ,
1447 1057 1727 1115 assumpto
1760 1057 1815 1101 et

239 1142 388 1198 Tito.
422 1141 655 1194 Ascendi
686 1151 866 1193 autem
915 1138 1214 1192 secundum
1273 1137 1666 1191 revelationem
1711 1155 1724 1190 :
1760 1148 1816 1192 et.

239 1235 446 1286 Contuli
501 1248 623 1286 cum
679 1233 783 1284 illis
840 1231 1210 1299 Evangelium,
1274 1228 1415 1297 quod
1477 1228 1705 1295 przedico
1758 1229 1810 1280 in

240 1325 518 1392 gentibus,
541 1340 787 1378 seorsum
817 1332 996 1377 autem
1053 1323 1117 1375 iis
1142 1321 1232 1390 qui
1264 1320 1588 1374 videbantur
1608 1322 1810 1389 aliquid

238 1429 357 1467 esse
381 1434 393 1468 :
415 1431 481 1469 ne
509 1415 646 1468 forte
673 1415 723 1467 in
754 1422 1404 1476 vacx,itintcurrerem,aut
1425 1416 1810 1465 cucurrissent.

242 1507 346 1561 Sed
377 1521 555 1575 neque
591 1505 767 1568 Titus,
798 1505 889 1572 qui
920 1519 1128 1556 mecum
1159 1515 1294 1564 erat,
1317 1517 1438 1554 cum
1464 1513 1608 1554 esset
1636 1503 1810 1569 genii-

241 1595 330 1657 lis,
359 1594 672 1661 compulsus
692 1604 778 1646 est
797 1592 1132 1647 circumcidi.
1167 1589 1270 1644 Sed
1305 1601 1520 1660 propter
1538 1591 1801 1644 subintro-

239 1685 441 1739 ductos
475 1685 638 1739 falsos
666 1683 884 1748 fratres,
939 1684 1028 1752 qui
1055 1681 1492 1736 subiutroierunt
1526 1681 1810 1748 explorare

1923 501 2103 555 cruci.
2139 497 2275 553 Vivo
2312 511 2514 556 autem.
2541 495 2651 564 jam
2687 508 2795 547 non
2817 508 2916 561 ego
2956 508 2969 545 :
3005 491 3134 544 vivit
3166 505 3294 543 vero
3319 491 3370 541 in
3409 507 3494 544 me

1917 592 2192 646 Christus.
2227 590 2378 655 Quod
2421 597 2602 642 autem
2655 602 2797 640 nunc
2851 586 2974 636 vivo
3037 584 3086 635 in
3155 597 3318 636 carne
3372 598 3387 634 :
3443 581 3498 634 in

1920 685 2022 737 fide
2044 682 2167 736 vivo
2194 682 2317 735 Filii
2354 681 2472 740 Dei.
2501 679 2588 745 qui
2617 677 2804 731 dilexit
2836 690 2941 737 me.
2970 684 3025 727 et
3055 673 3276 728 tradidit
3299 683 3500 726 semet-

1923 775 2099 844 ipsum
2144 788 2241 842 pro
2294 786 2400 824 tne.
2440 769 2553 822 Non
2586 767 2784 837 abjicio
2818 765 3042 835 gratiam
3087 765 3199 818 Dei.
3233 764 3287 818 Si
3347 765 3495 817 enim

1919 879 2018 932 per
2052 863 2225 934 legem
2253 861 2489 932 justitia,
2526 875 2655 928 ergo
2716 857 2886 928 gratis
2941 856 3191 910 Christus
3246 864 3494 908 mortuus

1919 968 2022 1009 ρει.

1986 1043 2146 1116 [ϐαρ.
2179 1042 2294 1115 111.]
2323 1043 2364 1098 Ο
2385 1040 2640 1096 iusensati
2675 1039 2896 1097 Galam,
2931 1039 3052 1107 quis
3077 1056 3171 1091 vos
3201 1039 3370 1090 fast-in
3392 1040 3490 1092 ivit

1918 1152 2024 1189 non
2078 1135 2302 1191 obedire
2358 1134 2595 1198 veritati,
2649 1141 2772 1185 ante
2832 1145 3066 1198 quorum
3116 1130 3301 1183 oculos
3329 1131 3494 1184 Jesus

1915 1227 2168 1282 Christus
2198 1225 2542 1294 przescriptus
2573 1233 2677 1285 est,
2711 1223 2762 1274 in
2795 1225 2946 1273 vobis
2976 1222 3266 1274 crucifixus
3296 1221 3318 1272 ?
3371 1221 3484 1273 Hoc

1917 1318 2092 1373 solum
2124 1333 2152 1369 a
2182 1317 2333 1370 vobis
2366 1316 2485 1368 volo
2516 1315 2726 1368 discere
2755 1332 2769 1368 :
2799 1311 2875 1366 Ex
2910 1311 3170 1380 operibus
3194 1313 3328 1380 legis
3357 1311 3484 1380 Spi-

1918 1411 2080 1463 ritum
2113 1408 2420 1476 accepistis,
2447 1422 2512 1458 an
2543 1421 2608 1458 ex
2633 1406 2816 1459 auditu
2848 1405 3010 1458 ﬁdei?
3041 1404 3130 1459 Sic
3160 1404 3312 1458 stulti
3341 1403 3494 1465 estis,

1919 1511 1975 1553 ut
2004 1517 2128 1555 cum
2163 1500 2361 1568 spiritu
2394 1497 2695 1566 (reperitis,
2751 1511 2895 1550 nunc
2927 1511 3091 1549 carne
3146 1509 3495 1549 consumme-

1920 1590 2051 1644 mini
2085 1591 2108 1643 ?
2140 1592 2313 1643 Tanta
2342 1591 2486 1659 passi
2535 1590 2665 1642 estis
2697 1587 2818 1641 siue
2842 1603 3004 1640 causa
3035 1587 3058 1640 ἲ
3090 1587 3134 1640 si
3169 1594 3347 1640 tamen
3377 1587 3494 1639 sine

1920 1697 2104 1736 causa.
2143 1680 2247 1746 Qui
2278 1695 2409 1750 ergo
2441 1680 2630 1734 tribuit
2656 1676 2812 1730 vobis
2840 1678 3126 1746 Spiritum,
3157 1685 3212 1731 et
3238 1687 3497 1741 Operatnr
3550 1678 3559 1692 '

241 1777 547 1830 libertatem
579 1786 839 1838 nostram,
869 1789 1030 1844 quam
1061 1772 1322 1827 habemus
1346 1775 1395 1825 in
1421 1772 1637 1825 Christo
1660 1772 1808 1832 Jesu,
1842 1778 1886 1836 Β
1915 1775 2143 1826 virtutes
2175 1779 2227 1826 in
2259 1772 2412 1824 vobis
2447 1787 2461 1826 :
2514 1787 2576 1823 ex
2603 1768 2858 1834 operibus
2893 1768 3024 1838 legis
3048 1811 3062 1830 ,
3093 1783 3159 1820 an
3213 1783 3279 1821 ex
3306 1767 3492 1822 auditu

243 1880 300 1921 ut
331 1884 434 1920 nos
464 1868 518 1921 in
548 1867 864 1921 servitutem
901 1865 1235 1932 redigerent.
1295 1864 1506 1930 Quibus
1543 1878 1717 1931 neque
1749 1865 1814 1915 al

243 1961 435 2012 horam
467 1959 728 2012 cessimus
759 1957 1117 2027 subjectione,
1177 1967 1234 2010 ut
1289 1957 1488 2009 veritas
1543 1944 1816 2023 Evangelii

245 2058 562 2120 permaneat
592 2050 732 2117 apud
761 2065 897 2102 vos:
931 2048 997 2100 ab
1029 2048 1096 2101 iis
1155 2058 1333 2101 autem
1366 2047 1456 2115 qui
1491 2045 1819 2098 videbantur

242 2157 362 2195 esse
390 2140 597 2208 aliquid
630 2138 840 2209 (quales
897 2139 1190 2208 aliquando
1237 2137 1454 2199 fuerint,
1513 2137 1645 2189 nihil
1702 2151 1816 2188 mea

243 2233 524 2285 interest:
576 2230 718 2283 Deus
746 2246 1029 2299 personam
1090 2230 1324 2282 hominis
1388 2244 1493 2281 non
1551 2227 1814 2295 accipit):

243 2322 375 2375 mihi
413 2322 559 2374 enim
591 2323 680 2389 qui
717 2321 1040 2374 vidi-bantur
1070 2336 1188 2372 esse
1218 2317 1444 2387 aliquid,
1468 2318 1600 2370 nihil
1631 2325 1819 2368 contu-

243 2409 445 2464 lerunt.
477 2410 582 2464 Sed
616 2419 836 2464 econtra
866 2424 986 2462 cum
1036 2409 1306 2461 vidissent
1357 2406 1500 2474 quod
1553 2404 1817 2456 creditum

241 2513 328 2555 est
358 2502 493 2554 mihi
529 2502 874 2572 Evangeliutn
907 2499 1181 2570 pra'putii,
1243 2498 1384 2551 sicut
1415 2505 1468 2549 ct
1522 2496 1681 2547 l’etro
1714 2495 1820 2547 cir-

241 2594 594 2648 cumcisionis
621 2594 735 2663 (qui
767 2594 909 2646 enim
949 2602 1201 2660 Operatus
1228 2598 1311 2644 est
1337 2589 1496 2642 Petro
1522 2589 1570 2639 in
1605 2596 1819 2654 aposto-

241 2686 409 2741 latunt
450 2684 915 2746 circumcisionis,
967 2691 1222 2751 Operalus
1279 2689 1358 2733 est
1409 2689 1465 2732 et
1516 2678 1646 2731 mihi
1682 2681 1820 2730 inter

241 2780 728 2846 gentes):eteum
777 2773 1157 2843 cognovissent
1211 2771 1439 2840 gratiam
1512 2785 1629 2836 qua:
1694 2768 1817 2821 data

238 2877 323 2920 est
351 2867 506 2929 mihi,
539 2866 800 2927 Iacobus,
828 2874 880 2917 et
908 2863 1140 2931 Cephas,
1176 2874 1229 2913 et
1261 2859 1495 2914 Joannes
1517 2861 1558 2923 '-,
1606 2859 1698 2927 qui
1737 2860 1816 2938 v‘i-

241 2961 507 3012 debantur
543 2960 808 3010 columine
837 2970 977 3017 esse,
1016 2957 1233 3008 dextras
1289 2954 1559 3004 dederunt
1596 2951 1726 3002 mihi
1759 2959 1815 3003 et

244 3046 522 3106 Barualw.
554 3046 829 3098 societatis
863 3059 877 3098 :
915 3055 970 3097 ut
998 3059 1094 3097 nos
1123 3045 1173 3097 iu
1208 3052 1416 3111 gentes,
1476 3042 1576 3106 ipsi
1633 3050 1813 3092 autem

243 3139 295 3190 in
328 3137 798 3192 circmucisionem
831 3151 844 3189 :
900 3146 1103 3188 tantum
1132 3145 1188 3187 ut
1218 3149 1511 3203 pauperum
1559 3147 1823 3186 memores
1849 3112 1890 3167 θ
1926 3134 1992 3187 de
2026 3133 2312 3188 maledicto
2341 3134 2491 3200 legis,
2525 3143 2621 3202 pro
2684 3134 2842 3188 nobis
2905 3134 3247 3188 mali-dictum
3286 3154 3298 3189 :

241 3243 486 3280 essemus
520 3244 531 3277 :
557 3227 696 3294 quod
725 3230 885 3279 etiam
913 3226 1176 3278 sollicitus
1198 3227 1270 3276 fui
1295 3224 1396 3276 hoc
1418 3239 1590 3291 ipsum
1622 3223 1816 3276 facere.

241 3315 370 3369 Cum
401 3330 584 3368 autem
619 3318 852 3368 venissi-t
882 3316 1093 3383 Cephas
1121 3314 1483 3376 Antiochiam,
1517 3316 1568 3366 in
1628 3313 1818 3367 faciem

245 3410 292 3460 ei
328 3408 679 3474 restiti,quia
746 3406 1193 3475 repreliensibilts
1249 3414 1387 3457 erat.
1453 3403 1609 3457 Prius
1671 3410 1816 3458 enim

244 3515 403 3568 quam
467 3503 712 3552 venirent
779 3499 997 3568 quidam
1051 3498 1332 3558 aJacobo,
1394 3512 1516 3549 cum
1565 3500 1817 3564 gentibus

245 3592 438 3642 edebat
460 3604 474 3643 :
500 3604 625 3642 cum
659 3599 838 3642 autem
875 3592 1132 3652 venisset,
1165 3587 1524 3641 subtrahebat
1550 3595 1604 3640 et
1636 3602 1817 3653 segre-

249 3680 402 3746 gahat
431 3695 512 3742 se,
543 3680 738 3733 timens
768 3695 862 3733 eos
886 3679 978 3748 qui
1008 3695 1072 3732 ex
1102 3679 1516 3733 circumcisione
1546 3688 1722 3731 erant.
1748 3678 1815 3730 Et

249 3772 578 3824 simulationi
607 3773 726 3840 ejus
771 3780 1166 3824 consenserunt
1203 3771 1379 3824 caeteri
1419 3769 1612 3832 Judaei,
1651 3773 1720 3821 ita
1757 3779 1814 3821 ut

247 3871 301 3914 ct
320 3862 595 3915 Barnabas
623 3863 913 3915 duceretur
935 3863 1002 3915 ab
1030 3862 1186 3914 eisin
1219 3862 1361 3915 illam
1385 3861 1808 3914 simulationem.

248 3952 350 4005 Sed
382 3969 504 4006 cum
548 3955 798 4007 vidissem
831 3954 975 4021 quod
1009 3969 1114 4006 non
1172 3962 1316 4006 recte
1373 3953 1716 4006 ambularent
1743 3953 1808 4004 ad

249 4045 523 4096 veritatem
557 4043 850 4112 Etangelii,
882 4045 991 4096 dixi
1019 4044 1214 4112 Cepth
1275 4058 1456 4098 coram
1507 4045 1758 4097 omnibus
1792 4061 1806 4099 :

248 4135 305 4184 Si
342 4149 420 4197 tu,
451 4149 573 4186 cum
601 4134 818 4187 Judaeus
850 4135 941 4197 sis,
977 4137 1252 4203 gentiliter
1280 4135 1434 4197 vivis,
1465 4145 1520 4188 et
1567 4151 1670 4188 non
1717 4138 1806 4204 ju-

244 4224 396 4276 daice
421 4244 434 4276 :
460 4227 736 4291 quo.i.odo
760 4235 944 4293 gentes
965 4225 1450 4295 eugisjudaizare?
1476 4226 1584 4279 Nos
1615 4238 1805 4279 natura

238 4315 435 4379 Judai,
467 4327 520 4368 et
579 4332 683 4368 non
744 4333 808 4370 ex
865 4319 1117 4384 gentibus
1169 4329 1498 4386 peccatores.
1561 4317 1805 4372 Screutes

1925 1864 2046 1919 fidei
2074 1864 2096 1915 ?
2127 1863 2282 1917 Sicut
2305 1863 2568 1931 scriptum
2608 1870 2691 1915 est
2725 1879 2739 1915 :
2773 1861 3042 1914 Abraham
3093 1859 3324 1913 credidit
3359 1859 3488 1925 Dea,

1922 1966 1977 2008 et
2010 1964 2313 2023 reputatum
2347 1965 2428 2007 es:
2463 1953 2539 2006 illi
2579 1955 2644 2005 ad
2691 1953 2978 2021 justitiam.
3013 1951 3334 2021 Cognoscite
3365 1951 3491 2021 luis.

1922 2039 2272 2114 cognosritis’]
2305 2059 2457 2112 ergo,
2491 2045 2616 2112 quia
2641 2047 2730 2112 qui
2767 2060 2827 2097 ex
2869 2044 2970 2096 fide
3003 2053 3148 2106 sunt,
3185 2043 3217 2095 ii
3242 2052 3370 2095 sunt
3400 2043 3491 2095 filii

1921 2135 2169 2189 Abrahae.
2209 2135 2504 2188 Providens
2538 2147 2715 2189 autem
2754 2137 3053 2204 Scriptura,
3092 2135 3218 2204 quia
3267 2151 3331 2189 ex
3391 2135 3494 2187 fide

1919 2227 2183 2296 justilicat
2214 2236 2400 2296 gentes
2433 2226 2593 2289 Deus,
2628 2227 3010 2294 prmnuutiavit
3040 2227 3305 2280 Abrahae:
3358 2227 3493 2290 Quia

1925 2317 2322 2369 benedicentur
2353 2316 2403 2367 in
2441 2326 2489 2369 te
2526 2330 2716 2368 omnes
2745 2325 2957 2384 gentes.
2987 2316 3153 2384 Igitur
3178 2318 3267 2384 qui
3305 2333 3366 2369 et
3394 2319 3496 2369 Iide

1922 2417 2071 2468 sunt,
2102 2406 2499 2459 benedicuntur
2527 2399 2649 2459 eum
2676 2405 2816 2458 ﬁdeli
2847 2407 3142 2459 Abraham.
3170 2407 3495 2474 Quicunque

1921 2499 2065 2549 enim
2098 2511 2160 2548 ex
2199 2496 2461 2564 Operibus
2501 2497 2634 2564 legis
2659 2497 2820 2563 Esuut,
2871 2498 2972 2550 sub
3007 2497 3293 2551 maledicni
3346 2511 3492 2551 sum.

1919 2586 2193 2655 Scriptum
2253 2595 2335 2639 est
2393 2587 2941 2642 enim:l\laledictus
2995 2590 3175 2642 omnis
3235 2590 3326 2658 qui
3386 2606 3493 2646 non

1922 2678 2281 2746 permanserit
2315 2680 2366 2732 in
2396 2679 2650 2732 omnibus
2705 2695 2826 2748 quae
2884 2681 3082 2748 scripta
3112 2691 3237 2734 sunt
3266 2681 3317 2733 iu
3350 2681 3492 2734 libro

1922 2768 2099 2837 Legis,
2126 2777 2184 2820 ut
2213 2769 2372 2821 faciat
2400 2785 2482 2822 ea.
2520 2770 2784 2834 Quoniam
2845 2779 3026 2823 autem
3082 2771 3135 2823 in
3169 2771 3283 2840 lege
3332 2787 3492 2825 nemo

1913 2861 2246 2930 justificatur
2277 2862 2417 2929 apud
2453 2862 2642 2926 Deum,
2675 2861 3029 2934 manifestum
3055 2871 3137 2916 est
3174 2879 3188 2917 :
3251 2864 3490 2933 quiaju-

1920 2960 2037 3004 stus
2058 2966 2124 3003 ex
2152 2951 2253 3005 fide
2285 2951 2434 3005 vivit.
2472 2950 2579 3005 Lex
2615 2957 2794 3003 autem
2831 2967 2936 3003 non
2961 2961 3133 3005 estex
3168 2952 3292 3014 fide,
3334 2955 3426 3006 sed
3471 2972 3486 3008 :

1922 3040 2023 3105 Qui
2056 3042 2244 3095 fecerit
2271 3059 2352 3102 ea,
2383 3043 2527 3096 vivet
2558 3043 2610 3095 in
2658 3041 2786 3096 illis.
2821 3025 3069 3096 Christus
3119 3059 3217 3095 nos
3260 3046 3489 3097 redemit

3361 3138 3489 3205 quia

1923 3227 2183 3294 scriptum
2207 3236 2288 3280 est
2315 3243 2329 3282 :
2362 3226 2679 3280 Maledictus
2700 3227 2877 3281 omnis
2900 3231 2989 3296 qui
3015 3227 3213 3296 pendet
3247 3229 3298 3280 iu
3324 3229 3488 3296 ligno,

1926 3328 1984 3371 ut
2039 3317 2295 3387 gentibus
2327 3317 2636 3372 benedictio
2671 3319 2904 3372 Abrahae
2963 3318 3118 3372 fieret
3159 3320 3212 3372 in
3269 3318 3486 3373 Christo

1920 3411 2069 3475 Jesu,
2105 3421 2160 3466 ut
2223 3415 2665 3481 pollicitationem
2709 3413 2944 3481 Spiritus
3006 3415 3340 3484 accipiamus
3391 3428 3488 3485 per

1923 3503 2102 3557 fidem.
2140 3503 2354 3558 Fratri-5
2394 3508 2714 3572 (secundum
2773 3507 3046 3559 hominem
3102 3507 3268 3575 dico),
3306 3518 3484 3561 tamen

1920 3595 2157 3648 hominis
2188 3597 2567 3648 confirmatum
2618 3599 2998 3650 testamentum
3045 3613 3204 3650 nemo
3252 3603 3480 3668 spernit,

1916 3695 2007 3740 aut
2041 3686 2441 3753 superordinat.
2469 3687 2694 3740 Abraha:
2719 3687 2875 3740 diota!
2908 3696 3036 3739 sunt
3067 3691 3478 3758 promissioues,

1914 3785 1964 3829 et
1996 3776 2185 3830 semini
2228 3777 2362 3847 ejus.
2385 3776 2500 3830 Non
2535 3777 2668 3830 dicit
2702 3793 2715 3829 :
2749 3779 2810 3829 Et
2863 3777 3186 3842 seminibus,
3238 3783 3393 3848 quasi
3425 3786 3479 3836 iu

1916 3867 2099 3920 multis
2135 3865 2265 3922 :sed
2297 3867 2446 3935 quasi
2479 3865 2529 3918 iu
2588 3880 2694 3917 uno
2729 3884 2740 3918 :
2798 3865 2863 3918 Et
2893 3868 3083 3920 semini
3123 3881 3235 3928 tuo,
3269 3873 3360 3939 qui
3396 3882 3480 3928 est

1911 3955 2179 4010 Christus.
2213 3957 2322 4010 lloc
2356 3968 2537 4009 autem
2568 3956 2714 4020 dico,
2751 3967 3130 4011 testamentum
3188 3968 3476 4016 contmna-

1914 4056 2025 4102 tum
2063 4065 2091 4102 a
2129 4049 2281 4104 Deo:
2330 4064 2448 4117 quae
2507 4059 2626 4116 post
2684 4052 3106 4119 quadringentos
3155 4063 3210 4107 et
3260 4054 3474 4123 triginta

1913 4157 2081 4195 annos
2119 4140 2255 4193 facta
2282 4150 2364 4193 est
2405 4141 2508 4203 lex,
2535 4157 2638 4193 non
2678 4141 2891 4194 irritum
2950 4143 3076 4195 facit
3105 4143 3171 4196 ad
3213 4160 3476 4198 evacuati-

1913 4237 2032 4289 dam
2067 4235 2510 4303 promissionem.
2547 4235 2679 4288 Nam
2709 4235 2753 4288 si
2789 4252 2851 4288 ex
2889 4237 3002 4306 lege
3036 4238 3341 4302 hcet-editas,
3365 4241 3474 4308 jam

1913 4343 2018 4380 non
2075 4343 2138 4379 ex
2181 4328 2538 4395 promissione
2571 4327 2692 4398 ima.
2731 4329 3193 4400 repromissione}.
3244 4333 3474 4385 Atraha:

238 4417 420 4458 autem
450 4407 593 4475 quod
613 4423 718 4461 non
743 4409 1069 4476 justilic.ittir
1095 4409 1255 4461 homo
1275 4425 1339 4462 ex
1363 4410 1622 4478 Operibus
1649 4409 1800 4479 legis,
1840 4439 1881 4491 ο
1912 4428 2088 4472 autem
2115 4435 2208 4486 per
2229 4419 2704 4486 repromiSsionem
2725 4421 2941 4473 donavit
2970 4420 3131 4474 Deus.
3155 4424 3197 4487 Q
3240 4424 3288 4474 iil
3312 4425 3474 4491 igitur

238 4500 347 4550 nisi
383 4515 474 4566 per
508 4499 666 4552 fidem
696 4502 822 4554 Jesu
857 4501 1056 4555 Christi
1090 4517 1104 4555 :
1133 4514 1183 4556 et
1216 4518 1308 4554 nos
1341 4503 1393 4554 iu
1438 4503 1653 4556 Christo
1677 4503 1801 4556 .lesu

237 4592 530 4656 creduuus,
559 4602 616 4643 ut
638 4592 998 4661 justilicemur
1030 4609 1094 4644 ex
1129 4594 1230 4646 fide
1263 4595 1484 4659 Christi,
1533 4604 1586 4649 et
1609 4611 1804 4648 nouex

232 4685 496 4750 operibus
522 4687 656 4753 legis
685 4703 698 4738 :
737 4697 960 4755 propter
992 4687 1134 4754 quod
1168 4705 1230 4740 ex
1259 4691 1518 4756 Operibus
1541 4690 1798 4757 legisnon

233 4775 751 4840 nonjustificabitur
805 4777 980 4831 omnis
1013 4794 1171 4842 caro.
1211 4779 1362 4844 Quod
1396 4781 1438 4833 si
1497 4792 1805 4848 quaerentes

227 4865 523 4932 justificari
559 4869 610 4921 in
643 4868 856 4922 Christo
882 4869 1084 4923 inventi
1121 4888 1308 4925 sumus
1336 4882 1389 4925 et
1415 4873 1514 4940 ipsi
1547 4884 1803 4940 peccato-

235 4971 352 5013 res,
383 4958 639 5025 numquid
666 4957 916 5013 Christus
947 4962 1152 5029 peccati
1191 4962 1440 5016 minister
1464 4974 1547 5016 est
1572 4968 1593 5016 ἲ
1623 4965 1800 5020 Absit.

229 5044 293 5097 Si
331 5046 467 5099 enim
498 5064 618 5118 qua:
647 5050 913 5113 destruxi,
944 5051 1143 5105 iterum
1172 5052 1286 5106 haec
1313 5054 1518 5108 aedifico
1549 5070 1562 5106 :
1598 5070 1804 5123 pnnva-

223 5139 520 5194 ricatorcm
553 5155 640 5196 me
666 5141 964 5197 constituo.
993 5141 1102 5212 Ego
1147 5145 1294 5198 enim
1345 5160 1442 5214 per
1497 5145 1669 5214 legem
1695 5145 1797 5215 frgi

304 5337 516 5412 {liabet
542 5341 646 5394 alio
689 5342 904 5408 ordine,
963 5358 1083 5397 cum
1133 5344 1332 5397 Griecis
1386 5343 1591 5412 aliquot
1645 5346 1798 5400 libris

219 5406 505 5482 Palatinus
534 5427 752 5479 quoque
787 5406 897 5466 ius.
917 5430 1032 5482 qua:
1075 5415 1199 5466 data
1226 5425 1298 5466 est
1328 5406 1489 5478 οιιὶΙιὶ,’
1511 5415 1717 5480 Pelrus,
1753 5427 1800 5468 et

217 5475 478 5554 docebas,
505 5475 834 5539 et'Joa'unes.
863 5475 949 5550 qui
974 5524 987 5546 ,
1021 5497 1124 5535 etc.
1163 5484 1266 5537 Sed
1302 5495 1356 5538 et
1394 5475 1529 5536 inira
1582 5475 1798 5554 quoties

213 5549 417 5615 Cephtt
443 5564 638 5603 nomen
665 5549 925 5616 occurrit,
957 5555 1117 5607 habet
1149 5557 1291 5608 idem
1330 5572 1428 5607 nis.
1455 5570 1576 5606 cum
1599 5549 1798 5613 'Grteco

215 5624 377 5696 textu
408 5616 624 5696 Petrum
649 5635 667 5672 :
695 5623 839 5688 quod
857 5635 941 5677 est
973 5636 1156 5679 notatu
1181 5625 1557 5696 dignissimum
1591 5633 1664 5686 ob
1695 5638 1800 5681 tra-

210 5683 451 5740 latttain
485 5691 629 5742 illam
664 5683 1013 5758 quaestionem
1070 5698 1135 5752 de
1189 5683 1351 5752 I’Etro
1399 5683 1734 5762 reprehenso
1765 5713 1796 5750 a

1910 4511 1994 4565 lex
2029 4512 2044 4562 ‘z
2078 4509 2304 4579 Propter
2332 4515 2794 4579 transgressiones
2844 4515 3014 4579 posita
3049 4524 3149 4576 est,
3179 4517 3353 4568 donec
3384 4533 3473 4569 ve-

1910 4605 2053 4656 niret
2084 4618 2294 4667 semen,
2343 4607 2428 4657 cui
2470 4607 2812 4673 promiserat,
2848 4605 3094 4657 ordinata
3137 4622 3231 4674 ιιι-ι·
3254 4607 3474 4675 augebo

1910 4695 1962 4747 in
2033 4711 2192 4749 manu
2251 4697 2588 4750 mediatoris.
2639 4696 2901 4749 Mediator
2927 4708 3106 4750 autem
3169 4701 3327 4750 unius
3367 4717 3472 4751 no.1

1904 4796 1988 4840 est
2024 4805 2036 4840 :
2073 4788 2208 4840 Deus
2240 4797 2419 4841 autem
2445 4803 2585 4840 unus
2615 4795 2715 4841 est.
2745 4789 2850 4841 Lex
2879 4805 3007 4857 ergo
3063 4789 3322 4843 adversus
3352 4808 3472 4858 pro-

1908 4879 2068 4931 missa
2106 4878 2197 4930 Dei
2222 4877 2244 4930 ?
2268 4879 2438 4933 Absit.
2473 4878 2526 4930 Si
2559 4879 2702 4932 enim
2737 4881 2859 4933 data
2889 4890 3037 4933 esset
3071 4883 3176 4940 lev,
3213 4899 3332 4948 qua:
3355 4901 3475 4950 pns-

1904 4982 1987 5021 set
2010 4967 2131 5040 luis.
2162 4968 2350 5039 pOSs-it]
2371 4969 2664 5033 vivificare,
2683 4985 2809 5023 vere
2832 4985 2894 5022 ex
2931 4970 3044 5039 lege
3067 4983 3211 5025 esset
3239 4974 3468 5040 justitia.

1905 5057 2008 5111 Sed
2041 5060 2304 5113 conclusit
2335 5059 2614 5126 Scrip-ura
2647 5060 2827 5114 omnia
2859 5063 2964 5114 sub
2996 5074 3231 5130 peccato.
3262 5075 3319 5117 ut
3349 5081 3472 5132 pro-

1904 5152 2092 5204 missio
2121 5166 2183 5203 ex
2224 5149 2326 5204 fide
2377 5151 2504 5205 Jesu
2564 5152 2767 5208 Christi
2820 5153 3045 5210 daretur
3099 5159 3462 5212 credentibus.

1903 5354 2087 5412 Paulo.
2121 5365 2281 5421 quem
2315 5350 2582 5421 Ccpham,
2609 5369 2717 5408 non
2753 5354 2969 5409 Petrum
2992 5351 3316 5422 apostolum,
3342 5363 3465 5419 post

1901 5426 2376 5494 Chrysostomum,
2405 5425 2650 5495 aliosque
2679 5423 3244 5495 veteres_nonuullus.__
3272 5437 3469 5475 recen.

1903 5489 2069 5550 tiores
2098 5495 2272 5548 critici
2310 5497 2475 5548 fuisse
2533 5489 2834 5549 autumant.
2887 5491 3109 5544 Demum
3162 5489 3302 5558 infra
3367 5506 3465 5558 pro

1901 5565 2160 5619 credimus
2191 5581 2316 5618 cum
2349 5564 2540 5619 iisdem
2571 5565 2774 5620 Graecis
2804 5561 2954 5615 libris
2991 5561 3152 5614 habet
3183 5557 3465 5617 Palatinus

1903 5652 2003 5691 ms.
2037 5636 2317 5688 credimus.
