3946 6170
525 273 634 338 sis

1445 287 1506 342 S.
1549 277 1985 340 lllEltlllNYMl
2022 275 2286 335 DIVINA
2333 275 2861 338 BIBIJUTHECA.
3639 278 3717 339 816

531 383 689 440 l‘rius
715 397 896 444 autem
930 408 1090 460 quam
1153 395 1365 449 veniret
1403 395 1558 456 ﬁdes,
1593 393 1696 446 sub
1751 392 1868 461 lege
1929 400 2110 442 custo-
2140 393 2182 448 Α
2217 400 2338 452 qua:
2359 396 2487 440 sunt
2515 403 2611 456 per
2643 388 2957 457 allegoriam
2995 389 3155 443 dicta.
3187 387 3308 444 "me
3341 387 3481 442 enim
3512 399 3616 442 sunt
3636 390 3721 443 duo

528 478 812 534 diebantur
832 483 1094 548 conclusi,
1123 485 1174 538 in
1191 499 1309 539 eam
1333 485 1490 540 ﬁdem
1515 501 1631 553 quae
1661 485 1943 538 reVelanda
1966 489 2102 536 erat.

529 572 714 640 Itaque
739 573 823 626 lex
859 576 1183 643 paedagogus
1244 585 1430 630 noster
1457 576 1564 629 fuit
1598 575 1648 628 iit
1685 575 1920 635 Christo,
1956 583 2014 626 ut
2041 588 2104 624 ex

527 663 631 715 lule
657 663 1038 730 justilieemur.
1067 669 1131 719 At
1160 667 1248 719 tibi
1279 669 1423 721 venit
1452 667 1604 727 ﬁdes.
1631 668 1743 736 jam
1779 682 1885 719 non
1912 683 2102 718 sumus

523 753 622 806 sub
649 753 950 820 paedagogo.
989 753 1187 808 Omnes
1212 757 1356 811 enim
1389 757 1482 811 ﬁlii
1510 758 1607 812 Dei
1634 759 1764 810 estis
1794 774 1888 826 per
1917 757 2100 817 ﬁdem,

521 859 641 908 quae
673 852 756 893 est.
793 843 842 893 in
876 843 1094 898 Christo
1131 843 1281 900 Jesu.
1319 847 1646 916 Quicunque
1679 849 1822 900 enim
1855 847 1912 900 in
1942 847 2106 902 Chri-

522 943 606 983 sto
640 930 896 998 baptizati
962 934 1118 995 estis,
1187 935 1466 989 Christum
1522 935 1798 990 induistis.
1854 937 1969 990 Non
2023 946 2104 989 est

519 1022 763 1084 Judwus,
799 1040 973 1090 neque
1011 1024 1233 1080 Graccus
1269 1045 1281 1080 :
1317 1044 1420 1080 non
1453 1039 1537 1082 est
1568 1043 1784 1091 servus,
1821 1045 1996 1095 neque
2034 1029 2103 1079 li-

523 1115 657 1164 l‘cr:
701 1129 805 1164 nou
866 1123 947 1165 cst
1016 1115 1314 1176 masculus,
1379 1131 1557 1184 neque
1621 1116 1844 1168 femina.
1904 1115 2102 1168 Omnes

519 1204 660 1253 enim
697 1218 789 1256 vos
819 1220 984 1255 unum
1018 1207 1147 1257 estis
1171 1207 1220 1257 in
1246 1206 1465 1260 Christo
1498 1205 1648 1259 Jesu.
1689 1207 1745 1259 Si
1777 1221 1957 1258 autem
2005 1222 2102 1259 vos

519 1294 721 1344 (iiii‘irii
751 1313 764 1347 ;
798 1309 927 1361 ergo
963 1310 1148 1347 semen
1180 1296 1411 1349 Abrahae
1436 1297 1585 1360 estis,
1629 1297 1929 1351 secundum
1972 1313 2100 1365 pro-

521 1385 833 1436 missionem
870 1385 1136 1438 iliBl'Edt‘S.

595 1475 748 1546 [ϐαρ.
784 1474 898 1543 lV.]
942 1476 1068 1528 Ilico
1093 1488 1275 1530 autem
1312 1496 1325 1531 :
1383 1478 1598 1542 Quanto
1657 1488 1898 1548 tenvpore
1934 1483 2099 1533 lari-es

521 1569 778 1635 parvulus
808 1577 907 1629 est,
942 1569 1073 1620 nihil
1117 1569 1352 1623 differta
1385 1586 1564 1637 servo,
1588 1587 1709 1624 cum
1735 1575 1802 1626 sit
1847 1574 2099 1627 dominus

518 1659 758 1710 oninium
794 1677 806 1709 :
840 1660 934 1713 sed
968 1660 1068 1712 sub
1104 1663 1381 1715 tutoribus
1413 1675 1466 1716 et
1494 1666 1774 1718 actoribus
1801 1676 1903 1727 est,
1928 1681 2096 1733 usque

519 1753 582 1804 ad
616 1751 938 1819 pratlinitum
967 1761 1052 1805 ten
1079 1769 1179 1821 pus
1202 1771 1226 1804 a
1261 1765 1415 1822 patre
1447 1772 1459 1810 :
1494 1757 1564 1808 ita
1596 1768 1649 1808 et
1680 1773 1777 1809 nos
1801 1774 1920 1810 eum
1953 1774 2098 1811 csse-

525 1861 646 1898 tuus
684 1844 916 1910 parvuli,
939 1843 1042 1897 sub
1065 1844 1350 1898 elementis
1385 1848 1570 1900 mundi
1603 1864 1820 1902 eramus
1848 1855 2092 1902 servien-

523 1947 626 1989 tes.
665 1941 730 1989 At
763 1935 854 1989 ubi
891 1936 1040 1988 venit
1064 1937 1346 2004 phnitudo
1371 1942 1650 2008 temporis,
1682 1942 1826 1994 misit
1855 1940 1991 1995 Deus
2019 1945 2102 1995 Fi-

522 2038 654 2079 tzum
692 2041 874 2090 suum,
909 2026 1108 2079 factum
1141 2043 1208 2080 ex
1244 2029 1494 2095 muliere,
1525 2029 1724 2084 factum
1749 2034 1853 2085 sub
1884 2035 2018 2100 lege,
2042 2043 2098 2086 ut

519 2133 638 2181 eos,
671 2117 764 2186 qui
796 2116 893 2171 sub
925 2117 1041 2185 lege
1077 2127 1254 2182 erant,
1303 2119 1618 2183 redimeret,
1653 2135 1708 2172 ut
1753 2123 2096 2188 adoptionem

528 2211 762 2261 liliorum
833 2209 1224 2276 reciperetnus.
1285 2208 1550 2274 Quoniam
1606 2226 1786 2264 autem
1841 2214 1969 2267 estis
2004 2217 2098 2274 lilii

522 2299 645 2373 [πη.
681 2303 804 2354 add.
861 2300 1003 2372 Dei],
1068 2303 1214 2355 misit
1247 2300 1387 2354 Deus
1443 2304 1706 2371 Spiritum
1759 2305 1876 2358 Filii
1916 2307 1999 2360 sui
2041 2309 2092 2362 in

518 2393 681 2445 corda
708 2402 880 2446 vestra
913 2391 1030 2463 [ms.
1063 2392 1298 2463 nostra],
1325 2395 1683 2449 clamantem:
1716 2397 1889 2463 Abba,
1915 2397 2093 2455 Pater.

517 2482 705 2551 itaque
751 2483 861 2551 jam
913 2498 1018 2536 non
1075 2494 1160 2537 est
1216 2499 1450 2546 servus,
1488 2487 1582 2538 sed
1645 2485 1812 2540 ﬁlius.
1847 2487 2000 2554 Quod
2049 2491 2093 2544 si

517 2576 660 2629 ﬁlius
689 2593 702 2631 :
737 2584 791 2627 et
826 2577 998 2628 haeres
1030 2591 1127 2644 per
1170 2575 1361 2628 Deum.
1395 2576 1498 2629 Sed
1536 2587 1664 2631 tunc
1689 2579 1908 2646 quidem
1943 2582 2095 2650 igno-

520 2677 704 2720 rantes
736 2667 926 2728 Deum,
977 2667 1044 2719 iis
1077 2667 1171 2735 qui
1235 2681 1426 2720 natura
1458 2684 1564 2721 non
1601 2680 1728 2722 sunt
1759 2671 1853 2736 dii,
1891 2675 2094 2728 servie-

525 2757 687 2811 batis.
739 2757 894 2811 Nunc
924 2769 1103 2810 autem
1145 2773 1268 2811 cum
1295 2761 1679 2825 cognoveritis
1699 2759 1816 2832 [ms.
1838 2768 2092 2834 cognovi-

515 2846 642 2920 stis]
687 2848 897 2912 Deum,
947 2849 1056 2901 imo
1113 2850 1317 2918 cogniti
1385 2851 1508 2905 sitis
1559 2867 1589 2905 a
1636 2852 1768 2920 Deo,
1818 2858 2091 2924 quomodo

516 2939 896 2994 convertimini
933 2940 1134 2992 iterum
1163 2941 1227 2992 ad
1264 2941 1479 2996 inﬁrma
1509 2951 1564 2996 et
1595 2959 1764 3016 egena
1790 2947 2088 3014 elementa,

2213 485 2564 533 testamenta.
2605 479 2782 534 Unum
2819 481 3036 546 quidem
3073 481 3122 532 in
3152 493 3334 534 monte
3366 480 3488 534 Sina
3509 480 3539 540 ί,
3572 481 3614 534 in
3634 497 3725 535 ser-

2209 569 2432 620 vitutem
2468 583 2732 636 generatis
2765 586 2778 624 :
2817 587 2934 637 qu:e
2964 580 3047 622 est
3071 572 3208 639 Agar
3237 586 3252 626 :
3283 573 3411 626 Sina
3441 573 3572 624 enim
3603 589 3726 628 mons

2207 662 2366 714 estin
2402 661 2625 724 Arabia,
2655 661 2783 730 quia
2811 663 3138 732 eonjunetus
3171 673 3255 716 est
3287 664 3360 725 ei,
3387 680 3643 732 quaenunc
3665 679 3728 721 est

2206 751 2530 817 Jerusalem,
2557 766 2611 804 et
2644 754 2812 806 servit
2839 770 2960 806 cum
2987 753 3112 808 ﬁliis
3143 755 3276 808 suis.
3308 755 3400 808 illa
3431 768 3609 819 autem,
3633 776 3726 824 quat

2205 859 2418 897 sursum
2454 857 2533 896 est
2557 841 2884 909 Jerusalem,
2913 845 3079 897 libera
3137 854 3259 908 est;
3319 863 3437 913 qua:
3471 859 3545 897 est
3592 860 3729 902 mater

2207 946 2413 988 nostra.
2457 933 2732 1002 Scriptum
2797 947 2876 987 est
2906 937 3048 988 enim
3081 953 3094 990 :
3130 935 3358 1000 Laetare,
3410 939 3612 996 sterilis,
3635 957 3726 1005 qua:

2208 1040 2312 1075 non
2361 1024 2508 1091 paris
2551 1039 2564 1078 :
2599 1041 2850 1092 erumpe,
2885 1038 2938 1077 et
2968 1026 3158 1087 clama,
3191 1041 3316 1091 qua:
3346 1041 3450 1077 non
3487 1037 3684 1093 parturis
3717 1049 3725 1082 :

2204 1115 2328 1180 quia
2359 1115 2510 1166 multi
2539 1115 2635 1166 [iiii
2660 1117 2906 1177 desierim,
2933 1117 3105 1183 magis
3138 1133 3298 1183 quaer
3323 1117 3436 1184 ejus
3465 1135 3570 1183 qua:
3600 1120 3725 1174 habet

2205 1207 2400 1259 virum.
2431 1205 2539 1258 Nos
2566 1215 2769 1267 autem,
2797 1207 3011 1270 fratres,
3041 1209 3340 1260 secundum
3373 1209 3516 1261 Isaac
3541 1215 3726 1276 promis-

2202 1296 2369 1348 sionis
2402 1295 2492 1346 lilii
2519 1312 2727 1349 sumus.
2758 1295 2862 1348 Sed
2897 1299 3169 1364 quomodo
3207 1311 3332 1351 tunc
3362 1299 3430 1360 is,
3463 1302 3546 1366 qui
3571 1317 3725 1354 secun-

2203 1389 2329 1440 dutu
2359 1403 2578 1440 carnem
2609 1397 2768 1440 natus
2799 1390 2995 1450 fuerat,
3026 1393 3462 1458 persequelatur
3502 1407 3628 1452 euut,
3653 1395 3725 1461 qui

2201 1481 2497 1530 secundum
2533 1477 2783 1546 spiritum
2819 1494 2834 1533 :
2881 1481 2951 1532 ita
2999 1490 3052 1532 et
3105 1497 3271 1534 nunc.
3309 1483 3414 1535 Sed
3470 1485 3585 1550 quid
3627 1485 3728 1536 dicit

2203 1571 2485 1636 Scriptura
2518 1570 2710 1639 ?Ejice
2739 1572 3014 1636 ancillam,
3035 1583 3086 1625 et
3117 1573 3283 1626 lilium
3303 1574 3422 1643 ejus
3451 1593 3463 1627 :
3493 1591 3586 1627 non
3613 1580 3724 1628 enim

2204 1661 2372 1713 haeres
2399 1663 2498 1713 erit
2522 1661 2661 1714 ﬁlius
2689 1664 2900 1716 ancilla:
2922 1679 3044 1716 cum
3076 1663 3182 1718 ﬁlio
3201 1666 3402 1719 liberae.
3430 1666 3617 1733 itaque.
3641 1671 3728 1720 ιτα.
3793 1735 3798 1742 η

2207 1763 2337 1817 tres,
2371 1769 2475 1806 non
2500 1770 2688 1806 sumus
2713 1755 2921 1808 ancillae
2948 1757 3065 1820 lilii,
3095 1756 3187 1811 sed
3214 1757 3397 1811 libera:
3432 1775 3448 1812 :
3480 1774 3574 1827 qua
3598 1761 3726 1812 liber-

2206 1853 2311 1896 tate
2339 1843 2588 1898 Christus
2613 1860 2711 1898 nos
2736 1845 3005 1900 liberavit.

2275 1934 2433 2006 [βαρ.
2469 1935 2557 2006 V.]
2592 1935 2760 2000 State,
2789 1948 2843 1990 et
2871 1939 3038 1993 nolite
3092 1940 3286 1992 iterum
3313 1941 3449 2010 jugo
3495 1944 3726 1996 servitutis

2202 2027 2491 2078 contineri.
2528 2025 2666 2080 Ecce
2701 2043 2800 2096 ego
2835 2029 3035 2082 Paulus
3064 2030 3185 2082 dico
3214 2031 3365 2084 vobis
3394 2050 3409 2084 :
3444 2034 3668 2099 quoniam
3695 2035 3730 2086 si

2203 2119 2702 2181 circutncidamini,
2736 2116 2989 2173 Christus
3017 2121 3172 2174 vobis
3209 2123 3340 2174 nihil
3368 2125 3619 2190 proderit.
3650 2125 3729 2177 Tc-

2201 2209 2407 2262 stiﬁcor
2437 2219 2617 2262 autem
2655 2225 2845 2264 rursus
2893 2213 3044 2264 omni
3102 2213 3308 2266 homini
3359 2216 3730 2270 circumciduni

2199 2314 2278 2361 se,
2305 2297 2559 2366 quoniam
2591 2299 2804 2352 debitor
2852 2310 2934 2354 est
2992 2301 3257 2357 universa:
3307 2305 3446 2372 legis
3493 2307 3728 2359 f3Cll‘lldil’.

2200 2388 2453 2443 livaeuati
2484 2389 2615 2443 estis
2646 2405 2677 2443 a
2710 2391 2952 2456 Christo,
2988 2395 3081 2461 qui
3113 2395 3164 2446 in
3191 2398 3308 2463 lege
3347 2399 3690 2465 justiiitamiui
3721 2415 3732 2454 ;

2199 2495 2226 2532 a
2251 2483 2421 2546 gratia
2457 2480 2759 2535 excidistis.
2791 2481 2900 2536 Nos
2953 2483 3100 2536 enim
3132 2485 3324 2553 spiritu
3355 2503 3424 2540 ex
3473 2489 3586 2552 ﬁde,
3612 2505 3731 2550 spem

2192 2572 2414 2637 iustitiae
2443 2585 2846 2641 exspectamus.
2877 2575 3011 2630 Nam
3038 2576 3091 2627 in
3124 2576 3345 2631 Christo
3391 2579 3546 2642 Jesu,
3593 2595 3736 2648 neque

2198 2663 2540 2718 circumcisio
2571 2665 2776 2732 aliquid
2813 2666 2989 2728 valet,
3029 2681 3207 2736 neque
3259 2672 3615 2738 praeputium:
3659 2675 3736 2726 sed

2195 2753 2353 2817 ﬁdes,
2377 2769 2496 2823 qua:
2513 2770 2611 2823 per
2625 2754 2947 2812 cliaritatem
2966 2770 3242 2825 operatur.
3260 2757 3574 2814 Currebatis
3593 2763 3735 2815 bene:

2195 2846 2319 2913 quis
2345 2861 2437 2898 vos
2467 2846 2755 2914 impedivit
2775 2846 2986 2899 veritati
3012 2863 3120 2900 non
3147 2848 3373 2903 obedire
3406 2853 3426 2880 ‘
3447 2852 3469 2905 ?
3488 2853 3738 2906 Persuasio

2197 2938 2309 2988 haec
2338 2951 2444 2988 non
2469 2946 2552 2988 est
2573 2951 2636 2989 ex
2662 2951 2748 3000 eo,
2775 2939 2868 3006 qui
2900 2949 3056 2991 vocat
3082 2939 3507 2994 vos..Modicum
3538 2942 3740 2996 fermen-

515 3030 712 3099 quibus
742 3029 929 3083 denuo
980 3030 1188 3085 servire
1220 3032 1428 3087 mnis?
1485 3031 1612 3088 Dies
1668 3036 1991 3101 observatis,
2032 3045 2085 3091 ει
2115 3066 2154 3121 c
2196 3036 2310 3079 tum
2345 3037 2512 3080 totam
2546 3044 2774 3082 massam
2801 3031 3128 3098 corrumpit.
3156 3033 3262 3101 Ego
3282 3035 3501 3087 conﬁdo
3529 3035 3578 3088 in
3611 3036 3739 3089 vobis

516 3134 746 3186 menses,
767 3129 820 3175 et
849 3130 1117 3188 tempora,
1148 3133 1203 3176 et
1231 3137 1424 3178 annos.
1460 3125 1651 3181 Timeo
1686 3144 1803 3190 vos,
1839 3145 1906 3183 ne
1942 3129 2080 3186 forte

517 3211 630 3263 sine
664 3226 828 3264 causa
856 3211 1220 3265 laboraverim
1253 3217 1308 3268 in
1339 3216 1514 3270 vobis.
1548 3217 1734 3272 Estote
1785 3221 1925 3274 sicut
1962 3237 2082 3287 egi),

516 3301 640 3368 quia
676 3311 728 3353 et
760 3316 859 3368 ego
890 3302 1031 3355 sicut
1066 3317 1160 3357 vos
1198 3321 1212 3362 ;
1271 3305 1484 3371 fratres,
1515 3308 1744 3362 obsecro
1784 3325 1901 3363 vos.
1935 3310 2080 3364 Nihil

516 3406 600 3442 me
665 3391 1092 3446 laisistis.Seilis
1124 3403 1304 3448 autem
1364 3398 1491 3464 quia
1559 3414 1655 3467 per
1713 3399 2082 3456 inﬁrmitatem

508 3484 693 3537 carnis
723 3484 1089 3553 evangelizavi
1127 3487 1280 3542 vobis
1307 3489 1631 3558 jampridem
1670 3510 1685 3548 :
1721 3502 1777 3547 et
1833 3497 2088 3549 tentatio-

512 3591 637 3629 nem
675 3583 909 3629 vestram
932 3577 984 3629 in
1018 3592 1186 3630 carne
1220 3595 1339 3633 mea
1398 3597 1505 3635 non
1560 3584 1875 3652 sprevistis,
1907 3601 2087 3656 neque

517 3663 837 3733 respuistis?
871 3667 964 3719 sed
992 3665 1133 3718 sicut
1165 3667 1414 3735 angelum
1473 3669 1566 3723 Dei
1617 3672 1909 3740 excepistis
1960 3689 2044 3726 nte
2071 3710 2087 3736 ,

515 3759 653 3812 sicut
682 3756 956 3810 Christum
990 3755 1196 3812 Iesum.
1227 3757 1326 3811 Ubi
1358 3768 1442 3811 est
1492 3775 1620 3828 ergo
1681 3761 1962 3818 beatitudo
1995 3781 2088 3819 ve-

509 3849 670 3903 stra?
709 3847 1075 3901 testimonium
1127 3850 1270 3901 enini
1331 3851 1593 3917 perhibeo
1633 3853 1806 3917 vobis,
1851 3857 1994 3922 quia,
2040 3857 2087 3909 si

511 3940 631 3992 ﬁeri
672 3949 852 4006 posset
891 3937 1015 4007 [ηις.
1058 3938 1369 4008 potuisset],
1393 3940 1579 3993 oculos
1609 3951 1822 3995 vestros
1847 3945 2089 3997 eruisse-

514 4033 599 4094 tis,
631 4041 685 4084 et
715 4030 999 4083 dedissetis
1026 4031 1179 4082 milii.
1208 4031 1348 4099 Ergo
1386 4029 1504 4101 [ηιδ.
1530 4033 1653 4086 add.
1688 4034 1809 4104 ego]
1837 4036 2089 4090 inimicus

512 4124 666 4175 vobis
697 4124 871 4174 laetus
902 4137 1044 4184 sum,
1078 4137 1264 4174 verum
1289 4123 1477 4176 dicens
1508 4125 1663 4177 vobis
1695 4123 2091 4180 ?Aintulautur

515 4231 610 4266 \os
663 4229 768 4266 non
803 4215 939 4266 inite
981 4229 992 4262 :
1032 4213 1125 4265 sed
1163 4213 1449 4266 excludere
1500 4229 1595 4266 vos
1632 4217 1840 4282 tolunt,
1876 4229 1931 4270 ut
1969 4219 2091 4271 iilos

513 4305 867 4370 minulemini.
899 4305 1110 4356 Bonum
1140 4314 1318 4357 autem
1347 4306 1673 4359 aemulantini
1701 4309 1752 4360 in
1779 4309 1920 4362 bono
1947 4325 2092 4385 seiu-

515 4413 610 4464 per
642 4414 655 4459 ;
698 4407 881 4448 etnon
918 4404 1125 4449 tantum
1159 4411 1281 4448 cum
1337 4413 1574 4464 praesens
1602 4414 1720 4451 sum
1778 4401 1919 4468 apud
1969 4416 2080 4454 vos.
2119 4404 2158 4457 Β
2194 4403 2304 4445 ιυιη
2339 4410 2352 4450 ;
2381 4393 2601 4461 spiritus
2632 4408 2813 4449 utilem
2866 4399 3132 4452 adversus
3163 4418 3386 4455 carnem

515 4488 689 4541 I’i.‘ioli
728 4487 850 4551 inci,
883 4488 1238 4556 quositerunt
1270 4490 1536 4556 parturit),
1596 4491 1767 4544 donec
1820 4492 2085 4544 formetur

514 4579 764 4632 Christus
819 4580 871 4632 in
917 4579 1092 4632 vobis.
1144 4579 1345 4631 Vellent
1393 4569 1572 4632 autem
1626 4599 1746 4634 esse
1793 4585 1935 4649 apud
1988 4598 2084 4636 vcs

514 4671 697 4732 modo,
729 4681 784 4721 et
806 4681 1014 4721 mutare
1039 4684 1220 4722 vocem
1251 4685 1422 4722 meam
1454 4687 1467 4723 :
1499 4673 1754 4739 quoniatn
1780 4674 2084 4726 confundor

516 4760 570 4811 in
605 4759 777 4809 voLis.
808 4760 972 4811 Dicite
993 4759 1121 4808 mihi
1152 4762 1243 4825 qui
1275 4761 1375 4811 sub
1415 4763 1526 4828 lege
1553 4761 1717 4814 vultis
1741 4777 1879 4825 esse,
1908 4764 2083 4833 legent

516 4865 623 4901 non
646 4847 894 4917 legistis?
925 4849 1197 4916 Scriptum
1221 4859 1302 4900 est
1327 4851 1494 4913 enim,
1523 4852 1779 4920 quoniam
1808 4853 2078 4907 Abraham

517 4941 656 4992 duos
682 4939 819 4992 ﬁlios
843 4938 1032 4993 habuit
1065 4956 1079 4993 ;
1119 4954 1286 4992 unum
1321 4940 1386 4992 de
1439 4941 1657 5006 ancilla,
1692 4949 1746 4995 ct
1811 4961 1976 4997 unum
2017 4946 2084 4999 de

515 5033 705 5084 libera.
741 5030 845 5083 Sed
881 5031 972 5099 qui
1000 5031 1067 5085 de
1099 5032 1317 5097 ancilla,
1346 5033 1644 5087 secundum
1669 5049 1887 5087 carnem
1922 5047 2088 5090 natus

514 5131 597 5177 est
631 5124 765 5192 :qui
826 5133 1005 5177 autem
1054 5124 1121 5179 de
1179 5125 1371 5191 libera,
1403 5143 1496 5194 per
1553 5131 2028 5196 repromissionem
2069 5147 2083 5183 :

587 5328 606 5398 '7
636 5326 862 5396 Propius
896 5327 1106 5394 Graeco-
1136 5327 1323 5392 textui,
1351 5329 1459 5379 ἀπὸ
1491 5326 1650 5398 ὅρους
1680 5329 1829 5389 Emi,
1890 5329 1942 5382 in
1990 5330 2088 5383 Pa-

518 5397 690 5452 latino
728 5412 826 5450 IIIS.
860 5398 1080 5464 legitur,
1118 5411 1148 5446 α
1180 5409 1352 5449 monte
1381 5397 1531 5451 Sina.
1566 5401 1706 5460 Mox,
1735 5398 1864 5452 Sina
1913 5411 2086 5452 autem

520 5483 668 5522 mons
699 5477 770 5518 est
801 5467 856 5517 in
884 5465 1099 5528 Arabia,
1123 5473 1209 5534 qui
1233 5468 1558 5533 conjunclus,
1592 5480 1695 5520 etc.

587 5541 606 5567 ¹
640 5535 836 5588 Subdit
865 5536 977 5588 hiBC
997 5536 1167 5589 Palat.
1202 5551 1302 5589 tns.
1339 5538 1527 5598 verba,
1571 5538 1767 5589 nemini
1811 5553 2085 5590 comente-

517 5606 648 5662 ritis,
679 5620 796 5670 qua:
829 5610 1048 5674 quidem
1085 5621 1264 5674 neque
1292 5608 1346 5659 in
1367 5605 1573 5676 Cresco
1633 5617 1780 5661 textu
1813 5607 2088 5662 habentur

517 5677 600 5726 uic
620 5678 744 5727 loci.

2188 3118 2242 3169 iu
2275 3118 2527 3181 Domino,
2559 3120 2704 3186 quod
2752 3121 2888 3173 nihil
2938 3121 3084 3175 aliud
3141 3125 3370 3192 sapietis
3403 3149 3414 3179 ;
3458 3127 3548 3194 qui
3580 3139 3738 3179 autem

2185 3212 2472 3262 conturbat
2531 3226 2626 3262 vos
2654 3251 2667 3275 ,
2693 3211 2931 3279 portabit
2981 3211 3290 3281 judicium,
3327 3218 3631 3284 quicunque
3675 3226 3740 3268 est

2190 3301 2302 3351 ille.
2333 3299 2440 3368 est.
2474 3310 2650 3352 autem
2678 3340 2692 3363 ,
2725 3302 2920 3354 fratres
2945 3339 2959 3363 ,
2982 3306 3024 3354 si
3077 3304 3557 3361 circumcisionem
3579 3309 3737 3358 adhuc

2190 3392 2311 3460 μηδ.
2343 3402 2446 3441 tae.
2481 3392 2681 3461 adhuc]
2714 3393 2948 3460 praedico
2980 3409 2994 3448 :
3029 3397 3158 3462 quid
3194 3397 3378 3450 adhuc
3437 3414 3737 3466 pt'l‘SCCh'ilO-

2189 3497 2312 3533 nem
2337 3484 2509 3550 patior
2532 3483 2553 3535 ?
2580 3483 2722 3552 Ergo
2745 3497 3073 3538 evacuatutn
3105 3499 3186 3541 est
3219 3490 3536 3542 scandalum
3567 3506 3735 3544 crinis.

2193 3571 2406 3626 Utinam
2441 3586 2495 3628 et
2549 3575 2938 3629 abscinduntur
2997 3581 3084 3645 qui
3119 3595 3218 3634 vos
3268 3589 3620 3636 conturbant.
3659 3586 3742 3636 νος

2189 3665 2334 3718 enim
2361 3666 2737 3722 inlibertatem
2773 3671 2946 3722 γοεδιὶ
2976 3673 3130 3736 estis,
3164 3672 3364 3726 fratres
3400 3690 3415 3731 ;
3471 3687 3662 3728 tamam
3686 3695 3738 3726 ne

2192 3753 2494 3808 libertatem
2527 3757 2578 3808 in
2606 3761 2942 3812 occasionem
2968 3761 3104 3813 dctis
3136 3766 3342 3826 carnis,
3370 3768 3466 3818 sed
3497 3783 3590 3833 per
3634 3769 3742 3816 iba-

2195 3846 2407 3898 ritatcm
2439 3846 2674 3914 Spiritus
2707 3849 2725 3877 ³
2757 3855 2960 3903 scrvitc
2985 3850 3237 3905 invicem.
3277 3857 3474 3907 Utnnis
3501 3873 3635 3908 enim
3675 3860 3742 3906 iet

2195 3938 2247 3989 in
2282 3953 2390 3989 uno
2417 3954 2668 3994 sermone
2695 3941 2953 4010 impletur
2990 3960 3002 3994 :
3040 3943 3232 4013 Diliges
3266 3950 3581 4014 proximum
3613 3959 3745 4000 Latini

2195 4030 2336 4082 sicut
2363 4041 2412 4083 te
2445 4033 2640 4098 ipsum.
2675 4033 2830 4096 Quod
2865 4037 2909 4088 si
2946 4037 3175 4090 invicem
3197 4043 3490 4103 rnortietis,
3513 4054 3561 4094 et
3589 4057 3746 4092 coni:-

2195 4120 2321 4171 ditis
2352 4141 2366 4174 :
2399 4124 2572 4174 videte
2603 4138 2666 4174 ue
2723 4126 2788 4175 ab
2822 4125 3054 4178 llHiCClD
3079 4131 3505 4180 consumamini.
3529 4129 3647 4180 Dico
3668 4146 3750 4180 au-

2201 4220 2355 4261 tem:
2411 4208 2617 4278 Spiritu
2653 4212 2945 4276 ambulate,
3004 4228 3055 4267 et
3091 4217 3362 4270 desideria
3428 4223 3606 4271 carnis
3655 4235 3747 4269 ltuit

2201 4303 2512 4364 perlicietis.
2547 4303 2686 4356 Caro
2714 4304 2858 4356 enim
2911 4310 3247 4373 concupiscit
3294 4312 3564 4364 adut-sus
3611 4311 3749 4376 δμη-

3426 4421 3440 4458 ;
3481 4408 3552 4455 ita
3566 4422 3592 4456 (ς
3623 4403 3747 4454 enim

2190 4487 2294 4539 sibi
2325 4489 2554 4538 invicem
2589 4491 2944 4542 adversantur
2984 4507 2996 4544 ;
3054 4502 3109 4544 ut
3143 4509 3248 4545 non
3280 4510 3630 4563 quaecunque
3657 4495 3753 4546 vui-

2192 4580 2276 4639 tis,
2307 4581 2390 4628 illa
2423 4578 2655 4635 faciatis.
2682 4584 2833 4642 Quod
2869 4583 2910 4632 si
2939 4583 3134 4648 spiritu
3161 4583 3455 4649 ducimini,
3488 4603 3594 4638 non
3639 4599 3750 4637 esus

2192 4671 2293 4721 sub
2321 4669 2458 4736 lege.
2491 4668 2771 4723 Manifesta
2800 4682 2925 4723 sunt
2958 4684 3137 4725 autem
3177 4691 3340 4741 opera
3375 4695 3562 4730 caritas
3597 4693 3610 4727 :
3649 4693 3748 4744 qui:

2189 4770 2315 4811 sunt
2341 4760 2649 4827 fornicatio,
2682 4763 3028 4816 immunditia
3055 4805 3069 4828 ,
3095 4764 3448 4832 impudicitia
3479 4809 3494 4830 ,
3525 4774 3745 4826 luxuria,

2191 4849 2462 4902 idolorum
2499 4854 2752 4918 servitus,
2790 4857 3072 4919 veneﬁcia,
3113 4856 3445 4923 inimicitiae,
3475 4860 3750 4913 contentiu-

2191 4958 2305 5006 nes,
2342 4944 2733 5008 annulatioucs,
2770 4947 2883 5010 irae,
2915 4948 3061 5012 rixas,
3111 4950 3519 5014 dissensiones,
3550 4963 3694 5005 secta:
3715 4960 3745 5010 ‘,

2189 5034 2428 5101 invidiae,
2490 5035 2805 5103 homicidia,
2838 5041 3170 5110 ebrietates,
3209 5046 3644 5097 comessationes
3669 5082 3681 5104 ,
3707 5051 3752 5092 et

2190 5126 2275 5180 his
2307 5127 2502 5181 similia
2543 5144 2555 5182 :
2584 5144 2703 5198 quae
2726 5131 2962 5198 praedico
2993 5133 3166 5199 vobis,
3189 5135 3328 5188 sicut
3357 5136 3614 5204 praedixi,
3635 5149 3753 5204 quo-

2263 5329 2535 5410 ’.N0i_nen
2578 5329 2829 5410 Spiritus,
2877 5335 3024 5402 quod
3075 5346 3129 5389 et
3179 5352 3208 5388 a
3239 5337 3450 5392 Graecis
3505 5339 3755 5410 plerisque

2189 5400 2344 5453 libris
2379 5404 2556 5465 abest,
2589 5404 2639 5453 in
2674 5401 2845 5455 l’alat.
2885 5400 2986 5457 ius.
3023 5410 3395 5462 desideratur.

2261 5471 2280 5499 ⁸
2331 5470 2586 5547 Ejusdem
2630 5475 3070 5547 vocis-algeas“,
3124 5492 3243 5547 qua:
3283 5481 3458 5536 unice
3495 5481 3548 5534 in
3590 5479 3756 5533 Gram

2193 5551 2340 5594 textu
2371 5543 2622 5616 habetur,
2653 5541 2922 5606 duplicem
2951 5541 3471 5616 interpretationem
3497 5551 3758 5607 Ριέαιίυυῶ

2193 5626 2297 5666 tus.
2329 5611 2503 5678 allcrt,
2533 5622 2706 5678 arctis,
2733 5617 2968 5666 ηαδ-εδει.
