3946 6170
142 348 153 358 ’
235 379 343 445 811

1344 390 1397 451 ε.
1449 390 1681 450 PAULI
1732 366 1967 449 Eiusr.
2014 389 2117 449 AD
2167 389 2437 449 urnas.

3388 389 3497 453 813‘

236 497 389 552 niam
422 496 515 567 qui
548 496 669 553 talia
705 506 894 569 agunt,
929 515 1152 570 regnum
1183 502 1277 557 Dei
1312 518 1418 557 non
1469 519 1812 573 consequen~
1849 508 1888 560 Α
1923 500 2013 570 qui
2054 510 2233 553 autem
2291 500 2525 555 seminat
2579 499 2631 553 in
2687 497 2901 570 spiritu,
2957 495 3024 554 de
3076 499 3271 568 spiritu
3327 508 3501 553 metet

238 597 350 642 tur.
388 588 622 644 Fructus
654 600 836 645 autem
870 590 1109 659 Spiritus
1136 602 1219 647 est
1247 593 1509 657 charitas,
1539 595 1821 664 gaudium,

236 694 368 749 pax,
407 680 693 749 patientia,
750 683 1080 752 benignitas.
1131 685 1371 750 bonitas,
1418 687 1822 757 longanimitas,

236 774 601 827 mansuetudo
625 773 664 835 ⁸.
699 773 851 837 fides,
878 775 1167 840 modestia,
1191 777 1550 841 continentia,
1575 779 1821 833 castitas.

239 861 523 916 Adversus
560 864 870 933 hujusmodi
924 880 1031 919 non
1064 877 1145 920 est
1178 868 1281 921 lex.
1319 866 1417 933 Qui
1451 880 1633 923 autem
1696 850 1825 923 sunt

237 954 471 1016 Christi,
510 969 733 1008 carnem
782 972 938 1011 suam
991 959 1382 1016 crucifixerunt
1417 978 1537 1016 eum
1586 963 1733 1016 vitiis
1770 973 1825 1017 et

238 1047 729 1114 concupiscentiis.
771 1048 825 1100 Si
859 1050 1053 1117 spiritu
1089 1051 1340 1116 vivimus,
1395 1053 1588 1121 spiritu
1621 1065 1676 1108 et
1709 1069 1823 1108 am-

242 1137 519 1191 bulemus.
548 1138 665 1192 Non
698 1138 997 1195 etiiciamur
1023 1142 1202 1197 inanis
1250 1144 1433 1213 gloriae
1489 1145 1694 1216 cupidi,
1741 1146 1824 1201 in-

238 1228 417 1280 vicem
453 1240 838 1296 provocantes,
879 1232 1110 1286 invicem
1139 1233 1468 1289 invidentes.

314 1319 497 1391 [Cap.
535 1319 668 1392 VL]
708 1322 943 1388 Fratres,
997 1333 1052 1378 et
1097 1326 1141 1379 si
1193 1336 1607 1396 prmoccupatus
1657 1331 1825 1386 fuerit

243 1414 411 1466 homo
465 1413 517 1466 in
549 1413 733 1482 aliquo
784 1415 1007 1482 delicto,
1056 1433 1173 1482 vos,
1203 1421 1292 1487 qui
1325 1421 1635 1489 spirituales
1669 1426 1821 1487 estis,

241 1506 555 1573 huiusmodi
594 1507 845 1560 insu'uite
891 1508 945 1560 in
999 1508 1197 1578 spiritu
1249 1511 1493 1565 lenitatis
1524 1528 1539 1567 :
1569 1514 1822 1568 conside-

241 1614 371 1649 rans
432 1609 483 1651 te
537 1602 734 1667 ipsum,
779 1614 847 1652 ne
894 1611 946 1655 et
996 1612 1049 1655 tu
1111 1602 1359 1657 tenteris.
1417 1604 1565 1658 Alter
1597 1606 1823 1660 alterius

243 1703 409 1741 onera
450 1698 683 1763 portate,
738 1697 792 1742 ct
833 1689 911 1743 sic
955 1690 1330 1759 adimplebitis
1380 1693 1550 1762 legem
1595 1692 1819 1747 Christi.

243 1779 376 1833 Nam
428 1781 472 1831 si
517 1781 643 1849 quis
685 1782 963 1837 existimat
1005 1798 1064 1837 se
1107 1784 1315 1854 aliquid
1359 1800 1500 1851 esse,
1532 1800 1655 1839 cum
1686 1786 1822 1840 nihil

245 1871 334 1930 sit,
367 1873 480 1937 ipse
511 1888 569 1924 se
595 1871 830 1927 seducit.
861 1875 1007 1944 Opus
1033 1883 1216 1930 autem
1249 1892 1409 1929 suum
1435 1878 1629 1946 probet
1659 1893 1824 1933 unus-

244 1960 497 2027 quisque,
542 1968 597 2012 et
624 1960 704 2014 sic
732 1961 783 2013 it
818 1963 1115 2031 semetipso
1147 1974 1361 2018 tantum
1394 1965 1623 2035 gloriam
1657 1966 1826 2021 habe-

248 2049 348 2110 bit,
373 2061 436 2102 et
464 2065 574 2104 non
603 2050 654 2104 in
682 2052 880 2107 altero.
913 2052 1301 2125 Unusquisque
1327 2058 1474 2109 enim
1500 2072 1640 2110 onus
1660 2073 1818 2111 suum

247 2142 505 2210 portabit.
562 2142 940 2196 Communicet
990 2155 1197 2207 autem,
1249 2147 1295 2201 is
1325 2147 1417 2216 qui
1447 2148 1820 2204 catecltizatur

245 2234 441 2296 verbo,
485 2235 534 2288 ei
573 2234 664 2303 qui
696 2250 754 2288 se
784 2236 1091 2290 catechizat
1122 2238 1173 2291 in
1206 2240 1462 2295 omnibus
1494 2240 1670 2295 bonis.
1706 2242 1819 2297 No-

245 2325 339 2377 lite
370 2339 559 2379 errarc
596 2342 611 2379 z
652 2326 798 2380 Deus
827 2343 933 2381 non
977 2328 1256 2383 irridetur.
1305 2330 1438 2396 Quae
1466 2332 1611 2385 enim
1660 2333 1825 2387 semin

250 2418 464 2472 naverit
498 2418 683 2482 homo,
704 2408 831 2471 haec
862 2427 917 2471 et
951 2427 1135 2473 metet.
1169 2421 1437 2487 Quoniam
1469 2423 1561 2491 qui
1587 2424 1826 2478 seminat

246 2509 304 2563 in
340 2525 505 2563 carne
540 2525 660 2576 sua,
710 2512 777 2564 de
817 2524 982 2564 carne
1029 2521 1082 2565 et
1120 2522 1287 2566 metet
1332 2515 1747 2582 corruptionem
1804 2533 1818 2569 :

1928 593 2089 645 vitam
2128 604 2408 647 aeternam.
2450 592 2657 647 Bonum
2688 602 2866 646 autem
2902 592 3184 659 facientes,
3214 606 3324 646 non
3355 591 3492 647 defi-

1927 683 2133 735 ciamus
2166 700 2180 736 :
2216 691 2462 752 tempore
2486 684 2629 738 enim
2662 701 2763 739 suo
2792 692 3059 739 metemus
3096 699 3203 737 non
3232 676 3498 739 dialicieu-

1929 784 2028 828 tes.
2057 775 2199 844 Ergo
2233 776 2360 828 dum
2391 784 2603 845 tempus
2640 778 2920 839 habemus,
2966 792 3253 844 operemur
3292 778 3493 831 bonum

1927 868 1990 918 ad
2050 883 2275 933 omnes,
2339 868 2566 922 maxime
2613 878 2791 922 autem
2850 870 2917 922 ad
2974 868 3301 923 domesticos
3349 868 3498 924 fidei.

1931 957 2120 1012 Videte
2164 958 2419 1028 qualibus
2467 960 2668 1015 litteris
2714 960 2908 1029 scripsi
2955 962 3108 1017 vobis
3151 976 3271 1015 mea
3309 978 3495 1016 manu.

1926 1051 2248 1120 Quicunque
2278 1053 2422 1106 enim
2460 1052 2648 1105 voluut
2686 1053 2897 1121 placere
2934 1054 2986 1106 in
3030 1070 3212 1118 carne,
3267 1055 3318 1107 hi
3374 1055 3492 1122 (ms.

1927 1154 2031 1197 tae.
2074 1143 2151 1213 hi)
2187 1154 2388 1213 cogunt
2420 1160 2515 1198 vos
2548 1144 2865 1198 circumcidi
2900 1161 2914 1196 :
2963 1154 3171 1198 tantum
3207 1154 3265 1197 ut
3316 1145 3497 1199 crucis

1924 1233 2126 1289 Christi
2168 1236 2607 1304 persecutionem
2641 1252 2746 1290 non
2780 1238 3075 1305 patiantur.
3109 1238 3295 1306 Neque
3342 1237 3488 1291 enim

1924 1326 2018 1395 qui
2063 1327 2522 1394 cirumciduntur,
2570 1330 2742 1397 legem
2779 1330 3118 1391 custodiunt,
3164 1330 3254 1383 sed
3305 1331 3495 1384 volunt

1925 1434 2021 1473 vos
2065 1418 2428 1485 circumcidi,
2485 1429 2545 1473 ut
2597 1421 2648 1474 in
2692 1436 2855 1474 carne
2911 1433 3090 1473 vestra
3150 1423 3494 1487 glorientur.

1925 1508 2055 1562 Mihi
2091 1517 2271 1563 autem
2315 1510 2458 1564 absit
2502 1511 2746 1580 gloriari,
2813 1512 2914 1564 nisi
2965 1512 3017 1565 iu
3064 1528 3224 1566 cruce
3285 1512 3495 1579 Domini

1924 1601 2097 1654 nostri
2122 1601 2251 1656 Jesu
2280 1602 2508 1665 Christi,
2547 1619 2642 1673 per
2685 1620 2846 1673 quem
2883 1605 3014 1658 mihi
3053 1604 3290 1658 mundus
3318 1608 3499 1659 cruci-

1924 1697 2065 1751 ﬁxus
2110 1706 2214 1760 est,
2266 1704 2317 1750 et
2370 1712 2472 1765 ego
2513 1698 2738 1751 mundo.
2774 1697 2831 1751 In
2878 1698 3101 1751 Christo
3150 1698 3295 1751 enim
3343 1699 3496 1759 Iesu,

1924 1803 2102 1855 neque
2130 1788 2476 1843 circumcisio
2509 1788 2715 1855 aliquid
2746 1790 2908 1847 valet,
2943 1803 3119 1858 neque
3148 1791 3495 1858 prteputiuw,

1930 1878 2024 1933 sed
2060 1894 2199 1933 nova
2263 1890 2537 1933 creatura.
2592 1879 2657 1933 Et
2709 1880 3020 1947 quicunque
3078 1879 3218 1932 hanc
3258 1880 3500 1946 regulam

1928 1969 2100 2023 secuti
2130 1968 2356 2032 fuerint,
2398 1983 2498 2037 pax
2536 1985 2701 2037 super
2747 1969 2887 2031 illos,
2927 1979 2980 2022 ct
3013 1968 3410 2032 misericordia,
3449 1978 3507 2021 ct

1927 2076 2095 2129 super
2138 2061 2299 2115 Israel
2350 2061 2464 2115 Dei.
2523 2060 2599 2112 De
2647 2070 2842 2115 etctcro
2879 2076 3037 2113 nemo
3069 2059 3200 2113 mihi
3244 2062 3506 2113 molestus

1925 2154 1998 2209 sit
2044 2172 2058 2209 :
2121 2170 2219 2222 ego
2268 2154 2411 2208 enim
2461 2154 2710 2223 stigmata
2762 2153 2974 2207 Domini
3027 2152 3155 2208 Iesu
3218 2151 3339 2223 (ms.
3396 2166 3507 2205 mc.

1925 2246 2053 2301 Jcsu
2085 2246 2103 2312 )
2169 2247 2223 2299 in
2263 2260 2491 2314 corpore
2525 2260 2645 2299 meo
2678 2255 2853 2314 porto.
2908 2245 3091 2299 Gratia
3131 2244 3346 2299 Domini
3411 2262 3510 2297 ιιι»-

1927 2337 2029 2391 stri
2088 2334 2217 2391 Jesu
2304 2335 2506 2391 Christi
2564 2353 2688 2391 cum
2755 2337 2947 2405 spiritu
3016 2348 3221 2403 vestro,
3290 2336 3506 2391 fratres.

1930 2429 2126 2482 Amen.
3244 2422 3253 2430 ”

1154 2624 1387 2695 Explicit
1418 2627 1657 2693 Epistola
1689 2626 1754 2681 Β.
1790 2628 1954 2685 Pauli
1980 2633 2211 2703 apostoli
2237 2635 2308 2690 ad
2349 2634 2589 2692 Galatas.

326 2770 515 2868 iniit:
554 2793 750 2833 nomen
807 2784 1152 2837 mansuetudo
1181 2823 1195 2848 ,
1256 2786 1416 2853 paulo
1471 2796 1651 2841 autem
1709 2797 1830 2857 post
1897 2792 2138 2856 castitas,
2183 2792 2465 2848 Palatinus
2533 2810 2635 2850 ms.
2685 2812 2807 2851 cum
2852 2795 3058 2853 Graecis
3103 2798 3307 2868 aliquot
3357 2794 3513 2850 libris

247 2840 467 2898 reticet.

270 2977 1139 3002 .—————————-—-_———

1142 2991 3501 3021 .__._________._____________,________________________

1000 3138 1158 3257 B.
1241 3145 1797 3263 PAULI
1869 3149 2773 3269 Διιθετοιι

1746 3361 2027 3422 INCIPIT

507 3461 1633 3725 EPISTOLA'
1725 3550 2019 3725 AD
2155 3544 3269 3736 EPHESIOS.

1002 3928 1027 3951 Ο

331 3992 353 4063 [
386 3994 512 4059 Cap.
545 3992 629 4064 1.]
663 3991 868 4049 Paulus
896 3993 1176 4063 apostolus
1204 3993 1331 4049 Jesu
1370 3993 1572 4048 Christi
1605 4008 1701 4063 per
1731 4009 1825 4046 vo-
1854 3995 1899 4053 ο
1931 3993 2114 4046 omnia
2156 3993 2210 4047 in
2251 3990 2495 4055 Christo,
2537 4006 2657 4061 quae
2696 3991 2749 4044 in
2781 3991 2934 4046 coeiis
2957 4029 2973 4055 ,
3018 4000 3074 4045 et
3109 4006 3230 4059 qua:
3269 3992 3322 4045 in
3360 4001 3505 4047 terra

243 4085 531 4140 Iuntwtem
582 4085 701 4148 Dei,
755 4085 1011 4140 omnibus
1073 4088 1279 4141 sanctis
1314 4087 1405 4155 qui
1444 4095 1573 4139 sunt
1620 4085 1843 4154 Ephesi,

244 4187 306 4229 et
343 4175 603 4229 ﬁdelibus
629 4175 685 4228 in
717 4175 939 4229 Christo
970 4175 1123 4230 Jesu.
1159 4174 1345 4229 Gratia
1384 4175 1561 4241 vobis,
1596 4185 1651 4229 et
1684 4190 1779 4243 pax
1817 4190 1847 4227 a

240 4265 375 4320 Deo
409 4265 562 4319 Patre
593 4275 807 4328 nostro,
844 4276 898 4319 et
924 4266 1156 4319 Domino
1190 4265 1321 4319 Jcsu
1349 4265 1587 4319 Christo.
1618 4264 1849 4318 Benedi-

239 4369 390 4411 ctus
433 4356 574 4411 Deus
600 4366 652 4412 et
691 4356 852 4410 Pater
889 4357 1104 4431 Domini
1140 4357 1311 4410 nostri
1338 4354 1465 4410 Jesu
1498 4355 1725 4419 Christi,
1755 4365 1850 4424 qui

241 4449 391 4503 bent
416 4449 551 4503 dixit
576 4464 675 4502 nos
714 4450 767 4502 in
794 4450 938 4502 omni
963 4448 1349 4503 benedictione
1370 4447 1638 4514 spirituali
1665 4448 1717 4499 in
1741 4461 1851 4501 cur

234 4540 497 4594 Icstibus
517 4541 569 4593 in
584 4539 825 4603 Christo,
852 4540 994 4599 sicut
1019 4540 1182 4608 elegit
1204 4554 1303 4593 nos
1321 4541 1372 4592 in
1407 4539 1524 4606 ipso
1547 4550 1671 4592 ante
1696 4554 1850 4590 mun-

235 4635 302 4688 di
347 4625 834 4695 ebriatitutionmn,
858 4641 1182 4686 utessemus
1209 4632 1381 4684 sancti
1429 4640 1481 4683 et
1514 4628 1849 4683 immaculati

1948 4094 2095 4148 sunt,
2137 4084 2189 4138 in
2230 4085 2368 4154 ipso.
2406 4083 2463 4136 In
2500 4099 2609 4152 quo
2656 4082 2821 4137 etiam
2856 4090 2909 4135 et
2944 4097 3042 4135 nos
3093 4083 3108 4113 ⁸
3149 4084 3288 4136 forte
3326 4084 3503 4136 vocati

1949 4190 2177 4237 sumus,
2233 4173 2602 4243 praedestinati
2644 4172 2946 4226 secumlum
2990 4174 3326 4241 propositum
3365 4172 3507 4240 ejus,

1950 4256 2045 4335 qui
2078 4276 2334 4333 operatur
2358 4266 2538 4318 omnia
2568 4264 2865 4318 secundum
2896 4266 3183 4318 consilium
3218 4252 3513 4338 voluntatis

1949 4374 2061 4413 sua:
2097 4375 2110 4410 :
2148 4369 2205 4410 ttt
2234 4359 2405 4411 simus
2433 4358 2484 4410 in
2520 4359 2732 4410 laudent
2766 4358 2949 4426 gloria:
2974 4357 3093 4426 ejus
3124 4373 3222 4411 nos
3251 4355 3374 4427 [ms.
3410 4372 3513 4410 utr.

1952 4447 2116 4519 nos],
2167 4448 2259 4517 qui
2291 4458 2417 4501 ante.
2448 4464 2789 4516 speravimus
2821 4450 2871 4501 in
2907 4445 3124 4501 Christo
3159 4463 3173 4501 :
3223 4450 3274 4500 in
3319 4462 3429 4514 quo
3462 4456 3519 4498 et

1953 4556 2070 4602 vos,
2113 4554 2233 4591 cum
2272 4538 2557 4592 audissetis
2588 4538 2810 4591 verbum
2851 4538 3093 4591 veritatis
3128 4538 3515 4607 (Evangelicm

1952 4630 2142 4683 salutis
2170 4636 2363 4683 vestrae
2390 4632 2429 4695 ),
2482 4630 2535 4682 in
2582 4646 2690 4697 quo
2738 4640 2793 4683 et
2838 4629 3119 4683 credentes
3162 4629 3355 4696 signati
3389 4630 3523 4683 estis

236 4723 301 4776 in
339 4732 653 4789 conspectu
684 4721 805 4788 ejus
837 4722 889 4773 in
921 4720 1211 4775 cltaritate.
1282 4718 1386 4785 Qui
1446 4718 1852 4788 przcdestinavit

235 4830 360 4869 nos
428 4815 490 4867 'in
528 4813 883 4881 adaptionem
935 4812 1173 4866 ﬁliorum
1225 4827 1323 4881 per
1352 4813 1538 4867 Iesum
1572 4811 1851 4865 Christum

232 4910 301 4961 in
378 4907 584 4973 ipsum,
619 4904 920 4961 secundum
971 4905 1308 4974 propositum
1376 4905 1674 4958 voluntatis
1717 4918 1853 4966 sure,

236 5001 301 5055 in
328 4998 561 5052 laudem
595 4997 783 5066 gloria:
803 4994 989 5065 gratia:
1016 5009 1150 5055 suae,
1179 4996 1233 5047 in
1259 5009 1363 5062 qua
1393 4993 1720 5061 gratiticavit
1756 5009 1855 5047 nos

232 5094 300 5147 in
347 5091 565 5144 dilecto
608 5090 746 5144 Filio
792 5102 913 5149 suo,
966 5087 1024 5141 In
1072 5101 1181 5156 quo
1214 5086 1481 5140 habemus
1523 5086 1852 5154 redemptio-

232 5199 391 5239 nem
432 5198 521 5249 per
546 5180 868 5251 sanguinem
897 5180 1038 5248 ejus,
1069 5178 1448 5232 remissionem
1481 5187 1852 5247 peccatorum,

231 5276 570 5336 Secundum
601 5275 824 5330 divitias
847 5275 1035 5345 gratiae
1063 5274 1205 5344 ejus,
1238 5287 1355 5340 qua:
1386 5270 1854 5340 superabundavit

236 5373 305 5426 in
353 5367 525 5422 nubis
552 5369 607 5421 in
637 5366 788 5421 omni
820 5365 1090 5433 sapientia
1117 5372 1169 5417 et
1200 5362 1490 5432 prudentia
1525 5378 1539 5413 :
1580 5369 1637 5414 ut
1662 5368 1850 5415 notum

234 5464 481 5518 faceret
508 5460 666 5512 nobis
702 5466 1107 5513 sacramentum
1153 5454 1450 5509 voluntatis
1487 5466 1621 5515 suae,
1657 5467 1853 5508 secun-

234 5558 395 5611 dum
451 5550 850 5620 beuepiaeitum
900 5549 1040 5619 ejus,
1070 5548 1214 5619 quod
1249 5544 1538 5618 proposuit
1582 5543 1634 5599 in
1670 5563 1760 5610 eo,
1795 5544 1850 5598 in

234 5646 685 5718 dispensatione
736 5644 1093 5715 plenitudinis
1142 5652 1490 5715 temporum.
1539 5636 1853 5697 instaurare

1955 4720 2164 4790 Spiritu
2195 4721 2575 4790 promissionis
2601 4736 2808 4782 sancto,
2839 4724 2929 4790 qui
2959 4731 3042 4776 est
3069 4723 3263 4790 pignus
3294 4721 3525 4776 haeredi-

1958 4809 2081 4861 tatis
2131 4818 2369 4871 nostra),
2432 4809 2485 4862 itt
2539 4810 2967 4878 redemptionem
3021 4811 3419 4879 acquisitionis,
3473 4813 3524 4863 in

1955 4901 2170 4955 Iaudem
2223 4903 2408 4971 gloriae
2461 4904 2653 4971 ipsius.
2708 4904 2999 4970 Propterea
3050 4915 3102 4956 et
3150 4920 3251 4974 ego
3298 4905 3528 4957 audiens

1956 4990 2118 5045 ﬁdem
2164 5003 2421 5059 vestram,
2471 5009 2591 5061 quae
2633 5002 2714 5047 est
2762 4995 2815 5046 in
2852 4995 3081 5047 Domino
3117 4995 3267 5057 ,ιε-ω.
3302 5006 3356 5049 et
3388 4995 3525 5047 dite-

1956 5084 2193 5137 ctionem
2243 5084 2296 5136 in
2332 5098 2521 5141 omnes
2548 5094 2786 5143 sanctos,
2815 5101 2923 5139 non
2958 5103 3116 5141 cesso
3140 5087 3338 5156 gratias
3364 5100 3528 5153 agens

1960 5190 2058 5244 pro
2099 5176 2276 5243 vobis,
2305 5176 2625 5230 memoriam
2661 5178 2827 5231 vestri
2858 5177 3064 5232 faciens
3102 5179 3154 5232 in
3188 5176 3529 5229 orationiLus

1960 5268 2095 5322 meis
2130 5285 2145 5326 ;
2179 5278 2241 5323 ut
2283 5270 2444 5333 Deus,
2496 5267 2707 5324 Domini
2755 5274 2926 5325 uestri
2970 5271 3098 5326 Jesu
3146 5267 3343 5323 Christi
3378 5276 3531 5334 pater

1960 5361 2165 5428 glorite,
2192 5360 2284 5415 det
2306 5361 2460 5415 vobis
2482 5362 2733 5431 Spiritum
2757 5364 3054 5432 sapicntim,
3078 5371 3131 5414 ct
3156 5358 3529 5421 revelationis,

1969 5456 2023 5507 in
2054 5454 2333 5521 agnitione
2362 5454 2501 5523 ejus,
2541 5456 2878 5509 illuminatos
2909 5454 3095 5507 oculos
3122 5449 3306 5505 cordis
3340 5452 3532 5513 vestri.

1917 5544 1923 5552 ’
1964 5553 2022 5597 ut
2043 5544 2228 5597 sciatis
2252 5560 2371 5613 qua:
2398 5546 2465 5597 sit
2484 5561 2607 5614 spes
2628 5544 2922 5600 vocationis
2947 5542 3203 5615 cjus[~m.
3240 5552 3343 5597 tac.
3370 5541 3539 5612 ejus],

1964 5647 2017 5694 et
2048 5652 2169 5705 quae
2216 5636 2420 5689 divitia:
2454 5637 2637 5705 gloria:
2683 5635 3017 5692 ltmreditatis
3050 5636 3166 5706 ejus
3204 5632 3260 5687 in
3308 5633 3539 5692 sanctis.

1887 5330 1929 5387 ι)

320 5808 343 5840 ⁸
406 5803 594 5859 Verba
626 5812 673 5854 et
716 5819 827 5869 nos,
878 5818 993 5871 qum
1034 5822 1202 5881 neque
1232 5814 1287 5869 in
1334 5804 1522 5859 Graeco
1565 5796 1844 5869 habentur
1880 5796 2199 5860 archetypo,
2246 5790 2517 5844 Palatinus
2551 5807 2646 5843 ms.
2692 5800 2853 5847 lucet.
2896 5826 2905 5831 ι
