3946 6170
298 287 403 354 821

296 494 478 549 Unum
511 507 710 561 corpus
737 533 750 554 ,
787 502 844 545 et
867 508 1010 547 unus
1043 494 1274 562 spiritus
1300 535 1316 559 ,
1354 497 1495 550 sicut
1531 498 1708 552 vocati
1742 497 1876 551 estis

302 586 357 638 in
391 600 496 636 una
536 599 631 652 spe
669 585 975 639 vocationis
1010 595 1228 640 vestra}.
1266 585 1423 642 Unus
1456 588 1739 653 Dominus,
1771 605 1878 642 una

301 676 440 728 fides
468 717 481 739 ,
535 693 704 730 unttm
743 677 1041 745 baptisma.
1081 679 1234 734 Unus
1275 678 1420 733 Deus
1469 691 1524 734 et
1553 679 1714 733 Pater
1757 695 1878 733 om-

299 770 476 831 nium,
512 771 604 837 qui
635 779 720 823 est
752 785 921 838 super
948 785 1142 825 omnes
1167 813 1182 836 ,
1217 781 1273 826 et
1323 787 1424 842 per
1479 773 1663 826 omnia
1690 814 1703 836 ,
1737 785 1793 826 et
1823 771 1878 826 in

301 861 563 916 omuibus
613 861 792 916 nobis.
849 863 1161 928 Unicuique
1217 873 1403 917 autent
1451 874 1700 918 nostrum
1753 865 1877 918 data

300 965 388 1004 est
424 955 594 1022 gratia
619 952 924 1008 secundum
960 969 1275 1008 mensuram
1312 955 1625 1010 donationis
1651 955 1876 1011 Christi.

304 1044 540 1112 l’rop'cr
571 1045 717 1111 quod
755 1045 890 1098 dicit
919 1062 932 1099 :
965 1046 1283 1102 Ascendens
1320 1048 1372 1101 in
1407 1049 1572 1102 altunt
1607 1049 1880 1117 captivam

301 1131 463 1183 duxit
497 1132 871 1200 Captivitatem
903 1151 918 1186 :
954 1135 1106 1188 dedit
1153 1135 1296 1189 dena
1353 1136 1694 1190 hominibus.
1727 1135 1880 1201 Quod

304 1237 491 1273 autem
546 1223 838 1289 ascendit,
889 1225 1020 1288 quid
1054 1234 1158 1286 est,
1192 1227 1296 1280 nisi
1332 1227 1457 1294 quia
1501 1236 1554 1280 et
1599 1227 1882 1281 descendit

308 1313 549 1379 primum
584 1314 635 1366 in
671 1314 964 1368 inferiores
998 1327 1176 1384 partes
1211 1319 1414 1371 terrae?
1442 1319 1544 1384 Qui
1572 1319 1882 1382 descendit,

307 1403 430 1469 ipse
479 1415 561 1457 est
612 1413 666 1458 et
699 1405 791 1474 qui
831 1407 1080 1460 ascendit
1134 1424 1302 1476 super
1349 1425 1543 1463 omnes
1591 1412 1796 1474 caelos,
1828 1421 1886 1465 ut

310 1497 568 1562 impleret
611 1497 819 1549 omnia.
873 1499 937 1550 Et
967 1498 1082 1566 ipse
1130 1500 1283 1553 dedit
1337 1501 1605 1569 quosdam
1663 1501 1885 1570 quidem

311 1589 626 1654 apostolos,
671 1589 938 1658 quosdam
978 1600 1161 1643 autem
1195 1593 1524 1660 prophetas,
1581 1594 1718 1646 alios
1756 1609 1888 1646 vero

310 1678 711 1747 evangelistas,
745 1680 883 1734 alios
906 1691 1087 1734 autem
1125 1692 1390 1750 pastOres,
1425 1693 1479 1737 et
1513 1684 1788 1747 doctores,
1821 1686 1887 1739 ad

1387 298 1446 360 S.
1484 299 1711 358 PAULI
1762 299 2004 360 EPIST.
2052 302 2150 359 AD
2196 300 2456 362 EPIIES.

297 404 394 458 citi
460 413 680 456 servare
712 401 981 456 unitatem
1033 403 1279 472 Spiritus
1326 407 1382 459 in
1439 407 1663 460 vinculo
1708 407 1878 476 pacis.
1912 409 1962 466 Α
1987 423 2052 460 ex
2088 425 2182 462 ore
2219 421 2398 464 vestro
2453 425 2558 464 non
2596 410 2854 477 procedat

3442 304 3550 367 822

2901 429 2912 464 :
2965 412 3058 466 sed
3094 412 3136 467 si
3181 413 3302 480 quis
3347 416 3548 482 bonus,

1978 499 2045 553 ad
2090 501 2509 555 aedificationem
2566 501 2731 562 fidei.
2792 511 2851 555 ut
2903 504 2995 557 det
3044 504 3267 568 gratiam
3318 505 3550 560 audiam

1981 584 2146 639 tibus.
2177 587 2244 640 Et
2276 588 2443 641 nolite
2473 590 2801 644 contristare
2834 591 3095 658 Spiritum
3131 604 3379 646 sanctum
3416 592 3507 648 Dei
3537 609 3553 647 :

1979 676 2034 728 in
2071 693 2178 745 quo
2210 678 2405 747 signati
2438 681 2568 733 estis
2600 681 2653 734 in
2685 681 2826 733 diem
2885 682 3300 752 redemptionis.
3351 684 3554 737 Omnis

1981 772 2293 824 amaritudo
2324 813 2336 836 ,
2387 782 2442 826 et
2495 772 2594 838 ira,
2651 783 2703 827 et
2742 775 3042 843 indignatio
3072 818 3084 839 ,
3135 785 3188 828 et
3236 776 3466 837 clamor,
3499 788 3554 830 et

1981 862 2324 930 blasphemia
2383 863 2607 917 tollatur
2661 881 2689 917 a
2724 866 2877 916 vobis
2905 905 2916 922 .
2956 882 3078 918 cum
3132 869 3281 921 omni
3323 869 3552 921 malitia.

1984 953 2171 1008 Estote
2208 964 2390 1007 autem
2425 955 2658 1007 invicem
2696 955 2912 1024 benigni
2947 999 2960 1020 ,
3000 959 3380 1012 misericordes
3411 999 3423 1017 .
3459 959 3554 1012 do-

1987 1055 2180 1100 nantes
2217 1047 2450 1100 invicem
2481 1087 2494 1108 ,
2523 1046 2666 1100 sicut
2711 1057 2766 1102 et
2810 1047 2949 1100 Deus
2989 1048 3041 1100 in
3074 1048 3296 1103 Christo
3329 1049 3554 1104 donavit

1986 1137 2141 1189 vobis
2177 1139 2196 1167 ’
3099 1178 3110 1190 .

2061 1227 2215 1297 [Cap.
2253 1226 2342 1300 V.]
2380 1229 2562 1282 Estote
2595 1242 2724 1297 ergo
2776 1227 3074 1282 imitatores
3127 1228 3221 1284 Dei
3268 1229 3412 1283 sicut
3461 1229 3553 1282 lilii

1987 1320 2338 1374 charissimi:
2390 1329 2446 1372 et
2493 1320 2769 1372 ambulate
2819 1319 2870 1371 in
2922 1319 3256 1380 dilectione.
3308 1321 3450 1372 sicut
3501 1329 3556 1370 et

1986 1411 2237 1465 Christus
2271 1412 2461 1465 dilexit
2510 1426 2608 1465 nos
2631 1451 2646 1474 ,
2679 1420 2735 1464 et
2766 1412 2987 1465 tradidit
3031 1401 3388 1478 semetipsum
3457 1427 3557 1477 pro

1990 1501 2148 1554 nobis
2178 1502 2516 1555 oblationem
2551 1510 2606 1553 ct
2643 1502 2877 1555 hostiam
2928 1501 3038 1554 Deo
3087 1502 3138 1553 in
3179 1500 3402 1553 odorem
3433 1516 3546 1553 sua.

1991 1593 2198 1651 vitatis.
2250 1593 2562 1647 Fornicatio
2598 1604 2825 1656 autem,
2872 1602 2924 1645 et
2960 1591 3137 1644 omnis
3188 1592 3554 1652 immunditia,

1994 1699 2087 1738 aut
2116 1687 2345 1740 avaritia
2377 1724 2394 1750 ,
2422 1702 2523 1741 nec
2551 1687 2872 1740 nominetur
2905 1686 2960 1739 in
2996 1686 3149 1740 vobis
3177 1723 3190 1748 ,
3223 1686 3366 1739 sicut
3405 1688 3561 1738 decet

312 1773 848 1825 consummationem
916 1781 1230 1828 sanctorum
1289 1776 1342 1828 in
1388 1791 1525 1844 opus
1579 1777 1891 1844 ministerii,
1926 1752 1964 1806 Β
1996 1785 2255 1843 sanctos;
2313 1786 2406 1830 aut
2459 1777 2782 1846 turpitudo,
2823 1785 2916 1830 aut
2973 1777 3412 1846 stultiloquium,
3468 1787 3561 1830 aut

315 1861 370 1912 in
424 1862 843 1917 aediﬁcationem
894 1866 1139 1934 corporis
1189 1866 1396 1921 Christi
1425 1885 1439 1923 ε
1473 1868 1649 1922 donec
1692 1885 1894 1922 occur-

319 1967 514 2004 ramus
542 1966 736 2006 omnes
770 1953 821 2006 in
853 1954 1116 2007 unitatem
1163 1954 1312 2020 fidei,
1345 1967 1399 2010 et
1425 1959 1728 2026 agnitionis
1767 1958 1894 2013 Filii

319 2044 463 2099 Dei.
514 2044 566 2096 in
622 2045 798 2098 virum
850 2049 1194 2114 perfectum,
1249 2049 1302 2102 in
1344 2065 1664 2105 mensuram
1717 2055 1896 2108 aetatis

320 2135 682 2202 plenitudinis
723 2137 948 2192 Christi.
1015 2138 1082 2191 Ut
1133 2140 1244 2209 jam
1298 2158 1405 2195 non
1460 2143 1635 2198 simus
1682 2147 1897 2220 parvuli

321 2227 675 2293 ﬂuctuantes,
698 2240 752 2284 et
775 2233 1239 2287 circumferamur
1262 2237 1410 2288 omni
1445 2246 1608 2290 vento
1639 2239 1900 2292 doctrina:

321 2322 382 2374 in
435 2323 674 2390 nequitia
734 2323 1016 2376 hominum
1046 2366 1060 2388 ,
1105 2325 1158 2378 in
1202 2327 1410 2382 astutia
1449 2329 1515 2381 ad
1549 2330 1900 2384 circumven-

324 2413 536 2466 tionetn
567 2415 795 2468 erroris.
829 2417 1124 2470 Veritatem
1156 2427 1338 2470 autem
1390 2417 1651 2473 facientes
1679 2421 1732 2474 in
1768 2421 1902 2474 eba-

325 2508 515 2570 ritate,
548 2521 869 2560 crescamus
908 2508 960 2560 in
991 2508 1084 2562 illo
1122 2524 1216 2578 per
1247 2510 1428 2562 omnia
1455 2550 1468 2570 ,
1504 2511 1594 2578 qui
1626 2521 1708 2565 est
1740 2521 1905 2580 caput

329 2595 591 2651 Christus
638 2615 653 2651 :
709 2613 775 2651 ex
823 2614 933 2666 quo
985 2608 1158 2653 totum
1209 2615 1410 2670 corpus
1451 2613 1792 2670 compactum
1849 2612 1906 2658 et

325 2705 637 2742 connexum
701 2706 799 2758 per
855 2706 1072 2745 omnem
1139 2694 1455 2761 juncturam
1523 2693 1908 2749 subministra-

328 2781 546 2844 tionis,
609 2782 908 2835 secundum
1000 2785 1375 2851 operationem
1451 2785 1506 2838 in
1590 2801 1900 2839 mensuram

333 2872 776 2941 uniuscujusque
807 2874 1063 2938 membri,
1098 2887 1449 2943 augmentum
1487 2878 1737 2945 corporis
1770 2877 1906 2931 facit

335 2963 460 3032 luis.
497 2964 724 3031 faciens]
787 2967 840 3019 in
891 2967 1309 3020 aedificationem
1364 2968 1448 3021 sui
1509 2967 1562 3021 in
1619 2968 1902 3022 charitale.

1997 1869 2304 1923 scurrilitas
2328 1907 2342 1931 ,
2377 1883 2498 1938 quae
2525 1869 2590 1921 ad
2645 1883 2756 1922 rem
2805 1884 2911 1922 non
2952 1867 3221 1936 pertinet;
3271 1869 3362 1920 sed
3394 1871 3561 1936 magis

1997 1961 2294 2031 gratiarum
2345 1961 2509 2014 actio.
2565 1959 2679 2014 Hoc
2712 1960 2856 2014 enim
2905 1961 3098 2013 scitetc
3129 1997 3143 2021 ,
3199 1959 3562 2028 intelligentes

1999 2051 2144 2121 quod
2175 2052 2353 2106 omnis
2383 2051 2703 2116 fornicator,
2725 2063 2818 2104 aut
2851 2051 3188 2111 immundus,
3219 2061 3312 2104 aut
3342 2066 3558 2109 avarus,

2002 2143 2143 2210 quod
2175 2154 2258 2197 est
2281 2145 2549 2198 idolorum
2574 2145 2828 2208 servitus,
2864 2157 2971 2196 non
3000 2141 3164 2196 habet
3195 2142 3562 2196 hazreditatem

2001 2232 2055 2288 in
2094 2249 2260 2303 regno
2315 2235 2516 2288 Christi
2569 2245 2624 2288 et
2672 2233 2788 2287 Dei.
2843 2233 3011 2287 Nemo
3041 2249 3136 2288 vos
3178 2233 3400 2286 sedueat
3453 2233 3564 2284 ina-

2006 2327 2166 2379 nibus
2201 2326 2382 2380 verbis
2415 2342 2428 2380 :
2464 2334 2686 2394 propter
2744 2325 2862 2378 hmc
2895 2325 3038 2378 enim
3080 2325 3232 2379 venit
3268 2325 3343 2376 ira
3384 2323 3472 2376 Dei
3515 2327 3561 2375 in

2005 2416 2144 2470 lilios
2193 2415 2525 2470 dillidentizr.
2581 2415 2760 2468 Nolite
2796 2430 2925 2483 ergo
2977 2413 3113 2468 efﬁci
3149 2414 3437 2483 participas
3473 2430 3565 2465 eo-

2006 2523 2149 2562 rum.
2186 2508 2362 2562 Eratis
2405 2508 2548 2560 enim
2586 2506 2881 2573 aliquando
2915 2507 3171 2569 tenebrae,
3206 2521 3347 2557 nunc
3383 2514 3562 2556 antem

2007 2601 2098 2654 lux
2150 2599 2202 2652 in
2241 2599 2491 2652 Domino.
2555 2596 2620 2651 U'.
2668 2598 2762 2651 lilii
2817 2598 2956 2651 lucis
3011 2598 3324 2652 ambulate:
3361 2596 3569 2648 fruetus

2005 2692 2157 2744 enim
2213 2690 2347 2743 lueis
2400 2699 2485 2744 est
2538 2690 2592 2743 in
2646 2689 2791 2744 omni
2846 2689 3119 2752 bonitate,
3155 2697 3208 2740 et
3257 2687 3486 2756 justitia,
3518 2699 3571 2740 et

2007 2784 2236 2836 veritate
2269 2799 2282 2836 :
2315 2783 2608 2850 probantes
2659 2780 2791 2849 quid
2840 2783 2911 2835 sit
2962 2780 3361 2847 beneplacitum
3416 2779 3568 2830 Deo:

2008 2885 2060 2926 et
2106 2873 2272 2926 nolite
2330 2872 2740 2926 Communicare
2801 2871 3057 2939 operibus
3092 2870 3446 2922 infructu0~is
3497 2879 3572 2921 tc-

2011 2961 2300 3015 nebrarutn
2324 3001 2337 3023 ,
2369 2960 2541 3026 magis
2585 2969 2766 3014 autem
2802 2959 3132 3027 redarguite.
3169 2960 3295 3023 Quae
3335 2961 3476 3010 t'nitn
3517 2959 3568 3010 in

334 3057 452 3110 11ης
483 3058 651 3125 igitur
697 3059 821 3112 dico
845 3101 857 3124 ,
892 3069 944 3113 et
994 3060 1258 3112 testificor
1297 3063 1349 3112 in
1400 3059 1631 3113 Domino
1659 3099 1674 3124 ,
1705 3070 1762 3112 ut
1795 3061 1902 3129 jam
1933 3088 1976 3148 Ο
2010 3054 2225 3106 occulto
2260 3055 2394 3107 liunt
2426 3053 2493 3106 ab
2519 3053 2648 3121 ipsis
2673 3091 2687 3113 ,
2723 3062 2878 3120 turpe
2907 3060 2990 3104 est
3043 3061 3096 3104 et
3128 3051 3327 3103 dicere.
3379 3050 3569 3104 Omnia
3635 3039 3639 3043 ’

335 3163 444 3200 non
507 3150 837 3213 ambuletis,
897 3151 1034 3202 sicut
1083 3162 1135 3204 et
1168 3160 1355 3218 gentes
1393 3151 1672 3204 ambulant
1724 3151 1777 3203 in
1813 3167 1907 3202 va-

339 3243 513 3292 nitate
555 3257 751 3294 sensus
797 3242 916 3302 sui,
954 3243 1194 3296 teni-bris
1241 3243 1591 3296 obscuratum
1643 3242 1909 3296 habentes

341 3335 683 3387 intellectum
717 3373 731 3396 ,
761 3334 981 3387 alienati
1015 3350 1043 3387 a
1078 3335 1188 3387 vita
1225 3335 1314 3387 Dei
1342 3375 1358 3400 ,
1418 3349 1516 3403 per
1543 3334 1908 3404 ignorantiam

341 3439 464 3491 qua:
513 3433 593 3476 est
648 3424 700 3476 in
757 3425 904 3487 illis,
944 3435 1164 3493 propter
1198 3426 1500 3478 caecitatem
1548 3426 1728 3479 cordis
1768 3427 1913 3486 ipso-

345 3526 487 3573 rum,
527 3511 618 3578 qui
648 3511 1036 3579 desperantes,
1066 3515 1393 3580 semetipsos
1423 3513 1767 3567 tradiderunt
1808 3516 1913 3568 im-

346 3603 650 3672 pudicitiae,
685 3602 737 3654 in
789 3603 1172 3670 operationem
1231 3604 1588 3658 immunditia:
1627 3607 1804 3658 omnis
1870 3607 1908 3673 ¹,

351 3693 403 3744 in
445 3693 752 3745 avaritiam.
791 3693 898 3746 Vos
953 3702 1134 3745 autem
1172 3709 1278 3746 non
1315 3695 1386 3747 ita
1434 3694 1706 3748 didicistis
1755 3695 1916 3749 Chri-

349 3793 517 3834 stum.
570 3783 627 3839 Si
671 3795 850 3835 tamen
891 3783 1042 3836 illum
1087 3782 1362 3846 audistis,
1399 3796 1455 3838 et
1500 3787 1552 3838 in
1587 3786 1702 3854 ipse
1734 3788 1914 3841 cdocti

347 3877 500 3936 estis.
536 3875 677 3929 sicut
731 3885 815 3930 est
846 3878 1048 3930 veritas
1083 3880 1134 3930 in
1171 3877 1320 3931 Jesu.
1375 3876 1658 3946 Deponere
1699 3893 1795 3930 vos
1825 3894 1914 3931 sc-

349 3968 585 4020 cundntn
646 3968 935 4034 pristinam
992 3970 1462 4022 conversationem
1515 3981 1758 4024 veterem
1812 3972 1916 4023 ho-

352 4062 551 4110 minem
581 4099 595 4122 ,
631 4059 722 4128 qui
757 4061 1135 4128 corrumpitur
1179 4059 1485 4124 secundum
1520 4061 1792 4114 desideria
1830 4079 1917 4115 er-

353 4151 517 4201 roris.
568 4149 930 4202 Renovamini
985 4160 1166 4204 autem
1213 4151 1410 4219 spiritu
1453 4153 1654 4206 mentis
1699 4163 1915 4218 vestrae,

349 4247 404 4291 et
440 4238 650 4292 induite
681 4255 881 4292 novum
912 4241 1187 4294 hominem
1211 4281 1225 4299 .
1279 4242 1371 4308 qtti
1408 4243 1712 4296 secundum
1748 4245 1916 4298 Deum

354 4342 572 4382 creatus
628 4341 711 4384 cst
766 4332 819 4384 in
869 4332 1127 4399 justitia,
1185 4341 1240 4385 et
1301 4333 1587 4388 sanetitate
1652 4336 1916 4389 veritatis.

2011 3154 2190 3197 autem
2219 3183 2232 3206 ,
2269 3159 2388 3212 quae
2436 3152 2752 3212 arguuntur,
2787 3157 2816 3196 a
2862 3143 3063 3195 lutni-ie
3110 3140 3528 3193 manilestautur
3559 3158 3572 3193 :

2012 3250 2172 3289 omne
2218 3235 2394 3296 enim,
2429 3235 2571 3302 quod
2611 3234 3005 3295 manifestatur,
3044 3235 3225 3286 lumen
3281 3243 3383 3288 est.
3442 3232 3575 3283 Pro-

2015 3339 2136 3398 pter
2163 3327 2303 3396 quod
2335 3325 2516 3379 dicit:
2551 3325 2721 3394 Surge
2746 3365 2761 3389 ,
2793 3325 2884 3394 qui
2917 3326 3140 3386 dormis,
3172 3335 3226 3377 et
3265 3339 3497 3392 exsurge
3547 3341 3574 3376 a

2019 3419 2249 3472 mortuis
2274 3457 2287 3479 ,
2323 3429 2375 3470 et
2431 3417 2755 3472 illuminabit
2793 3428 2842 3468 te
2890 3417 3143 3470 Christus
3173 3416 3213 3467 ³.
3249 3413 3441 3468 Videte
3477 3415 3579 3467 ita-

2015 3526 2142 3578 que,
2174 3511 2394 3575 fratres,
2426 3509 2698 3578 qttomodo
2727 3520 2884 3562 caute
2914 3508 3206 3562 ambuletis
3235 3524 3249 3561 :
3285 3523 3390 3559 non
3423 3509 3576 3575 quasi

2017 3601 2340 3670 insipientes
2363 3641 2374 3661 .
2415 3601 2508 3653 sed
2543 3609 2598 3650 ut
2635 3600 2908 3666 sapientes
2937 3615 2950 3652 :
2982 3599 3310 3652 retlimentes
3341 3610 3575 3666 tempus,

2019 3693 2275 3762 quoniam
2307 3691 2423 3745 dies
2473 3690 2598 3742 mali
2631 3698 2778 3742 sunt.
2817 3689 3109 3756 Propterea
3141 3687 3305 3739 nolite
3337 3685 3450 3739 ﬁeri
3483 3689 3582 3738 itu.

2018 3785 2340 3855 prudentes.
2376 3783 2470 3837 sed
2502 3782 2869 3850 intelligentes
2921 3797 3040 3850 qua:
3077 3781 3146 3833 sit
3179 3780 3430 3832 voluntas
3465 3780 3576 3830 Dei.

2017 3879 2085 3932 Et
2119 3877 2289 3930 nolite
2320 3874 2582 3929 inebriari
2629 3876 2753 3925 vine
2777 3911 2790 3935 ,
2824 3873 2875 3925 in
2909 3889 3016 3941 quo
3044 3882 3127 3924 est
3173 3872 3386 3924 luxuria
3419 3888 3433 3924 :
3485 3875 3578 3923 sed

2020 3967 2317 4038 implemini
2371 3967 2578 4034 Spiritu
2632 3965 2896 4025 sancto‘,
2953 3964 3236 4031 loquentes
3286 3961 3581 4016 vobismet-

2021 4061 2154 4129 ipsis
2191 4059 2243 4112 in
2275 4058 2498 4128 psalmis
2523 4098 2539 4119 ,
2588 4069 2643 4110 et
2680 4056 2896 4124 hymnis
2920 4098 2933 4118 ,
2969 4064 3024 4106 et
3067 4057 3295 4107 canticis
3327 4053 3584 4121 spiritui-

2024 4154 2194 4214 libus,
2232 4159 2518 4206 Cantantes
2565 4158 2619 4201 et
2675 4147 2962 4215 psallentes
3000 4148 3049 4197 in
3081 4146 3337 4199 cordibus
3390 4149 3583 4197 vestite

2020 4247 2253 4300 Domino
2278 4286 2290 4305 ,
2325 4244 2528 4313 gratias
2560 4251 2781 4308 agentes
2807 4256 3019 4308 semper
3052 4256 3149 4307 pro
3200 4239 3453 4291 omnibus
3479 4278 3494 4300 ,
3536 4242 3583 4289 it;

2023 4339 2245 4390 nomine
2277 4334 2485 4389 Domini
2540 4333 2707 4387 nostri
2739 4331 2865 4386 Jesu
2897 4331 3095 4384 Christi
3123 4371 3136 4392 ,
3173 4332 3280 4383 Deo
3320 4315 3374 4382 et
3420 4331 3583 4393 Patri,

355 4422 585 4489 Propter
629 4425 773 4491 quod
822 4426 1160 4493 deponenles
1211 4427 1576 4487 mendacium,
1632 4427 1920 4495 loquimini
1953 4420 1995 4474 ῐ)
2027 4426 2270 4497 Subjecti
2303 4426 2534 4478 invicem
2569 4425 2620 4477 in
2673 4424 2864 4476 timore
2887 4421 3109 4476 Christi.
3168 4420 3422 4473 Mulieres
3459 4421 3589 4472 vim
3669 4439 3678 4450 -

353 4515 638 4567 veritatem
709 4516 1083 4584 unusquisque
1135 4532 1256 4569 cum
1312 4517 1562 4583 proximo
1609 4531 1749 4569 suo:
1783 4531 1921 4584 quo-

355 4608 500 4658 niam
530 4622 719 4659 sumus
752 4607 983 4660 invicem
1015 4610 1278 4660 membra.
1315 4608 1644 4670 lrascimini,
1670 4614 1726 4661 et
1754 4607 1920 4660 nolite

355 4712 581 4764 pet-care
625 4699 748 4751 :sol
810 4714 917 4750 non
963 4699 1176 4752 occidat
1217 4715 1382 4768 super
1434 4699 1772 4753 iracundiam
1827 4714 1923 4751 ve—

353 4797 544 4840 stram.
573 4788 753 4841 Nolite
787 4788 964 4842 Ioenm
1009 4789 1140 4842 dare
1174 4789 1396 4843 diabolo
1429 4807 1443 4848 ;
1480 4791 1572 4858 qui
1612 4789 1919 4852 iurabatur,

344 4877 462 4944 jam
501 4895 609 4932 non
644 4878 857 4933 foretur
885 4897 897 4934 :
935 4879 1106 4948 magis
1139 4891 1321 4933 autem
1355 4881 1607 4942 laboret,
1637 4879 1922 4946 operando

356 4973 612 5026 manibus
659 4974 778 5026 suis
827 4973 970 5042 quod
1021 4971 1222 5024 bonum
1261 4981 1384 5032 est,
1439 4983 1497 5024 ut
1545 4972 1742 5024 habeat
1780 4970 1924 5024 unde

355 5067 558 5118 tribuat
610 5063 990 5117 neiessitati-tn
1043 5061 1288 5132 patienti.
1320 5059 1511 5116 Omnis
1539 5077 1720 5115 sermo
1751 5064 1925 5116 malus

433 5294 445 5323 '
488 5293 632 5345 Idem
662 5307 790 5351 ms.,
812 5290 1153 5357 impudicitia:
1183 5289 1354 5342 omnis
1384 5288 1436 5340 in
1465 5287 1713 5352 avaritia,
1744 5287 1926 5341 verbis

352 5365 413 5413 in
457 5365 813 5426 operationem
890 5360 1230 5414 immunditiw
1304 5357 1726 5427 praetermissis,
1755 5358 1926 5427 posci-

357 5437 546 5493 lautia,
576 5446 636 5486 ut
661 5434 873 5483 vidi-tur
900 5470 914 5493 ,
971 5431 1266 5501 antiquarii
1306 5426 1326 5481 ':
1383 5444 1506 5481 natu
1541 5437 1590 5480 et
1626 5427 1680 5481 in
1738 5426 1925 5480 Cra-co

351 5511 505 5556 textu
552 5511 826 5556 resonant.

433 5576 451 5603 ’
484 5574 621 5626 Cum
657 5572 857 5625 Graecis
885 5571 1090 5638 aliquot
1117 5570 1275 5628 libris
1318 5568 1372 5622 in
1409 5565 1654 5622 Palatino
1692 5584 1794 5630 ms.
1830 5581 1926 5616 uo-

350 5643 454 5703 lris,
483 5659 580 5708 pro
619 5640 758 5693 vobis
789 5642 992 5707 legitur.

433 5715 450 5742 ³
486 5706 636 5762 Satis
669 5706 995 5766 contentiose
1031 5717 1094 5772 atl
1149 5715 1405 5772 Graecum
1460 5706 1742 5784 [siluimus
1776 5721 1879 5763 ms.
1910 5745 1924 5765 .

2025 4519 2141 4572 suis
2171 4517 2403 4571 subditae
2450 4517 2578 4579 sint,
2611 4513 2749 4566 sicut
2798 4513 3064 4565 Domino:
3098 4513 3354 4580 quoniam
3391 4513 3472 4563 vir
3503 4531 3592 4564 cz:-

2023 4622 2121 4679 pttt
2151 4619 2235 4664 est
2263 4608 2529 4670 mulieris,
2564 4608 2709 4659 sicut
2739 4605 2992 4660 Christus
3019 4616 3180 4673 caput
3207 4615 3286 4657 est
3315 4603 3588 4658 Ecclesia.

2025 4704 2162 4771 Ipse,
2188 4701 2423 4754 salvator
2448 4699 2690 4768 corporis
2707 4700 2824 4767 ejus
2851 4699 2892 4750 ⁸.
2918 4697 3021 4751 Sed
3047 4697 3443 4776 sicutEcclesia
3470 4701 3594 4750 sub~

2021 4793 2166 4862 jecla
2196 4801 2280 4845 est
2300 4789 2538 4852 Christo,
2563 4789 2637 4840 ita
2663 4796 2718 4842 et
2745 4787 3004 4840 mulieres
3034 4785 3170 4840 viris
3193 4787 3306 4839 suis
3335 4786 3387 4838 itt
3415 4788 3560 4837 omni
3585 4814 3597 4825 -

2034 4885 2156 4939 bus.
2188 4884 2325 4945 Viri,
2366 4882 2575 4950 diligite
2609 4895 2804 4932 uxores
2833 4890 3063 4942 vestras,
3098 4879 3241 4932 sicut
3267 4888 3320 4931 et
3347 4877 3597 4930 Christus

2027 4976 2217 5029 dilexit
2248 4973 2546 5027 Ecclesiatn
2577 5013 2590 5036 ,
2625 4981 2678 5024 et
2725 4973 2965 5038 seipsum
3007 4969 3230 5023 tradidit
3261 4983 3357 5038 pro
3398 4983 3461 5022 ea
3489 5011 3502 5032 ,
3543 4982 3597 5019 ut

2031 5067 2174 5120 illam
2204 5064 2589 5125 sanctiﬁcaret,
2624 5062 2893 5115 mundans
2925 5062 3140 5115 lavacro
3167 5077 3318 5129 aqua:
3346 5060 3399 5111 in
3424 5061 3594 5112 verbo

2028 5288 2346 5358 illuminabit
2379 5287 2468 5338 tibi
2504 5285 2742 5338 Christus
2767 5323 2780 5345 ,
2817 5280 3296 5358 ἐπιφᾳύπιιβσιῄὸ
3334 5279 3590 5358 Χριστκξκ

2103 5361 2122 5390 ⁸
2180 5357 2338 5425 llpitli
2380 5367 2491 5408 ttttn
2549 5365 2775 5416 sancto,
2827 5347 2969 5425 quod
3025 5361 3081 5425 et
3130 5350 3182 5400 in
3235 5347 3439 5401 Graecis
3486 5353 3594 5425 ple-

2032 5421 2708 5498 τὶείιιιθ’1ἰὶ›ι·ἱετιειίθθιιιν,
2753 5425 2805 5478 in
2872 5421 3114 5475 Palatino
3172 5433 3273 5470 tus.
3334 5434 3441 5472 non
3503 5421 3595 5470 ad—

2031 5500 2327 5636 ὼξιωίιῖίαε
2383 5580 2682 5637 pronomen
2713 5575 2913 5637 ‘neqne
2963 5559 3016 5611 in
3080 5557 3284 5637 Grtrcis
3355 5555 3602 5612 melioris

2031 5648 2175 5692 nota:
2214 5628 2400 5700 libris,',
2429 5649 2604 5704 neque
2631 5636 2681 5686 in
2712 5630 2953 5684 Palatino
2987 5644 3090 5684 tus.
3131 5628 3389 5683 habetur.
