3946 6170
369 334 474 399 3Z3
1267 339 1305 396 S
1372 337 1800 396 ΙΗΕΞῖΟΝΥΜΙ
1855 337 2111 394 ῡιινιΝΑ
2163 339 2683 400 ΒΙΒΗΟΤΗΕΕᾹ.
3494 335 3601 398 824

353 457 477 503 ri.;e
515 451 551 512 ί,
581 459 636 503 ιιι
667 451 954 506 exhiberet
985 453 1100 520 ipse
1136 452 1240 505 sibi
1277 454 1565 517 gloriosam
1596 453 1915 512 litclcsi-mt.
1947 455 1990 509 Α
2025 467 2380 517 personarum
2452 456 2700 522 acceptio
2741 467 2848 506 non
2905 461 2989 507 est
3018 451 3164 521 apud
3192 465 3337 505 eum.
3369 450 3445 505 De
3475 466 3582 504 ca!-

351 557 460 592 non
493 541 780 596 habentem
836 544 1137 606 maculam,
1172 551 1264 595 aut
1316 559 1501 611 rugam
1530 585 1544 606 ,
1577 556 1672 597 aut
1703 543 1908 611 aliquid
2026 555 2141 595 tero
2165 585 2178 602 ,
2203 547 2400 599 fratres
2427 585 2440 608 ,
2479 544 2866 599 confortamini
2905 544 2958 597 in
3010 543 3274 606 Domino,
3305 551 3361 596 et
3392 545 3446 596 in
3489 556 3602 609 po-

353 633 691 701 }tnjusmodi,
727 634 819 686 sed
853 643 909 686 ut
940 635 1010 687 sit
1046 647 1232 686 sancta
1268 644 1320 686 et
1350 635 1718 689 immaculata.
1751 635 1830 688 Ita
1863 645 1918 687 ct
2027 636 2197 688 tentia
2254 637 2472 689 virtutis
2505 636 2648 704 ejus.
2685 635 2903 688 lnduite
2955 650 3050 687 vos
3100 633 3226 705 [ms.
3277 630 3608 703 Induitnini]

350 727 454 778 \iri
490 723 688 776 debent
722 723 952 790 diligere
1009 740 1204 777 uxores
1233 741 1362 778 suas
1389 767 1403 788 ,
1437 734 1494 779 ut
1526 742 1754 789 corpora
1799 727 1921 781 sua:
2023 735 2360 777 armaturam
2392 725 2486 778 Dei
2515 763 2532 787 ,
2565 736 2624 778 ut
2656 725 2876 794 possitis
2908 737 3055 778 stare
3086 724 3348 777 adversus
3378 724 3611 778 insidias

352 818 454 884 Qui
487 831 638 869 suam
677 831 907 869 uxorem
957 817 1169 884 diligit,
1206 818 1445 886 seipsum
1497 818 1695 886 diligit.
1751 818 1922 872 Nemo
2024 814 2252 869 diaboli.
2285 814 2559 880 Quoniam
2599 829 2708 868 non
2759 824 2844 869 est
2874 815 3031 868 nobis
3063 814 3379 868 colluctatio
3403 814 3603 866 adver-

351 908 496 961 enim
557 922 793 975 unquam
851 922 1070 961 carnem
1157 925 1313 961 suam
1382 907 1508 962 odio
1553 907 1786 961 habuit:
1827 908 1920 961 scd
2024 921 2116 957 sus.
2147 919 2365 958 carnem
2395 917 2450 960 et
2479 905 2823 976 sanguinem,
2861 906 2953 959 sed
2989 905 3254 958 adversus
3285 906 3591 973 principes.

351 998 526 1052 nutrit
578 1009 628 1052 et
664 997 810 1052 fovet
840 1013 958 1052 eam
983 1037 995 1062 ,
1024 1001 1164 1052 sicut
1192 1009 1246 1052 et
1278 999 1532 1053 Christus
1574 999 1868 1054 Ecclesiam
1907 1017 1922 1055 :
2024 1007 2078 1049 et
2115 1008 2430 1066 potestates,
2466 996 2732 1052 adversus
2762 997 2950 1050 mundi
2980 1007 3221 1050 rectores
3254 998 3607 1050 tenebrarum

356 1092 478 1158 quia
513 1092 754 1146 membra
801 1107 992 1146 sumus
1049 1092 1295 1160 corporis
1325 1095 1445 1161 eius
1467 1130 1480 1155 ,
1513 1092 1580 1146 de
1613 1107 1777 1145 carne
1803 1093 1935 1160 ejus-
2029 1090 2245 1156 harum,
2275 1101 2465 1146 contra
2495 1091 2798 1160 spiritualia
2841 1090 3101 1160 nequitiac
3127 1129 3142 1153 ,
3177 1091 3232 1143 in
3267 1090 3612 1144 coelestibus.

355 1182 507 1233 etde
554 1179 772 1235 ossibus
828 1182 968 1249 ejus.
1004 1181 1231 1248 Propter
1264 1181 1368 1234 hoc
1403 1180 1678 1249 relinquet
1728 1181 1893 1234 homo
2028 1183 2319 1256 Propterea
2379 1184 2612 1252 accipite
2667 1193 2998 1237 armaturam
3055 1180 3190 1244 Dei,
3263 1191 3322 1234 ut
3391 1181 3618 1249 possitis

355 1283 559 1339 patrem
593 1283 648 1324 et
677 1281 905 1326 matrem
934 1287 1110 1333 suam,
1139 1280 1194 1325 et
1225 1271 1524 1326 adhaerebit
1564 1273 1722 1325 uxori
1759 1289 1869 1325 SUft‘
1907 1287 1923 1326 :
2031 1277 2285 1330 resistere
2317 1278 2368 1330 in
2401 1277 2488 1328 die
2524 1277 2687 1340 malo,
2721 1284 2776 1329 et
2802 1276 2857 1329 in
2881 1275 3138 1328 omnibus
3174 1273 3405 1340 perfecti
3435 1284 3614 1327 stare.

355 1373 405 1412 et
443 1372 606 1415 erunt
642 1361 751 1414 duo
777 1363 828 1414 in
862 1378 1025 1414 rarne
1060 1377 1186 1414 ttna.
1226 1360 1639 1416 Sacramentum
1673 1363 1777 1416 hoc
1811 1378 1926 1414 ma-
2031 1372 2177 1425 State
2201 1388 2330 1440 ergo
2347 1371 2608 1426 succincti
2630 1370 2842 1424 lumbos
2867 1369 3150 1423 γεειτοςὶη
3175 1369 3423 1430 veritate,
3445 1377 3505 1419 ει
3532 1368 3621 1419 in-

355 1469 514 1516 gnum
564 1463 667 1513 est,
694 1468 793 1518 ego
823 1460 1002 1504 autem
1037 1452 1158 1504 dico
1191 1452 1241 1503 in
1266 1453 1483 1506 Christo
1504 1463 1556 1506 et
1581 1453 1630 1505 in
1663 1451 1923 1505 Ecclesia.

2069 1464 2141 1517 uti
2166 1461 2650 1532 loricamjustitise,
2677 1471 2730 1512 et
2757 1459 2979 1513 calceati
3042 1459 3208 1525 pedes
3234 1460 3284 1511 in
3343 1473 3620 1526 praepara-

359 1545 743 1596 Veruz'ntamen
775 1553 827 1596 et
865 1559 960 1596 vos
1011 1543 1230 1612 singuli,
1269 1550 1646 1612 unusquisque
1704 1559 1926 1597 uxorem
2032 1557 2174 1607 ιῑοηε
2202 1552 2476 1622 Evangelii
2506 1550 2655 1620 paci,
2683 1569 2696 1605 ;
2730 1550 2781 1603 in
2815 1549 3071 1604 omnibus
3091 1560 3369 1604 sumentes
3399 1558 3624 1602 scutum

356 1655 506 1690 suam
543 1638 686 1689 sicut
724 1636 960 1705 Scipsutn
1003 1635 1188 1705 diligat
1221 1654 1234 1688 :
1281 1652 1415 1689 uxor
1453 1647 1632 1690 autem
1681 1637 1870 1689 timeat
1909 1639 1928 1665 ³

2075 1646 2154 1699 τιεί
2182 1687 2196 1709 ,
2232 1647 2284 1700 in
2313 1661 2422 1714 quo
2455 1645 2679 1714 possitis
2710 1644 2891 1698 omnia
2927 1644 3031 1696 tela
3085 1639 3411 1709 nequissimi
3447 1641 3614 1708 ignea

358 1736 532 1784 virum
560 1748 741 1786 suum.
1961 1784 1997 1805 η
2031 1741 2376 1805 exstinguere
2403 1753 2414 1790 :
2443 1743 2497 1789 et
2524 1733 2730 1803 galeam
2763 1731 2958 1786 salutis
2983 1731 3243 1786 assumite
3265 1741 3350 1796 ;et
3376 1728 3623 1798 gladium

429 1824 582 1894 [ϐίῳ.
629 1822 737 1894 γι]
781 1822 938 1887 Filii,
974 1823 1192 1876 ohedite
1243 1822 1566 1891 parentibus
1619 1824 1816 1876 vestris
1872 1821 1926 1873 in
1963 1821 1997 1838 "
2033 1831 2259 1896 spiritus
2288 1829 2450 1898 (quod
2480 1836 2565 1881 est
2590 1826 2817 1881 vei-bum
2851 1825 2992 1895 Dei).
3023 1839 3121 1893 per
3152 1839 3369 1877 omnem
3401 1821 3625 1875 oratio-

359 1917 586 1969 Domino
632 1933 644 1968 :
683 1916 787 1970 hoc
839 1916 986 1970 enim
1038 1915 1245 1984 justum
1293 1925 1396 1968 est.
1448 1913 1666 1968 Honora
1719 1925 1925 1982 patrem
2033 1937 2154 1974 item
2211 1930 2264 1974 et
2297 1917 2738 1974 obsecrationem
2796 1925 3018 1970 orantes
3066 1915 3214 1969 omni
3273 1924 3528 1981 tempore
3569 1913 3624 1966 in

361 2018 514 2062 tuum
551 2018 604 2060 ct
635 2018 862 2060 matrem
897 2017 1044 2060 tuam
1075 2047 1088 2072 ,
1135 2007 1278 2075 quod
1335 2015 1418 2059 est
1468 2007 1782 2060 mandatum
1820 2005 1930 2074 pri-
2028 2013 2222 2080 spiritu
2251 2026 2268 2067 :
2301 2019 2354 2065 et
2379 2011 2433 2065 in
2482 2009 2604 2078 ipso
2635 2007 2924 2078 vigilantes
2953 2007 3007 2061 in
3033 2006 3182 2060 omni
3233 2005 3496 2058 instantia
3519 2045 3536 2070 ,
3568 2013 3624 2059 et

360 2117 508 2152 mum
543 2100 595 2152 in
630 2100 1036 2168 promissione:
1072 2110 1128 2152 ut
1163 2099 1298 2150 bene
1333 2099 1402 2151 sit
1452 2097 1549 2150 tibi
1602 2108 1656 2150 et
1705 2099 1780 2150 sis
1811 2098 1929 2150 lon-
2029 2101 2409 2155 obsecratione
2459 2114 2558 2169 pro
2593 2098 2848 2152 omnibus
2888 2097 3134 2151 sanctis:
3178 2105 3234 2150 et
3266 2111 3365 2164 pro
3405 2110 3522 2160 me,
3563 2104 3624 2149 ut

358 2208 538 2258 guevus
570 2208 738 2259 super
787 2201 1009 2244 terram.
1047 2190 1113 2242 Et
1164 2206 1260 2242 vos
1303 2193 1345 2254 ²,
1381 2199 1598 2258 patres,
1651 2191 1818 2244 nolite
1860 2191 1928 2246 ad
2029 2193 2189 2248 detur
2259 2191 2393 2246 tnihi
2451 2206 2632 2246 sermo
2703 2189 2759 2243 in
2806 2190 3088 2258 apertione
3145 2189 3257 2241 oris
3324 2187 3430 2242 mei
3487 2203 3621 2242 cum

360 2283 694 2336 iracundiam
747 2295 1046 2349 provocare
1095 2279 1232 2333 ﬁlios
1284 2291 1536 2332 vestros:
1573 2282 1668 2333 sed
1697 2282 1928 2336 educate
2031 2283 2262 2347 ﬁducia,
2332 2292 2520 2337 notum
2601 2283 2781 2336 facere
2861 2283 3181 2352 mysterium
3253 2280 3542 2348 Evangelii
3592 2297 3609 2334 :

360 2371 483 2424 illos
523 2373 577 2424 in
632 2370 918 2437 disciplina
970 2378 1024 2422 et
1079 2370 1426 2437 correptione
1469 2370 1706 2424 Domini.
1749 2370 1926 2435 Servi,
2030 2393 2129 2444 pro
2167 2392 2275 2444 quo
2309 2374 2582 2445 legatione
2630 2373 2826 2441 fungor
2873 2373 2925 2426 in
2975 2381 3208 2431 catena.
3264 2381 3324 2423 ut
3388 2371 3442 2424 in
3497 2372 3622 2439 ipso

359 2463 574 2515 obeditc
603 2461 840 2515 dominis
864 2461 1172 2513 carnalibus
1199 2475 1320 2512 cum
1353 2463 1569 2526 timere,
1592 2472 1644 2516 et
1669 2471 1926 2526 tremore,
2032 2467 2298 2528 audeam.
2353 2479 2518 2535 prout
2561 2474 2778 2534 oportet
2825 2478 2948 2525 me,
2999 2462 3171 2530 loqui.
3226 2461 3295 2516 Ut
3337 2473 3525 2516 autem
3562 2475 3618 2516 et

361 2555 416 2608 in
451 2553 799 2620 simpiicitate
851 2552 1032 2606 cordis
1081 2553 1290 2616 vestri,
1341 2551 1482 2605 sicut
1525 2553 1785 2608 Christo:
1817 2570 1930 2609 non
2030 2573 2126 2611 vos
2160 2557 2348 2610 sciatis
2383 2571 2506 2622 qua:
2535 2555 2680 2610 circa
2711 2569 2796 2608 me
2825 2563 2990 2615 sunt.
3024 2554 3155 2622 quid
3182 2569 3335 2622 agam
3371 2570 3386 2606 :
3426 2554 3619 2606 omnia

360 2643 425 2695 ad
455 2643 668 2696 oculum
700 2643 1030 2706 servientes,
1061 2642 1216 2710 quasi
1253 2643 1572 2698 hominibus
1625 2647 1928 2713 placentes,
2030 2651 2186 2704 vobis
2215 2657 2340 2702 nota
2374 2648 2538 2703 faciet
2587 2646 2862 2716 Tychicus
2888 2686 2902 2710 ,
2935 2646 3296 2703 charissimus
3327 2644 3529 2710 frater,
3563 2655 3621 2700 et

359 2736 454 2790 sed
491 2745 547 2788 ut
588 2734 730 2788 servi
761 2733 971 2788 Christi
997 2773 1011 2794 .
1052 2733 1316 2789 facientes
1352 2734 1687 2790 voluntatem
1739 2736 1831 2792 Dei
1863 2754 1932 2792 ex
2033 2741 2210 2794 ﬁdelis
2237 2739 2489 2793 minister
2518 2739 2572 2792 in
2602 2738 2834 2792 Domino
2879 2754 2894 2798 ;
2941 2753 3104 2807 quem
3138 2737 3259 2794 misi
3299 2736 3368 2789 ad
3421 2750 3527 2790 vos
3563 2735 3623 2790 in

361 2828 575 2889 anitno,
611 2843 736 2880 cum
773 2830 908 2879 bona
946 2828 1228 2880 voluntate
1261 2827 1563 2882 servientes
1587 2867 1603 2893 ,
1637 2828 1779 2883 sicut
1826 2831 1929 2885 Do-
2033 2832 2137 2887 hoc
2168 2832 2348 2902 ipsum
2369 2871 2384 2896 ,
2416 2839 2478 2886 ut
2507 2832 2855 2902 cognoscatis
2879 2845 3004 2901 quae
3037 2830 3184 2884 circa
3225 2845 3323 2884 nos
3355 2837 3494 2882 sunt
3517 2866 3534 2891 ,
3567 2837 3628 2884 et

365 2921 532 2983 mino,
561 2931 616 2973 et
647 2935 752 2972 non
788 2917 1406 2973 hominibuszscientcs
1454 2922 1708 2989 quoniam
1759 2939 1930 2976 unus-
2035 2924 2356 2978 consoletur
2380 2922 2546 2977 corda
2602 2931 2804 2978 vestra.
2855 2923 2968 2978 Pax
3017 2920 3320 2984 fratribus,
3376 2931 3435 2974 et
3482 2921 3629 2974 cha-

360 3013 613 3080 quisque.
643 3011 1010 3080 quodcunque
1068 3010 1256 3065 fecerit
1305 3011 1532 3077 bonum,
1564 3014 1668 3068 hoc
1702 3014 1932 3084 recipiet
2035 3016 2166 3068 ritas
2226 3029 2351 3066 curn
2407 3012 2556 3080 ﬁde,
2608 3028 2637 3066 a
2693 3012 2800 3066 Deo
2862 3013 3059 3076 Patre“,
3088 3022 3145 3065 et
3204 3011 3438 3065 Domino
3502 3009 3625 3080 [ηις.

361 3122 388 3158 a
429 3105 676 3163 Domino,
707 3105 821 3157 sive
851 3119 1061 3163 servus.
1099 3102 1214 3156 sive
1248 3104 1403 3155 liber.
1440 3103 1500 3156 Et
1538 3120 1653 3169 vos,
1693 3107 1924 3169 domini,
1959 3125 2002 3181 ο
2035 3105 2163 3157 add.
2213 3101 2426 3173 nostro]
2477 3103 2603 3158 Jesu
2653 3103 2892 3157 Christo.
2930 3102 3117 3156 Gratia
3166 3116 3292 3156 cum
3360 3101 3630 3155 omnibus

362 3197 552 3250 eidem
580 3195 738 3249 facile
769 3196 893 3258 illis,
923 3200 1268 3249 remittentes
1303 3194 1474 3247 minas
1503 3211 1516 3246 :
1551 3198 1788 3249 scientes
1813 3199 1942 3265 quia
2041 3194 2132 3261 qui
2166 3192 2405 3260 diligunt
2465 3190 2754 3245 Dominum
2809 3202 3056 3246 nostrum
3108 3189 3297 3245 Jesum
3335 3189 3631 3246 Christum

363 3299 416 3346 et
471 3289 683 3340 illorum
715 3326 727 3349 ,
762 3296 817 3339 et
870 3293 1044 3340 vester
1097 3286 1359 3338 Dominus
1419 3295 1501 3338 est
1548 3285 1602 3337 in
1655 3288 1852 3343 ccelis:
1890 3297 1946 3342 et
2042 3287 2097 3339 in
2132 3284 2576 3354 incorruptione.
2618 3285 2813 3340 Amen.

1277 3416 1511 3486 Explicit
1547 3418 1780 3486 Epistula
1813 3419 1876 3475 Β.
1904 3419 2060 3474 Pauli
2083 3417 2312 3488 apostoli
2337 3418 2408 3472 ad
2437 3415 2710 3487 Ephesios.

440 3585 457 3617 ί
499 3583 674 3644 Atque
719 3581 808 3633 hic
838 3595 1033 3634 nomen
1085 3582 1205 3634 vita?
1250 3580 1525 3633 Palatinus
1578 3595 1679 3632 ms.
1725 3581 1929 3647 pariter

369 3665 532 3722 atque
566 3651 786 3704 Graecus
819 3660 996 3722 textus
1024 3652 1292 3703 nesciunt.

443 3718 460 3754 ί
519 3721 678 3773 Addit
731 3731 786 3770 ut
835 3721 1153 3788 particulam
1212 3735 1333 3772 cum
1394 3718 1581 3774 Graeco
1631 3722 1926 3792 archetypo

2041 3579 2320 3633 Palatinus
2347 3595 2567 3647 quoque
2606 3593 2708 3630 ms.

2111 3647 2130 3676 ³
2171 3650 2333 3704 Tacet
2366 3645 2562 3702 iterum
2597 3663 2719 3700 cum
2753 3645 2943 3703 Graeco
2976 3657 3128 3703 textu
3173 3663 3488 3719 pronomen
3536 3665 3630 3702 eos

2039 3719 2127 3772 hic
2159 3719 2260 3772 lzci
2298 3719 2578 3774 Palatinus
2614 3732 2718 3778 ms.

935 3885 948 3892 ι
956 3883 1492 3894 W.——_—_.—-

1106 4043 1254 4154 Β.
1357 4037 1920 4148 PAULI
2007 4034 2902 4149 APOSTOLI

1855 4251 2142 4318 INCIPIT

271 4523 284 4537 ο
382 4434 1463 4618 EPISTULA.
1580 4436 1870 4614 AD
1971 4440 3626 4617 PHILIPPENSES.

455 4879 614 4950 [C(tp.
692 4877 757 4946 1.]
833 4876 1032 4930 Paulus
1092 4886 1146 4929 et
1191 4875 1554 4934 Timotheus,

1805 3871 3611 3897 *Μ

1493 3883 1802 3894 -ο--ι-ν

1610 4875 1752 4928 servi
1817 4873 1942 4929 Jesu
1982 4883 2022 4935 υ
2055 4877 2220 4945 coepit
2273 4876 2328 4929 in
2386 4877 2536 4929 vobis
2578 4891 2716 4943 opus
2770 4875 3004 4938 bonum,
3066 4871 3312 4940 perﬁciet
3353 4885 3538 4938 usque
3589 4870 3644 4921 in

382 4971 609 5031 Christi,
647 4968 902 5022 omnibus
935 4968 1143 5022 sanctis
1176 4968 1228 5021 in
1265 4967 1480 5022 Christo
1511 4965 1663 5026 les",
1695 4967 1786 5036 qui
1821 4977 1952 5019 sunt

383 5063 686 5130 Poilippis,
721 5062 1024 5129 episcopis,
1055 5069 1110 5112 et
1162 5059 1508 5114 diaconihus.
1559 5058 1743 5112 Gratia
1796 5060 1951 5112 vobis

385 5168 440 5206 (ιι
474 5171 570 5223 pax
610 5169 636 5205 τι
679 5152 786 5206 Deo
842 5153 999 5206 l'atre
1033 5163 1217 5205 nosne
1244 5193 1257 5215 ,
1303 5162 1355 5204 et
1387 5150 1614 5204 Domino
1640 5149 1768 5204 Jesu
1793 5149 1951 5204 Chri-

387 5261 489 5300 sto.
523 5248 734 5300 Gratias
766 5261 866 5314 ago
891 5244 1000 5298 Deo
1031 5259 1152 5297 meo
1203 5244 1256 5296 in
1287 5241 1434 5295 onmi
1469 5241 1729 5295 memoria
1759 5241 1952 5304 vestri,

384 5355 602 5408 srmpcr
631 5339 684 5393 in
729 5337 942 5392 cunctis
981 5335 1325 5390 orationibus
1377 5333 1515 5387 tneis
1564 5347 1663 5400 pro
1701 5333 1956 5385 omnibus

388 5432 717 5489 \uhis,cum
769 5427 964 5495 gaudio
1019 5425 1462 5493 deprecationem
1521 5423 1731 5477 faciens
1788 5438 1953 5490 super

387 5518 880 5573 contmunicationc
901 5524 1074 5570 vestra
1094 5517 1147 5568 in
1169 5515 1458 5582 Evangelio
1473 5511 1674 5566 Christi
1701 5511 1953 5580 'aiprima

390 5612 476 5670 die
525 5625 696 5678 usque
745 5624 912 5662 nunc.
972 5607 1267 5662 Confidens
1309 5605 1411 5658 hoc
1440 5603 1615 5672 ipsum
1648 5641 1662 5666 ,
1692 5603 1816 5670 quia
1858 5605 1948 5672 qui

2061 4970 2206 5020 dic-tu
2237 4966 2439 5021 Christi
2475 4965 2626 5020 Jcsu.
2668 4965 2821 5020 Sicut
2846 4973 2932 5018 est
2956 4964 3092 5017 mihi
3114 4964 3322 5031 justum
3371 4962 3483 5014 hoc
3515 4977 3647 5014 sen-

2062 5061 2165 5114 tire
2211 5073 2308 5124 pro
2337 5057 2592 5110 omnibus
2642 5055 2792 5108 vobis
2821 5071 2834 5108 :
2867 5069 2934 5108 eo
2966 5053 3112 5122 quod
3173 5051 3399 5106 habeam
3448 5065 3555 5105 vos
3589 5050 3645 5104 in

2064 5146 2229 5202 corde
2257 5187 2272 5210 ,
2312 5155 2363 5198 et
2398 5144 2451 5197 in
2485 5143 2720 5197 vinculis
2754 5143 2927 5207 meis,
2971 5151 3030 5196 et
3079 5143 3132 5195 in
3163 5141 3486 5197 defensione
3514 5179 3530 5204 ,
3590 5149 3644 5192 et

2063 5236 2478 5292 conﬁrmatione
2513 5233 2812 5305 Evangelii,
2846 5235 3026 5288 socios
3069 5233 3252 5304 gaudii
3282 5234 3385 5285 mei
3440 5246 3647 5286 omnes

2064 5346 2160 5383 vos
2189 5343 2331 5382 csse.
2361 5325 2540 5381 Testis
2571 5327 2718 5379 enim
2751 5326 2884 5381 mihi
2921 5337 3008 5380 est
3036 5325 3199 5388 Deus,
3231 5325 3518 5394 quomodo
3543 5340 3646 5378 eu-

2065 5422 2207 5488 piatn
2242 5435 2433 5472 omnes
2469 5434 2564 5471 vos
2598 5419 2650 5471 in
2679 5418 2978 5473 visceribus
3001 5416 3132 5472 Jesu
3164 5416 3394 5471 Christi.
3428 5416 3502 5470 Et
3537 5422 3644 5471 hoc

2059 5527 2182 5576 oro,
2220 5521 2278 5563 ut
2318 5509 2556 5563 charitas
2591 5519 2770 5562 vestra
2807 5507 2979 5579 magis
3005 5524 3068 5563 ac
3092 5508 3265 5578 magis
3291 5507 3547 5562 abundet
3579 5509 3637 5562 in

2058 5602 2182 5672 lim.
2213 5601 2339 5654 add.
2393 5598 2567 5670 omni]
2618 5600 2868 5666 scientia,
2921 5611 2978 5656 et
3021 5602 3076 5656 in
3131 5599 3279 5655 omni
3329 5609 3642 5660 sensuurt

475 5754 486 5782 ³
530 5753 736 5805 Nomen
772 5753 966 5803 Cl;t'.':li
990 5789 1002 5811 ,
1035 5758 1143 5802 uta
1176 5750 1362 5803 Grtcco
1399 5747 1728 5814 exemplari,
1780 5747 1852 5803 ita
1893 5754 1946 5804 el
1986 5743 2228 5804 Palatino
2266 5760 2364 5798 ttts.
2399 5742 2571 5804 abest.
