3946 6170
190 321 298 382 8‘25

1285 333 1341 396 S.
1381 334 1602 398 PAULI
1648 338 1890 403 EPIST.
1928 343 2025 401 AD
2057 343 2393 407 PHILIPP.

3340 361 3447 422 826

187 431 430 526 probetis
483 435 696 503 potiora
729 475 742 501 ,
772 448 836 494 ut
875 440 996 496 sitis
1025 442 1228 499 sinceri
1257 487 1271 509 ,
1308 457 1363 502 ct
1402 450 1520 504 sine
1561 450 1765 504 offensa
1803 458 1846 512 Α
1876 455 1970 510 sed
2031 459 2384 526 semetipsum
2439 461 2740 516 exinanivit
2806 463 3037 518 formam
3099 469 3241 520 servi
3302 474 3442 525 acci-

185 525 240 577 in
275 526 417 580 diem
464 526 668 584 Christi
696 570 710 593 ,
743 533 937 600 repleti
968 534 1146 590 fructu
1180 538 1408 607 justitiae
1453 558 1549 606 per
1576 541 1760 596 Jesum

181 618 463 672 Christum
488 661 502 682 ,
539 620 592 673 in
630 622 858 691 gloriam
896 636 949 678 et
987 627 1201 681 laudem
1241 632 1354 686 Dei.
1393 633 1545 687 Scire
1579 646 1760 689 mrtem

182 725 282 760 vos
323 711 444 764 volo
468 750 483 772 ,
514 709 714 766 fratres
737 751 752 774 ,
787 714 913 781 quia
973 732 1096 781 quae
1149 719 1295 772 circa
1348 736 1432 772 tne
1470 732 1617 782 sunt,
1653 739 1763 776 ma-

177 803 258 869 gis
292 803 358 855 ad
411 803 715 872 profecmm
755 819 1025 861 venerunt
1081 810 1360 878 Evangelii
1398 829 1410 865 :
1450 816 1520 865 ita
1555 823 1614 867 ut
1643 816 1763 867 viu-

179 895 300 947 cela
343 910 459 948 mea
494 898 779 950 manifesta
809 901 1001 952 fierent
1040 902 1092 953 in
1119 901 1338 956 Christo
1363 904 1416 956 iu
1451 907 1595 957 omni
1630 923 1758 972 pra-.-

184 987 346 1048 torio,
374 998 430 1040 et
463 989 514 1040 in
543 993 756 1042 cat-teris
782 992 1039 1044 omnibus
1064 1009 1079 1057 ;
1127 1003 1182 1045 et
1214 998 1401 1061 plures
1430 1011 1459 1048 ο
1499 997 1762 1050 fratribus

183 1081 232 1131 in
262 1079 495 1132 Domino
526 1081 866 1136 conﬁdentes
896 1081 1019 1153 [ηις.
1047 1084 1172 1136 add.
1200 1083 1284 1153 in]
1316 1085 1544 1137 vinculis
1605 1086 1758 1142 meis.

182 1173 556 1224 abundantius
577 1174 844 1227 auderent
866 1176 983 1229 sine
1017 1177 1209 1230 timore
1232 1177 1448 1230 verbum
1475 1177 1564 1230 Dei
1591 1178 1755 1246 loqui.

189 1263 422 1326 Qniiam
479 1266 701 1333 quidem
756 1275 808 1319 et
857 1277 1082 1336 prOpter
1138 1269 1395 1321 invidiam
1427 1279 1481 1322 et
1531 1281 1759 1324 conterr-

185 1359 385 1410 litillt'Jll
414 1398 428 1418 ,
455 1357 676 1424 quidam
732 1371 915 1412 antem
959 1369 1014 1413 et
1062 1371 1290 1429 propter
1335 1362 1533 1415 bonam
1570 1362 1761 1414 volun-

187 1461 349 1501 ta'em
400 1449 682 1504 Christum
720 1451 1043 1521 praedicant.
1099 1452 1333 1520 Quidam
1365 1470 1430 1508 ex
1469 1454 1755 1518 charitate,

183 1543 422 1592 scientes
472 1543 733 1608 quoniam
789 1543 841 1595 in
882 1544 1260 1598 defensionem
1323 1546 1602 1614 Evangelii
1658 1562 1758 1616 po-

183 1631 316 1684 situs
346 1648 491 1686 sum.
527 1632 758 1698 Quidam
785 1645 966 1690 autem
1005 1652 1069 1689 ex
1100 1639 1450 1712 contentione
1478 1639 1755 1692 Chrismm

183 1725 511 1776 :mnnntiant
551 1741 659 1778 non
707 1727 926 1781 sincere
953 1767 968 1792 ,
1021 1729 1402 1783 existimantes
1443 1745 1754 1798 pressuram

185 1833 236 1869 se
275 1817 548 1872 suscitare
582 1818 820 1872 vinculis
849 1821 1008 1874 meis.
1046 1819 1186 1886 Quid
1214 1823 1359 1874 enim
1387 1822 1409 1873 ’ἶ
1445 1823 1578 1874 Dum
1604 1823 1754 1877 omni
1794 1792 1835 1848 Β

189 1911 344 1964 modo
367 1949 383 1972 ,
413 1910 531 1963 sive
586 1925 686 1979 per
736 1912 1080 1966 occasionem
1105 1951 1120 1976 ,
1153 1918 1268 1966 slve
1308 1929 1405 1982 per
1434 1916 1748 1980 veritatem,

184 2003 436 2056 Christus
480 2003 870 2067 annuntietur;
921 2013 978 2058 et
1028 2004 1082 2058 iu
1123 2005 1225 2058 hoc
1261 2006 1510 2075 gaudeo,
1548 2007 1643 2060 sed
1699 2016 1755 2061 et

183 2093 451 2165 gnrdcbo.
507 2094 634 2149 Scio
665 2095 810 2148 enim
843 2095 972 2164 quia
1019 2096 1075 2149 in
1108 2097 1209 2152 hoc
1239 2097 1374 2151 mihi
1405 2099 1657 2167 provenit
1685 2098 1754 2151 ad

184 2187 408 2238 salutem
432 2225 448 2248 ,
489 2199 589 2256 per
622 2195 859 2241 vestram
912 2189 1234 2253 orationem,
1265 2199 1320 2243 et
1351 2191 1748 2244 subministra-

186 2279 386 2331 tionem
416 2279 659 2347 Spiritus
705 2277 834 2333 Jesu
865 2279 1094 2335 Christi.
1132 2281 1442 2336 Secundum
1471 2290 1755 2349 exspecta-

187 2373 386 2426 tionem
416 2382 472 2426 et
502 2388 654 2441 spem
698 2387 874 2426 meam
902 2412 917 2437 ,
958 2375 1086 2440 quia
1121 2374 1173 2427 in
1208 2375 1360 2428 nullo
1393 2375 1699 2428 confundar
1733 2393 1747 2431 :

184 2467 271 2516 sed
305 2465 360 2518 in
394 2467 541 2520 omni
577 2466 772 2520 ﬁducia
822 2467 965 2521 sicut
999 2481 1240 2536 semper,
1274 2476 1331 2520 et
1364 2483 1514 2521 nunc
1541 2467 1756 2537 magni-

184 2557 436 2612 ﬁcabitur
492 2559 744 2613 Christus
803 2557 856 2613 in
919 2574 1150 2628 corpore
1227 2575 1349 2614 meo
1386 2599 1402 2623 ,
1469 2560 1583 2614 sivo
1655 2576 1754 2628 per

184 2652 368 2715 vitam,
398 2649 520 2704 sive
573 2665 670 2720 per
730 2659 985 2704 mortem.
1039 2651 1167 2704 Blihi
1202 2651 1349 2706 enim
1383 2652 1561 2704 vivere
1591 2650 1754 2705 Citri-

179 2751 296 2794 stus
349 2750 454 2802 est.
517 2749 574 2795 et
631 2741 769 2795 mori
829 2741 1066 2796 lucrum.
1131 2741 1289 2806 Quod
1347 2742 1391 2797 si
1449 2741 1637 2796 vivere
1691 2741 1746 2795 in

180 2848 367 2898 carne,
418 2833 510 2888 hic
589 2832 724 2887 mihi
795 2831 1012 2888 fructus
1095 2834 1277 2902 operis
1339 2822 1457 2897 est,
1500 2843 1555 2888 et
1616 2834 1748 2904 quid

181 2930 373 2998 eligam
431 2928 641 2997 ignoro.
703 2926 966 2983 Coarctor
1015 2936 1198 2981 autem
1227 2941 1257 2981 e
1291 2925 1506 2980 duobus
1547 2940 1562 2979 :
1607 2926 1752 2980 desi-

183 3019 395 3073 derium
454 3019 663 3073 habens
720 3017 968 3081 dissolvi,
1016 3026 1072 3072 et
1123 3031 1245 3072 esse
1295 3032 1420 3070 cum
1481 3015 1746 3083 Christo,

185 3111 355 3164 multo
406 3109 577 3179 magis
626 3109 822 3162 melius
853 3125 867 3162 :
903 3123 1222 3174 permanere
1281 3117 1463 3160 autem
1503 3108 1556 3160 itt
1587 3122 1752 3162 carne
1783 3138 1828 3198 ο

185 3202 551 3258 necessarium
600 3209 820 3271 propter
868 3211 982 3250 vos.
1013 3197 1075 3249 Et
1110 3197 1213 3252 hoc
1275 3196 1556 3250 conﬁdens
1611 3197 1754 3264 scio,

183 3299 313 3366 quia
375 3295 640 3358 manebo,
680 3301 736 3348 et
765 3292 1100 3361 permanebo
1151 3291 1410 3344 omnibus
1462 3290 1652 3353 vobis,
1685 3289 1751 3342 ad

184 3389 491 3458 profectum
548 3396 787 3440 vestrum
815 3423 829 3446 ,
864 3393 920 3436 et
969 3382 1224 3451 gaudium
1271 3380 1420 3444 ﬁdei,
1471 3389 1528 3433 ut
1572 3391 1757 3450 gratu-

186 3481 319 3534 latio
350 3489 527 3534 vestra
556 3477 798 3532 abundet
846 3477 898 3528 in
950 3475 1170 3530 Christo
1208 3473 1337 3528 Jesu
1377 3475 1430 3527 itt
1489 3489 1610 3539 me,
1658 3488 1757 3542 per

188 3586 370 3626 meum
415 3571 709 3624 adventum
758 3567 960 3622 iterum
1013 3567 1080 3620 ad
1137 3581 1256 3621 vos.
1309 3564 1544 3619 Tantum
1593 3564 1756 3632 digne

188 3662 317 3733 ιω.
357 3664 479 3715 add.
517 3660 597 3732 in]
631 3658 925 3730 Evangelio
966 3657 1170 3712 Christi
1215 3656 1621 3712 conversamini
1653 3671 1669 3711 :
1702 3665 1758 3709 ut

188 3756 307 3806 sive
339 3769 462 3807 cum
491 3767 729 3814 venero,
774 3759 829 3804 et
854 3750 1045 3804 videro
1077 3764 1174 3802 vos
1199 3789 1214 3815 ,
1265 3749 1382 3803 sive
1423 3749 1620 3803 absens
1657 3762 1756 3800 au-

187 3842 333 3895 diam
365 3842 434 3898 de
458 3843 633 3904 vobis,
659 3842 784 3910 quia
813 3842 973 3896 statis
995 3841 1047 3894 in
1078 3856 1186 3894 uno
1219 3840 1414 3908 spiritu
1449 3839 1755 3900 unanimes,

185 3934 585 3988 collaborantes
633 3932 754 3986 ﬁdei
823 3931 1097 3998 Evangelii
1152 3948 1168 3983 :
1233 3931 1288 3983 in
1354 3930 1506 3982 nullo
1551 3938 1760 3982 terrea-

185 4027 327 4080 mini
378 4027 448 4080 ab
509 4025 878 4080 adversariis:
912 4039 1033 4092 quze
1091 4023 1202 4075 illis
1245 4030 1330 4075 est
1371 4035 1533 4075 causa
1580 4017 1760 4086 perdi-

185 4118 358 4170 tionis
383 4159 397 4181 ,
429 4117 587 4170 vobis
637 4126 818 4169 autem
873 4114 1064 4169 salutis
1095 4128 1108 4165 :
1146 4124 1203 4167 et
1241 4111 1347 4166 hoc
1387 4126 1416 4162 a
1453 4110 1564 4164 Deo
1589 4149 1602 4172 ,
1633 4108 1757 4177 quia

182 4210 352 4262 vobis
383 4209 650 4263 donatum
681 4217 767 4262 est
813 4223 913 4277 pro
960 4205 1218 4270 Christo,
1254 4219 1365 4258 non
1397 4204 1570 4258 solum
1607 4211 1666 4253 ut
1707 4202 1756 4252 iu

178 4313 313 4350 eum
352 4299 623 4360 credatis,
679 4298 773 4352 sed
825 4306 884 4350 ut
926 4296 1092 4352 etiam
1137 4309 1232 4364 pro
1285 4295 1377 4348 illo
1432 4292 1756 4362 patiamini:

178 4390 337 4443 idem
369 4404 663 4455 certamen
684 4390 951 4443 habentes
976 4427 992 4453 ,
1044 4387 1203 4455 quale
1236 4397 1290 4440 et
1320 4384 1534 4439 vidistis
1567 4385 1619 4436 iu
1653 4398 1757 4444 me,

173 4496 232 4539 et
270 4498 427 4536 nunc
451 4449 682 4535 audistis
707 4481 771 4535 de
803 4496 908 4534 me.

255 4575 419 4645 [ϐαρ.
460 4574 549 4644 ιιι
585 4574 641 4628 Si
682 4589 788 4642 qua
837 4586 970 4642 ergo
1021 4571 1327 4628 consolatio
1384 4572 1437 4623 in
1480 4569 1701 4623 Christo
1743 4608 1757 4630 ,

173 4667 216 4719 si
262 4668 418 4737 quod
451 4667 702 4720 solatium
744 4663 1027 4718 charitatis
1057 4701 1073 4728 ,
1110 4662 1154 4716 si
1187 4677 1291 4731 qua
1331 4661 1565 4715 societas
1602 4658 1760 4726 spiri-

175 4768 270 4811 tus
307 4799 324 4822 ,
363 4757 407 4810 si
459 4772 565 4826 qua
615 4756 824 4809 viscera
870 4753 1239 4808 miserationis
1271 4753 1285 4783 ⁸
1323 4769 1337 4806 :
1380 4752 1601 4816 implete
1631 4765 1762 4818 gau-

171 4849 342 4902 dium
383 4863 583 4911 meum,
623 4855 680 4900 ut
710 4846 854 4900 idem
883 4845 1129 4914 sapiatis,
1161 4843 1409 4898 eamdem
1439 4843 1760 4895 charitateut

172 4938 478 5000 habentes,
512 4940 798 4991 unanimes
823 4975 838 5000 ,
873 4937 1106 5003 idipsum
1145 4934 1465 4994 sentientes,
1497 4933 1630 4986 nihil
1667 4946 1763 4999 per

170 5031 617 5094 contentionem,
671 5044 849 5098 neque
903 5044 1002 5098 per
1061 5028 1280 5079 inanem
1336 5027 1565 5092 gloriam
1609 5040 1622 5077 :
1666 5024 1760 5078 sed

172 5126 228 5176 in
269 5123 586 5178 humilitate
614 5120 928 5191 superiores
964 5119 1066 5173 sibi
1121 5119 1351 5171 invicem
1383 5115 1757 5170 arbitrantes:

174 5229 290 5267 ron
326 5228 451 5281 qua:
485 5229 581 5267 sua
632 5221 762 5267 sunt
798 5211 997 5279 singuli
1058 5208 1471 5260 considerantes
1501 5247 1515 5270 ,
1568 5206 1662 5259 sed
1699 5219 1762 5258 ea

173 5321 304 5370 qua:
346 5303 575 5358 aliorum
605 5344 618 5355 .
653 5303 766 5357 Hoc
796 5302 941 5356 enim
975 5299 1176 5355 sentite
1212 5298 1266 5350 itt
1299 5299 1452 5353 vobis
1477 5336 1492 5359 ,
1526 5297 1667 5366 quod
1711 5306 1764 5351 et

175 5396 231 5446 in
284 5393 511 5450 Christo
558 5396 685 5449 Jesu
723 5410 739 5449 ι
781 5396 873 5463 qui
926 5407 1050 5445 cum
1107 5393 1159 5444 in
1197 5389 1370 5444 forma
1429 5391 1522 5443 Dei
1565 5401 1710 5444 esset
1746 5428 1763 5454 ,

177 5502 292 5541 non
345 5489 588 5556 rapinam
622 5487 920 5540 arbitratus
951 5497 1033 5540 est
1060 5499 1181 5540 esse
1213 5500 1271 5538 se
1311 5485 1569 5552 aequalem
1603 5483 1714 5541 Deo
1745 5505 1760 5545 :

256 5691 272 5719 ³
311 5689 478 5742 Juxta
516 5689 766 5740 Cra-cum
825 5698 1023 5766 textum
1064 5707 1076 5745 :
1115 5690 1208 5766 xa‘.
1241 5691 1513 5766 οἰκτίρει-οἳ
1550 5728 1560 5745 .
1599 5691 1759 5766 Pal.-

182 5764 339 5815 tinus
381 5772 601 5827 quoque
651 5772 751 5810 tus.
796 5760 1002 5824 pra-fert
1033 5772 1077 5814 et
1112 5764 1488 5817 miserationes.

1875 544 2030 610 piens
2062 583 2076 607 ,
2113 545 2166 598 in
2202 545 2616 603 similitudinem
2653 550 2934 604 hominum
2969 554 3168 617 factus,
3200 564 3254 608 et
3291 557 3444 611 Itabi~

1870 643 1925 687 tu
1994 635 2252 689 iuventus
2341 647 2400 690 ut
2453 639 2636 694 homo.
2710 641 3025 697 llumiliavit
3085 648 3442 715 semetipsum

1867 724 2043 778 factus
2082 726 2345 780 obediens
2385 743 2559 795 usque
2593 731 2659 783 ad
2694 741 2922 784 tuortem
2954 772 2968 795 ,
3002 741 3231 787 mortem
3260 745 3438 789 autem

1865 817 2068 872 crucis.
2099 817 2330 886 Propter
2367 820 2511 886 quod
2563 831 2616 874 et
2689 823 2828 877 Deus
2861 825 3115 877 exultavit
3156 823 3303 879 illum
3341 866 3352 888 ,
3387 834 3443 881 et

1865 907 2087 961 donavit
2127 909 2200 962 illi
2243 926 2468 975 nomen,
2500 914 2641 978 quod
2676 925 2756 967 est
2789 931 2955 982 super
2989 933 3149 971 omne
3188 933 3384 972 nomen
3422 936 3436 972 :

1865 1008 1925 1051 ut
1966 1000 2020 1053 in
2050 1001 2270 1055 nomine
2299 1003 2424 1057 Jesu
2460 1020 2620 1059 omne
2657 1023 2794 1075 genu
2832 1008 3079 1062 ﬂectatur
3115 1012 3440 1077 cmlestium,

1867 1092 2209 1145 terrestrium
2241 1104 2297 1147 et
2333 1095 2675 1148 inleruoruut
2713 1115 2727 1160 ;
2773 1109 2826 1151 ct
2863 1101 3041 1153 omnis
3085 1101 3268 1170 lingua
3309 1117 3439 1156 con-

1863 1185 2081 1236 titeatur
2135 1186 2260 1252 quia
2320 1186 2581 1241 Dominus
2636 1190 2796 1243 Jesus
2863 1190 3119 1246 Christus
3177 1195 3227 1245 in
3270 1195 3438 1261 gloria

1861 1285 1946 1328 est
1980 1277 2074 1343 Dei
2107 1279 2304 1332 Patris.
2344 1281 2528 1350 Itaque
2559 1325 2571 1345 ,
2615 1284 2922 1337 charissitui
2960 1286 3062 1338 mei
3099 1287 3262 1354 (sicut
3295 1302 3442 1339 sem-

1864 1381 1959 1432 per
1989 1369 2295 1435 obcdistis),
2325 1387 2433 1424 non
2460 1373 2593 1424 utin
2633 1374 2916 1440 prasentia
2955 1377 3056 1430 mei
3094 1385 3322 1437 tantum,
3345 1376 3437 1430 sed

1862 1458 2032 1512 multo
2063 1463 2230 1529 magis
2269 1478 2414 1517 nunc
2459 1464 2512 1516 iu
2547 1465 2794 1518 absentia
2833 1482 2949 1518 mea
2978 1507 2992 1529 ,
3034 1482 3160 1520 eum
3199 1475 3345 1519 metu
3386 1476 3442 1520 et

1865 1558 2099 1604 tremore
2156 1563 2390 1606 vestram
2485 1559 2714 1610 salutem
2777 1558 3100 1625 operamini.
3161 1560 3303 1612 Deus
3362 1566 3445 1612 est

1866 1644 2037 1705 enim,
2072 1645 2162 1713 qui
2201 1657 2459 1714 operatur
2488 1649 2538 1700 iu
2578 1651 2753 1715 vobis,
2796 1660 2849 1703 et
2878 1650 3035 1716 velle,
3069 1660 3121 1704 et
3153 1651 3437 1718 perlicere,

1865 1750 1963 1804 pro
2025 1736 2164 1788 bona
2232 1738 2532 1792 voluntate.
2593 1739 2790 1794 Omnia
2858 1749 3041 1794 autem
3104 1741 3262 1794 facite
3322 1742 3440 1795 sine

1868 1829 2393 1882 tnurmurationibus
2435 1842 2489 1884 et
2551 1831 2986 1887 hmsitatiouihus
3030 1849 3044 1888 :
3083 1842 3139 1885 ιιι
3170 1834 3289 1888 sitis
3322 1833 3440 1887 sine

1869 1917 2112 1981 querela,
2151 1927 2202 1971 et
2231 1919 2508 1986 simplices
2544 1920 2636 1973 lilii
2673 1921 2789 1982 Dei,
2823 1923 2941 1975 sine
2989 1924 3436 1991 reprehensione,

1869 2007 1923 2059 itt
1964 2008 2144 2061 medio
2185 2010 2421 2064 nationis
2460 2027 2640 2079 pravae
2687 2023 2742 2068 et
2778 2029 3048 2082 perversa:
3078 2030 3093 2070 :
3126 2015 3270 2068 inter
3300 2029 3440 2084 quos

1867 2098 2066 2152 lucetis
2117 2100 2256 2153 sicut
2303 2101 2591 2156 luminaria
2647 2104 2700 2156 in
2759 2105 2962 2157 mundo
2999 2144 3012 2162 .
3047 2107 3268 2158 verbum
3311 2106 3439 2160 vitae

1866 2189 2212 2243 continentes
2243 2192 2308 2242 ad
2339 2190 2564 2258 gl0riam
2601 2205 2775 2244 meam
2811 2195 2862 2246 iu
2906 2193 2994 2246 die
3021 2193 3222 2247 Christi
3259 2235 3272 2255 ,
3309 2195 3441 2263 quia

1865 2293 1974 2332 noo
2022 2280 2075 2333 in
2123 2295 2349 2334 vacuum
2407 2283 2676 2345 cucurri,
2711 2299 2886 2353 neque
2936 2285 2988 2338 in
3025 2300 3250 2338 vacuum
3290 2286 3441 2339 labo-

1870 2371 2006 2425 ravi.
2063 2370 2167 2425 Sed
2219 2382 2276 2426 et
2338 2374 2384 2425 si
2446 2375 2700 2428 immolor
2760 2390 2925 2444 supra
2996 2377 3322 2431 sacriﬁcium
3381 2386 3438 2430 et

1868 2463 2195 2532 obsequium
2271 2464 2391 2518 lidci
2464 2475 2682 2530 vestrae,
2737 2469 2964 2537 gaudeo,
3026 2479 3081 2523 et
3137 2479 3432 2537 congratu-

1865 2556 1950 2609 lor
2001 2555 2257 2608 omnibus
2313 2555 2488 2609 vobis.
2543 2556 2780 2624 ldipsum
2826 2568 3007 2612 autem
3059 2569 3114 2613 et
3159 2574 3256 2613 vos
3302 2576 3435 2629 gau-

1858 2647 2010 2715 ‘dete,
2044 2658 2100 2702 et
2128 2649 2585 2718 congratulamini
2623 2650 2776 2703 ntihi.
2811 2650 2981 2718 Spero
3017 2661 3200 2704 autem
3233 2651 3286 2704 in
3322 2651 3431 2706 Do-

1861 2739 2013 2793 mino
2054 2738 2218 2806 Jesu,
2267 2737 2615 2794 Timotheum
2668 2755 2753 2794 tne
2797 2744 2907 2795 cito
2934 2743 3152 2795 mittere
3183 2742 3249 2796 ad
3286 2757 3427 2798 vos:

1860 2841 1920 2885 ut
1961 2840 2016 2886 et
2049 2847 2147 2901 ego
2205 2832 2350 2885 bono
2404 2833 2588 2885 animo
2642 2833 2744 2885 sim
2779 2873 2792 2896 ,
2827 2833 3062 2901 cognitis
3112 2847 3231 2902 qua:
3281 2834 3430 2888 circa

1859 2938 1957 2978 vos
1987 2933 2136 2978 sunt.
2191 2922 2474 2978 Neminem
2510 2924 2654 2976 enim
2689 2923 2864 2976 habeo
2919 2931 3026 2977 tam
3057 2923 3370 2978 unanimem
3409 2964 3427 2987 ,

1858 3015 1949 3082 qui
2005 3013 2220 3068 sincera
2273 3011 2560 3068 affectione
2615 3028 2712 3081 pro
2762 3012 2918 3066 vobis
2982 3013 3254 3067 sollicitus
3332 3013 3430 3067 sit.

1858 3104 2060 3160 Omnes
2115 3107 2260 3161 enim
2319 3121 2439 3175 qua:
2491 3120 2588 3159 sua
2620 3113 2747 3160 sunt
2775 3146 2790 3171 ,
2819 3115 3073 3174 quierunt
3099 3143 3115 3170 ,
3145 3120 3252 3158 non
3304 3119 3426 3172 quae

1862 3207 1991 3251 sunt
2055 3197 2181 3252 Jesu
2237 3196 2464 3253 Christi.
2541 3197 2988 3266 Experimeututu
3068 3206 3249 3250 autem
3312 3198 3431 3265 ejus

1863 3291 2196 3358 cognoscite,
2245 3290 2371 3358 quia
2423 3291 2565 3344 sicut
2607 3291 2744 3360 patri
2787 3289 2930 3343 ﬁlius
2957 3329 2970 3355 ,
3009 3303 3220 3343 mecum
3263 3288 3436 3342 servi—

1865 3383 1942 3435 vit
1994 3383 2048 3435 itt
2105 3382 2422 3450 Evangelia.
2467 3382 2620 3435 Hunc
2691 3384 2856 3450 igitur
2904 3397 3063 3450 spero
3100 3397 3184 3434 me
3218 3379 3437 3437 mittere'

1863 3474 1930 3526 ad
1985 3488 2078 3526 vos
2117 3474 2177 3536 ',
2230 3488 2355 3526 mox
2408 3483 2466 3525 ut
2523 3473 2710 3524 videro
2761 3487 2884 3539 qua:
2938 3474 3084 3526 circa
3120 3486 3205 3524 me
3257 3479 3432 3524 sunt.

1863 3564 2090 3619 Conﬁdo
2113 3574 2296 3618 autem
2333 3565 2388 3617 in
2423 3564 2670 3627 Domino,
2704 3564 2960 3631 quoniam
2987 3573 3039 3616 et
3069 3563 3184 3632 ipse
3219 3564 3434 3615 veniam

1865 3658 1930 3710 ad
1972 3672 2067 3710 vos
2131 3655 2260 3711 cito.
2296 3655 2677 3710 Necessarium
2721 3665 2902 3709 autem
2939 3655 3243 3708 existimavi
3297 3655 3437 3722 Epa-

1866 3747 2179 3818 phroditum
2214 3746 2457 3810 fratrem,
2498 3754 2551 3800 et
2583 3757 2993 3814 cooperatoretu
3023 3785 3036 3807 ,
3074 3757 3128 3798 et
3161 3743 3436 3798 commili-

1868 3848 2049 3890 tenem
2083 3852 2261 3890 meum
2295 3875 2310 3898 ,
2351 3848 2590 3888 vestrum
2624 3820 2807 3889 autem
2843 3836 3151 3904 apostolum
3191 3874 3205 3899 ,
3247 3845 3302 3887 et
3332 3835 3433 3886 uti-

1866 3928 2097 3980 nistrum
2126 3926 2465 3980 necessitatis
2496 3941 2648 3989 mete,
2681 3929 2895 3980 mittere
2919 3926 2983 3978 ad
3012 3941 3104 3978 vos
3134 3942 3148 3978 :
3177 3927 3434 3993 quen’am

1867 4015 2086 4084 quidem
2125 4029 2315 4067 omnes
2364 4030 2460 4067 vos
2489 4015 2880 4068 desiderabat:
2913 4025 2968 4068 et
3017 4027 3244 4067 maestus
3294 4023 3436 4074 erat,

1869 4115 2159 4176 propterea
2199 4107 2345 4176 quod
2378 4107 2673 4160 audieratis
2712 4107 2865 4159 illum
2902 4108 3261 4160 intirtuatum.
3297 4105 3433 4158 Nam

1867 4207 1922 4253 et
1983 4201 2292 4254 inﬁrmatus
2339 4208 2423 4252 est
2483 4214 2653 4267 usque
2708 4201 2772 4252 ad
2832 4208 3112 4252 mortem:
3151 4196 3242 4251 sed
3300 4198 3438 4248 Ileus

1868 4291 2128 4344 misertus
2162 4303 2243 4344 est
2282 4292 2401 4360 ejus
2434 4307 2450 4356 ;
2488 4307 2594 4342 nou
2627 4292 2802 4343 soltttn
2835 4304 3020 4344 aurem
3057 4289 3173 4358 ejus
3201 4329 3215 4350 ,
3247 4301 3436 4340 verum

1869 4388 2028 4441 etiam
2055 4396 2108 4439 et
2136 4386 2261 4447 tnci,
2288 4400 2354 4436 ne
2374 4383 2646 4437 tristitiam
2677 4399 2838 4450 super
2863 4383 3135 4436 tristitiam
3161 4380 3436 4434 haberem.

1794 4489 1837 4542 ι)
1869 4477 2238 4532 Festinantius
2285 4489 2416 4543 ergo
2448 4475 2568 4529 misi
2611 4476 2759 4527 illum
2794 4515 2806 4536 ,
2850 4482 2930 4539 ut,
2967 4476 3085 4526 viso
3115 4487 3203 4535 eo,
3242 4473 3437 4525 iterum

1871 4567 2168 4640 gaudeatis,
2198 4577 2251 4620 et
2278 4580 2378 4635 ego
2409 4566 2528 4619 sine
2558 4564 2776 4618 tristitia
2814 4565 2937 4616 situ.
2977 4564 3224 4631 EXCillile
3257 4563 3440 4628 itaque

1871 4661 2024 4712 illum
2065 4674 2186 4713 cum
2228 4658 2375 4711 omni
2432 4657 2627 4726 gaudio
2682 4656 2735 4709 itt
2767 4656 2996 4708 Domino
3032 4693 3046 4717 ,
3079 4663 3138 4707 et
3168 4653 3440 4724 ejusmodi

1870 4766 1994 4805 cum
2063 4751 2270 4805 honore
2332 4749 2608 4804 habetote.
2674 4747 2940 4813 Quoniam
3006 4756 3232 4816 propter
3304 4761 3444 4813 opus

1869 4843 2072 4898 Christi
2121 4856 2294 4910 usque
2337 4839 2407 4893 ad
2463 4851 2694 4895 mortem
2746 4839 2978 4893 accessit
3009 4879 3023 4900 ,
3061 4839 3282 4890 tradens
3323 4835 3444 4888 aui-

1871 4951 2011 4989 tnam
2053 4950 2228 4998 suam,
2264 4945 2320 4988 ιιι
2358 4936 2610 5002 impleret
2641 4934 2717 4994 id,
2747 4931 2892 5001 quod
2933 4945 3001 4985 ex
3041 4931 3196 4985 vobis
3228 4929 3441 4991 deerat,

1869 5044 1997 5097 erga
2041 5029 2205 5081 Deum
2237 5027 2589 5094 obsequium.

1943 5117 2096 5187 (Cap.
2137 5116 2250 5188 HL}
2293 5116 2364 5170 De
2395 5127 2590 5170 caetero
2617 5158 2629 5180 ,
2662 5116 2858 5169 fratres
2913 5117 3018 5169 mei
3052 5159 3066 5182 ,
3103 5114 3332 5186 gaudete
3385 5112 3438 5162 in

1870 5213 2119 5266 Domino.
2152 5210 2351 5264 Eadem
2392 5210 2543 5263 vobis
2605 5209 2865 5271 scribere,
2903 5209 3033 5262 mihi
3076 5207 3291 5274 quidem
3328 5217 3438 5254 non

1870 5305 2086 5374 pigrum
2112 5348 2126 5369 ,
2163 5304 2317 5356 vobis
2351 5311 2530 5355 autem
2563 5305 2929 5354 necessarium
2956 5339 2969 5354 .
3010 5301 3196 5353 Videte
3228 5311 3391 5348 canes
3419 5335 3434 5357 ,

1871 5395 2054 5448 videte
2090 5395 2262 5447 malos
2313 5392 2592 5461 nperarios
2628 5432 2642 5454 ,
2677 5393 2857 5445 videte
2887 5388 3248 5444 concisioucm
3281 5423 3294 5436 .
3326 5383 3438 5436 Nos

1874 5495 2019 5542 enim
2080 5503 2269 5540 sumus
2326 5487 2669 5540 circumcisio
2706 5524 2719 5547 ,
2778 5485 2868 5554 qui
2923 5482 3113 5550 spiritu
3163 5477 3442 5530 servitutis

1950 5692 1968 5719 ¹
2009 5686 2234 5739 Voculas
2272 5685 2339 5737 ad
2373 5701 2476 5738 vos.
2517 5699 2639 5735 cum
2699 5679 2908 5738 Cumis
2940 5678 3213 5748 plerisque
3258 5676 3443 5744 libris,

1885 5759 2152 5814 Palatinus
2193 5771 2402 5823 quoque
2436 5768 2535 5804 tus.
2575 5761 2711 5805 tacet
2741 5787 2759 5802 .
