3946 6170
500 360 602 424 82⁵1

1386 358 1444 419 S.
1491 356 1924 416 IllEilONYMI
1974 358 2236 418 Dl\"l'.\'A
2282 358 2807 420 lilBLlO'l‘llECA.

3564 362 3648 423 $23

495 474 626 535 Deo,
674 480 726 524 ct
755 469 1046 540 gloriamur
1079 469 1130 521 in
1165 466 1382 521 Christo
1411 468 1538 522 Jesu
1571 509 1584 530 ,
1620 477 1675 520 et
1715 484 1820 520 non
1856 469 1906 518 in
1939 482 2060 519 car-
2093 474 2132 522 Δ
2169 467 2246 518 sic
2295 474 2435 519 state
2472 466 2526 518 in
2557 466 2806 529 Domino,
2857 464 3182 520 charissimi.
3240 464 3474 519 Evodiam
3521 484 3661 538 rego,

496 581 564 617 no
616 565 865 617 fiduciam
921 562 1231 614 habentes:
1285 577 1593 629 quanquam
1655 575 1756 629 ego
1826 559 2054 613 habeam

497 654 880 706 conﬁdentiam
938 663 988 703 ct
1038 653 1090 704 in
1150 666 1334 704 carne.
1405 649 1458 704 Si
1503 652 1626 718 quis
1666 653 1805 706 alios
1845 651 2062 704 videtur

498 745 768 797 confidere
806 745 855 795 in
890 759 1076 802 earne.
1113 759 1212 810 ego
1249 743 1438 809 magis,
1477 743 1838 817 circumcisus
1872 753 2064 795 octavo

501 836 608 890 die.
642 849 706 886 ex
747 848 944 900 genere
975 831 1154 894 Israel,
1189 833 1254 886 de
1285 833 1429 886 tribu
1468 833 1770 904 Benjamin.
1806 832 2066 886 Hebraeus

501 942 566 978 ex
621 925 884 986 Hebro-is,
928 925 1227 979 secundum
1268 926 1437 994 legem
1482 926 1797 979 Pinerisaeus
1826 967 1839 988 ,
1875 941 2068 980 secun-

506 1019 634 1069 dum
693 1017 1093 1070 aemulationem
1177 1033 1513 1086 persequens
1589 1016 1885 1073 Ecclesiam
1953 1016 2068 1080 Dei,

507 1109 807 1160 secundum
835 1108 1104 1176 justitiam
1140 1150 1154 1175 ,
1186 1127 1307 1178 quae
1341 1111 1392 1162 in
1429 1111 1542 1180 lege
1578 1120 1680 1172 est.
1719 1123 2073 1165 conversatus

507 1202 625 1250 sine
699 1201 940 1266 querela.
993 1201 1097 1254 Sed
1148 1217 1267 1269 qua:
1297 1202 1424 1254 mihi
1475 1203 1693 1256 fuerunt
1727 1202 1877 1256 lucra
1907 1244 1921 1267 ,
1961 1203 2074 1256 haec

510 1292 806 1343 arbitratus
880 1307 998 1345 sum
1069 1304 1291 1360 propter
1352 1293 1627 1347 Christum
1720 1294 2072 1349 detrimenta.

513 1381 896 1436 Verumtamen
949 1383 1200 1436 existimo
1243 1386 1422 1437 omnia
1465 1384 1855 1438 detrimentum
1903 1361 2027 1440 esse
2063 1425 2078 1448 .

519 1484 738 1541 propter
772 1476 1100 1528 eminentem
1150 1476 1433 1528 scientiam
1470 1475 1595 1528 Jesu
1637 1475 1839 1528 Christi
1871 1473 2114 1528 Domini-

521 1568 674 1618 mei:
746 1574 964 1632 propter
1017 1582 1178 1634 quem
1236 1568 1415 1620 omnia
1469 1566 1860 1620 detrimentum
1930 1565 2031 1619 fcci
2067 1604 2081 1628 ,

521 1668 572 1709 (ιι
606 1657 838 1710 arbitror
881 1667 938 1709 ut
965 1668 1210 1710 stercora
1244 1696 1258 1720 ,
1292 1669 1351 1711 ut
1383 1658 1661 1712 Christum
1695 1657 2031 1711 lucrifaciam
2068 1696 2084 1721 ,

523 1759 577 1804 et
607 1751 849 1802 inveniar
873 1749 924 1801 in
951 1748 1063 1811 illo,
1092 1765 1195 1801 non
1221 1749 1426 1802 habens
1457 1765 1630 1802 meam
1657 1749 1943 1819 justitiam,
1971 1763 2092 1816 quae

524 1859 588 1898 ex
622 1845 738 1911 lege
771 1850 873 1905 est,
903 1842 994 1895 sed
1021 1842 1186 1903 illam,
1216 1857 1334 1910 qlia:
1362 1858 1426 1894 ex
1460 1842 1562 1894 fide
1589 1852 1672 1894 est
1699 1840 1904 1895 Christi
1938 1840 2091 1907 Jesu;

526 1950 647 2001 qua:
684 1949 748 1986 ex
798 1933 906 1985 Dl'O
936 1943 1018 1986 est
1047 1934 1260 1998 justitia
1303 1933 1354 1984 iu
1398 1933 1522 1993 fide,
1559 1933 1622 1985 ad
1658 1934 2095 2000 cognoscendum

529 2029 701 2086 illiilli,
733 2035 787 2078 et
810 2033 1061 2078 virtutem
1089 2025 1508 2079 resurrectionis
1539 2026 1671 2090 ejus,
1705 2034 1758 2078 ct
1783 2025 2096 2078 societatem

530 2118 836 2185 p.issiottutu
888 2117 1028 2169 illius
1058 2131 1071 2167 :
1109 2116 1480 2184 configuratus
1512 2115 1670 2167 morti
1711 2117 1828 2183 ejus
1860 2153 1874 2177 ,
1906 2115 1950 2168 si
1991 2130 2099 2183 quo

535 2207 693 2259 modo
749 2221 1028 2260 occurram
1085 2208 1150 2258 ad
1208 2205 1666 2259 resurrectionem
1701 2246 1714 2268 ,
1753 2222 1872 2273 qua:
1909 2216 1993 2258 est
2035 2222 2102 2258 ex

536 2301 782 2352 mortuis.
821 2300 938 2352 Non
1001 2298 1144 2366 quod
1189 2299 1298 2366 jam
1329 2297 1635 2366 acceperim
1669 2339 1682 2360 ,
1721 2308 1815 2350 aut
1844 2299 1950 2364 jam
1983 2312 2106 2366 per—

539 2391 713 2441 fectus
759 2393 859 2442 sim
893 2407 906 2442 :
941 2405 1140 2457 sequor
1189 2399 1367 2441 autem
1403 2428 1417 2453 ,
1467 2390 1510 2441 si
1547 2390 1820 2457 quomodo
1855 2403 2104 2454 compre-

541 2483 774 2533 hendam
809 2483 821 2510 '
862 2481 914 2533 in
947 2497 1056 2548 quo
1104 2491 1158 2534 et
1191 2480 1623 2549 comprehensus
1668 2495 1786 2532 sum
1823 2493 1851 2532 a
1888 2479 2108 2532 Christo

537 2574 688 2627 Jcstt.
747 2575 963 2627 Fratres
995 2613 1010 2637 ,
1054 2589 1153 2642 ego
1203 2588 1286 2626 me
1330 2588 1433 2625 non
1486 2573 1721 2626 arbitror
1751 2572 2112 2640 comprehcn-

541 2667 706 2717 disse.
750 2665 925 2720 Unum
955 2675 1161 2729 autem,
1193 2681 1313 2734 qua:
1344 2665 1565 2732 quidem
1628 2676 1778 2719 retro
1805 2673 1932 2718 sunt
1977 2663 2115 2717 obli-

542 2757 757 2808 visceus
779 2795 792 2816 .
826 2757 890 2809 ad
924 2773 984 2810 ea
1019 2773 1146 2809 vero
1176 2774 1294 2826 qua:
1325 2766 1453 2810 sunt
1484 2757 1664 2825 priora
1691 2756 1994 2810 extendens
2029 2770 2114 2809 me

549 2852 723 2915 ipsum
761 2887 778 2911 ,
840 2851 902 2900 ad
961 2850 1295 2902 destinatum
1367 2866 1708 2918 persequor,
1745 2850 1809 2902 ad
1868 2853 2114 2903 bravium

547 2957 792 3007 superum
824 2943 1124 2995 vocationis
1165 2943 1257 2996 Dei
1309 2943 1361 2995 in
1411 2942 1628 2997 Christo
1689 2941 1839 2996 Jesu.
1879 2944 2115 3006 Quicun-

549 3049 653 3099 que
703 3048 831 3098 ergo
883 3033 1106 3099 perfecti
1154 3047 1340 3086 sumus
1372 3072 1386 3096 ,
1438 3033 1539 3087 hoc
1585 3035 1924 3086 sentiamus:
1967 3045 2020 3086 et
2071 3033 2113 3086 si

552 3124 681 3191 quid
717 3125 874 3175 aliter
909 3123 1098 3191 sapitis
1135 3163 1148 3187 ,
1185 3132 1237 3175 et
1293 3125 1396 3176 hoc
1450 3123 1602 3176 vobis
1633 3123 1774 3175 Deus
1834 3123 2117 3176 revelabit.

556 3219 942 3270 Verumtamen
973 3218 1038 3269 ad
1070 3218 1212 3285 quod
1251 3217 1626 3284 pervenimus,
1665 3229 1716 3268 ut
1762 3217 1900 3270 idem
1948 3217 2119 3284 sapia—

557 3323 700 3371 mus,
741 3318 795 3359 et
827 3309 879 3360 in
912 3309 1100 3360 eadem
1135 3323 1546 3376 permaneamus
1577 3310 1778 3376 regula.
1821 3307 2126 3361 lmitatores

562 3400 667 3451 mei
698 3409 890 3462 estote,
931 3399 1144 3461 fratres,
1179 3407 1234 3450 ct
1263 3397 1550 3451 observate
1587 3412 1682 3450 eos
1709 3399 1799 3465 qui
1832 3398 1904 3452 ita
1936 3398 2130 3451 ambu-

560 3493 672 3546 lant
705 3532 719 3552 ,
762 3493 903 3545 sicut
948 3491 1156 3545 habetis
1204 3492 1435 3544 formam
1499 3499 1762 3543 nostrain.
1799 3490 1950 3544 Multi
1982 3491 2128 3544 enitr.

563 3585 864 3650 ambulant,
899 3601 1038 3653 quos
1071 3601 1211 3652 saepe
1243 3585 1491 3638 dicebam
1543 3585 1697 3637 vobis
1733 3585 1900 3651 (nunc
1947 3597 2127 3638 autent

563 3687 621 3734 et
677 3679 812 3732 ﬂens
865 3678 1009 3746 dico)
1067 3677 1317 3731 inimicos
1367 3678 1545 3732 crucis
1591 3677 1840 3731 Christi:
1903 3689 2130 3745 quorum

567 3773 689 3826 (ini;
729 3771 984 3824 interitus
1016 3784 1034 3826 :
1061 3785 1292 3838 quorum
1333 3770 1466 3822 deus
1513 3780 1703 3823 venter
1732 3778 1814 3822 est
1869 3779 1926 3823 ct
1960 3769 2132 3838 gloria

567 3866 624 3915 in
673 3862 994 3914 confusione
1028 3862 1270 3929 ipsonnn
1296 3899 1312 3923 ,
1348 3861 1439 3928 qui
1506 3870 1720 3913 terrena
1755 3860 1992 3925 sapiunt.
2029 3859 2137 3913 No-

569 3966 684 4010 stra
726 3964 906 4007 autem
930 3955 1270 4007 conversatio
1327 3954 1379 4004 iu
1425 3952 1577 4006 ctelis
1626 3960 1710 4005 est
1743 3969 1757 4004 :
1792 3951 1933 4004 unde
1970 3953 2134 4003 etiam

573 4047 906 4099 Salvatorem
939 4057 1313 4112 exspectamus
1345 4044 1632 4097 Dominum
1668 4053 1912 4098 nostrum
1953 4041 2136 4096 Jesum

574 4139 878 4200 Christum,
910 4136 1002 4205 qui
1058 4136 1376 4189 reformabit
1411 4151 1612 4204 corpus
1677 4136 2004 4189 humilitatis
2039 4151 2140 4187 no-

577 4241 706 4283 stra:
737 4269 750 4291 ,
785 4228 1182 4297 coitﬁguratum
1220 4229 1430 4296 corpori
1457 4227 1718 4281 claritatis
1751 4241 1861 4279 suae
1897 4266 1911 4290 ,
1948 4241 2143 4280 secun-

579 4325 708 4376 dum
746 4324 1115 4390 operationem
1153 4361 1166 4384 ,
1197 4336 1300 4388 qua
1336 4321 1498 4372 etiam
1532 4328 1702 4387 possn
1742 4318 2012 4387 subjicere
2041 4317 2142 4372 sibi

579 4433 785 4472 Olllllla.

2162 572 2213 610 ct
2243 559 2554 628 Syntychen
2585 559 2868 628 deprecor,
2906 559 3140 620 idipsum
3175 573 3359 627 sapere
3387 560 3432 611 in
3464 559 3664 616 Domino.

2165 651 2336 704 Etiam
2376 668 2504 720 rogo
2533 662 2586 704 et
2623 662 2674 706 te
2707 690 2724 716 .
2759 667 3016 720 germane
3057 667 3281 719 compar
3308 691 3324 715 ,
3357 653 3526 720 adjuva
3554 655 3667 716 illas,

2167 759 2284 810 qua:
2318 759 2523 798 mecum
2571 744 2956 798 laboraverunt
3004 744 3056 797 in
3104 743 3386 812 Evangelio
3432 761 3534 797 cum
3579 746 3671 799 Cle-

2171 849 2351 891 mente
2393 881 2407 903 ,
2473 847 2528 890 et
2593 838 2806 891 crs-teris
2844 837 3183 901 adiutoribus
3248 835 3420 897 meis.
3478 853 3667 903 quorum

2173 926 2393 980 nomina
2429 937 2554 980 sunt
2595 928 2644 979 in
2683 927 2820 979 libro
2879 927 3023 978 vitaz.
3096 925 3339 977 Gaudete
3392 925 3440 976 in
3495 923 3675 978 Domito

2173 1033 2285 1073 sem
2296 1035 2389 1086 per

2178 1122 2300 1162 nota
2331 1111 2400 1163 sit
2433 1110 2688 1163 omnibus
2738 1109 3049 1162 horninibus
3083 1124 3097 1164 :
3136 1109 3393 1161 Dominus
3433 1123 3573 1174 prope
3599 1117 3673 1160 est.

2177 1202 2321 1257 Nihil
2381 1201 2596 1254 solliciti
2646 1200 2807 1260 sitis,
2865 1201 2956 1250 sed
3029 1201 3078 1250 in
3142 1193 3287 1249 (mini
3346 1197 3598 1258 oratione,
3640 1205 3680 1248 ct

2181 1293 2577 1356 obsecratione,
2627 1308 2751 1346 cum
2800 1294 3097 1360 gratiarum
3149 1289 3362 1342 actione
3393 1327 3406 1349 ,
3449 1289 3682 1355 petitiones

2429 1037 2439 1071 :
2479 1021 2676 1074 iterum
2731 1020 2854 1072 dico
2883 1057 2896 1079 ,
2943 1017 3192 1084 gaudete.
3240 1015 3485 1069 Modestia
3539 1028 3677 1070 vestra

2185 1401 2376 1443 vestrm
2410 1389 2750 1442 innotescant
2783 1385 2928 1455 apud
2993 1383 3185 1438 Deum.
3218 1385 3285 1437 Et
3314 1399 3410 1452 pas
3453 1382 3531 1434 Dei
3559 1397 3685 1450 ,qure

2185 1489 2478 1549 exsuperat
2511 1495 2726 1534 omnem
2759 1493 3004 1540 sensum,
3040 1475 3314 1530 custodiat
3353 1474 3498 1528 corda
3544 1485 3681 1524 vestra

2187 1584 2243 1626 ct
2276 1574 2662 1640 intelligentias
2686 1581 2898 1624 vestras
2930 1570 2982 1623 in
3007 1568 3223 1622 Christo
3252 1566 3395 1620 Jesu.
3429 1564 3492 1614 De
3519 1573 3689 1623 extero,

2193 1665 2408 1729 fratres,
2442 1679 2777 1732 quacunque
2813 1671 2939 1715 sunt
2970 1675 3118 1724 vera,
3151 1671 3477 1727 quaecunque
3500 1654 3688 1721 pudica,

2198 1767 2535 1823 quaecunque
2568 1753 2712 1818 justa
2744 1789 2758 1812 ,
2807 1762 3148 1818 quaecunque
3205 1753 3394 1801 sancta
3421 1785 3435 1807 ,
3485 1756 3692 1809 quzecun-

2201 1861 2305 1914 que
2329 1843 2604 1905 amabilia,
2635 1855 2969 1911 quacunque
3002 1841 3150 1893 bona:
3172 1836 3348 1900 famae,
3371 1834 3412 1887 si
3437 1848 3529 1900 qua
3551 1832 3694 1890 virtus,

2199 1943 2244 1993 si
2276 1953 2380 2007 qua
2423 1940 2540 1990 laus
2577 1935 2876 2001 disciplina:
2899 1973 2914 1997 ,
2950 1933 3063 1985 hinc
3115 1929 3374 1996 cogitate.
3434 1927 3546 1989 Quae
3572 1934 3615 1975 et
3637 1923 3698 1975 di-

2201 2031 2435 2090 dicistis,
2469 2037 2525 2082 et
2559 2026 2868 2094 accepistis,
2901 2035 2953 2077 et
2977 2023 3223 2086 audistis,
3254 2030 3310 2072 et
3336 2016 3527 2069 (ridisiis
3552 2016 3594 2066 in
3622 2029 3698 2073 me,

2205 2121 2318 2173 hcec
2364 2121 2506 2186 agite
2541 2131 2557 2174 :
2589 2126 2644 2170 et
2681 2115 2821 2168 Deus
2853 2113 3002 2184 pacis
3036 2111 3140 2164 erit
3192 2110 3488 2164 vobiscum.
3525 2105 3702 2157 Gavisus

2203 2226 2322 2264 sum
2355 2219 2536 2262 autem
2577 2208 2631 2262 in
2677 2207 2907 2260 Domino
2938 2205 3318 2260 vehementer,
3354 2197 3582 2266 quoniam
3614 2203 3703 2245 tan-

2206 2305 2326 2357 dem
2369 2299 2662 2369 aliquando
2718 2295 3042 2351 reﬂoruistis
3077 2309 3173 2363 pro
3205 2309 3290 2345 me
3328 2291 3519 2345 sentire
3547 2328 3560 2351 ,
3600 2289 3708 2340 sicut

2205 2406 2260 2450 et
2297 2392 2613 2448 sentiebatis
2645 2407 2660 2444 :
2693 2388 2941 2458 occupati
2972 2391 3154 2441 autem
3208 2387 3378 2439 eratis
3407 2425 3419 2437 .
3455 2383 3558 2436 Non
3591 2377 3708 2447 quasi

2209 2497 2434 2558 propter
2465 2485 2744 2554 penuriam
2785 2482 2910 2535 dico
2943 2497 2958 2534 :
2986 2495 3087 2548 ego
3137 2479 3280 2532 enim
3341 2475 3514 2537 didici,
3559 2472 3603 2523 in
3625 2469 3715 2536 qui-

2214 2581 2312 2633 bus
2343 2593 2485 2640 smn,
2522 2575 2794 2629 suﬂiciens
2821 2589 2966 2627 esse.
3004 2573 3130 2627 Scio
3164 2581 3218 2625 et
3251 2567 3535 2629 humiliari,
3561 2564 3654 2617 scio
3677 2568 3720 2611 et

2214 2671 2492 2724 abundare
2523 2669 2540 2738 (
2569 2669 2768 2734 ubique
2799 2679 2854 2720 et
2904 2668 2955 2719 in
2989 2663 3244 2720 omnibus
3273 2661 3544 2714 institutus
3590 2653 3719 2717 sum).

2211 2773 2271 2818 ct
2305 2763 2490 2816 satiari
2519 2801 2533 2824 ,
2583 2771 2638 2816 et
2686 2762 2897 2813 esurire
2924 2798 2940 2824 ,
2975 2768 3030 2811 et
3061 2755 3343 2810 abundare
3365 2796 3377 2816 ,
3410 2760 3463 2806 et
3493 2745 3726 2818 penuriam

2219 2857 2365 2924 pati.
2420 2854 2610 2909 Omnia
2668 2867 2890 2920 possmn
2939 2851 2993 2903 in
3063 2863 3128 2902 eo
3186 2846 3276 2915 qui
3348 2859 3430 2897 me
3484 2837 3724 2892 confortat.

2221 2947 2603 3002 Verumtamen
2638 2945 2776 2999 bene
2807 2942 3014 2996 fecistis
3043 2981 3057 3004 ,
3115 2937 3567 2994 communicantes
3596 2929 3735 2984 tribu-

2220 3038 2407 3092 lationi
2450 3053 2583 3089 mea:
2607 3076 2621 3089 .
2677 3035 2844 3089 Scitis
2872 3045 3051 3087 autem
3100 3041 3154 3086 et
3187 3045 3279 3084 vos
3312 3071 3328 3095 ,
3369 3027 3698 3092 Philippense:
3719 3061 3733 3085 ,

2148 3161 2192 3218 ο
2223 3131 2365 3200 quod
2401 3131 2453 3182 in
2485 3129 2756 3199 principio
2786 3125 3086 3193 Evangelii,
3117 3123 3337 3191 quando
3369 3118 3622 3213 profectus
3646 3124 3736 3218 sunt

2228 3238 2255 3275 a
2291 3220 2605 3275 Macedonia
2645 3257 2660 3282 ,
2694 3219 2841 3271 nulla
2878 3216 3010 3268 mihi
3066 3213 3315 3267 Ecclesia
3370 3201 3739 3264 communicavit

2231 3314 2282 3367 in
2317 3313 2522 3365 ratione
2570 3311 2678 3364 dati
2719 3317 2774 3363 et
2809 3307 3016 3374 accepti
3045 3344 3060 3367 ,
3103 3305 3204 3357 nisi
3239 3317 3340 3356 vos
3373 3301 3470 3354 soli
3501 3314 3518 3352 :
3553 3294 3664 3364 quia
3700 3297 3742 3341 et

2233 3404 2675 3458 Thessalonicam
2730 3400 2897 3455 semel
2931 3405 2987 3451 et
3037 3397 3120 3450 bis
3161 3397 3212 3450 in
3266 3409 3426 3448 usum
3482 3387 3600 3441 mihi
3630 3381 3742 3436 inist-

2233 3499 2332 3551 stis
2362 3499 2381 3526 ¹
2409 3535 2422 3548 .
2459 3495 2575 3548 Non
2634 3494 2758 3562 quia
2793 3505 2977 3561 quacro
3011 3491 3196 3542 datum
3227 3527 3241 3550 ,
3273 3489 3372 3543 sed
3423 3482 3623 3549 requiro
3661 3474 3746 3528 fru-

2235 3597 2380 3640 ctum
2434 3587 2803 3638 abundantem
2838 3581 2891 3633 in
2925 3581 3137 3633 ratione
3172 3589 3374 3633 vestra.
3412 3575 3586 3629 llabeo
3605 3577 3747 3621 autem

2235 3692 2415 3727 omnia
2447 3711 2466 3740 ,
2515 3683 2570 3726 et
2617 3673 2838 3726 abundo
2877 3686 2892 3724 ε
2946 3669 3185 3736 repletus
3239 3684 3360 3720 smn
3391 3706 3406 3728 ,
3448 3658 3662 3725 acceptis
3698 3649 3750 3702 ab

2243 3767 2616 3836 Epaphrodito
2677 3780 2796 3832 qua:
2855 3763 3126 3824 misistis,
3181 3761 3409 3813 odorem
3469 3747 3754 3805 suavitatis,

2240 3863 2474 3915 hostiam
2509 3867 2785 3928 acceptam
2823 3897 2839 3921 ,
2883 3855 3188 3924 placentem
3238 3851 3372 3903 Deo.
3451 3847 3581 3900 Deus
3610 3845 3755 3890 autem

2241 3969 2396 4008 meus
2450 3955 2671 4020 impleat
2717 3965 2879 4003 omne
2912 3945 3241 4000 desiderium
3289 3950 3566 3995 vestrum,
3605 3942 3764 3985 secun-

2242 4049 2369 4102 dum
2404 4046 2602 4098 divitas
2657 4056 2781 4095 suas
2811 4080 2824 4103 ,
2868 4040 2920 4092 in
2958 4039 3127 4108 gloria
3165 4036 3218 4088 in
3250 4032 3476 4087 Christo
3517 4026 3630 4079 Jesn
3678 4020 3763 4072 Deo

2242 4150 2422 4193 autem
2459 4146 2514 4191 et
2548 4135 2690 4190 Patri
2729 4143 2916 4186 nostro
2949 4128 3117 4199 gloria
3151 4131 3202 4180 in
3235 4123 3433 4178 sxcula
3468 4117 3767 4172 saeculorum-

2244 4234 2440 4286 Ameu.
2493 4230 2736 4284 Salutate
2767 4238 2984 4280 onmem
3019 4231 3267 4274 sanctum
3305 4217 3360 4268 in
3416 4211 3619 4268 Christo
3645 4202 3768 4254 lesu-

2245 4327 2494 4381 Salutant
2544 4337 2660 4385 vos,
2698 4318 2788 4386 qui
2828 4330 3039 4370 mecum
3105 4318 3229 4365 sunt
3258 4349 3272 4371 ,
3307 4308 3527 4361 fratres.
3561 4300 3774 4353 Salutant

2247 4433 2345 4472 vos
2399 4428 2593 4469 omnes
2641 4408 2814 4463 sancti
2845 4448 2862 4471 ,
2897 4406 3130 4458 maxime
3163 4411 3366 4480 autem‘
3400 4396 3494 4464 qui
3526 4393 3586 4446 de
3633 4387 3777 4480 C39:

653 4511 808 4581 [Cup.
840 4512 920 4564 iV.
952 4511 969 4583 ]
1029 4511 1210 4578 Itaque
1243 4552 1258 4575 ,
1321 4509 1518 4564 fratres
1576 4510 1678 4563 mei
1735 4503 2042 4562 cbarissiuii
2093 4513 2146 4559 et
2175 4527 2221 4583 ι)
2250 4511 2326 4562 ris
2377 4506 2556 4568 domo,
2584 4511 2711 4556 sunt
2739 4539 2752 4552 .
2794 4497 2974 4554 Gratia
3006 4494 3218 4549 Domini
3254 4474 3440 4546 nostis
3461 4487 3586 4542 Jesu
3611 4474 3776 4535 Christi

582 4605 1031 4660 duidcratissimi
1064 4643 1078 4668 ,
1106 4604 1364 4673 gaudium
1425 4619 1602 4658 meum
1632 4613 1688 4657 et
1737 4615 1938 4656 corona
1981 4612 2098 4652 mea
2130 4616 2143 4652 :

2255 4616 2376 4656 cum
2409 4597 2602 4668 spiritu
2634 4604 2835 4648 vestro.
2877 4590 3071 4642 Amen.

1387 4883 1615 4954 Explicit
1655 4881 1886 4950 Epistolu
1921 4878 1988 4935 B.
2026 4877 2186 4933 Pauli
2224 4875 2443 4944 apostoli
2477 4870 2546 4925 ad
2580 4868 2976 4938 Philippenses.

662 5048 676 5083 ¹
717 5051 769 5104 lu
813 5049 1055 5103 Palatino
1086 5063 1189 5102 ms.
1222 5086 1238 5110 .
1292 5046 1338 5099 si
1373 5042 1806 5108 comprehendam
1835 5079 1850 5101 .
1889 5038 2151 5110 quemad-

591 5125 810 5186 motluni
875 5121 926 5173 in
979 5118 1167 5190 Graeco
1207 5109 1500 5184 exemplari
1536 5156 1550 5181 ,
1594 5118 1640 5168 et
1678 5116 1770 5165 καὶ
1805 5109 2151 5190 καταλάϐω..

595 5209 722 5247 voce
778 5192 889 5253 illa,
945 5188 1200 5256 quomodo
1225 5229 1239 5252 ,
1284 5191 1647 5256 prietcrm‘tssa
1677 5225 1691 5247 ,
1729 5199 1848 5256 quaef
1889 5193 2067 5256 neque
2101 5188 2152 5230 in

595 5248 1419 5332 plerisque-aliisLatinis-nisa,
1447 5297 1460 5320 ,
1494 5270 1669 5332 neque,
1721 5248 1769 5304 εί,
1797 5251 1982 5332 pippis
2029 5248 2158 5332 ρον,

592 5323 904 5390 ἰιυίειιείὺυς
931 5330 1165 5396 Vulgata:
1195 5327 1451 5380 editionis
1491 5326 1784 5392 reperitur.
1822 5323 2158 5396 Quinetiam

597 5415 807 5462 veteres
839 5390 1258 5457 Latini'Patrts
1293 5412 1411 5450 eam
1451 5390 1700 5465 igudraut
1735 5432 1752 5456 ,
1791 5406 1928 5462 quos
1960 5390 2028 5444 de
2067 5403 2164 5443 no-

2251 5035 2399 5090 mine
2438 5030 2662 5086 laudare
2693 5043 2823 5084 non
2859 5034 3012 5080 vacat
3043 5062 3055 5076 .
3099 5019 3256 5075 Unus
3292 5031 3400 5087 pro
3437 5002 3791 5096 ςψιοιξθρὲξξέ

2253 5087 2505 5175 gustinus
2537 5145 2551 5163 ,
2596 5099 2724 5175 ιίι).ἒ
2752 5113 2789 5152 tt
2835 5096 2907 5175 ρο
2939 5102 3271 5175 ΡεεεαίονΨη
3326 5087 3794 5175 Μῗξί¹ί³,ίι,ξίίῗῖί

2253 5145 2613 5240 331?","cép2
2660 5145 2726 5222 li")
2770 5186 2783 5222 :
2827 5145 3028 5231 Sequor
3101 5169 3276 5214 autem
3309 5195 3326 5220 ,
3393 5155 3441 5208 si
3494 5145 3770 5215 comprobet!

2260 5245 2821 5380 dart'i‘ypothetarum
2853 5344 2868 5369 ,
2903 5299 3216 5380 utsidetur
3249 5335 3264 5360 ,
3293 5289 3707 5380 erroreqlegitur
3753 5279 3797 5330 in

2269 5362 2866 5444 Mart—iriiriaeieditione,
2902 5373 2990 5440 qui
3021 5369 3254 5434 misistis,
3283 5380 3390 5436 pro
3432 5362 3582 5428 mihi,
3609 5367 3706 5412 etc.
