3946 6170
270 318 375 382 829

1341 322 1398 384 S.
1446 324 1673 385 PAULI
1721 326 1950 388 EPAST.
1993 329 2088 386 Al)
2129 327 2420 389 COLOSS.

3390 339 3495 401 830

2668 489 2896 504 “.-

1004 636 1172 746 Β.
1249 638 1804 752 PAULI
1875 641 2763 758 Διόετοιι

1736 853 2029 915 INCIPIT

262 1029 1352 1235 EPISTULA
1477 1029 1774 1206 AD

339 1463 486 1534 [Cap
517 1504 529 1517 .
568 1462 624 1534 1]
672 1465 875 1519 Paulus
929 1467 1210 1533 apostolus
1262 1465 1388 1520 Jesu
1424 1465 1676 1529 Christi,
1732 1482 1826 1533 per
1857 1475 1899 1526 Α
1931 1481 2052 1520 cum
2098 1471 2292 1522 essetis
2333 1472 2628 1538 aliquando
2671 1473 2891 1525 alienati

267 1559 599 1609 voluntatem
641 1556 732 1609 Dei
766 1596 780 1620 ,
827 1565 882 1609 et
933 1556 1255 1610 Timotheus
1306 1557 1475 1609 frater
1509 1574 1523 1610 :
1559 1558 1638 1610 eis
1673 1597 1686 1620 ,
1739 1557 1830 1626 qui

266 1665 386 1704 sum
439 1652 676 1706 Colossis
713 1691 727 1715 ,
764 1653 969 1705 sanctis
999 1693 1012 1715 ,
1047 1661 1102 1706 et
1149 1651 1399 1706 fidelibus
1455 1653 1718 1706 fratribus
1781 1653 1831 1705 in

267 1743 483 1796 Christo
531 1745 680 1797 Jesu.
742 1743 926 1798 Gratia
984 1743 1142 1797 vobis
1189 1754 1242 1798 et
1291 1759 1388 1811 pax
1430 1761 1456 1796 a
1518 1745 1625 1798 Deo
1679 1744 1834 1798 Patre

270 1842 458 1886 nostro
487 1874 500 1896 .
539 1844 592 1888 et
648 1834 878 1887 Domino
929 1832 1058 1887 Jesu
1106 1834 1411 1888 Christo‘.
1454 1834 1673 1888 Gratias
1722 1839 1833 1901 agi-

270 1938 390 1978 mus
429 1923 578 1988 Deo,
612 1934 668 1978 et
718 1925 861 1979 Patri
910 1924 1122 1978 Domini
1174 1927 1345 1979 nostri
1404 1928 1530 1978 Jesu
1583 1925 1833 1990 Christi,

271 2030 486 2083 semper
518 2029 616 2085 pro
659 2015 813 2068 vobis
842 2025 1106 2070 orantes:
1173 2017 1458 2069 audientes
1520 2018 1677 2068 ίΜιῚιὶ
1741 2035 1830 2070 ve-

278 2117 446 2161 Stram
473 2107 525 2158 in
555 2105 771 2161 Christo
799 2107 948 2170 Jesu,
978 2118 1032 2160 et
1058 2108 1424 2172 dilectionem,
1447 2123 1604 2176 quam
1627 2109 1836 2162 habetis

271 2200 323 2252 in
363 2209 582 2253 sanctos
620 2214 811 2254 omnes
842 2237 856 2262 ,
893 2210 1118 2270 pmpter
1168 2217 1319 2270 sporn
1409 2219 1530 2270 quae
1593 2203 1834 2273 reposita

272 2299 353 2344 est
407 2292 561 2344 vobis
601 2292 654 2344 in
707 2290 907 2345 emlis:
949 2308 1112 2359 quam
1156 2294 1384 2346 audistis
1446 2294 1498 2346 in
1541 2296 1706 2347 verho
1748 2310 1835 2346 ve-

272 2382 448 2435 ritatis
503 2383 828 2452 Evangelii:
870 2384 1014 2452 quod
1071 2387 1318 2452 pervenit
1379 2384 1446 2438 ad
1504 2401 1642 2448 vos,
1694 2388 1835 2440 sicut

270 2481 322 2522 et
358 2470 408 2522 in
454 2462 708 2523 universo
743 2473 943 2524 mundo
970 2482 1072 2534 est,
1097 2482 1150 2525 et
1191 2473 1502 2534 fructificat.
1531 2487 1582 2526 et
1611 2478 1829 2537 crescit,

271 2562 416 2613 sicut
456 2561 506 2614 in
540 2561 714 2620 vobis.
755 2577 817 2614 ex
856 2578 917 2614 ea
957 2561 1046 2616 die
1107 2581 1212 2632 qua
1255 2565 1486 2620 audistis
1529 2575 1583 2618 et
1636 2583 1836 2635 cogno-

271 2652 432 2704 vistis
481 2645 707 2721 gratiam
743 2653 833 2705 Dei
879 2653 929 2706 in
976 2655 1205 2708 veritate
1237 2695 1249 2717 ,
1288 2658 1431 2709 sicut
1463 2658 1725 2711 didicistis
1766 2659 1860 2711 ab.

1619 2748 1709 2813 qui
1752 2729 1856 2798 est.

275 2741 524 2808 Epaphra
593 2742 920 2796 charissimo
993 2760 1258 2798 conservo
1323 2754 1562 2808 nostro,

275 2830 445 2881 'iilt‘lis
481 2845 576 2892 pro
620 2831 771 2883 vobis
809 2834 1057 2886 minister
1090 2833 1290 2888 Christi
1327 2833 1454 2889 Jesu
1492 2873 1505 2895 ,
1541 2837 1630 2902 qni
1668 2837 1830 2887 etiam

274 2921 635 2975 manifestavit
677 2924 834 2976 nobis
873 2924 1222 2978 dilectionem
1261 2940 1490 2979 vestram
1527 2928 1578 2980 iti
1613 2929 1831 2995 spiritu.

273 3012 397 3064 Ideo
428 3021 481 3065 et
512 3029 609 3067 nos
648 3030 712 3067 ex
765 3030 870 3083 qua
920 3015 1006 3068 die
1043 3016 1371 3078 audivimus,
1405 3033 1512 3069 non
1548 3033 1830 3070 eessamus

273 3114 369 3165 pro
405 3099 557 3153 vobis
589 3113 810 3156 orantes
838 3141 851 3165 ,
892 3114 946 3155 et
987 3104 1326 3172 postulantes
1352 3143 1366 3166 ,
1402 3116 1460 3159 ut
1500 3106 1834 3174 impleamini

271 3188 549 3254 agnitione
601 3191 897 3245 voluntatis
956 3193 1076 3261 ejus
1115 3230 1128 3254 ,
1167 3193 1220 3246 in
1276 3196 1425 3248 omni
1479 3195 1744 3264 sapientia
1780 3207 1836 3250 et

273 3278 550 3331 intellectu
609 3280 880 3347 Spiritudi
929 3296 942 3334 :
989 3292 1046 3334 ut
1111 3283 1405 3337 ambuletis
1468 3285 1628 3353 digne
1671 3323 1684 3346 ,
1727 3286 1834 3338 Deo

272 3385 366 3436 per
399 3372 577 3422 omnia
612 3372 886 3438 placentes
917 3389 932 3425 :
971 3375 1021 3423 in
1054 3374 1198 3426 omni
1248 3389 1413 3442 opere
1451 3376 1591 3428 bono
1649 3376 1836 3430 fruct}-

272 3460 516 3524 ﬁcantes,
554 3471 608 3515 et
682 3475 993 3516 crescentes
1033 3465 1082 3515 in
1124 3467 1353 3518 scientia
1393 3467 1483 3519 Dei
1522 3486 1532 3518 :
1573 3468 1626 3519 in
1685 3469 1834 3520 omni

269 3555 469 3606 virtute
513 3554 802 3606 confortati
859 3556 1159 3608 secundum
1198 3558 1493 3625 potentiam
1550 3559 1834 3613 charitatis

268 3646 404 3714 ejus,
437 3646 490 3696 in
525 3646 674 3698 omni
719 3647 966 3714 potentia
1001 3659 1055 3701 et
1088 3648 1501 3717 longanimitate
1535 3665 1656 3703 cum
1691 3667 1824 3720 gau-

271 3743 382 3800 dio,
421 3746 477 3792 et
506 3740 708 3806 gratias
754 3750 977 3805 agentes
1009 3740 1114 3794 Deo
1145 3741 1292 3794 Patri
1327 3783 1340 3805 ,
1389 3743 1480 3810 qui
1517 3744 1705 3812 dignos
1740 3759 1837 3796 nos

271 3831 400 3883 fecit
442 3832 494 3884 in
552 3839 761 3900 partem
798 3831 962 3885 sortis
1000 3842 1310 3886 sanctorum
1367 3835 1420 3886 in
1456 3835 1661 3886 lumine
1689 3877 1703 3900 ,
1742 3836 1835 3903 qui

277 3923 480 3990 eripuit
520 3923 719 3976 nos'de
748 3932 1012 3991 potestate
1065 3925 1439 3987 tenebrarum,
1472 3936 1525 3978 et
1558 3928 1837 3979 transtulit

268 4010 324 4062 in
366 4027 586 4078 regnum
628 4013 720 4065 lilii
771 4014 1082 4069 dilectionis
1135 4031 1288 4078 sum;
1326 4016 1378 4068 in
1431 4032 1538 4085 quo
1573 4017 1838 4072 habemus

1941 1035 3485 1226 COLOSSENSES.

2921 1515 2934 1535 ,
2969 1485 3021 1525 et
3085 1475 3288 1526 inimici
3335 1489 3498 1526 sensu

1937 1563 1991 1614 in
2031 1561 2287 1627 operibus
2337 1564 2490 1614 malis
2523 1581 2540 1634 τ’
2587 1578 2730 1615 nunc
2781 1575 2961 1616 autem
3011 1565 3382 1616 reconciliavit
3445 1567 3500 1618 in

1936 1667 2164 1719 corpore
2223 1655 2400 1706 carnis
2439 1654 2556 1720 ejus
2616 1669 2711 1720 per
2771 1663 3002 1705 mortem
3035 1692 3049 1715 ,
3092 1653 3353 1705 exhibere
3405 1668 3501 1706 vos

1935 1755 2153 1796 sanctos
2175 1783 2187 1806 ,
2219 1755 2272 1797 ct
2308 1745 2682 1796 immaculatos
2709 1787 2723 1809 ,
2762 1752 2812 1796 et
2845 1745 3353 1812 irreprehensibiles
3405 1758 3498 1796 co-

1937 1849 2049 1886 ram
2094 1833 2210 1901 ipso
2248 1845 2263 1885 :
2299 1833 2341 1886 si
2396 1845 2568 1885 tamen
2628 1835 2958 1900 permanetis
3012 1835 3064 1885 in
3098 1834 3197 1886 lide
3235 1833 3444 1886 fundati
3482 1871 3501 1898 ,

1934 1934 1989 1976 et
2015 1925 2276 1976 stabiles:
2314 1934 2369 1976 et
2427 1924 2729 1977 immobiles
2788 1940 2816 1976 a
2865 1939 2958 1990 spe
3007 1924 3281 1992 Evangelii
3353 1923 3502 1991 quod

1935 2017 2186 2073 audistis.
2212 2015 2352 2083 quod
2383 2016 2733 2083 pl‘tltdlcnltltl'l
2763 2026 2843 2068 est
2868 2015 2918 2067 iu
2948 2017 3199 2068 universa
3253 2026 3504 2070 creatura

1938 2122 2058 2175 quae
2094 2107 2194 2158 sub
2221 2106 2358 2160 caelo
2385 2117 2491 2168 est,
2522 2107 2679 2172 cujus
2705 2106 2878 2159 factus
2908 2122 3026 2160 sum
3053 2122 3152 2173 ego
3177 2106 3380 2158 Paulus
3404 2104 3504 2156 mi-

1938 2197 2126 2249 nister.
2157 2197 2256 2260 Qui
2301 2211 2444 2248 nunc
2485 2197 2696 2265 gaudeo
2743 2196 2794 2248 in
2821 2197 3161 2264 passionibus
3195 2212 3292 2263 pro
3321 2195 3500 2257 vobis.

1935 2292 1990 2337 et
2041 2285 2310 2353 adimpleo
2344 2301 2403 2337 ea
2441 2300 2558 2352 quae
2590 2287 2784 2338 desunt
2820 2285 3132 2352 passionum
3190 2286 3390 2338 Christi
3447 2285 3504 2338 in

1935 2391 2107 2450 Carm;
2129 2391 2242 2427 mea
2267 2415 2280 2438 ,
2332 2391 2429 2444 pro
2463 2392 2691 2445 corpore
2738 2378 2876 2444 ejus,
2911 2377 3056 2445 quod
3089 2388 3168 2428 est
3207 2377 3443 2429 Ecclesia
3479 2391 3496 2430 :

1935 2465 2090 2532 cujus
2127 2465 2300 2518 factus
2337 2481 2453 2517 sum
2491 2482 2590 2534 ego
2645 2467 2893 2520 minister
2941 2468 3238 2520 secundum
3286 2451 3506 2533 dispen-

1935 2561 2204 2609 Satiuncm
2253 2557 2382 2616 Dei,
2419 2574 2537 2625 quae
2573 2561 2696 2608 data
2741 2569 2824 2610 est
2856 2559 2985 2609 mihi
3039 2561 3091 2610 in
3136 2574 3229 2608 vos
3264 2597 3277 2617 .
3318 2566 3374 2608 ut
3411 2557 3505 2608 im-

1937 2649 2108 2716 pleam
2147 2649 2368 2701 verbum
2407 2648 2495 2700 Dei
2528 2664 2544 2702 :
2582 2651 2893 2718 mysterium
2948 2651 3090 2718 quod
3126 2651 3503 2701 absentulitnm

1938 2741 2038 2792 lttit
2088 2756 2115 2791 a
2167 2740 2422 2802 stt-culis,
2479 2752 2531 2793 et
2583 2741 3067 2809 generationibus.
3132 2755 3278 2792 nunc
3317 2747 3502 2791 autem

1937 2830 2335 2884 manifestatum
2382 2839 2470 2884 est
2508 2831 2709 2882 sant-tis
2742 2831 2880 2896 ejus,
2918 2831 3116 2897 quibus
3148 2830 3313 2883 voluit
3363 2829 3506 2882 Deus

1934 2934 2088 2975 notas
2124 2923 2299 2975 facere
2346 2923 2561 2975 divitias
2605 2922 2785 2988 glarite
2860 2923 3186 2974 Sacmmeitti
3243 2921 3400 2983 hujus
3452 2919 3505 2970 in

1934 3013 2203 3081 gentibus,
2251 3011 2390 3080 quod
2428 3020 2507 3063 est
2541 3010 2823 3074 Christus,
2857 3011 2908 3062 iti
2947 3010 3100 3062 vobis
3143 3021 3266 3076 spes
3297 3008 3504 3071 glnrlze,

1935 3119 2096 3172 quem
2136 3120 2232 3156 nos
2269 3104 2658 3155 annuutiamus
2698 3143 2708 3163 .
2745 3103 3111 3170 corripientes
3145 3114 3363 3152 omnem
3410 3101 3508 3149 ho-

1935 3196 2136 3246 minem
2170 3234 2183 3254 ,
2225 3205 2278 3246 et
2335 3193 2593 3246 docentes
2654 3209 2872 3246 omnem
2930 3191 3202 3244 hominem
3261 3190 3312 3241 in
3355 3187 3504 3240 omni

1936 3286 2197 3354 sapientia
2233 3324 2246 3346 ,
2283 3295 2340 3337 ut
2391 3285 2749 3338 exhibe-anius
2781 3298 2995 3336 omnem
3055 3283 3330 3335 ltOminetn
3385 3294 3505 3346 per-

1938 3382 2136 3432 fectum
2173 3378 2225 3430 in
2261 3378 2480 3430 Chrisro
2528 3378 2675 3430 Jesu.
2716 3377 2770 3429 In
2813 3387 3000 3444 quoet
3035 3376 3252 3438 laboro,
3288 3383 3506 3426 certati-

1937 3471 2006 3523 do
2059 3469 2356 3523 secundum
2408 3471 2777 3534 operationem
2833 3467 2992 3535 ejus,
3042 3481 3202 3534 quam
3249 3477 3508 3533 operatur

1939 3564 1990 3616 in
2052 3579 2156 3622 me,
2206 3562 2256 3613 in
2304 3563 2526 3613 virtute.

2007 3655 2164 3726 [C(ip.
2199 3653 2288 3722 ll.]
2327 3653 2455 3706 Volo
2494 3651 2637 3702 enim
2674 3666 2770 3703 vos
2804 3650 2945 3701 scire
2981 3649 3194 3714 qualem
3237 3649 3503 3700 sollicito--

1938 3748 2116 3801 tfittem
2135 3749 2356 3798 habeam
2380 3760 2474 3812 pro
2497 3744 2711 3796 vobisct
2733 3758 2828 3810 pro
2847 3745 2912 3794 iis
2957 3741 3048 3808 qui
3067 3753 3190 3794 sunt
3214 3739 3502 3798 Laodirite.

1936 3848 1990 3894 et
2019 3840 2327 3907 quicunque
2365 3854 2468 3889 non
2509 3837 2760 3889 viderunt
2791 3835 2981 3887 faciem
3010 3849 3183 3884 meatu
3219 3832 3270 3881 in
3303 3843 3504 3882 carne:

1941 3942 1999 3983 ut
2038 3928 2574 3984 consolenturcorda
2615 3929 2877 3994 ipsorum,
2923 3927 3174 3978 instructi
3207 3924 3260 3975 in
3313 3926 3493 3975 chari-

1941 4033 2066 4080 tatc.
2113 4034 2165 4074 et
2195 4023 2250 4074 in
2283 4036 2472 4073 omnes
2509 4018 2726 4070 divitias
2769 4015 3129 4084 plenitudinis
3161 4013 3498 4070 intellectus,

270 4105 702 4174 redemptionem
755 4123 853 4176 per
898 4109 1217 4177 sanguinem
1258 4111 1377 4179 ejus
1409 4153 1423 4172 ,
1457 4111 1829 4164 remissionem
1863 4132 1903 4188 ρ
1941 4117 1991 4168 in
2022 4118 2350 4182 agnitionem
2384 4112 2624 4182 mysterii
2691 4111 2780 4162 Dei
2816 4109 2992 4162 Patris
3015 4117 3069 4160 et
3094 4106 3300 4159 Christi
3332 4105 3456 4158 Jesu
3489 4120 3506 4162 :

266 4208 616 4264 peccatorum
655 4197 673 4226 ³
707 4216 721 4251 :
755 4199 846 4267 qui
894 4208 974 4252 est
1007 4199 1181 4268 imago
1236 4199 1330 4252 Dei
1365 4201 1655 4254 invisibilis
1679 4241 1693 4264 ,
1730 4203 1837 4269 pri-

263 4291 576 4358 mogenitus
615 4291 792 4344 onmis
824 4302 1088 4344 creatnrte
1125 4307 1140 4347 ;
1177 4293 1433 4360 quoniam
1469 4293 1522 4344 in
1566 4293 1680 4362 ipso
1712 4307 1840 4346 con-

263 4382 386 4434 dita
427 4391 552 4435 sunt
595 4383 845 4435 universa
880 4382 931 4435 in
970 4382 1125 4435 caelis
1164 4392 1219 4436 et
1251 4382 1304 4436 in
1368 4393 1510 4436 terra
1543 4422 1557 4445 ,
1600 4383 1841 4438 visibilia

260 4484 321 4527 et
368 4474 681 4539 invisibilia,
717 4477 828 4528 sive
863 4474 1091 4540 'l‘hroni,
1121 4476 1234 4529 sive
1264 4475 1692 4541 Dominationes,
1729 4479 1841 4530 sive

261 4564 637 4634 Principatus,
673 4567 788 4618 sive
855 4566 1157 4620 Potestates
1189 4581 1201 4617 :
1238 4570 1418 4620 omnia
1452 4585 1548 4636 per
1585 4571 1756 4638 ipsum
1788 4578 1840 4623 et

263 4657 321 4708 in
366 4657 480 4724 ipso
531 4668 715 4710 creata
764 4665 891 4710 sunt
923 4673 939 4713 :
973 4668 1028 4712 et
1079 4659 1190 4724 ipse
1221 4667 1306 4712 est
1334 4669 1458 4713 ante
1491 4676 1682 4714 omnes
1719 4702 1732 4724 ,
1787 4669 1840 4712 et

260 4750 453 4802 omnia
504 4751 556 4802 in
599 4752 718 4819 ipso
764 4761 1032 4804 constant.
1096 4753 1163 4806 Et
1202 4752 1316 4818 ipse
1343 4761 1425 4806 est
1458 4761 1621 4820 caput
1649 4767 1841 4820 corpo-

261 4843 345 4895 ris
405 4842 655 4896 Ecclesize
690 4883 703 4906 ,
743 4843 834 4909 qui
887 4855 966 4895 ρει
1011 4843 1338 4910 principium
1369 4882 1386 4908 ,
1441 4845 1838 4913 primogenitus

258 4948 329 4985 ex
384 4936 658 4988 mortuis:
703 4944 760 4986 ut
827 4934 896 4987 sit
930 4934 982 4986 in
1043 4935 1296 4987 omnibus
1359 4935 1472 5003 ipse
1534 4937 1832 5005 primatum

262 5035 493 5079 tenens.
533 5025 669 5090 Quia
716 5027 768 5077 in
802 5025 921 5092 ipso
954 5025 1306 5093 complacuit,
1349 5042 1566 5080 omnem
1598 5027 1836 5094 plenitu-

262 5115 454 5168 dinem
497 5118 803 5171 inhabitare
839 5131 853 5171 :
887 5127 942 5170 et
976 5132 1076 5185 per
1103 5132 1226 5170 eum
1267 5119 1623 5172 reconciliare
1654 5119 1837 5172 omnia

263 5205 323 5258 in
363 5206 562 5275 ipsum,
617 5210 911 5278 pacificans
948 5225 1047 5277 per
1087 5208 1410 5277 sanguinem
1447 5211 1628 5264 crucis
1659 5213 1780 5278 ejus
1818 5253 1832 5275 ,

263 5299 392 5352 sive
425 5317 537 5369 qua:
581 5302 634 5354 in
667 5301 854 5364 terris,
891 5301 1008 5355 sive
1043 5317 1160 5370 qua:
1196 5301 1252 5356 in
1284 5301 1435 5355 cmlis
1467 5311 1618 5356 sunt.
1653 5303 1718 5356 Et
1745 5317 1841 5356 vos

1945 4205 1996 4257 in
2029 4222 2136 4272 quo
2168 4216 2292 4257 sunt
2349 4220 2541 4254 omnes
2581 4201 2820 4254 thesauri
2861 4199 3143 4266 sapientia:
3187 4197 3506 4250 ctscientia:

1941 4296 2268 4349 absconditi.
2304 4295 2413 4347 Hoc
2441 4306 2618 4345 autem
2651 4295 2790 4348 dico.
2830 4302 2886 4344 ut
2958 4305 3116 4342 nemo
3141 4304 3237 4341 vos
3269 4286 3507 4354 decipiat

1945 4387 1995 4438 in
2029 4386 2359 4439 sublimitate
2380 4399 2715 4436 sermonum.
2741 4381 2872 4433 Nam
2899 4381 3001 4432 etsi
3031 4393 3266 4446 eorpOre
3297 4379 3499 4428 absens

1943 4493 2082 4543 sum,
2119 4477 2209 4530 sed
2238 4476 2432 4546 spiritu
2459 4474 2736 4528 vobiscum
2758 4488 2875 4526 sum
2905 4490 2918 4524 :
2949 4471 3210 4540 gaudens,
3237 4479 3292 4522 et
3320 4471 3514 4521 videns

1944 4571 2195 4624 Ordinem
2237 4578 2501 4628 vestrum,
2544 4575 2597 4618 et
2632 4566 3034 4618 firmamentum
3077 4566 3216 4631 ejus,
3279 4578 3400 4629 quae
3452 4559 3508 4612 in

1941 4663 2159 4718 Christo
2183 4671 2286 4721 est.
2311 4659 2432 4713 fidei
2459 4668 2666 4712 vestrae.
2689 4657 2844 4711 Sicut
2862 4673 2991 4726 ergo
3011 4656 3300 4724 accepistis
3323 4654 3363 4708 Jr
3387 4669 3508 4706 sum

1946 4751 2221 4808 Christum
2280 4751 2568 4805 Dominum
2616 4749 2738 4821 [τηε.
2775 4749 2900 4801 add.
2931 4745 3228 4816 nostrum],
3281 4746 3333 4798 iii
3394 4747 3518 4812 ipso

1940 4846 2234 4907 ambulate,
2279 4843 2603 4906 radicati,et
2663 4840 3079 4910 supera-dilicati
3143 4840 3194 4892 in
3256 4839 3394 4907 ipso,
3456 4846 3514 4889 et

1936 4937 2236 4992 confirmati
2275 4936 2397 4997 fide,
2432 4936 2573 4988 sicut
2601 4946 2654 4987 et
2687 4933 2984 4994 didit-istis,
3054 4931 3397 4984 abundantes
3440 4928 3494 4980 in

1944 5028 2035 5080 illo
2060 5029 2111 5078 in
2145 5026 2440 5094 gratiarum
2472 5026 2706 5078 actione.
2733 5021 2920 5075 Videte
2970 5037 3036 5075 ne
3095 5023 3219 5090 quis
3250 5036 3342 5072 vos
3409 5017 3510 5071 de-

1943 5119 2108 5187 cipiat
2133 5135 2226 5186 per
2258 5116 2686 5186 philoSOphiam,
2715 5125 2769 5167 et
2800 5116 3020 5168 inanem
3063 5113 3357 5173 fallaciam,
3417 5124 3509 5161 seu

1946 5210 2183 5262 cundum
2207 5210 2550 5262 traditionem
2578 5208 2884 5272 hominum,
2911 5208 3210 5260 secundum
3234 5205 3510 5256 elementa

1946 5301 2153 5362 mundi.
2180 5311 2234 5354 et
2260 5317 2367 5352 non
2411 5300 2706 5353 secundum
2763 5299 3041 5354 Christum
3073 5287 3322 5364 :quia'in
3386 5290 3511 5359 ipso

349 5478 364 5506 '
403 5475 567 5550 verba
619 5485 668 5530 et
731 5476 952 5530 Domino
1002 5477 1122 5536 Iesu
1163 5479 1424 5550 (.‘hristo‘,
1461 5493 1580 5550 qua:
1608 5491 1660 5532 et
1688 5478 1837 5533 Gr:e-
1877 5466 1917 5520 υ
1949 5483 2304 5536 remissionem
2347 5490 2699 5550 peccatorum,
2768 5475 3102 5534 intermediis
3141 5471 3342 5550 verbis
3415 5487 3511 5540 per

263 5561 329 5670 Ea
375 5545 629 5613 pleraque
689 5551 1012 5616 exemplaria
1066 5555 1298 5610 reticent
1327 5593 1342 5615 ,
1385 5547 1663 5603 Palatinus
1735 5566 1836 5604 ms.

307 5634 360 5670 Ic
393 5628 584 5670 nesed.

307 5634 360 5672 lC
393 5632 532 5668 IIQSC'
544 5628 584 5671 Ιο

345 5689 356 5717 ¹
399 5685 636 5738 l’latinus
687 5687 826 5740 idem
879 5707 992 5765 ηις,
1030 5704 1284 5759 [Momms
1313 5689 1746 5757 redemptionem,
1785 5699 1831 5740 et

1946 5556 2260 5621 sanguinem
2289 5541 2401 5623 ejus
2459 5552 3036 5623 prwlt'rlltiSsiS.-_ql|33
3065 5541 3285 5622 quidem
3328 5556 3506 5623 neque

1948 5624 2005 5679 iu
2044 5617 2250 5678 Ct'wcis
2307 5617 2546 5677 melioris
2595 5630 2737 5675 nota:
2787 5617 3060 5676 codicibus
3113 5617 3356 5680 reperire
3394 5619 3502 5674 est.
