3946 6170
438 400 533 466 εῖξι

1336 401 1393 461 S.
1442 397 1885 461 lilEllONYll-II
1928 397 2194 459 DIVINA
2231 393 2763 458 BTBLI'OTIIECA.

3552 391 3642 452 832

3041 447 3082 471 Ι

427 519 699 572 inhabitat
728 517 904 570 omnis
942 516 1222 586 plenitudo
1249 515 1566 570 Divinitatis
1592 515 1989 585 corporaliter:
2023 518 2060 572 A
2095 514 2317 567 donavit
2351 515 2527 576 vobis,
2558 513 2629 566 ita
2661 521 2714 564 et
2745 526 2859 563 vos.
2885 510 3062 577 Sztpcr
3087 509 3267 560 omnia
3301 518 3479 560 autem
3514 507 3640 573 hzrc,

427 620 476 662 et
513 610 644 660 estis
671 611 721 662 in
750 610 840 660 illo
873 609 1086 673 repleti,
1139 608 1231 676 qui
1263 616 1346 662 est
1376 608 1736 676 caputomnis
1779 608 1990 676 princi-

428 709 588 767 patus
623 710 674 751 et
706 699 986 766 potestatis
1013 718 1026 752 :
1057 699 1110 751 in
1135 714 1244 766 quo
1267 708 1322 752 et
1370 699 1680 753 circumcisi
1708 700 1839 752 estis
1884 702 1993 754 cir-

428 791 761 843 cinncisioue
794 807 1079 842 nonmanu
1136 791 1276 843 facta
1329 791 1381 842 in
1431 791 1827 858 exspoliationc
1867 806 1992 843 cor-

429 883 578 948 puris
598 883 803 941 carnis,
837 881 930 933 sed
955 881 1006 934 in
1039 880 1229 934 cirrus:
1255 881 1462 932 cisionc
1514 879 1716 933 Christi
1752 897 1764 931 :
1799 895 1994 933 conse-

428 974 559 1039 p-alti
589 973 636 1025 ei
685 973 735 1024 in
771 973 1056 1041 baptismo,
1122 973 1174 1024 in
1215 987 1323 1040 quo
1377 980 1430 1022 et
1458 970 1836 1022 resurrexistis
1898 985 1993 1037 per

430 1066 587 1117 tidem
625 1065 963 1132 operationis
997 1063 1111 1122 Dei,
1152 1064 1244 1130 qui
1278 1060 1564 1114 suscitavit
1593 1060 1743 1112 illutn
1780 1077 1807 1110 a
1848 1074 1995 1110 mor-

431 1158 561 1208 tuis.
603 1157 667 1208 Et
704 1172 820 1218 vos,
865 1170 985 1206 t‘llln
1024 1154 1219 1206 mortui
1261 1155 1454 1205 essetis
1512 1152 1566 1204 in
1629 1151 1873 1212 delictis,
1937 1161 1994 1204 et

431 1249 696 1314 praqnttio
729 1246 908 1298 carnis
971 1254 1185 1304 vestrae,
1258 1243 1661 1297 convivillcavit
1714 1257 1835 1296 cum
1877 1242 1991 1300 illo.

431 1337 642 1387 donans
675 1336 828 1387 vobis
863 1337 1043 1388 omnia
1073 1336 1291 1398 delicta,
1360 1335 1554 1388 delens
1598 1333 1744 1402 quod
1793 1333 1994 1386 adver-

433 1443 635 1476 sttsuos
659 1437 774 1478 erat
806 1426 1232 1494 chirographum
1279 1425 1509 1485 decreti,
1539 1425 1685 1492 quod
1716 1435 1831 1476 erat
1863 1440 1996 1477 cou-

437 1522 662 1570 tt-arium
720 1520 892 1579 nobis,
922 1528 976 1572 et
1025 1520 1203 1586 ipsum
1267 1519 1388 1570 tulit
1434 1518 1499 1570 de
1537 1517 1738 1578 medio,
1775 1515 1997 1584 alligens

437 1611 567 1662 illud
598 1611 768 1670 cruci,
794 1619 846 1662 et
867 1611 1174 1677 exspolians
1224 1610 1563 1679 principatus
1594 1620 1647 1662 et
1678 1618 1996 1677 potestates,

440 1701 680 1753 traduxit
715 1701 1070 1763 confidenter,
1101 1702 1275 1770 palam
1337 1702 1682 1768 triumphans
1756 1702 1878 1753 illos
1942 1701 1998 1752 in

437 1793 753 1859 semetipso.
790 1790 956 1844 Nemo
986 1806 1117 1858 ergo
1161 1808 1254 1845 vos
1280 1792 1493 1860 judicet
1535 1793 1585 1844 in
1619 1792 1764 1854 cibo,
1807 1802 1902 1844 aut
1943 1793 1995 1844 in

2095 606 2412 659 charitatem
2443 605 2660 663 habete,
2685 605 2827 667 quod
2851 614 2932 654 est
2963 602 3239 652 vinculum
3261 601 3428 667 perfer
3451 599 3604 654 tionis

2094 703 2148 746 et
2176 710 2275 762 pax
2314 694 2512 746 Christi
2547 692 2782 745 exsultet
2807 691 2858 744 in
2893 691 3154 743 cordibus
3211 690 3425 752 vestris,
3462 690 3515 741 in
3550 708 3641 754 qua

2096 797 2151 839 et
2181 786 2357 838 vocati
2395 786 2600 839 eStisin
2664 799 2774 836 uno
2837 797 3112 850 corpore:
3167 791 3222 834 et
3280 783 3412 849 grati
3463 793 3640 836 estote.

2099 877 2336 929 Verbum
2372 878 2572 930 Christi
2607 877 2812 929 habitet
2843 878 2895 927 itt
2935 875 3090 926 vobis
3165 875 3536 934 abundanter,
3596 875 3645 928 in

2097 973 2243 1022 omni
2276 971 2564 1038 sapientia,
2595 970 2854 1022 docentes
2887 981 2942 1020 et
2972 977 3381 1020 commoneutcs
3415 978 3642 1021 vosmet-

2099 1065 2263 1130 ipsos,
2297 1066 2538 1132 psalmis.
2581 1064 2815 1129 hymnis.
2862 1074 2915 1112 et
2971 1061 3199 1112 canticis
3260 1059 3644 1124 spiritualihus,

2100 1157 2152 1208 in
2195 1159 2365 1223 gratia
2399 1165 2681 1207 cantantes
2714 1157 2765 1206 in
2799 1155 3057 1205 cordibus
3094 1153 3287 1205 vestris
3326 1151 3453 1201 Deo.
3487 1148 3646 1203 Omne

2099 1251 2458 1316 quodcunque
2501 1248 2676 1298 tacitis
2723 1248 2772 1297 in
2813 1249 2974 1297 verbo
3005 1245 3174 1295 autin
3233 1229 3416 1310 opere.
3478 1243 3644 1294 Omnia

2100 1339 2394 1392 innomine
2433 1336 2641 1388 Domini
2702 1335 2826 1389 Jesu
2895 1335 3124 1395 Christi,
3177 1335 3380 1402 gratias
3437 1344 3646 1399 agentes

2102 1431 2209 1482 Deo
2231 1438 2285 1481 ct
2312 1427 2455 1480 Patri
2517 1443 2610 1494 per
2660 1428 2858 1493 ipsum.
2888 1427 3160 1486 Mulieres,
3218 1428 3446 1479 subditze
3487 1437 3649 1478 esune

2101 1521 2248 1582 viris,
2281 1521 2423 1573 sicut
2448 1528 2684 1586 Oportet.
2710 1519 2759 1570 in
2787 1519 3038 1571 Domino.
3064 1518 3196 1579 Viri,
3231 1519 3437 1576 diligite
3464 1534 3648 1568 uxores

2099 1625 2329 1676 Vestras,
2363 1624 2415 1666 ct
2452 1615 2621 1665 nolite
2652 1612 2820 1664 amari
2853 1627 2972 1664 esse
3010 1612 3074 1662 ad
3111 1613 3248 1662 illas.
3280 1611 3420 1670 Filii,
3476 1611 3654 1661 obedi-

2104 1711 2153 1754 te
2183 1703 2503 1769 parentibus
2532 1717 2630 1768 per
2693 1701 2875 1752 omnia
2912 1716 2928 1752 :
2972 1700 3234 1753 hoccnim
3272 1702 3532 1766 placitum
3579 1710 3652 1752 est

2106 1795 2160 1847 in
2192 1794 2436 1847 Domino.
2471 1793 2674 1852 Patres,
2712 1793 2878 1845 nolite
2918 1791 2984 1843 ad
3039 1792 3467 1855 indignationem
3538 1806 3654 1857 pro-

439 1894 587 1946 pntu,
622 1884 790 1934 autin
826 1890 980 1948 parte
1031 1882 1138 1934 diei
1195 1881 1342 1946 festi,
1399 1891 1493 1934 aut
1532 1881 1854 1943 neomeniw,
1909 1892 2002 1934 aut
2036 1849 2076 1904 Β
2109 1902 2303 1939 vocare
2338 1886 2478 1938 ﬁlios
2528 1899 2761 1946 vestros,
2805 1895 2859 1938 ut
2895 1900 3000 1936 non
3038 1885 3235 1950 pusillo
3292 1883 3472 1934 animo
3521 1883 3655 1933 tiant.

435 1973 798 2027 Satibatorum
833 1992 843 2021 τ
879 1965 1000 2042 qua!
1037 1983 1164 2028 sunt
1219 1978 1411 2028 umbra
1479 1974 1791 2028 futurorum
1827 1991 1840 2027 :
1884 1991 2004 2027 cor-

435 2081 534 2132 pus
572 2078 749 2119 autem
796 2068 1019 2122 Christi.
1073 2067 1242 2121 Nemo
1276 2085 1371 2120 vos
1421 2070 1666 2131 schCat,
1726 2069 1916 2121 volens
1951 2070 2004 2121 iu

438 2159 763 2224 humilitate,
800 2170 854 2214 et
878 2160 1141 2224 religione
1165 2163 1504 2228 angelorum,
1559 2177 1676 2228 qua:
1731 2177 1837 2214 non
1871 2161 2003 2215 vidit

437 2266 464 2301 a
492 2252 739 2314 ubulans,
785 2252 986 2307 (rustra
1017 2252 1237 2306 inﬂatus
1269 2268 1428 2306 sensu
1451 2253 1633 2306 carnis
1663 2269 1792 2319 sum,
1818 2262 1869 2306 et
1899 2269 2006 2307 non

440 2353 632 2396 lt‘llt‘lls
656 2355 836 2413 caput,
870 2363 934 2400 ex
970 2361 1079 2415 quo
1112 2356 1280 2400 totum
1309 2362 1530 2415 corpus,
1563 2363 1659 2414 per
1717 2363 1887 2401 nexus
1951 2357 2007 2401 ct

440 2436 852 2502 u‘iniunctioncs
879 2439 1350 2493 subministratum
1392 2452 1446 2493 et
1470 2449 1868 2500 construcutm.
1890 2457 2007 2493 ere-

441 2529 547 2578 St'il
575 2526 626 2578 itt
669 2539 1018 2596 attgtncntuttt
1065 2529 1178 2581 Dei.
1213 2529 1268 2582 Si
1301 2545 1428 2599 ergo
1462 2532 1658 2584 mortui
1723 2534 1853 2585 cstis
1881 2547 2004 2585 cum

439 2613 658 2668 Curisto
691 2620 757 2668 ab
783 2618 1070 2671 eletnentis
1137 2619 1298 2688 hujus
1336 2620 1522 2672 mundi
1559 2637 1573 2673 :
1635 2621 1763 2689 quid
1827 2622 2009 2674 adhuc

442 2718 699 2776 tanquam
730 2712 974 2763 viventes
1010 2711 1062 2762 in
1096 2711 1301 2763 mundo
1360 2712 1656 2765 decernitis
1692 2713 1714 2764 ἲ
1751 2712 1826 2764 Ne
1884 2714 2005 2766 teti-

439 2817 493 2866 ε(
512 2800 647 2867 ritis,
675 2815 853 2869 neque
888 2802 1256 2871 gustaveritis,
1280 2819 1453 2870 neque
1485 2805 1956 2858 contrectaveritis
1991 2820 2006 2861 :

441 2907 560 2958 qua:
577 2901 705 2946 sunt
739 2894 922 2946 omnia
947 2895 1000 2946 ln
1043 2894 1324 2948 interitum
1359 2896 1476 2964 ipso
1545 2911 1669 2962 usu,
1705 2898 2006 2950 secundum

444 2994 708 3052 prmcepta
738 2996 792 3039 et
817 2985 1094 3041 doctrinas
1128 2987 1410 3041 hominum
1439 3001 1457 3040 :
1489 3004 1611 3057 quae
1669 3000 1797 3042 sunt
1831 2991 2006 3044 ratio-

444 3090 569 3128 nem
601 3078 820 3146 quidem
849 3077 1103 3133 habentia
1165 3081 1529 3146 sapientiaein
1591 3082 2002 3150 superstitione,

2111 1979 2522 2038 SerVi,obeditc
2554 1995 2650 2045 per
2684 1979 2867 2031 omnia
2896 1977 3128 2027 dominis
3161 1976 3497 2034 carnalibus,
3561 1989 3655 2024 non

2109 2071 2173 2124 ad
2194 2072 2411 2124 oculum
2448 2072 2772 2128 servientes,
2801 2071 2955 2138 quasi
3003 2068 3313 2120 hominibus
3369 2067 3658 2133 placentes,

2110 2165 2201 2217 sed
2234 2163 2285 2216 in
2306 2164 2652 2230 simplicitate
2668 2163 2870 2223 cordis,
2891 2164 3140 2214 timentes
3168 2161 3359 2212 Deum.
3380 2159 3660 2224 Quodcun-

2109 2271 2215 2322 que
2251 2257 2446 2313 tacitis.
2484 2271 2549 2308 ex
2576 2255 2759 2307 animo
2808 2254 3129 2320 operamini,
3153 2252 3294 2303 sicut
3333 2251 3584 2310 Domino,
3615 2258 3662 2301 et

2111 2362 2216 2398 non
2251 2347 2565 2400 hominibus
2601 2362 2615 2400 :
2643 2346 2876 2399 scientes
2911 2343 3052 2412 quod
3084 2360 3110 2394 a
3144 2343 3373 2396 Domino
3397 2341 3665 2407 at-cipietis

2112 2432 2525 2492 retrﬁautioncm
2547 2436 2900 2498 haereditatis,
2947 2435 3173 2486 Domino
3205 2433 3425 2486 Christo
3450 2435 3662 2484 scrvite.

2111 2531 2212 2596 Qui
2253 2532 2398 2583 enim
2434 2531 2688 2597 iujuriatn
2725 2529 2873 2591 facit,
2906 2527 3134 2595 recipiet
3163 2529 3211 2577 id
3273 2524 3420 2588 quod
3491 2525 3664 2592 inique

2109 2624 2296 2691 gessit,
2355 2631 2410 2675 et
2463 2636 2566 2674 non
2647 2631 2730 2674 est
2792 2634 3146 2688 personarum
3215 2617 3466 2683 acceptio
3535 2615 3666 2681 apud

2109 2718 2306 2771 Deum.
3004 2765 3014 2776 ,

2184 2807 2419 2868 Domini,
2442 2806 2585 2875 quod
2613 2805 2820 2874 justum
2856 2814 2940 2860 est
2963 2813 3016 2857 et
3053 2818 3291 2872 :equum,
3324 2802 3506 2854 servis
3546 2814 3673 2867 pne-

2111 2912 2294 2956 state:
2349 2902 2584 2954 scientes
2616 2898 2760 2969 quod
2806 2908 2862 2952 et
2889 2885 2984 2950 vos
3027 2895 3313 2948 Dominum
3361 2894 3580 2946 habetis
3623 2894 3671 2942 in

2112 2996 2272 3051 ca'lo.
2301 2991 2546 3049 Orationi
2613 2994 2832 3051 instate.
2870 2989 3154 3056 vigilantes
3199 2989 3251 3041 itt
3281 3002 3344 3039 ea
3391 2989 3443 3038 in
3477 2985 3672 3054 gratia-

2114 3104 2230 3141 rtttu
2285 3089 2555 3140 artiouc:
2625 3095 2845 3136 orantes
2892 3081 3053 3136 simul
3103 3089 3158 3132 et
3215 3093 3313 3147 pro
3372 3081 3556 3142 nobis,
3619 3087 3672 3130 ut

440 3175 497 3215 (εὶ
533 3165 856 3232 “mnium”.
884 3178 937 3222 ει
963 3185 1071 3222 11011
1106 3171 1172 3222 ad
1211 3171 1543 3238 parcendum
1575 3173 1594 3202 '
1627 3172 1864 3240 corpori,
1904 3189 2008 3226 ηοιι
2039 3187 2080 3245 C
2119 3180 2260 3232 Deus
2295 3180 2503 3247 aperiat
2543 3176 2700 3229 nobis
2724 3175 2921 3229 ostium
2955 3172 3221 3227 Sermonis
3244 3177 3309 3224 ad
3340 3171 3671 3240 loquendum

441 3256 499 3308 in
539 3257 745 3310 honore
787 3259 968 3327 aliqtto
999 3260 1062 3311 ad
1087 3263 1424 3314 saturitatem
1452 3262 1658 3316 carnis.

516 3347 670 3417 (Cap.
705 3348 817 3419 lll.]
843 3350 1029 3418 Igitur,
1075 3352 1117 3403 si
1145 3355 1564 3406 consurrevistis
1615 3371 1738 3407 cum
1770 3356 2010 3420 Christo,

443 3451 564 3504 quae
589 3453 802 3489 sursum
837 3449 964 3490 sunt
995 3441 1240 3506 quaerite,
1280 3443 1369 3494 ubi
1401 3444 1654 3496 Christus
1684 3457 1764 3498 est
1798 3448 1847 3497 in
1881 3450 2012 3498 dex-

447 3538 562 3580 teta
587 3528 678 3580 Dei
715 3529 914 3582 sedens
942 3546 955 3582 :
992 3547 1109 3597 qua!
1141 3546 1358 3584 suisutn
1388 3544 1515 3586 sunt
1543 3537 1732 3601 sapite,
1770 3554 1873 3590 non
1895 3554 2014 3606 qua:

447 3636 613 3687 super
655 3633 875 3674 terram.
913 3623 1106 3676 Murtui
1137 3626 1280 3678 enim
1312 3632 1465 3691 estis,
1497 3638 1550 3680 ct
1584 3631 1688 3683 vita
1723 3640 1898 3683 vestra
1929 3641 2014 3683 est

447 3713 766 3767 abscondita
809 3731 930 3768 cum
970 3717 1189 3771 Christo
1223 3719 1274 3770 in
1306 3720 1436 3773 Deo.
1465 3720 1594 3772 Cum
1636 3723 1889 3777 Christus
1920 3740 2015 3794 ap-

451 3810 714 3876 paruerit,
752 3809 856 3860 vila
898 3822 1094 3872 vestra,
1133 3821 1260 3863 tunc
1285 3821 1340 3863 et
1385 3826 1479 3863 vos
1503 3814 1834 3880 :tppat'cbitis
1887 3830 2010 3867 cum

453 3901 568 3966 ipso
591 3902 640 3950 in
673 3903 862 3966 gloria.
901 3901 1008 3952 Mox
1028 3902 1224 3953 tdicate
1249 3917 1376 3970 ergo
1403 3903 1640 3954 tnembra
1669 3913 1864 3964 vestra,
1893 3919 2014 3971 qua:

453 4004 577 4043 sunt
602 4009 762 4058 super
786 4003 979 4044 terram
1015 4009 1027 4054 ;
1081 3993 1518 4055 fut'tticzttionettt,
1587 3995 2008 4053 immunditiam,

453 4083 750 4147 libidinem,
787 4087 1286 4150 ctittcnpiscentiatn
1352 4087 1646 4149 malum,“
1700 4085 2007 4150 avaritiam,

453 4192 572 4240 quac
604 4188 682 4228 est
727 4178 1139 4228 sintnlacrortttn
1195 4179 1432 4230 servitus
1465 4193 1479 4230 :
1513 4190 1736 4246 propter
1769 4195 1890 4246 qua:
1922 4197 2013 4232 ve-

456 4281 531 4320 utt
563 4273 638 4321 ira
677 4269 765 4320 [lci
818 4285 979 4335 super
1011 4269 1149 4321 tilios
1213 4269 1612 4324 incredulitatis
1652 4287 1665 4323 :
1706 4272 1760 4324 in
1812 4273 2014 4340 quibus

449 4371 496 4412 ct
554 4377 647 4413 vos
705 4362 1024 4412 :‘ttnbnlastis
1081 4361 1396 4426 aliquando,
1453 4376 1573 4413 cum
1638 4361 1894 4417 viveretis
1958 4368 2008 4418 iu

451 4455 502 4506 iii
533 4472 574 4506 s.
613 4453 968 4506 Nuncnttlatu
998 4453 1268 4527 .dt'puuilc
1333 4464 1386 4505 ct
1427 4469 1521 4505 vos
1583 4457 1787 4517 omnia,
1853 4457 2006 4521 iram,

453 4548 902 4613 indignationem,
961 4546 1240 4604 mal.tiatn,
1320 4547 1736 4613 blasphemiam,
1798 4558 2010 4618 turpctu

1287 4639 1462 4690 Nolite
1517 4642 1732 4693 mentiri
1762 4643 2015 4704 intictzm,

457 4731 827 4798 exspoliantes
858 4746 950 4780 vos
1003 4741 1239 4786 veterem
1303 4733 1577 4784 hominem
1637 4749 1756 4784 cum
1812 4734 2019 4786 actibus

452 4655 598 4691 scrin
626 4655 762 4689 .ttetn
790 4641 854 4686 tle
887 4655 978 4687 ore
1015 4647 1216 4690 vestro.

459 4825 576 4878 suis
609 4823 727 4894 [me
753 4822 916 4892 ejus],
954 4833 1004 4874 ct
1041 4822 1329 4876 iudueutcs
1363 4840 1580 4888 novum,
1609 4843 1730 4877 cum
1782 4831 1872 4894 qui
1935 4844 2023 4880 rc-

461 4928 694 4970 notatur
729 4917 780 4968 in
825 4916 1182 4984 agnitionem,
1214 4915 1516 4966 secundum
1555 4916 1843 4983 imaginem
1906 4919 2026 4986 ejus

460 5010 550 5078 qui
585 5012 786 5062 creavit
821 5007 992 5060 illum.
1035 5008 1134 5062 Ubi
1168 5025 1273 5060 non
1307 5021 1387 5059 est
1412 5010 1630 5077 gentilis
1662 5020 1715 5062 et
1777 5012 2023 5075 Ιιιόιρυε,

459 5099 803 5154 circumcisio
851 5108 905 5150 et
957 5100 1307 5167 prchutiun't,
1372 5099 1642 5152 Barbarus
1697 5111 1750 5152 ct
1803 5101 2026 5169 Scytha,

461 5209 652 5246 Servus
686 5203 738 5246 et
798 5194 933 5245 liln-r
965 5211 977 5244 :
1014 5194 1106 5246 sed
1149 5196 1329 5245 omnia
1380 5202 1434 5246 cl
1465 5195 1516 5245 iu
1549 5194 1808 5246 omnibus
1873 5193 2030 5246 Chri-

463 5296 600 5341 stus.
634 5287 845 5340 lnduite
877 5304 972 5340 vos
1031 5304 1161 5355 ergo
1215 5288 1357 5340 sicut
1406 5289 1563 5342 electi
1592 5288 1704 5348 [)ei,
1757 5290 1954 5349 sancti,
1982 5296 2038 5339 et

461 5380 668 5444 dilecti,
715 5381 921 5433 viscera
969 5381 1374 5442 ttiisericortliaa,
1410 5381 1822 5446 benignitatem,
1862 5380 2038 5434 humi-

485 5474 694 5536 itatcm,
772 5474 1114 5532 modestiam,
1198 5475 1514 5542 patientiam
1587 5483 2038 5540 :snpportaates

469 5568 726 5628 invicem,
759 5579 812 5620 ct
849 5566 1118 5619 donantes
1152 5568 1581 5634 vobismetipsis,
1615 5567 1658 5620 ei
1690 5568 1814 5633 quis
1841 5566 2038 5616 adver-

469 5676 566 5717 sus
586 5661 820 5727 aliquem
894 5659 1059 5713 habet
1122 5660 1400 5728 querelam
1436 5660 1619 5713 :sieut
1656 5669 1706 5710 εει
1772 5659 2039 5710 Dominus

772 5473 1087 5526 modestiam
1101 5515 1114 5532 .

554 5840 574 5869 ⁸
603 5839 723 5902 Ms"
756 5845 804 5890 et
865 5840 933 5892 ad
997 5858 1097 5894 non
1161 5842 1498 5904 parcendum.
1524 5840 1638 5901 αι’..
1673 5841 1763 5890 κίε

2045 4519 2093 4576 Ι)

1829 5837 2108 5902 ἁξειδέως.

2120 3272 2442 3340 llt_\'$'efitttlt
2469 3269 2672 3322 Christi
2717 3271 2964 3336 (propter
3030 3265 3175 3333 quod
3233 3266 3400 3316 etiam
3462 3265 3674 3316 vinctus

2115 3364 2281 3428 sum),
2317 3371 2374 3414 ut
2405 3361 2740 3414 tnanifestcm
2771 3360 2897 3412 iltttd
2928 3361 2995 3408 ita
3034 3366 3091 3409 ιιι
3114 3366 3327 3424 Oportet
3383 3372 3469 3408 mc
3513 3354 3678 3421 l0qui.

2116 3449 2170 3504 ln
2195 3451 2460 3519 Sapientia
2496 3449 2767 3501 ambulate
2796 3449 2860 3499 ad
2887 3464 2980 3499 eos
3032 3449 3120 3511 qui
3183 3445 3313 3496 foris
3345 3455 3497 3506 Sttttl,
3555 3456 3681 3496 tetu-

2117 3561 2214 3614 pus
2240 3544 2593 3595 reditnentes.
2655 3542 2849 3594 Sermo
2912 3553 3093 3594 vester
3148 3556 3364 3607 semper
3394 3541 3448 3592 in
3513 3539 3680 3607 gratia

2115 3637 2224 3689 sale
2246 3636 2318 3686 sit
2349 3633 2625 3694 Conditus,
2661 3642 2720 3684 ut
2755 3632 2946 3685 sciatis
2995 3632 3268 3698 quonuatlo
3301 3638 3560 3694 oporteat
3602 3641 3684 3678 vos

2117 3727 2410 3796 unicuique
2441 3725 2794 3794 respondere.
2817 3725 2944 3784 Qua:
2975 3725 3116 3777 circa
3151 3738 3233 3774 me
3293 3733 3444 3784 sunt,
3510 3722 3683 3772 omnia

2116 3818 2273 3871 vobis
2302 3827 2425 3870 uota
2465 3817 2625 3869 faciet
2657 3816 2949 3886 Tyclticus,
3009 3813 3370 3866 charissitutts
3411 3813 3607 3867 fiater.
3639 3819 3689 3861 et

2119 3911 2293 3962 ﬁdelis
2335 3909 2607 3964 minister,
2638 3919 2695 3961 ct
2757 3921 3064 3960 conservus
3119 3905 3172 3958 in
3222 3906 3453 3958 Domino
3489 3923 3504 3958 :
3534 3917 3689 3971 quem

2117 4005 2238 4055 misi
2269 4003 2336 4056 ad
2366 4018 2462 4056 vos
2502 4001 2570 4054 ad
2601 4001 2703 4053 hoc
2731 3999 2929 4066 ipsmn,
2963 4007 3022 4051 ut
3048 4006 3343 4064 cognoscat
3373 4014 3497 4062 qua.-
3554 4000 3694 4047 circa

2123 4112 2215 4146 vos
2240 4105 2388 4156 sunt,
2416 4103 2470 4146 et
2502 4093 2817 4146 consoletur
2843 4089 3008 4141 corda
3046 4098 3246 4152 vestra,
3265 4103 3390 4140 cum
3412 4087 3693 4148 Onesimo,

2118 4187 2439 4238 charissima
2494 4194 2550 4238 et
2582 4183 2722 4238 iideli
2760 4184 2948 4242 fratre,
2984 4183 3075 4249 qui
3117 4197 3179 4232 ex
3217 4180 3373 4232 vobis
3426 4190 3540 4232 est.
3579 4179 3703 4231 0m-

2118 4281 2228 4335 nia.
2256 4294 2376 4345 qum
2408 4277 2496 4329 hic
2519 4286 2772 4344 aguntur.
2811 4283 2936 4326 nota
2994 4274 3199 4326 facient
3248 4272 3427 4324 vobis.
3489 4271 3703 4323 Salutat

2122 4387 2215 4422 vos
2275 4369 2628 4420 Aristarchus
2681 4367 3040 4432 C0llt‘3plintS
3113 4379 3289 4426 meus,
3343 4373 3401 4415 ct
3471 4363 3703 4440 Marcus.

2119 4464 2482 4516 consobrinus
2511 4460 2793 4519 Barnabm,
2824 4460 2891 4509 de
2925 4474 3034 4525 quo
3068 4457 3358 4524 accepistis
3394 4457 3656 4508 mandata
3687 4449 3704 4466 ⁸

2120 4555 2166 4606 si
2211 4555 2418 4606 venerit
2450 4554 2514 4604 ad
2548 4568 2658 4612 vos,
2695 4553 2926 4619 excipite
2957 4552 3105 4603 illum
3148 4569 3161 4605 :
3195 4562 3247 4604 et
3275 4551 3458 4611 Jesus,
3505 4551 3600 4619 qui
3629 4549 3710 4600 di-

2122 4649 2264 4701 citur
2292 4648 2525 4702 Justus:
2557 4645 2643 4713 qui
2678 4656 2803 4697 sunt
2871 4662 2935 4696 ex
3001 4646 3448 4704 circumcisicne,
3507 4644 3562 4694 hi
3613 4641 3711 4693 soli

2125 4749 2250 4792 sunt
2280 4740 2560 4807 adjutores
2602 4739 2705 4788 uiri
2739 4740 2792 4787 in
2835 4755 3000 4802 t‘t-gtttt
3032 4737 3147 4796 Dei,
3176 4736 3268 4803 qui
3313 4735 3449 4786 mihi
3493 4736 3715 4786 fuerunt

2127 4833 2341 4885 Solatio.
2379 4831 2589 4883 Salutat
2625 4848 2717 4882 vos
2745 4830 3042 4897 Epaphras,
3067 4829 3154 4895 qui
3180 4844 3245 4879 ex
3276 4827 3435 4877 vobis
3459 4839 3572 4885 est,
3609 4841 3715 4877 ser-

2129 4941 2228 4976 vus
2254 4923 2453 4975 Christi
2505 4916 2900 4988 Jestt.set'ttpcr
2945 4919 3219 4971 sollicitus
3273 4933 3370 4985 pro
3441 4917 3608 4970 vobis
3666 4915 3714 4967 in

2131 5016 2495 5076 orationibus,
2548 5023 2605 5065 ut
2664 5016 2817 5066 stetis
2877 5012 3210 5080 prt'l'ccti.ct
3264 5011 3408 5077 pleni
3462 5011 3518 5063 in
3574 5009 3718 5061 omni

2136 5109 2412 5160 volan'atc
2461 5107 2576 5158 Dei.
2630 5104 3027 5156 TestitnOninnt
3082 5103 3227 5154 cnim
3285 5102 3361 5153 illi
3424 5102 3717 5168 pcrhibeo,

2135 5199 2276 5268 quod
2308 5199 2468 5251 habet
2504 5199 2730 5249 multum
2775 5197 3010 5248 laborem
3069 5211 3164 5262 pro
3225 5194 3374 5247 vobis
3410 5207 3470 5247 et
3524 5211 3623 5262 pro
3661 5195 3719 5244 iis

2141 5294 2230 5358 qui
2267 5305 2394 5344 sunt
2439 5289 2729 5350 Laodicia),
2764 5299 2817 5340 et
2852 5290 2941 5356 qui
3010 5287 3308 5356 Hierapoli.
3367 5285 3598 5339 Salutat
3635 5299 3724 5339 vos

2143 5383 2313 5436 Lucas
2361 5382 2603 5435 medicus
2667 5381 3046 5440 charissimus,
3095 5387 3149 5431 et
3187 5379 3401 5432 Demos.
3479 5379 3724 5432 Salutate

2150 5478 2346 5528 fratres
2406 5475 2499 5543 qtti
2525 5485 2654 5526 sunt
2684 5473 2978 5533 Laodiciw,
3010 5481 3065 5524 ct
3101 5470 3430 5541 Nympham,
3451 5483 3508 5524 ct
3532 5488 3652 5541 qua:
3677 5470 3726 5522 in

2141 5567 2302 5617 domo
2327 5569 2445 5630 ejus
2471 5573 2556 5616 est
2577 5603 2590 5624 ,
2617 5565 2924 5616 ecclesiam.
2965 5563 3169 5616 Etcum
3204 5560 3340 5613 lecta
3378 5560 3564 5614 fuerit
3592 5559 3726 5628 apud

2143 5673 2236 5709 vos
2257 5655 2484 5724 epistola
2509 5657 2639 5719 ha-c,
2664 5655 2822 5707 facite
2846 5663 2904 5707 ut
2925 5662 2980 5708 et
3001 5655 3052 5708 in
3079 5651 3513 5706 Laodicensium
3561 5649 3728 5706 cccle-
