3946 6170
257 228 301 290 8.
332 232 364 292 3
1275 234 1337 292 s.
1370 232 1602 292 PAULI
1645 232 1881 292 EPlS’I‘.
1928 233 1948 289 ι
1990 235 2089 292 AD
2129 235 2498 298 TttEssAL.
3387 246 3494 309 επά

257 345 336 394 sia
370 344 581 408 legatur
618 361 628 394 :
667 355 718 396 et
754 359 896 402 eam,
949 361 1070 412 quae
1124 344 1537 396 Laodicensium
1569 353 1674 407 est,
1738 359 1832 394 vos
1866 353 1906 404 Α
1939 363 2054 399 mea
2115 365 2274 400 nano
2344 352 2528 421 Pauli...
2590 351 2851 405 Mentores
2915 364 3089 408 estote
3157 355 3494 413 vinculorum

256 432 465 501 legatis.
507 431 569 486 Et
592 435 756 487 dicite
775 435 1046 502 Archippo
1072 453 1085 488 ;
1115 435 1244 487 Vide
1267 435 1626 486 ministerium
1680 435 1822 500 quod

253 525 512 592 accepisti
576 527 626 579 in
659 526 910 590 Domino,
960 537 1014 579 ut
1065 526 1195 578 illud
1259 525 1505 593 impleas.
1558 524 1824 577 Salutatio

1935 453 2206 492 nieorum.
2259 441 2442 494 Gratia
2469 443 2769 497 vobiscum.
2816 444 3011 501 Amen.

1109 661 1344 730 Explicit
1381 658 1618 727 Epistola
1654 657 1714 710 Β.
1749 657 1908 710 Pauli
1940 662 2166 728 apostoli
2196 665 2265 714 ad
2297 664 2647 722 Colossenses.

1067 861 1396 869 ..ὴ-..ἡρ-
1411 863 1551 869 -ωσ--ο
1567 864 2002 872 .--.----ορ.---

2703 867 2934 881 0-...—

997 1021 1167 1132 Βε
1245 1019 1798 1130 νωιιέ
1878 1020 2763 1139 APOSTOLI

1729 1181 2018 1289 thilPlT

475 1406 1238 1534 EPISTULA
1332 1404 1564 1529 AD!
1639 1404 3264 1545 THESSALONICENSES.

1696 1654 2040 1730 PRIMA.

315 1971 475 2044 [Cap.
501 1967 521 2022 l
550 1969 568 2039 ἶ
609 1966 830 2031 Paulus,
854 1977 907 2022 et
941 1968 1194 2022 Silvanus
1221 2006 1234 2028 .
1266 1976 1320 2020 et
1351 1965 1690 2034 Timotheus,
1725 1963 1823 2018 Ee-
1853 1973 1894 2027 Β
1927 1969 2154 2034 apostoli
2183 1986 2196 2024 :
2226 1971 2320 2026 sed
2353 1963 2476 2026 facti
2506 1988 2695 2028 sumus
2723 1976 2932 2044 parvuli
2963 1977 3014 2031 in
3041 1981 3219 2034 medio
3245 1991 3486 2036 vestrum

252 2065 432 2117 tlt‘sla:
456 2063 484 2114 ἰ
505 2062 1046 2123 Ιιιιδιςῖιιοιιὶρθιιδῐιιιιι,
1079 2061 1132 2112 in
1163 2059 1268 2112 Deo
1295 2060 1474 2122 Patre,
1500 2067 1554 2111 et
1583 2057 1818 2110 Domino

248 2157 373 2210 Jesu
443 2154 681 2207 (ihristo.
711 2152 890 2205 Gratia
921 2153 1094 2214 vobis,
1123 2160 1175 2205 et
1201 2168 1323 2219 pax.
1352 2150 1568 2204 Gratias
1609 2150 1820 2218 agimus

252 2249 360 2301 Deo
393 2262 608 2314 semper
639 2262 734 2314 pro
765 2261 851 2298 om
867 2246 1027 2298 nibus
1059 2243 1234 2306 vobis,
1267 2243 1587 2296 memoriam
1650 2241 1817 2293 vestri

248 2339 511 2392 facientes
534 2341 586 2390 in
619 2337 964 2390 orationibus
991 2335 1191 2389 nostris
1241 2336 1359 2388 sine
1393 2334 1817 2395 intermissione,

250 2446 521 2485 memores
537 2431 719 2499 operis
745 2429 864 2480 lidei
888 2436 1097 2490 vestrae,
1128 2437 1182 2480 et
1202 2426 1425 2487 laboris,
1449 2435 1500 2477 et
1518 2424 1816 2487 eharitatis,

247 2533 299 2576 et
324 2523 664 2575 sustinentia
703 2520 817 2588 spei
863 2519 1071 2571 Domini
1098 2523 1266 2572 nostri
1291 2515 1416 2570 Jesu
1436 2516 1661 2577 Christi,
1693 2527 1818 2568 ante

248 2614 423 2668 Deum
456 2625 509 2667 et
534 2611 746 2665 Patrem
785 2622 1034 2665 nostrum
1075 2625 1090 2664 :
1126 2612 1384 2671 scientes,
1412 2609 1608 2661 fratres
1634 2607 1848 2679 dilecti

245 2721 274 2758 a
312 2707 446 2771 Deo,
472 2703 794 2757 electionem
824 2710 1058 2755 vestram
1089 2717 1103 2754 :
1137 2700 1264 2770 quia
1318 2699 1674 2767 Evangelium
1723 2714 1820 2751 no-

245 2806 422 2849 Strum
449 2808 556 2846 non
586 2792 688 2844 fuit
712 2790 778 2844 ad
812 2806 906 2844 vos
936 2791 991 2844 in
1016 2805 1267 2844 sermone
1300 2798 1531 2853 tantum,
1564 2789 1656 2842 sed
1688 2799 1742 2842 et
1764 2788 1819 2842 in

248 2885 471 2948 virtute,
496 2893 550 2937 et
569 2883 622 2936 in
648 2881 856 2951 Spiritu
885 2890 1094 2945 sancto,
1113 2891 1167 2934 et
1185 2881 1238 2933 in
1262 2879 1601 2950 plenitudine
1626 2881 1815 2946 multa,

245 2979 393 3031 sicut
435 2975 593 3028 scitis
618 2976 806 3044 quales
876 2973 1140 3028 fuerimus
1164 2975 1220 3028 in
1268 2975 1423 3028 vobis
1454 2982 1677 3042 propter
1700 2987 1816 3026 vos.

245 3069 311 3123 Et
337 3085 434 3121 vos
459 3069 760 3121 imitatores
791 3066 958 3121 nostri
992 3066 1117 3120 facti
1145 3065 1297 3128 estis,
1318 3074 1372 3119 et
1403 3065 1634 3124 Domini,
1668 3065 1816 3117 exci-

245 3163 459 3230 pientes
488 3162 714 3213 verbum
755 3159 808 3213 in
840 3159 1188 3212 tribulatione
1224 3157 1412 3216 multa.
1437 3173 1558 3210 cum
1618 3157 1818 3223 gaudio

245 3252 487 3320 Spiritus
518 3252 735 3306 sancti:
769 3253 839 3304 ita
875 3259 933 3304 ut
991 3249 1119 3304 facti
1161 3249 1281 3303 sitis
1330 3249 1502 3302 forma
1563 3249 1817 3302 omnibus

244 3346 596 3398 credentibus
622 3345 672 3396 in
729 3343 1040 3397 MacedOnia
1100 3350 1153 3394 et
1208 3342 1262 3394 in
1315 3341 1609 3394 Aehaia.A
1668 3341 1820 3393 vobis

245 3439 390 3491 enim
424 3437 734 3490 diti'amatus
753 3445 834 3490 est
864 3451 1046 3490 sermo
1095 3434 1331 3497 Domini,
1398 3450 1504 3486 non
1533 3434 1706 3486 solum
1764 3437 1817 3485 in

245 3531 565 3585 Macedonia
594 3541 649 3586 et
683 3531 735 3585 in
800 3531 1024 3593 Achaia,
1053 3529 1146 3582 sed
1179 3539 1234 3581 et
1265 3529 1316 3580 in
1351 3527 1499 3580 omni
1533 3527 1649 3581 loco
1690 3527 1822 3579 fides

245 3635 445 3687 vestra,
473 3640 596 3692 quae
627 3634 708 3676 est
736 3625 799 3676 ad
826 3621 1264 3690 Deum,profecta
1296 3630 1401 3683 est,
1436 3621 1505 3672 ita
1533 3631 1592 3673 ut
1623 3636 1727 3672 non
1752 3619 1822 3672 sit

244 3715 402 3767 nobis
436 3730 661 3768 necesse
716 3715 1010 3783 quidquam
1055 3701 1226 3781 loqui.
1263 3710 1368 3782 lpsi
1401 3713 1543 3764 enim
1569 3711 1634 3763 de
1668 3711 1822 3764 nobis

244 3803 372 3872 [πω.
408 3803 587 3873 vobis]
615 3807 940 3857 annuntiant
968 3805 1182 3872 qualem
1221 3802 1506 3854 introitum
1551 3801 1820 3852 habueri-

243 3913 366 3949 mus
395 3899 460 3950 ad
494 3913 592 3950 vos
625 3911 637 3947 :
665 3908 717 3950 et
747 3899 1020 3966 quomodo
1068 3896 1316 3949 conversi
1351 3895 1483 3947 estis
1517 3895 1581 3946 ad
1652 3892 1820 3946 Deum

242 3988 622 4052 risimulaeris,
651 3989 859 4041 servire
893 3989 1002 4041 Deo
1076 3989 1198 4041 vivo
1251 3998 1304 4042 et
1345 4002 1495 4052 vero,
1538 3995 1591 4040 et
1632 4003 1823 4054 exspe-

241 4092 394 4131 CIare
436 4079 630 4132 Filium
655 4082 770 4150 ejus
792 4081 859 4134 de
889 4082 1238 4150 cu:lis(r,ttetn
1271 4081 1552 4134 suscitavit
1586 4095 1649 4134 ex
1675 4096 1820 4131 n.or-

240 4180 375 4235 tnis,’
400 4172 609 4232 Jesum,
645 4173 735 4239 qui
760 4173 964 4240 eripuit
1001 4188 1104 4226 nos
1139 4173 1205 4223 ab
1242 4172 1319 4224 ira
1338 4181 1583 4224 ventura.

317 4263 336 4334 ι
371 4267 477 4330 .‘ap.
511 4261 599 4332 tl]
634 4261 764 4313 Nam
801 4263 901 4330 ipsi
938 4262 1106 4324 Erilis,
1142 4262 1354 4321 fratres.
1383 4263 1660 4314 introitum
1727 4278 1822 4315 no-

236 4369 311 4408 stt
334 4374 423 4406 um
455 4365 517 4406 ad
549 4374 662 4418 vos,
685 4356 807 4422 quia
843 4373 946 4407 non
977 4355 1150 4407 inanis
1186 4357 1283 4406 fuit
1315 4355 1438 4407 :scd
1467 4364 1587 4406 ante
1619 4356 1820 4422 passi‘,

238 4462 291 4500 et
340 4449 691 4500 cuntunicliis
748 4447 926 4500 allecti
971 4449 1134 4513 (sicut
1179 4447 1358 4513 scius)
1401 4447 1453 4498 in
1493 4447 1758 4515 Philippis
1799 4487 1813 4511 ,

242 4544 504 4592 fiduciam
560 4538 855 4591 habuimus
890 4538 939 4589 in
986 4538 1094 4591 Deo
1145 4548 1328 4590 nostro
1358 4577 1372 4600 ,
1426 4538 1570 4606 loqui
1613 4539 1676 4591 ad
1726 4553 1821 4592 vos

1926 2069 2186 2128 tanquam
2239 2064 2282 2116 si
2315 2065 2494 2118 nutrix
2553 2066 2734 2119 foveat
2784 2068 2921 2122 filios
2979 2087 3127 2124 suos.
3171 2073 3240 2125 lta
3275 2074 3491 2129 deside-

1925 2162 2108 2204 rantes
2148 2167 2244 2205 vos
2304 2154 2520 2220 cupide,
2564 2155 2878 2210 volebamus
2948 2161 3158 2213 tradere
3195 2163 3344 2217 vobis
3381 2181 3489 2220 non

1923 2239 2098 2291 solum
2147 2241 2500 2311 Evangelium
2535 2244 2647 2309 Dei,
2677 2249 2769 2300 sed
2801 2251 2961 2302 etiam
2989 2252 3197 2305 animas
3231 2263 3444 2308 nostras
3472 2272 3485 2308 :

1923 2331 2178 2396 quoniam
2238 2333 2542 2386 charissimi
2608 2337 2765 2392 nobis
2827 2340 2953 2392 facti
3010 2345 3164 2396 estis.
3223 2343 3493 2399 Memorcs

1922 2421 2066 2473 enim
2135 2423 2288 2488 estis,
2330 2426 2513 2486 frater,
2552 2426 2751 2482 laboris
2813 2434 2981 2485 nostri
3023 2444 3077 2487 et
3109 2435 3488 2501 fatigationis:

1924 2525 2082 2564 nocte
2120 2529 2180 2564 ac
2223 2513 2308 2572 die
2340 2527 2650 2581 operantes,
2692 2534 2758 2570 ne
2794 2535 2956 2588 quem
3001 2534 3240 2576 vestrum
3294 2543 3488 2594 grava-

1924 2617 2125 2663 remus,
2166 2607 2581 2672 prmdicavimus
2615 2607 2736 2678 [ms.
2766 2611 2938 2683 enim]
2972 2615 3021 2665 in
3055 2616 3207 2668 vobis
3244 2617 3492 2687 Evange-

1921 2695 2050 2748 lium
2085 2697 2198 2750 Dei.
2245 2697 2352 2752 Vos
2387 2710 2548 2755 testes
2587 2704 2716 2757 estis
2741 2743 2755 2768 ,
2789 2714 2841 2757 et
2870 2705 3038 2771 Deus,
3066 2723 3227 2776 quam
3258 2720 3446 2764 sancte
3468 2753 3485 2778 ,

1922 2799 1974 2840 et
2000 2791 2165 2858 juste,
2206 2800 2260 2845 et
2291 2791 2410 2846 sine
2438 2795 2658 2861 querela
2684 2835 2699 2860 ,
2734 2797 2890 2850 vobis
2917 2837 2931 2860 ,
2988 2799 3080 2866 qui
3135 2801 3447 2857 credidistis
3471 2842 3486 2867 ,

1924 2879 2172 2935 fuimus:
2228 2881 2370 2936 sicut
2408 2885 2576 2947 scitis,
2620 2885 2854 2953 qualiter
2887 2905 3330 2959 unumquemque
3397 2910 3490 2948 ve-

1923 2983 2096 3026 strum
2137 2973 2300 3044 (sicut
2332 2985 2485 3044 pater
2521 2977 2661 3032 filios
2703 2981 2853 3048 suos)
2887 2980 3242 3050 deprecantes
3291 3001 3388 3040 vos
3435 2997 3491 3042 et

1922 3066 2287 3130 coasolantes,
2323 3069 2592 3122 testificati
2636 3086 2850 3134 sumus,
2884 3084 2941 3126 ut
2989 3077 3343 3130 ambularetis
3401 3079 3488 3132 di-

1922 3171 2023 3224 gne
2051 3158 2176 3221 Deo,
2203 3158 2294 3225 qui
2320 3161 2527 3213 vocavit
2550 3177 2646 3214 vos
2667 3163 2719 3214 in
2746 3179 2902 3215 suum
2925 3181 3148 3232 regnum
3170 3169 3485 3234 etglo'iam.

1928 3250 2050 3300 Ideo
2079 3261 2128 3300 et
2155 3264 2252 3303 nos
2283 3252 2485 3320 gratias
2519 3255 2728 3321 agimus
2759 3254 2868 3308 Deo
2899 3255 3016 3308 sine
3045 3259 3444 3312 intermissione
3473 3274 3488 3312 :

1926 3346 2188 3409 quoniam
2226 3359 2344 3396 cum
2387 3346 2736 3413 accepiswtis
2770 3363 2797 3399 a
2831 3347 2988 3400 nobis
3016 3350 3238 3402 verbum
3271 3351 3494 3406 auditus

1927 3434 2058 3492 Dei,
2099 3434 2389 3500 accepistis
2425 3434 2592 3500 illud,
2642 3452 2748 3488 non
2782 3447 2839 3488 ut
2898 3439 3120 3490 verbum
3167 3441 3489 3506 hominum,

1924 3525 2016 3576 sed
2065 3524 2229 3594 (sicut
2262 3535 2345 3578 est
2376 3529 2523 3592 vere)
2558 3528 2806 3580 .verbum
2868 3528 2980 3593 Dei,
3018 3530 3107 3597 qui
3150 3542 3404 3596 operatur
3437 3533 3490 3585 in

1925 3617 2115 3678 vobis,
2150 3617 2240 3683 qui
2298 3617 2632 3671 credidistis.
2672 3617 2776 3670 Vos
2811 3621 2955 3672 enim
3012 3623 3311 3674 imitatores
3365 3625 3489 3676 facti

1925 3709 2078 3774 estis,
2112 3708 2331 3770 fratres,
2365 3708 2728 3761 Ecclesiarum
2769 3710 2859 3762 Dei
2911 3727 3031 3778 quae
3063 3722 3190 3764 sunt
3229 3729 3276 3764 ιιι
3307 3711 3490 3767 διιάέυιι

1926 3800 1978 3852 in
2021 3799 2236 3853 Christo
2269 3798 2434 3864 Jesu;
2473 3800 2600 3867 quia
2657 3802 2843 3852 eadem
2883 3803 3024 3868 [διιδςὶ
3084 3803 3215 3854 estis
3251 3813 3304 3855 ct
3338 3819 3429 3855 vos
3461 3821 3489 3855 a

1925 3891 2322 3944 eontribulihos
2357 3891 2568 3953 veSIris,
2600 3892 2737 3943 sicut
2763 3903 2815 3945 et
2849 3893 2948 3959 ipsi
2981 3910 3007 3945 a
3038 3893 3235 3946 Judaeis
3265 3911 3277 3948 :
3327 3897 3411 3964 ’ζιιί
3439 3906 3490 3948 «ιι

1925 3983 2211 4040 Ποιι·ιίιιιιιιι
2250 3985 2562 4038 occiderunt
2603 3985 2785 4037 Jesum
2811 4023 2826 4046 ,
2855 3997 2908 4038 et
2943 3987 3261 4053 prophetas,
3298 4000 3350 4038 et
3393 4002 3490 4038 nos

1926 4079 2196 4146 persecuti
2233 4088 2377 4142 sunt,
2417 4089 2476 4132 et
2518 4078 2625 4130 Deo
2685 4094 2790 4129 non
2836 4080 3045 4146 placent
3083 4078 3204 4149 ints.
3269 4081 3486 4146 placue-

1929 4167 2100 4239 runt],
2131 4176 2184 4219 ct
2212 4167 2470 4220 omnibus
2521 4166 2836 4218 hominibus
2874 4165 3231 4218 adversantur
3261 4181 3274 4219 :
3307 4167 3487 4234 prohi-

1927 4263 2120 4314 hentes
2153 4274 2254 4314 nos
2309 4259 2562 4328 gentibus
2596 4259 2765 4325 loqui,
2806 4268 2862 4308 ut
2922 4257 3080 4309 salva:
3117 4257 3263 4316 fiant,
3303 4270 3358 4308 ut
3389 4258 3490 4308 iui--

1926 4353 2108 4422 pleant
2138 4355 2358 4420 peccata
2395 4366 2494 4403 sua
2525 4365 2780 4415 semper:
2824 4351 3069 4416 pervenit
3105 4351 3245 4399 enim
3283 4349 3356 4398 ira
3399 4349 3486 4400 fici

1926 4463 2089 4516 super
2127 4448 2246 4500 illos
2313 4462 2481 4514 usque
2523 4445 2576 4497 in
2617 4445 2796 4496 finetn.
2836 4443 2944 4496 Nos
2989 4454 3167 4494 autem
3197 4484 3210 4506 ,
3253 4442 3442 4494 fratres
3473 4483 3489 4504 ,

1927 4539 2149 4593 desolati
2178 4553 2204 4591 a
2226 4538 2380 4591 vobis
2405 4538 2467 4590 ad
2489 4547 2698 4606 tempus
2720 4537 2887 4594 horae,
2915 4546 3157 4603 asper-tu,
3181 4551 3283 4584 non
3307 4537 3490 4595 corde,

241 4631 605 4699 Enngelium
648 4629 739 4680 Dei
781 4630 831 4681 in
868 4629 1033 4680 multa
1066 4627 1455 4681 sollicitudine.
1492 4629 1813 4682 Exhortatio
1847 4630 1890 4681 D
1920 4631 2288 4685 abundantius
2350 4629 2732 4683 festinavimus
2769 4628 2961 4680 faciem
3025 4642 3257 4679 vesuam
3311 4627 3491 4678 vidi-re

236 4722 394 4774 enim
429 4731 608 4772 nostra
649 4737 753 4771 non
785 4719 852 4772 de
884 4733 1088 4782 errore,
1127 4734 1304 4787 neque
1345 4719 1410 4771 de
1453 4721 1818 4785 itnmunditra,

238 4828 429 4880 neque
470 4813 520 4864 in
563 4813 714 4875 dolo,
755 4812 854 4864 sed
884 4812 1024 4864 sicut
1058 4811 1272 4878 probati
1309 4827 1496 4864 sumus
1529 4828 1556 4864 a
1600 4811 1728 4877 Deo,
1764 4823 1821 4866 ut

235 4906 572 4956 crederetur
613 4903 770 4955 nobis
811 4902 1168 4971 Evangelium
1207 4917 1223 4954 :
1264 4902 1336 4954 ita
1379 4903 1675 4970 loquimur,
1712 4919 1819 4956 non

236 4997 409 5063 quasi
460 4997 775 5049 hominibus
827 4995 1126 5064 placentes,
1187 4993 1280 5047 sed
1323 4995 1454 5058 Deo,
1507 4995 1599 5062 qui
1633 4997 1824 5064 probat

237 5089 416 5142 corda
472 5098 682 5142 nostra.
739 5086 929 5155 Neque
981 5088 1124 5140 enim
1173 5087 1465 5156 aliquando
1514 5086 1714 5140 fuimus
1768 5089 1821 5140 in

236 5195 500 5233 sermone
531 5179 886 5246 adulationis,
914 5181 1058 5232 sicut
1089 5179 1238 5234 scitis
1267 5194 1281 5232 :
1313 5194 1490 5247 neque
1541 5179 1596 5231 in
1650 5193 1820 5232 occa-

237 5274 407 5325 sione
456 5272 717 5335 avaritiae,
749 5271 892 5326 Deus
942 5273 1101 5326 testis
1130 5279 1230 5336 est,
1283 5285 1384 5325 nec
1417 5279 1722 5340 quaerentes
1753 5275 1820 5323 ab

240 5365 567 5418 hominibus
623 5366 851 5433 gloriam
886 5403 901 5426 ,
952 5378 1135 5432 neque
1183 5378 1212 5416 a
1271 5364 1463 5425 vobis.
1518 5378 1694 5431 neque
1749 5363 1818 5416 ab

239 5460 401 5512 aliis.
431 5457 564 5511 Cum
619 5474 901 5528 possemus
929 5459 1088 5513 vobis
1139 5457 1291 5512 oneri
1324 5473 1443 5511 esse
1503 5465 1559 5508 ut
1614 5456 1816 5509 Christi

1926 4740 2048 4778 cum
2082 4725 2252 4776 multo
2283 4720 2552 4774 desiderio
2579 4736 2592 4774 :
2619 4720 2872 4788 quoniam
2911 4718 3182 4770 voluitttus
3219 4717 3400 4768 venire
3427 4716 3494 4767 ad

1926 4797 2022 4868 vos
2055 4834 2066 4867 :
2101 4829 2200 4880 ego
2227 4813 2449 4882 quidem
2487 4811 2710 4873 Paulus,
2739 4821 2791 4862 ct
2833 4809 3026 4872 semel,
3055 4821 3108 4861 et
3145 4813 3360 4864 iterum,
3402 4805 3494 4858 sed

1927 4904 2210 4972 impedivit
2248 4919 2345 4956 nos
2381 4902 2626 4956 Satanas.
2663 4901 2790 4966 Quae
2827 4910 2908 4953 est
2941 4902 3084 4953 enim
3122 4911 3305 4951 ιιυνῑιίι
3347 4915 3490 4968 spes.

1926 5007 2018 5050 aut
2076 4996 2354 5065 gaudium,
2391 5004 2487 5049 attt
2522 5010 2720 5046 corona
2756 4992 2983 5060 gloriae?
3016 4991 3205 5045 Nonne
3243 5007 3337 5044 vos
3368 5002 3492 5043 ante

1926 5089 2212 5144 Dominum
2239 5097 2484 5140 nostrmn
2510 5087 2692 5140 Jesum
2716 5086 2996 5138 Christum
3024 5086 3157 5139 cs:is
3182 5087 3234 5137 in
3261 5085 3493 5136 adventu

1923 5182 2086 5253 ejus?
2125 5196 2216 5234 vos
2247 5181 2391 5234 enim
2424 5180 2556 5234 estis
2587 5179 2756 5246 gloria
2792 5190 2977 5230 nostra
3022 5189 3076 5232 et
3106 5177 3383 5246 gaudium.

1993 5271 2151 5346 [ϐαρ.
2189 5272 2549 5344 lll.]Propter
2571 5273 2836 5341 quodnon
2856 5275 3122 5326 sustinent
3144 5285 3201 5323 es
3233 5267 3467 5334 amplius

1925 5367 2123 5434 placuit
2189 5367 2349 5417 nobis
2417 5379 2702 5418 remanere
2759 5365 3012 5423 Athenis,
3079 5357 3323 5411 soliszet
3390 5355 3494 5407 nti-

1927 5461 2098 5511 simus
2131 5456 2480 5510 Timotheum
2520 5457 2740 5509 fratrem
2782 5463 3044 5509 nostrum,
3084 5458 3136 5500 et
3176 5445 3494 5500 ministrum

306 5643 324 5674 ⁸
353 5641 625 5700 Secundis
653 5642 802 5701 curis
831 5642 1046 5705 additur
1079 5646 1136 5705 in
1181 5644 1430 5708 Palatino
1465 5658 1568 5697 ms.
1609 5643 1800 5708 multa,
1839 5656 1959 5704 qua:
1999 5658 2100 5696 vox
2134 5652 2310 5698 tamen
2348 5658 2375 5695 ι
2417 5637 2603 5694 Graeco
2632 5640 2749 5702 ipso
2780 5647 2922 5693 textu
2968 5634 3141 5691 abest.
