3946 6170
506 284 610 346 835

1451 283 1510 345 S.
1549 279 1983 342 HIERONYMI
2025 281 2283 341 DIVINA
2331 283 2856 348 RlBLIOTIIECA.
3603 297 3689 358 836

504 398 600 452 nei
633 397 686 451 in
728 393 1022 464 Evangelio
1060 392 1287 463 Christi.
1319 391 1386 445 ad
1420 387 1832 446 confirmandos
1881 405 1996 453 vos,
2027 396 2083 447 et
2111 399 2150 454 Α
2185 391 2428 457 stemini,
2465 393 2606 447 sicut
2635 407 2690 450 et
2737 397 2922 450 caeteri
2957 399 3051 464 qui
3083 412 3232 467 spem
3286 414 3388 454 non
3424 403 3620 459 habent.
3649 407 3698 463 Si

500 485 873 542 exhortandus
913 499 1010 552 pro
1049 483 1152 536 fide
1188 494 1366 536 vestra
1399 500 1412 535 :
1473 487 1532 534 ut
1572 497 1733 535 nemo
1791 491 2072 535 moveatur

503 577 560 630 in
604 573 1051 630 tribulationibus
1095 573 1254 627 istis:
1303 574 1409 644 ipsi
1441 573 1590 627 enim
1649 573 1800 627 scitis
1836 572 1980 642 quod
2018 573 2070 624 in

503 668 609 722 hoc
649 664 806 734 positi
835 679 1045 717 smnus.
1074 663 1207 716 Nam
1237 672 1292 715 et
1337 678 1460 717 cum
1492 663 1632 732 apud
1668 677 1764 716 vos
1798 677 2068 726 essemus,

501 757 929 828 praedicebamus
969 755 1124 810 vobis
1179 770 1436 824 passuros
1489 771 1589 807 nos
1645 755 2071 816 tribulationes,

423 914 425 916 _
503 850 646 904 sicut
683 858 734 902 et
793 845 990 901 factum
1018 854 1140 910 est,
1195 855 1249 900 et
1276 847 1468 900 scitis.
1510 845 1801 915 Propterea
1850 853 1905 898 et
1974 859 2074 910 ego

502 941 734 1010 amplius
794 955 900 992 non
964 939 1280 1003 sustinens,
1343 937 1462 992 misi
1515 938 1579 990 ad
1643 937 2072 1006 cognoscendam

505 1033 669 1087 fidem
727 1046 1012 1086 vestram:
1051 1046 1118 1084 ne
1173 1029 1312 1084 forte
1351 1029 1638 1084 tentaverit
1693 1044 1792 1082 vos
1854 1030 1920 1093 is,
1978 1027 2074 1097 qui

503 1135 696 1189 tentat,
732 1132 784 1176 et
814 1124 993 1176 inanis
1031 1122 1118 1174 fiat
1149 1121 1305 1176 labor
1344 1130 1550 1174 noster.
1587 1121 1741 1174 Nuu’c
1771 1128 1951 1174 autem
1984 1133 2077 1173 ve-

505 1216 694 1269 nicnte
733 1212 1024 1268 Timotheo
1064 1214 1126 1266 ad
1169 1229 1270 1267 nos
1302 1229 1330 1266 a
1361 1213 1517 1267 vobis
1542 1252 1557 1274 ,
1613 1221 1668 1266 ct
1716 1212 2074 1266 annuntiante

505 1307 665 1362 nobis
702 1304 864 1358 fidem
902 1315 953 1358 ct
983 1305 1304 1358 eharitatem
1335 1313 1594 1365 vestram,
1622 1313 1678 1356 et
1708 1303 1834 1371 quia
1864 1316 2074 1355 memo-

505 1398 642 1451 riam
701 1397 873 1450 nostri
913 1395 1127 1450 habetis
1163 1396 1359 1449 bonam
1419 1408 1655 1463 semper,
1691 1392 2074 1447 desiderantes

506 1505 608 1543 nos
659 1490 862 1553 videre,
900 1490 1042 1542 sicut
1073 1497 1126 1542 et
1161 1503 1261 1542 nos
1290 1502 1508 1556 quoque
1536 1502 1672 1540 vos:
1708 1486 1829 1540 ideo
1881 1500 2078 1539 conso-

508 1579 598 1632 lati
631 1595 842 1640 sutnus,
881 1579 1099 1643 fratres,
1137 1578 1188 1631 in
1224 1579 1400 1640 vobis,
1432 1577 1484 1630 in
1547 1577 1692 1646 omni
1749 1578 2078 1631 necessitate

505 1680 559 1721 et
583 1668 929 1722 tribulatione
955 1677 1278 1735 nostra,per
1309 1665 1467 1718 fidem
1516 1673 1780 1726 vestram,
1816 1666 2076 1733 quoniam

504 1771 653 1810 nunc
686 1757 938 1820 vivimus,
975 1756 1021 1809 si
1059 1771 1153 1808 vos
1181 1755 1338 1808 statis
1367 1753 1421 1806 in
1451 1752 1702 1806 Domino.
1726 1752 1899 1818 Quam
1927 1753 2074 1807 enim
2111 1729 2153 1786 Β

507 1849 808 1916 gratiarum
840 1849 1108 1902 actionem
1165 1860 1454 1915 possumus
1495 1843 1605 1898 Deo
1636 1847 1945 1898 retribuere
1977 1859 2076 1914 pro

505 1939 684 2002 vobis,
727 1939 780 1992 in
811 1939 958 1992 omni
994 1939 1214 2005 gaudio,
1249 1952 1355 2004 quo
1387 1935 1692 2004 gaudemus
1731 1945 1954 2005 prepter
1981 1952 2078 1992 vos

506 2041 634 2082 ante
657 2029 824 2082 Deum
852 2040 1124 2090 nostrum,
1141 2040 1299 2080 nocte
1317 2042 1384 2080 ac
1407 2027 1491 2080 die
1521 2026 1894 2081 abundantius
1916 2042 2079 2082 oran-

511 2128 612 2182 tes,
640 2128 697 2172 ut
725 2119 1005 2173 videamus
1036 2119 1226 2172 faciem
1251 2127 1510 2181 vestram,
1542 2129 1596 2172 et
1620 2119 1995 2187 compleamus
2015 2135 2079 2174 ea

510 2226 630 2279 quze
657 2210 858 2263 desunt
888 2209 1010 2262 fidei
1046 2209 1282 2262 vestras?
1314 2209 1432 2277 Ipse
1465 2219 1644 2262 autem
1672 2211 1814 2264 Deus
1839 2220 1889 2264 ει
1917 2213 2078 2268 Pater

513 2304 700 2348 noster
723 2335 737 2360 ,
773 2304 827 2349 et
860 2296 1125 2350 Dominus
1161 2309 1345 2349 noster
1381 2296 1542 2350 Iesus
1567 2297 1854 2363 Christus,
1889 2302 2080 2372 dirigat

510 2385 653 2438 viam
692 2394 934 2438 nostram
964 2384 1032 2438 ad
1067 2400 1179 2439 vos.
1243 2386 1349 2440 Vos
1380 2397 1561 2439 autem
1595 2387 1854 2442 Dominus
1890 2391 2078 2444 multi-

510 2472 675 2542 plieet
699 2513 713 2537 ,
747 2481 802 2526 ει
857 2472 1132 2527 abundare
1163 2475 1328 2530 faciat
1356 2475 1677 2530 charitatem
1713 2490 1948 2535 vestram
1972 2483 1987 2512 ί
2024 2485 2080 2536 in

512 2564 786 2628 invicem,
841 2573 894 2618 et
948 2565 1002 2618 in
1033 2579 1242 2627 omnes,
1300 2566 1757 2635 quemadmodum
1813 2580 1868 2625 et
1898 2588 1996 2628 nos
2027 2576 2080 2630 in

508 2654 666 2709 vobis
696 2672 710 2711 :
745 2655 812 2709 ad
843 2655 1212 2709 confirmanda
1238 2657 1401 2710 corda
1433 2670 1609 2712 vestra
1634 2660 1751 2713 sine
1781 2663 2002 2730 querela
2027 2666 2080 2719 in

509 2748 816 2811 sanctitate,
853 2757 978 2803 ante
1011 2750 1180 2803 Deum
1210 2760 1265 2804 et
1296 2751 1508 2804 Patrem
1563 2765 1832 2814 nostrum.
1878 2757 1932 2810 in
1983 2759 2081 2812 ads

511 2848 676 2894 ventu
717 2841 928 2894 Domini
1000 2843 1170 2896 nostri
1228 2842 1356 2896 Iesu
1413 2843 1617 2899 Christi
1670 2862 1793 2900 cum
1828 2849 2082 2905 omnibus

510 2932 712 2984 sanctis
741 2933 879 3002 ejus.
914 2933 1107 2987 Anien.

583 3021 744 3094 [ϐαρ.
782 3023 904 3094 IV.]
933 3024 1007 3078 De
1040 3038 1237 3080 caetero
1277 3045 1426 3098 ergo,
1462 3032 1677 3098 fratres,
1707 3049 1957 3103 rogamus
1988 3048 2083 3086 vos

512 3123 569 3166 et
595 3114 950 3168 obsecramus
983 3116 1034 3167 in
1067 3118 1295 3173 Darnino
1333 3120 1485 3186 Jesu,
1528 3133 1584 3177 ut.
1615 3125 2078 3194 quemadmodum

512 3207 804 3273 accepistis
836 3221 864 3259 a
885 3209 1061 3268 nobis.
1086 3211 1360 3276 quomodo
1389 3225 1636 3282 oporteat
1658 3231 1752 3269 vos
1773 3217 2084 3282 ambulare,

512 3312 564 3352 et
596 3300 807 3367 placere
846 3300 976 3362 Deo,
1010 3301 1088 3354 sic
1114 3310 1168 3353 et
1195 3303 1508 3368 ambuletis,
1543 3318 1601 3359 ut
1628 3309 1920 3363 abundetis
1946 3325 2063 3361 ma-

513 3391 614 3456 gis.
650 3387 812 3442 Scitis
849 3390 994 3441 enim
1042 3405 1161 3457 qtne
1193 3402 1456 3459 praecepta
1487 3393 1729 3448 dederim
1791 3398 1944 3451 vobis
1984 3413 2079 3466 per

518 3479 804 3532 Dominum
831 3480 1041 3535 Iesum.
1066 3481 1192 3536 llaec
1213 3493 1297 3538 est
1319 3486 1462 3538 enim
1494 3487 1744 3543 voluntas
1796 3491 1914 3553 Dei,
1950 3506 2082 3544 san-

515 3570 774 3626 Ctilicatio
805 3582 984 3624 vestra
1009 3589 1026 3630 :
1063 3585 1122 3627 ut
1145 3574 1462 3631 abstineatis
1503 3593 1600 3633 vos
1625 3595 1655 3632 a
1684 3579 2046 3634 fornicatione
2066 3623 2079 3648 ,

517 3671 576 3716 ut
610 3663 744 3716 sciat
791 3664 1166 3734 unusquisque
1207 3677 1445 3721 vestrum
1477 3684 1568 3724 vas
1597 3686 1756 3725 suum
1793 3673 2082 3740 possidere

514 3755 570 3807 in
639 3755 1076 3809 sanctificatione
1125 3767 1179 3811 et
1243 3758 1493 3826 honore;
1545 3776 1656 3817 non
1721 3764 1774 3815 in
1827 3767 2080 3832 passione

509 3846 793 3908 desiderii,
822 3847 961 3900 sicut
993 3857 1047 3900 et
1077 3857 1264 3916 gentes
1323 3865 1443 3917 qua:
1499 3851 1749 3920 ignorant
1784 3853 1991 3910 Deum:
2028 3867 2083 3911 ct

510 3950 582 3988 .ue
610 3937 733 4003 quis
765 3940 1230 4006 supergrediatur,
1260 3956 1434 4008 neque
1463 3945 1861 4001 circumveniat
1891 3946 1945 4000 in
1985 3964 2081 4002 ne-

508 4027 662 4094 gotio
691 4025 911 4079 fratrem
942 4043 1100 4080 suum
1130 4044 1146 4083 :
1177 4032 1433 4097 quoniam
1465 4033 1662 4087 vindex
1694 4046 1775 4089 est
1812 4037 2075 4093 Dominus

516 4119 586 4170 de
623 4119 708 4169 his
742 4119 1015 4182 omnibus,
1051 4121 1194 4174 sicut
1228 4123 1578 4190 praediximus
1611 4127 1785 4192 vobis,
1819 4139 1874 4182 et
1924 4135 2077 4184 testi-

511 4209 658 4261 ﬁctili
690 4225 897 4262 sumus.
927 4211 1044 4263 Non
1068 4213 1213 4265 enim
1236 4217 1444 4267 vocavit
1470 4231 1568 4270 uos
1595 4217 1735 4288 Deus
1767 4220 1821 4273 in
1847 4222 2079 4275 immun-

512 4302 703 4352 ditiam
731 4340 746 4363 ,
779 4302 872 4354 sed
914 4302 966 4354 in
1019 4306 1538 4361 sai-ictilicatiouem.
1577 4309 1763 4380 Itaque
1817 4316 1910 4381 qui
1964 4315 2078 4366 haec

2109 2637 2113 2641 .
2183 2585 2381 2638 simus.

2179 484 2323 536 enim
2373 484 2646 539 credimus
2677 487 2820 555 quod
2856 487 3012 540 .Iesus
3047 499 3298 545 mortuus
3328 501 3408 545 est
3446 502 3497 547 et
3549 511 3702 550 resur-

2177 576 2317 627 rexit
2348 614 2363 639 ,
2395 575 2468 629 ita
2501 584 2556 628 et
2594 577 2736 629 Deus
2769 592 2865 630 eos
2903 579 2996 647 qui
3028 580 3370 636 dormierunt
3402 598 3491 652 per
3524 585 3703 651 Iesum,

2177 665 2409 719 adducet
2439 681 2561 719 eum
2597 682 2683 721 eo.
2713 665 2826 721 Hoc
2857 669 3004 722 enim
3031 671 3185 744 vobis
3216 673 3447 726 dicimus
3489 673 3540 728 in
3564 679 3705 732 verbo

2177 754 2421 819 Domini,
2455 757 2584 825 quia
2617 773 2736 821 nos,
2775 761 2866 828 qui
2900 761 3151 827 vivimus,
3184 762 3276 832 qui
3310 763 3504 818 residui
3546 781 3706 822 sumus

2177 845 2230 898 in
2265 846 2559 901 adventum
2630 848 2864 914 Domini,
2908 865 3015 904 non
3071 854 3466 920 pra-veniemus
3493 870 3580 909 eos
3630 860 3707 925 qui

2176 935 2540 990 dormierunt.
2601 939 2866 1004 Quoniam
2903 940 3016 1008 ipse
3051 939 3312 994 Dominus
3368 943 3421 996 in
3454 943 3627 1013 jussu,
3662 956 3705 1000 et

2178 1027 2231 1081 In
2265 1043 2395 1081 voce
2435 1029 2780 1100 archangeli,
2821 1042 2876 1085 et
2913 1033 2967 1087 in
3004 1034 3134 1088 tuba
3168 1035 3263 1088 Dei
3319 1035 3598 1090 descendet
3648 1038 3704 1093 de

2176 1119 2357 1174 cmlo:
2400 1129 2454 1174 ct
2484 1121 2682 1174 mortui
2734 1123 2827 1190 qui
2889 1123 2941 1176 in
2996 1123 3219 1178 Christo
3277 1140 3423 1187 sunt,
3467 1138 3709 1197 resurgent

2177 1211 2362 1282 primi.
2399 1211 2602 1268 Deinde
2642 1228 2764 1278 nos,
2805 1215 2898 1283 qui
2937 1215 3197 1278 vivimus,
3230 1216 3322 1285 qui
3358 1217 3701 1286 relinquimur,

2177 1304 2342 1359 simul
2415 1306 2692 1374 rapientur
2721 1321 2843 1360 cum
2882 1306 2986 1360 illis
3017 1309 3070 1361 in
3095 1310 3332 1364 nubibus
3355 1311 3559 1365 obviam
3581 1310 3710 1365 Chri-

2179 1407 2263 1452 sto
2289 1400 2309 1430 ³
2339 1397 2390 1450 in
2421 1412 2565 1462 aera,
2604 1408 2659 1452 et
2694 1400 2773 1452 sic
2801 1413 3017 1468 semper
3043 1415 3167 1454 eum
3228 1401 3456 1455 Domino
3515 1403 3707 1456 erimus.

2178 1487 2364 1555 Itaque
2399 1487 2760 1541 consulamini
2801 1489 3034 1544 invicem
3077 1491 3131 1544 in
3169 1492 3356 1546 verbis
3393 1493 3525 1546 istis.

2253 1576 2384 1649 [Cap
2407 1616 2420 1630 .
2457 1577 2556 1648 Ψ]
2595 1577 2666 1632 De
2697 1581 3037 1647 temporibus
3072 1592 3252 1635 autem
3275 1623 3288 1647 ,
3328 1592 3384 1636 et
3415 1582 3708 1648 momentis,

2179 1667 2396 1730 fratres,
2429 1683 2533 1720 non
2568 1668 2836 1738 indigetis,
2873 1672 3251 1726 utscribamus
3273 1673 3446 1727 vobis.
3475 1673 3570 1740 Ipsi
3593 1676 3709 1726 enim

2181 1758 2471 1827 diligenter
2529 1760 2682 1814 scitis
2739 1763 2864 1828 quia
2922 1763 3040 1816 dies
3096 1763 3330 1827 Domini,
3373 1765 3511 1819 sicut
3559 1764 3632 1817 fur
3671 1765 3712 1818 in

2180 1862 2360 1914 nocte,
2390 1849 2459 1902 ita
2495 1851 2679 1904 veniet
2705 1869 2719 1905 :
2749 1867 2875 1904 cum
2908 1853 3050 1905 enim
3086 1853 3322 1907 dixerint
3359 1870 3480 1922 pax,
3510 1869 3553 1908 et
3583 1871 3712 1909 secu-

2183 1941 2336 2003 ritas,
2377 1951 2506 1994 tuuc
2540 1943 2855 2010 repentinus
2871 1958 2950 1996 eis
2967 1945 3315 2012 superveniet
3348 1945 3605 2008 interitus,
3633 1946 3715 1999 sie-

2183 2041 2241 2086 ut
2275 2032 2426 2085 dolor
2461 2032 2514 2086 in
2579 2044 2733 2084 utero
2791 2034 3012 2088 habenti
3053 2034 3174 2105 [ηιε.
3210 2036 3518 2108 habentis].
3552 2047 3600 2088 et
3633 2051 3713 2088 non

2181 2123 2463 2194 effugient.
2505 2122 2609 2178 Vos
2643 2133 2848 2186 autem,
2881 2125 3096 2192 fratres,
3138 2143 3243 2180 non
3296 2127 3436 2182 estis
3494 2128 3544 2180 in
3591 2137 3713 2180 tene-

2182 2216 2316 2277 bris,
2349 2224 2407 2268 ιιι
2437 2230 2531 2269 vos
2563 2215 2678 2269 dies
2711 2217 2799 2269 illa
2843 2226 2894 2270 ta
2909 2233 3106 2286 nquam
3177 2217 3264 2271 fur
3293 2218 3712 2288 comprehendat:

2181 2322 2372 2362 omnes
2423 2309 2564 2361 enim
2603 2325 2699 2362 vos
2731 2308 2826 2362 filii
2863 2310 3002 2364 lueis
3042 2310 3196 2374 estis,
3232 2321 3289 2365 et
3331 2312 3423 2363 lilii
3459 2311 3593 2365 diei:
3623 2325 3708 2362 non

2183 2415 2374 2454 sumus
2409 2399 2605 2463 noctis,
2642 2415 2820 2468 neque
2859 2402 3226 2457 tenebrarum.
3267 2403 3441 2473 Igitur
3476 2401 3704 2455 nondor-

2183 2493 2440 2554 miamus,
2479 2491 2618 2544 sicut
2653 2499 2708 2543 et
2730 2491 2909 2543 caeleri
2939 2529 2953 2550 .
2985 2491 3077 2545 sed
3138 2492 3430 2561 vigilemus
3455 2532 3468 2555 ,
3499 2501 3548 2544 et
3576 2490 3714 2545 sobrii

2457 2584 2560 2648 Qui
2597 2583 2742 2636 enim
2785 2581 3084 2647 dormiunt,
3147 2593 3308 2637 nocte
3341 2585 3636 2638 dormiunt:
3674 2591 3718 2634 et

2184 2675 2276 2744 qui
2315 2675 2448 2729 ebrii
2485 2687 2632 2736 sunt,
2672 2687 2828 2727 nocte
2866 2675 3002 2728 ebrii
3033 2684 3181 2728 sunt.
3246 2674 3364 2729 Nos
3396 2686 3569 2729 autem
3597 2717 3611 2739 ,
3640 2672 3714 2741 qui

2185 2769 2294 2822 diei
2336 2783 2544 2830 smnus,
2576 2769 2745 2820 sobrii
2783 2769 2954 2821 simus
2979 2807 2994 2830 ,
3031 2767 3206 2821 induti
3262 2768 3489 2822 loricam
3527 2765 3635 2821 fidei
3672 2774 3718 2821 cl

2188 2861 2504 2924 charitatis,
2548 2859 2834 2927 et-galeam
2877 2873 3026 2926 spem
3073 2859 3311 2912 salutis:
3351 2857 3598 2928 quoniam
3626 2871 3715 2910 non

2187 2953 2366 3022 posuit
2399 2968 2495 3004 nos
2531 2952 2670 3004 Deus
2707 2951 2759 3004 in
2793 2952 2947 3013 iram,
2980 2951 3073 3004 sed
3117 2951 3169 3004 in
3207 2951 3616 3022 acquisitionem
3648 2964 3721 3003 5:1-

2187 3045 2313 3098 lutis
2353 3060 2450 3110 per
2481 3044 2766 3096 Dominum
2802 3056 3044 3097 noenum
3079 3043 3260 3098 Iesum
3304 3045 3598 3104 Christum,
3642 3041 3717 3110 qui

2186 3147 2434 3190 mortuus
2467 3147 2547 3190 est
2572 3150 2668 3203 pro
2697 3135 2857 3188 nobis
2890 3153 2903 3190 :
2930 3145 2984 3187 ut
3008 3136 3123 3189 sive
3157 3135 3461 3204 vigilemus,
3484 3135 3589 3189 sive
3616 3134 3722 3187 dor-

2188 3225 2458 3286 miamus,
2517 3225 2679 3278 simul
2711 3239 2832 3276 cum
2875 3224 2968 3276 illo
3023 3225 3267 3278 vivamus
3293 3266 3308 3278 .
3347 3226 3565 3293 Propter
3600 3220 3719 3292 quod

2184 3316 2539 3371 consulamini
2573 3314 2830 3380 invicem,
2865 3325 2919 3370 et
2946 3317 3207 3370 :edillcate
3230 3299 3577 3390 alterutrum,
3605 3316 3720 3370 sicut

2181 3417 2237 3460 et
2265 3407 2460 3460 facitis.
2519 3407 2790 3473 Rogamus
2830 3417 3009 3460 autem
3051 3423 3180 3471 vos,
3214 3407 3438 3472 fratres,
3473 3420 3526 3460 ut
3580 3421 3718 3459 nove-

2187 3499 2308 3553 ritis
2341 3514 2436 3552 eos
2505 3500 2598 3568 qui
2635 3497 2884 3553 laborant
2922 3500 3063 3552 inter
3096 3516 3210 3561 vos,
3239 3510 3298 3554 et
3334 3509 3570 3569 praesunt
3594 3496 3720 3551 vobis

2179 3590 2242 3644 in
2285 3591 2534 3656 Domino,
2568 3600 2623 3644 et
2667 3600 2891 3645 monent
2919 3607 3011 3644 vos
3049 3603 3108 3645 ut
3140 3592 3395 3644 habeatis
3432 3590 3550 3644 illos
3579 3589 3720 3642 abun-

2183 3683 2406 3736 dantius
2447 3684 2497 3736 in
2532 3682 2800 3738 charitate
2833 3695 3051 3752 propter
3103 3699 3240 3751 opus
3273 3684 3493 3738 illorum
3521 3701 3534 3736 :
3565 3693 3720 3752 pacein

2188 3776 2380 3829 habete
2413 3793 2538 3830 cum
2570 3777 2680 3830 eis.
2719 3777 2988 3846 Rogamus
3019 3789 3198 3832 autem
3231 3794 3350 3842 vos,
3387 3779 3591 3840 fratres,
3621 3789 3722 3828 cor-

2183 3867 2342 3935 ripite
2376 3867 2646 3935 inquietos
2672 3907 2686 3929 ,
2738 3868 3091 3921 consulamini
3131 3867 3510 3938 pusillanimes
3531 3911 3544 3935 ,
3573 3866 3724 3921 susci-

2185 3962 2296 4028 pite
2329 3961 2574 4012 infirmos
2604 4000 2618 4024 ,
2652 3960 2920 4027 patientes
2958 3971 3132 4015 estote
3161 3961 3227 4015 ad
3260 3977 3490 4016 omnes.
3528 3962 3722 4017 Videte.

2187 4065 2252 4103 ne
2283 4052 2404 4119 quis
2446 4052 2645 4103 malum
2681 4068 2774 4120 pro
2808 4054 2948 4104 malo
2980 4055 3142 4106 alicui
3182 4055 3382 4107 reddat
3411 4071 3424 4108 :
3467 4053 3555 4107 sed
3589 4066 3722 4106 sem-

2187 4153 2282 4206 per
2317 4140 2460 4208 quod
2500 4142 2700 4191 bonum
2733 4151 2817 4193 est
2841 4183 2856 4206 ,
2889 4142 3173 4194 sectamini
3229 4143 3285 4195 in
3333 4144 3581 4205 invicem,
3612 4149 3659 4194 et
3683 4141 3727 4191 in

2185 4243 2393 4280 omnes.
2432 4229 2654 4295 Semper
2683 4230 2911 4296 gaudete
2941 4269 2954 4282 .
2987 4230 3117 4281 Sine
3149 4231 3555 4285 intermissione
3578 4238 3727 4282 orate.

2187 4301 2245 4372 In
2272 4321 2528 4373 omnibus
2545 4321 2744 4389 gratias
2762 4326 2904 4392 agite
2931 4337 2944 4374 :
2967 4323 3078 4376 hare
3099 4335 3181 4376 est
3205 4329 3358 4378 enim
3395 4328 3630 4378 voluntas
3653 4324 3729 4375 Dei

502 4397 742 4462 spernit,
768 4410 872 4446 non
898 4395 1170 4449 hominem
1197 4400 1424 4466 spernit,
1450 4401 1543 4455 sed
1573 4402 1774 4459 Deum:
1799 4408 2077 4475 quietiam
2115 4411 2156 4463 ι)
2185 4415 2238 4468 in
2271 4412 2486 4466 Christo
2519 4413 2669 4474 .Iesu,
2704 4417 2755 4466 in
2787 4415 3041 4466 uninibus
3092 4415 3264 4467 Vobis.
3299 4417 3565 4486 Spiritum
3589 4398 3731 4468 nolite

505 4485 666 4537 dedit
706 4486 968 4552 Spiritum
1003 4504 1162 4540 suum
1200 4501 1447 4544 sanctum
1487 4493 1540 4546 in
1583 4496 1759 4549 nobis.
1799 4497 1870 4550 De
1899 4497 2078 4551 chari-

511 4585 626 4628 tate
657 4587 835 4628 autem
873 4579 1227 4633 fraternitatis
1259 4597 1366 4636 non
1401 4600 1625 4640 necesse
1658 4588 1921 4643 habemus
1949 4593 2082 4645 seri--

508 4667 649 4718 .bere
704 4667 898 4722 vobis;
933 4668 1030 4734 ipsi
1081 4673 1227 4722 enim
1281 4688 1377 4726 vos
1426 4690 1455 4727 a
1517 4675 1626 4729 Deo
1685 4679 1993 4744 didicistis,
2025 4692 2079 4735 ut

509 4757 758 4822 rdiligatis
820 4759 1079 4812 invicem.
1119 4760 1335 4815 Etenim
1394 4766 1526 4818 illud
1569 4767 1745 4822 facitis
1809 4772 1861 4824 in
1893 4787 2082 4827 omnes

509 4846 718 4900 rfratres
744 4849 796 4898 in
822 4849 1071 4903 universa
1095 4850 1430 4909 Macedonia.
1458 4858 1728 4928 Rogamus
1753 4873 1935 4917 autem
1965 4882 2079 4930 vus,

510 4938 726 4990 fratres
754 4979 768 5003 ,
796 4948 866 4991 ut
900 4941 1191 4998 abundetis
1227 4947 1390 5016 inagis
1415 4989 1429 5014 ,
1471 4958 1526 5002 et
1553 4967 1773 5019 operam
1810 4955 1948 5009 detis
1974 4996 1988 5020 ,
2023 4969 2082 5010 ut

511 5031 686 5098 quieti
721 5031 862 5096 sitis,
900 5045 953 5085 et
985 5046 1042 5089 ut
1067 5047 1300 5091 vestrum
1334 5043 1609 5109 negotium
1653 5048 1844 5114 agatis,
1874 5060 1926 5100 et
1954 5065 2084 5116 epe-

518 5119 713 5172 remini
747 5123 1001 5177 manibus
1037 5129 1255 5190 vestris,
1286 5129 1429 5182 sicut
1465 5136 1824 5201 prtecepimus
1903 5139 2080 5203 vobis,

502 5219 570 5267 ct
608 5220 665 5265 ut
703 5212 928 5268 honeste
954 5217 1248 5272 ambuletis
1279 5220 1344 5273 ad
1379 5239 1473 5276 eos
1529 5225 1622 5292 qui
1656 5225 1788 5279 foris
1822 5239 1949 5282 sunt
1981 5247 1997 5285 :
2030 5241 2085 5284 ct

509 5303 719 5359 nullius
748 5307 952 5376 aliquid
1012 5309 1355 5370 desideretis.
1442 5313 1706 5370 Nolumus
1763 5331 1946 5373 autem
1989 5338 2084 5376 vos

512 5387 792 5464 ignorare,
835 5399 1050 5463 fratres,
1087 5401 1155 5455 de
1189 5405 1606 5472 dormientibus,
1649 5416 1706 5458 ut
1738 5423 1849 5460 non
1881 5414 2085 5465 contri-

592 5503 939 5581 ‘Pronomen
999 5523 1262 5576 uestram,
1328 5516 1474 5581 quod
1529 5527 1640 5571 eta
1689 5517 1876 5574 Gneco
1931 5531 2082 5577 textu

514 5570 692 5635 abest,
722 5575 778 5628 in
807 5579 1050 5633 Palatino
1087 5599 1186 5636 ms.
1219 5570 1481 5637 reticetur
1506 5623 1521 5639 .

584 5643 726 5699 'l’io
756 5645 983 5714 Christo,
1019 5651 1299 5706 Palatinus
1331 5671 1431 5706 ms.
1481 5657 1644 5710 habet
1670 5656 1894 5712 Domino
1957 5678 2085 5730 pro-

2181 4507 2548 4572 exstingucrc.
2585 4506 2903 4574 PrOphetias
2936 4507 3103 4558 nolite
3123 4522 3410 4570 spernere.
3445 4506 3626 4559 Omnia
3657 4521 3731 4555 au-

2185 4606 2288 4648 tei‘n
2331 4597 2598 4665 probate:
2637 4599 2778 4663 quod
2820 4597 3024 4650 bonum
3081 4610 3162 4650 est
3213 4609 3426 4652 tenete.
3503 4598 3579 4649 Ab
3608 4593 3729 4646 omni

2182 4688 2361 4756 specie
2392 4689 2531 4741 mala
2565 4691 2831 4741 abstinete
2868 4704 2988 4741 vos.
3048 4689 3166 4756 Ipse
3198 4701 3385 4744 autem
3450 4692 3581 4743 Deus
3612 4687 3734 4756 pacis

2183 4783 2483 4834 sanetilicet
2544 4797 2640 4834 vos
2676 4797 2770 4849 per
2798 4785 3015 4837 omnia:
3045 4793 3101 4835 ut
3129 4785 3345 4850 integer
3393 4783 3614 4851 spiritus
3659 4793 3732 4828 τεο

2187 4883 2321 4934 ster,
2362 4882 2416 4926 et
2468 4872 2669 4933 anima,
2701 4883 2757 4926 et
2789 4888 2990 4940 corpus
3034 4875 3152 4926 sine
3185 4873 3413 4942 querela
3445 4878 3495 4925 in
3531 4871 3732 4949 adventu

2188 4963 2395 5016 Domini
2429 4965 2600 5016 nostri
2638 4963 2796 5018 Jesus
2825 4963 3024 5017 Christi
3058 4978 3315 5018 servetur
3340 5003 3354 5017 .
3405 4963 3602 5017 Fidelis
3629 4971 3729 5016 εει.

2186 5054 2276 5120 qui
2315 5053 2527 5106 vocavit
2563 5069 2698 5106 vos:
2729 5054 3012 5120 quietiam
3072 5054 3254 5107 faciet.
3316 5053 3564 5117 Fratres,
3607 5058 3733 5102 orate

2188 5159 2285 5210 pro
2321 5145 2500 5197 nobis.
2524 5144 2766 5197 Salutate
2791 5145 2988 5198 fratres
3003 5161 3198 5199 oruues
3219 5145 3272 5198 iu
3301 5147 3500 5199 osculo
3552 5152 3729 5198 sancto.

2186 5233 2397 5304 Adjuro
2426 5251 2518 5288 vos
2543 5251 2638 5304 per
2671 5236 2978 5296 Dominum.
3038 5249 3095 5290 ut
3123 5237 3339 5307 legatur
3393 5238 3614 5307 epistola
3643 5235 3736 5286 hac

2189 5326 2445 5378 omnibus
2487 5327 2690 5380 sanctis
2737 5326 3021 5380 fratribus.
3071 5325 3255 5380 Gratia
3311 5326 3530 5380 Domini
3589 5320 3734 5375 nostri

2185 5415 2320 5470 Jcsu
2350 5417 2549 5470 Christi
2580 5418 2864 5471 vobiscum
2902 5419 2943 5472 ,³
2969 5420 3159 5473 Amen.
3207 5423 3224 5439 ⁹

2189 5530 2312 5598 pius
2354 5528 2566 5591 erco,
2625 5533 2855 5598 Κυρίου.

2189 5669 2238 5720 ὑ.
2259 5599 2279 5629 ³
2310 5600 2453 5652 Idem
2483 5601 2763 5658 Palatinus
2786 5618 2914 5669 ms.,
2936 5622 3053 5660 cum
3098 5608 3337 5662 omnibus
3363 5610 3528 5674 vobis,
3559 5622 3646 5678 pro
3665 5619 3740 5659 το·

2223 5685 2408 5720 ιεεαηι.

2223 5685 2408 5722 tscurn.

1285 5770 1516 5834 Ea'plicit
1568 5772 1808 5830 Epistula
1853 5777 1915 5832 Β.
1953 5779 2110 5834 Pauli
2145 5787 2363 5840 apostoli
2383 5788 2449 5838 ad
2495 5786 2972 5844 Thessalonicam“
3006 5792 3052 5846 I.
