3946 6170
259 238 336 301 837
1203 234 1261 290 S.
1301 230 1530 291 PAULI
1574 231 1814 293 EPIST.
1860 231 1916 290 II
1963 233 2060 294 AD
2095 232 2465 292 TIIESSAI..

3350 240 3462 303 838

3153 397 3430 413 ——-—__—.

963 576 1120 687 Β.
1206 574 1763 688 PAULI
1839 575 2732 690 APOSTOLI

1698 792 1994 858 INCIPIT

441 970 1211 1100 EPISTOLA
1309 973 1515 1098 AD
1618 975 3262 1146 THESSALONICENSES.

1620 1223 1942 1306 SECUN
1961 1230 2086 1305 DA

317 1542 328 1614 Ι
364 1543 478 1604 Cap.
515 1542 581 1614 l.]
611 1540 830 1605 Paulus,
862 1553 914 1595 et
949 1541 1225 1605 Silvanus,
1252 1555 1303 1596 et
1328 1544 1672 1610 Timotheus,
1707 1545 1806 1599 Ec-
1831 1547 1881 1609 Α
1911 1548 2057 1615 quod
2084 1546 2306 1609 colitur,
2357 1548 2426 1601 ita
2465 1557 2521 1600 ut
2556 1547 2608 1600 in
2643 1548 2843 1616 templo
2897 1548 2989 1601 Dei
3025 1548 3235 1612 sedeat,
3297 1559 3480 1602 osten-

265 1637 414 1688 ‘it‘SiiE
446 1634 1052 1695 Thessalmticensium,
1086 1637 1138 1687 in
1170 1635 1276 1687 Deo
1300 1635 1458 1690 Patre
1512 1647 1720 1700 nostro,
1747 1648 1802 1690 et

267 1729 459 1778 Duinino
480 1726 608 1779 Jesu
633 1727 871 1780 Christo.
928 1727 1113 1780 Gratia
1158 1728 1335 1792 vobis,
1374 1737 1428 1780 et
1480 1745 1580 1797 pax
1611 1746 1640 1782 a
1695 1730 1804 1784 Deo

266 1830 439 1879 nostro,
469 1828 519 1870 et
557 1819 783 1870 Domino
811 1817 937 1870 Jesn
970 1817 1209 1872 Christo.
1235 1818 1445 1871 Gratias
1478 1835 1643 1889 agere
1687 1823 1787 1874 de-

269 1916 428 1966 lmnius
457 1928 674 1980 semper
704 1912 812 1965 Deo
842 1929 940 1980 pro
1000 1913 1174 1975 vobis,
1209 1913 1427 1978 fratres,
1486 1915 1559 1968 ita
1619 1926 1678 1968 ttt
1719 1916 1795 1969 dit

266 2022 404 2074 gnum
452 2015 552 2066 est,
599 2004 855 2072 quoniam
908 2010 1271 2072 supercrescit
1305 2006 1437 2059 ﬁdes
1479 2017 1696 2070 vestra,
1753 2015 1806 2061 ct

267 2098 477 2150 abundat
503 2097 744 2151 cliaritas
778 2097 1208 2166 tminscnjnsqne
1268 2109 1510 2152 vestrum
1547 2099 1598 2152 in
1659 2101 1802 2153 invi-

267 2205 365 2240 cem
429 2189 494 2240 ita
527 2199 586 2240 ut
615 2199 665 2240 et
707 2203 808 2240 nos
841 2189 939 2255 ipsi
983 2189 1034 2240 in
1068 2189 1221 2242 vobis
1252 2189 1554 2258 gloriemur
1589 2191 1643 2243 in
1705 2191 1806 2244 Ec-

263 2278 418 2331 cle~iis
445 2277 555 2343 Dei,
584 2294 682 2347 pro
703 2280 962 2346 patientia
997 2290 1175 2332 vestra
1241 2289 1293 2333 et
1327 2281 1426 2333 ﬁde
1456 2296 1472 2346 ;
1503 2281 1578 2334 et‘
1609 2283 1660 2334 in
1685 2297 1806 2334 om-

262 2371 401 2423 nibus
432 2371 900 2437 persecotionihns
983 2371 1215 2436 vestris,
1249 2382 1304 2425 et
1361 2371 1807 2426 tribulationibus

262 2477 378 2531 quas
402 2464 677 2515 sustinetis
712 2463 766 2514 in
815 2463 1122 2530 exemplum
1164 2461 1298 2532 justi
1339 2463 1530 2533 judicii
1571 2463 1687 2525 Dei,
1747 2473 1806 2518 ut

259 2552 386 2622 digni
418 2553 719 2607 habeamini
753 2555 805 2606 in
843 2570 1008 2622 regno
1041 2554 1152 2617 Dei,
1187 2570 1285 2618 pro
1313 2570 1421 2623 quo
1453 2565 1507 2608 et
1529 2555 1804 2624 patimini.

262 2645 308 2697 Si
340 2655 502 2697 tamen
535 2646 743 2714 justum
779 2655 862 2699 est
896 2646 1037 2714 apud
1067 2647 1257 2712 Deum,
1294 2650 1599 2702 retribuere
1631 2649 1836 2702 πίω-.

259 2736 490 2788 lationem
527 2736 598 2789 iis
647 2737 739 2804 qui
773 2752 870 2790 vos
908 2737 1216 2788 tribulam:
1272 2746 1327 2789 et
1361 2739 1514 2792 vobis
1563 2741 1652 2807 qui
1713 2741 1808 2792 tri-

260 2827 515 2891 bulainini,
549 2831 795 2897 requiem
835 2829 1118 2882 nobiseum
1161 2831 1212 2882 iu
1254 2832 1591 2885 revelatione
1623 2833 1804 2886 Domi-

1907 1638 2042 1692 dcns
2072 1654 2127 1692 se
2159 1649 2413 1707 tanquam
2445 1646 2512 1692 sit
2547 1640 2710 1694 Dens.
2741 1639 2854 1693 Non
2890 1641 3159 1704 retinetis,
3189 1641 3332 1706 quod
3357 1657 3478 1694 cum

1913 1731 2091 1782 adhuc
2124 1745 2301 1784 esSem
2335 1732 2478 1798 apud
2521 1747 2638 1789 vos,
2679 1732 2791 1783 hinc
2828 1731 3078 1783 dicebam
3112 1731 3270 1783 vobis
3296 1731 3360 1784 ‘1'
3416 1732 3480 1785 Et

1909 1838 2057 1876 nunc
2083 1822 2214 1890 quid
2243 1823 2483 1875 detineat
2516 1823 2687 1880 scitis.
2720 1835 2776 1874 ut
2803 1823 3079 1874 reveletur
3123 1823 3174 1874 in
3201 1837 3302 1876 suo
3337 1831 3476 1876 tern-

1907 1930 2062 1984 pore.
2124 1914 2257 1969 Nam
2295 1915 2610 1983 mysterium
2659 1913 2770 1982 jam
2806 1925 3068 1980 eperatur
3125 1914 3477 1982 iniquitatis:

1909 2015 2116 2060 tantum
2151 2015 2209 2058 ut
2245 2007 2334 2074 qui
2375 2015 2519 2058 tenet
2552 2020 2717 2063 nunc.
2748 2014 2928 2057 teneat
2960 2007 3135 2058 donec
3169 2006 3238 2059 de
3293 2007 3477 2059 medio

1909 2097 2019 2156 ﬁat.
2061 2099 2124 2150 Et
2156 2113 2299 2150 nunc
2325 2097 2658 2150 revelabitur
2691 2099 2780 2150 ille
2827 2098 3069 2165 iniquus,
3103 2115 3262 2168 quem
3300 2099 3479 2152 [ternio

1909 2205 2009 2240 nne
2037 2187 2196 2241 Jesus
2229 2189 2534 2240 ittteriieiet
2586 2189 2784 2256 spiritu
2837 2189 2949 2241 oris
2980 2191 3085 2251 sui,
3145 2200 3197 2242 et
3229 2191 3482 2243 destruet

1911 2279 2275 2332 iilnstratione
2304 2279 2572 2332 adventus
2611 2279 2692 2331 sui
2731 2294 2878 2336 eum,
2911 2280 3067 2348 cujus
3093 2290 3176 2333 est
3209 2279 3482 2332 adventus

1909 2374 2211 2424 secundum
2246 2373 2625 2439 operationem
2663 2372 2896 2431 Satanae.
2960 2371 3011 2424 in
3053 2373 3199 2425 omni
3256 2373 3480 2437 virtute,

1909 2473 1957 2514 et
1998 2461 2189 2527 signis,
2227 2472 2281 2514 ct
2319 2461 2580 2531 prodigiis
2607 2462 2986 2524 mendacibus,
3019 2471 3074 2516 et
3125 2465 3177 2515 in
3214 2464 3361 2516 omni
3395 2478 3481 2516 se-

1908 2552 2166 2608 ductione
2203 2556 2511 2622 iniquitatis
2545 2555 2632 2617 iis,
2667 2555 2756 2620 qui
2780 2566 3011 2621 pereunt
3043 2571 3056 2608 :
3092 2572 3156 2607 eo
3181 2557 3324 2624 quod
3351 2556 3484 2610 Cha.

1912 2647 2127 2702 ritatem
2155 2647 2399 2700 veritatis
2434 2663 2540 2699 non
2598 2657 2948 2714 receperunt,
2999 2657 3058 2700 ut
3095 2649 3227 2700 salvi
3268 2650 3480 2708 ﬁerent.

1911 2738 2084 2792 Ideo’
2122 2739 2300 2792 mittet
2351 2739 2459 2790 illis
2507 2739 2648 2790 Deus
2708 2739 3078 2806 operationem
3127 2741 3354 2802 erroris,
3423 2748 3485 2795 ut

1911 2830 2140 2886 credant
2172 2828 2480 2889 mendacio,
2539 2838 2597 2880 ut
2626 2828 2944 2896 judiccntnr
2985 2845 3178 2884 onmes
3244 2833 3336 2899 qni
3371 2849 3480 2887 non

258 2919 305 2971 ni
347 2920 463 2973 Jesu
517 2922 582 2974 de
637 2923 779 2974 caelo
817 2937 941 2973 cum
1007 2923 1210 2988 angelis
1267 2927 1484 2978 virtutis
1541 2927 1692 2994 ejus,
1753 2927 1804 2979 in
1842 2910 1880 2962 Β
1914 2919 2269 2972 crediderunt
2316 2919 2554 2984 veritati,
2598 2918 2692 2972 sed
2746 2933 3145 2975 consenserunt
3180 2922 3480 2991 ineqitati.

257 3010 450 3064 ﬂamma
485 3013 624 3079 ignis
657 3014 838 3065 dantis
872 3013 1163 3067 vindictam
1199 3015 1264 3067 iis
1296 3013 1417 3086 [ms.
1452 3016 1517 3069 de
1575 3015 1681 3088 his]
1713 3019 1804 3085 qui

258 3118 350 3155 non
381 3115 645 3157 noverunt
680 3105 867 3167 Deum,
903 3114 958 3158 et
988 3106 1077 3172 qui
1112 3122 1216 3157 non
1249 3107 1519 3161 obediunt
1547 3108 1804 3175 Evange-

256 3196 318 3248 lto
343 3195 542 3248 Domini
571 3200 746 3250 nostri
778 3196 905 3250 Jesu
965 3198 1166 3251 Christi
1187 3199 1226 3250 '.
1258 3198 1356 3264 Qui
1388 3216 1574 3266 pwnas
1601 3202 1807 3255 dabunt

253 3285 302 3338 in
335 3287 548 3339 interitu
582 3299 814 3340 aeternas
852 3302 877 3339 a
914 3288 1049 3341 facie
1087 3289 1320 3354 Domini,
1349 3300 1404 3342 et
1432 3307 1459 3342 a
1493 3291 1661 3360 gloria
1692 3294 1804 3345 vir-

255 3385 374 3432 tutis
397 3383 552 3450 ejus:
586 3399 712 3435 cum
751 3383 960 3435 venerit
995 3383 1284 3450 glorilieari
1339 3386 1393 3435 itt
1434 3385 1639 3436 sanctis
1671 3385 1802 3450 suis,

253 3484 296 3524 et
327 3475 663 3527 admirabilis
697 3477 810 3527 ﬁeri
844 3477 897 3526 in
928 3477 1188 3527 omnibus
1256 3475 1349 3543 qui
1407 3477 1762 3529 crediderunt
1790 3494 1804 3530 :

249 3565 361 3629 quia
391 3568 660 3619 creditum
694 3576 776 3618 est
809 3565 1184 3618 testimonium
1240 3576 1488 3619 nostrum
1517 3583 1681 3634 super
1710 3583 1807 3621 vos

252 3655 299 3706 in
328 3656 409 3708 die
452 3657 566 3713 illo.
621 3657 678 3709 lu
710 3672 820 3723 quo
850 3656 1013 3710 etiam
1067 3671 1288 3710 oramus
1320 3672 1538 3725 semper
1587 3673 1686 3725 pro
1714 3675 1806 3709 vo-

241 3746 332 3809 bis,
377 3757 434 3801 ut
484 3749 749 3818 dignetur
800 3765 894 3804 vos
949 3750 1234 3804 vocatione
1259 3765 1353 3803 sua
1381 3749 1523 3804 Deus
1554 3761 1738 3804 noster
1763 3752 1805 3817 ³,

240 3847 287 3889 et
315 3837 534 3906 impleat
585 3855 806 3892 omnem
863 3837 1197 3892 voluntatem
1229 3839 1488 3892 bonitatis
1518 3881 1532 3903 ,
1588 3848 1641 3891 et
1672 3853 1809 3906 opus

235 3927 346 3981 ﬁlei
377 3931 427 3982 in
447 3931 682 3993 virtute,
709 3939 764 3982 ut
792 3930 1122 3983 clariﬁcetur
1152 3946 1351 3983 nomen
1385 3930 1597 3983 Domini
1635 3929 1805 3982 nostri

233 4017 351 4072 Jesu
408 4020 623 4076 Christi
681 4023 731 4074 in
793 4023 978 4087 vobis,
1028 4030 1080 4075 et
1112 4037 1209 4075 vos
1240 4023 1291 4075 in
1322 4023 1454 4088 illo,
1508 4021 1806 4076 secundum

228 4113 446 4178 gratiam
477 4114 577 4168 Dei
620 4116 818 4177 nostri,
853 4125 905 4167 et
933 4114 1140 4168 Domini
1162 4115 1290 4169 Jcsu
1319 4113 1546 4168 Christi.

298 4202 457 4272 [ϐαρ.
500 4205 598 4276 IL]
632 4205 915 4274 Reg-amns
955 4215 1136 4260 autem
1179 4222 1298 4271 vos,
1338 4205 1555 4269 fratres,
1589 4222 1684 4273 per
1710 4206 1798 4257 ad-
1836 4237 1878 4292 ο

226 4307 439 4348 ventum
467 4297 703 4350 Domini
733 4297 905 4349 nostri
937 4297 1063 4350 iesu
1097 4298 1325 4363 Christi,
1353 4309 1410 4352 et
1447 4309 1645 4350 nostra:
1674 4313 1809 4350 con-

165 4455 172 4461 .
224 4388 556 4455 gregationis
618 4388 678 4440 in
731 4389 958 4455 ipsum:
1014 4397 1072 4441 ut
1119 4404 1225 4440 non
1259 4390 1369 4442 cito
1413 4389 1734 4441 moveamiui
1777 4404 1806 4441 a

224 4490 401 4532 vestro
431 4497 636 4544 sensu,
683 4496 863 4547 neque
909 4480 1243 4541 terreamini,
1286 4496 1466 4548 neque
1521 4496 1618 4550 per
1648 4481 1810 4546 spiri-

220 4580 352 4634 tum,
382 4587 573 4640 neque
618 4587 729 4640 per
760 4587 1096 4636 sermonem,
1155 4588 1331 4641 neque
1378 4589 1474 4640 per
1518 4574 1806 4642 epistolam

220 4674 475 4734 tanquam
525 4681 634 4736 per
669 4681 777 4718 nos
811 4665 1062 4731 missam,
1128 4665 1286 4734 quasi
1336 4666 1508 4718 instet
1564 4665 1679 4718 dies
1706 4667 1810 4717 Do~

220 4761 362 4810 mitti.
407 4759 488 4812 Ne
521 4763 659 4827 quis
712 4772 810 4811 vos
856 4758 1085 4811 seducat
1125 4759 1236 4812 ullo
1280 4759 1484 4812 modo:
1550 4759 1808 4828 quoniam

218 4852 320 4904 nisi
350 4853 573 4904 venerit
606 4851 885 4905 discessio
913 4850 1174 4920 primum,
1223 4859 1275 4906 et
1315 4851 1594 4905 revelatus
1640 4851 1808 4907 fuerit

218 4940 377 4992 homo
407 4941 659 5010 peccati,
709 4939 859 4992 ﬁlius
918 4937 1269 5008 perditionis,
1321 4938 1416 5008 qui
1457 4939 1809 5005 adversatur,

218 5042 270 5087 et
299 5034 593 5088 extollitur
625 5046 804 5100 supra
830 5044 1014 5094 omne,
1043 5028 1188 5097 quod
1235 5029 1442 5084 dicitur
1485 5030 1650 5095 Deus,
1704 5037 1803 5084 aut

298 5239 312 5268 ¹
350 5237 618 5292 Voculam
655 5243 733 5295 et,
769 5249 885 5302 qua:
941 5232 1161 5300 quidem
1230 5232 1514 5288 abundare
1553 5234 1806 5301 videtur,

231 5323 343 5361 cum
387 5308 619 5360 Graecus
673 5314 878 5365 textus,
917 5313 1026 5355 tum
1075 5303 1351 5356 Palatinus
1402 5322 1502 5358 ms.
1533 5305 1807 5373 ignorant.

291 5381 310 5406 ‘
340 5378 550 5430 Nomen
587 5375 824 5436 Christi,
853 5375 1097 5442 quietiam
1129 5374 1462 5442 exemplaria
1517 5374 1703 5428 Graeca
1753 5383 1810 5427 et

235 5445 493 5500 Palatinus
516 5465 622 5499 tns.
659 5446 757 5497 hic
785 5452 1058 5496 omittunt.

301 5520 319 5548 ³
342 5517 543 5570 Iterum
577 5525 731 5568 tacet
764 5512 1036 5569 Palatinus
1067 5533 1166 5574 ms.
1193 5528 1322 5570 cum
1366 5513 1572 5569 Graecis
1605 5514 1815 5585 aliquot

241 5587 388 5642 libris
407 5601 722 5657 pronomen
753 5594 926 5635 noster
940 5623 952 5636 .

301 5655 586 5714 ‘l’lurium
641 5669 936 5711 numerum
967 5655 1237 5724 Palatinus
1288 5671 1416 5721 ωε..
1454 5671 1572 5710 cum
1647 5662 1814 5712 adhuc

1910 3011 2019 3067 Nos
2060 3022 2239 3065 autem
2271 3011 2533 3065 debemus
2565 3013 2767 3081 gratias
2808 3028 2968 3081 agere
3005 3014 3119 3067 Deo
3145 3030 3360 3085 semper
3380 3034 3480 3087 pro

1908 3105 2063 3157 vobis
2092 3145 2106 3167 ,
2149 3103 2344 3156 fratres
2371 3103 2553 3155 dilecti
2589 3119 2615 3154 a
2652 3104 2786 3166 Deo,
2846 3105 2989 3172 quod
3055 3105 3284 3173 elegerit
3335 3125 3429 3163 vos
3461 3110 3483 3141 ⁸

1912 3194 2060 3247 Deus
2105 3194 2374 3262 primitias
2411 3196 2462 3245 in
2495 3194 2748 3255 salutem,
2793 3197 2846 3248 in
2903 3197 3334 3252 sanctiﬁcatione
3367 3202 3482 3266 spi-

1908 3287 2071 3348 ritus,
2099 3298 2154 3340 et
2185 3288 2238 3340 in
2270 3286 2376 3340 ﬁde
2410 3288 2657 3340 veritatis
2685 3302 2699 3339 :
2735 3288 2789 3339 in
2816 3302 2922 3357 qua
2949 3297 3004 3342 et
3025 3294 3238 3344 vocavit
3272 3309 3366 3345 vos
3388 3309 3485 3361 per

1910 3375 2266 3446 Evangelittm
2302 3388 2580 3438 nostrum.
2607 3379 2658 3431 in
2702 3379 3120 3446 acquisitionem
3156 3385 3342 3451 gloriae
3373 3387 3478 3439 lio-

1910 3470 2042 3522 mini
2078 3471 2246 3523 nostri
2277 3470 2401 3523 Jesn
2433 3470 2662 3526 Christi.
2704 3472 2914 3541 Itaque,
2950 3473 3171 3537 fratres,
3235 3486 3398 3538 state,
3428 3488 3484 3531 et

1911 3570 2092 3615 tenete
2132 3562 2472 3624 traditiones,
2507 3577 2643 3630 quas
2694 3563 2989 3626 didicistis,
3037 3565 3152 3618 sive
3215 3581 3314 3633 per
3369 3584 3486 3621 ser-

1909 3666 2148 3713 monem,
2216 3653 2330 3706 sive
2360 3668 2456 3720 per
2481 3653 2768 3720 epistolam
2807 3663 3073 3710 nostram.
3139 3656 3258 3725 Ipse
3287 3668 3469 3714 autem

1915 3743 2176 3798 Dominus
2212 3755 2396 3798 noster
2429 3743 2588 3798 Jesus
2614 3743 2892 3810 Christus,
2945 3757 3002 3800 et
3038 3750 3178 3801 Deus
3210 3757 3264 3802 et
3320 3752 3484 3806 Pater

1909 3847 2118 3900 noster,
2149 3838 2242 3906 qni
2307 3838 2496 3890 dilexit
2529 3851 2651 3899 nos,
2728 3850 2784 3891 et
2839 3837 2990 3890 dedit
3043 3841 3475 3895 consolationem

1908 3941 2189 3992 aeternam,
2233 3943 2288 3984 et
2340 3947 2491 4000 spem
2536 3931 2732 3984 bonam
2798 3931 2850 3984 in
2893 3933 3091 4001 gratia,
3157 3935 3482 3988 exhortetnr

1909 4023 2072 4075 corda
2109 4031 2311 4085 vestra,
2346 4032 2398 4075 et
2425 4023 2715 4075 coniirmet
2751 4021 2802 4076 itt
2840 4025 2985 4076 omni
3043 4039 3210 4092 Opere
3267 4037 3322 4078 et
3349 4041 3472 4079 ser-

1913 4129 2071 4164 mone
2103 4113 2266 4165 bono.

1987 4204 2142 4275 [ϐαρ.
2179 4204 2293 4275 ιιι.ἰ
2333 4205 2404 4257 De
2439 4216 2657 4270 caetero,
2690 4206 2911 4270 fratres,
2963 4215 3116 4258 orate
3149 4223 3246 4274 pro
3292 4207 3480 4266 nobis,

1918 4308 1972 4349 ut
2015 4313 2194 4350 sermo
2231 4297 2320 4350 Dei
2354 4307 2536 4350 currat
2611 4305 2666 4349 et
2698 4298 3052 4360 clariﬁectur,
3088 4299 3230 4349 sicut
3256 4308 3308 4349 et
3333 4297 3478 4364 apud

1918 4403 2011 4440 vos
2045 4405 2057 4442 :
2090 4397 2143 4440 et
2177 4398 2235 4441 ιιι
2262 4387 2557 4440 liberemur
2585 4387 2652 4440 ab
2689 4389 3018 4456 importunis
3071 4399 3124 4441 ct
3160 4389 3317 4441 malis
3380 4388 3482 4440 ho-

1917 4479 2158 4532 minibus
2199 4495 2212 4532 :
2248 4493 2354 4531 non
2395 4480 2536 4531 ettim
2567 4481 2809 4531 omnium
2839 4489 2923 4531 cst
2958 4479 3111 4532 ﬁdes.
3155 4480 3354 4532 Fidi-lis
3381 4495 3483 4533 au-

1916 4582 2022 4624 tem
2060 4573 2201 4624 Deus
2235 4572 2252 4600 ⁷
2282 4582 2386 4634 est,
2422 4572 2514 4640 qui
2547 4572 2892 4625 conﬁrmabit
2922 4587 3039 4632 vos,
3075 4582 3129 4624 et
3163 4573 3486 4626 custodiet:

1916 4667 2080 4718 malo.
2117 4664 2456 4718 Conﬁdimus
2481 4675 2662 4718 autem
2697 4663 2764 4718 de
2803 4666 2961 4718 vobis
2993 4667 3045 4718 in
3074 4666 3320 4729 Domino,
3347 4680 3487 4733 quo-

1916 4759 2060 4810 niam
2100 4773 2221 4826 quae
2250 4757 2622 4826 principiinus,
2671 4766 2726 4810 et
2758 4757 2953 4821 facitis,
3008 4768 3062 4810 et
3098 4757 3325 4810 facietis.
3381 4758 3484 4810 Do.

1917 4851 2099 4902 minus
2126 4859 2309 4902 autem
2343 4848 2544 4916 dirigat
2577 4847 2742 4902 corda
2773 4858 2951 4901 vestra
2979 4849 3031 4901 i'n
3067 4849 3334 4901 ebaritate
3361 4849 3449 4901 Dei
3470 4895 3481 4907 ,

1916 4949 1974 4992 et
2014 4938 2272 5006 patientia
2335 4938 2561 4992 Christi.
2625 4937 3023 4992 Deuuntiamns
3076 4950 3260 4992 autem
3301 4939 3476 5002 vobis,

1918 5029 2137 5091 fratres.
2166 5029 2218 5084 in
2249 5029 2471 5084 nomine
2505 5029 2719 5083 Domini
2755 5031 2923 5083 nostri
2977 5028 3104 5084 Jesu
3163 5029 3387 5088 Christi,
3423 5033 3483 5079 ut

1916 5248 2141 5289 essemus
2171 5231 2311 5296 apud
2338 5247 2446 5295 vos,
2472 5230 2581 5283 hmc
2606 5231 2906 5285 dicebamus
2932 5231 3090 5293 vobis,
3123 5241 3232 5284 etc.

1989 5304 2009 5333 ⁸
2038 5301 2159 5365 Ms.,
2194 5300 2259 5353 Et
2288 5303 2439 5364 ideo;
2473 5301 2658 5356 Graece
2693 5313 2816 5355 lttzttt
2845 5316 2860 5353 :
2889 5304 2978 5353 καὶ
3007 5302 3089 5351 διὰ
3116 5299 3292 5349 τοῦτο.

1995 5373 2016 5403 ⁸
2051 5371 2170 5433 Hic,
2196 5384 2355 5440 atque
2384 5372 2554 5424 altero
2585 5373 2653 5424 ab
2681 5375 2781 5425 hoc
2818 5387 2998 5433 versu,
3035 5386 3122 5440 nos
3151 5381 3482 5440 pronomen,

1920 5458 2018 5514 pro
2045 5455 2155 5506 vos,
2209 5437 2335 5494 cum
2376 5442 2584 5496 Crzccis
2611 5442 2820 5510 aliquot
2875 5441 3027 5493 libris
3059 5437 3336 5490 Palatinus
3371 5449 3480 5490 tus.

1920 5515 2066 5568 leuit-

1974 5532 2360 5652 8'"I'lepositnm
2390 5583 2442 5635 in
2477 5581 2725 5652 Palatino
2761 5593 2860 5632 ms.
2892 5575 3146 5652 sec_t_tndis
3176 5574 3349 5643 curis,
3377 5573 3485 5629 llo-

1931 5653 2101 5707 minus
2123 5645 2218 5718 cst,
2253 5669 2351 5720 pro
2378 5653 2534 5705 Dem.
2567 5651 2641 5702 Ita
2667 5657 2726 5702 et
2767 5653 2948 5703 Graiae
2977 5645 3204 5714 Κύριος.
