3946 6170
507 296 614 360 8139

1429 295 1485 354 S.
1517 291 1948 351 HIERONYMI
1998 289 2270 350 DIVINA
2314 282 2847 352 DIBLIOTIIECA.‘

3595 284 3687 357 85.0

503 410 838 467 subtrahatis
874 424 967 462 vos
996 409 1062 462 ab
1091 409 1234 462 omni
1270 408 1435 463 fratre
1495 409 1811 463 ambulante
1852 409 2070 462 inordi-
2100 417 2144 473 Α
2175 415 2277 460 tes.
2332 404 2400 460 Iis
2440 418 2651 467 autem,
2709 403 2803 473 qui
2838 402 3109 473 ejusmodi
3143 412 3287 471 sunt,
3323 405 3689 472 denuntiantus.

500 515 648 566 nate,
683 512 732 557 et
767 519 873 554 non
905 499 1205 554 secundum
1241 499 1592 554 traditionem
1646 516 1810 569 quam
1839 515 2068 568 accepe-

500 607 633 652 runt
691 611 720 650 a
773 595 950 647 nobis.
1014 592 1118 662 Ipsi
1167 596 1311 646 enim
1376 593 1533 646 scitis
1596 593 2066 661 quemadmodum

502 696 750 758 oporteat
787 684 984 738 imitari
1017 700 1153 737 nos:
1190 684 1447 752 quoniam
1473 699 1578 737 non
1603 685 1835 751 inquieti
1862 685 2067 740 fuimus

501 777 647 830 inter
673 790 768 827 vos
805 787 820 825 :
853 772 1233 840 neque-gratis
1267 788 1462 842 panem
1513 774 1964 828 manducavimus
2000 776 2066 829 ab

500 868 708 934 aliquo,
744 864 836 920 sed
871 868 924 915 in
960 865 1148 918 labore
1203 874 1256 917 et
1321 865 1373 916 in
1423 864 1763 931 fatigatione,
1814 880 1972 919 noete
2017 877 2070 920 et.

502 959 590 1011 die
624 967 937 1025 Operautes,
967 971 1227 1023 nequem
1262 965 1502 1009 vestrum
1530 971 1902 1023 gravaremus.
1935 957 2055 1010 Non

504 1051 655 1118 quasi
699 1064 804 1101 non
839 1048 1189 1101 habuerimus
1219 1057 1562 1116 potestatem,
1603 1049 1696 1099 sed
1727 1055 1785 1100 ut
1821 1059 2067 1102 nosmet-

507 1143 652 1208 ipsos
685 1139 911 1190 formam
979 1140 1233 1190 daremus
1284 1137 1438 1189 vobis
1487 1139 1552 1189 ad
1586 1137 1909 1190 imitandum
1944 1153 2064 1190 nos.

504 1232 637 1285 Nam
674 1242 727 1284 et
760 1247 882 1283 cum
918 1247 1163 1284 esmmus
1198 1230 1338 1299 apud
1397 1245 1514 1290 vos,
1575 1232 1678 1283 hoc
1708 1230 2072 1284 denuntiabr

510 1337 630 1371 ntus
665 1321 818 1373 vobis
859 1338 871 1373 :
905 1321 1161 1387 quoniam
1191 1322 1233 1372 si
1263 1321 1387 1388 quis
1420 1335 1525 1372 non
1555 1321 1666 1371 vult
1703 1321 1936 1387 operari,
1968 1336 2072 1374 nec

509 1411 815 1463 manducet.
852 1413 1169 1463 Audivimus
1199 1415 1344 1464 enim
1383 1413 1521 1464 inter
1554 1427 1640 1464 tos
1673 1411 1934 1479 quosdam
1959 1428 2074 1466 ειη·

511 1501 700 1554 bnlare
733 1501 994 1569 inquieto,
1029 1503 1158 1555 nihil
1186 1514 1498 1570 Operantes,
1533 1502 1625 1556 sed
1656 1503 1874 1556 curiose
1905 1519 2069 1570 agen-

2172 505 2229 550 et
2283 495 2635 549 obsecramus
2686 495 2740 548 in
2776 494 3006 548 Domino
3063 493 3194 548 Iesu
3230 497 3462 560 Christo,
3500 510 3551 553 ut
3585 517 3690 555 cum

2175 590 2398 643 silentio
2429 599 2744 657 aperantes,
2771 603 2929 640 suum
2984 603 3180 656 panem
3215 590 3549 646 manducent.
3603 591 3695 649 Vos

2170 692 2374 744 autem,
2410 683 2629 744 fratres,
2670 681 2840 736 nolite
2866 681 3103 737 deiicere
3139 681 3694 750 benefacientesﬂuod

2170 774 2214 827 si
2241 777 2363 840 quis
2392 787 2498 826 non
2531 772 2904 827 obeditverbo
2930 782 3119 828 nostro
3147 788 3243 843 per
3259 774 3549 842 epistolam,
3575 777 3696 831 hunc

2172 873 2380 926 notate,
2409 873 2462 915 et
2489 879 2558 917 ne
2581 865 3041 918 commisceamini
3073 879 3196 920 cum
3231 865 3342 927 illo,
3365 869 3420 918 ut
3438 866 3698 920 confunda-

2180 964 2289 1009 tur.
2322 956 2388 1009 Et
2422 956 2588 1008 nolite
2625 957 2779 1023 quasi
2809 957 3090 1010 inimicum
3119 957 3457 1021 existimare,
3489 957 3571 1010 sed
3598 973 3696 1010 cor-

2178 1047 2338 1115 ripite
2373 1057 2425 1099 ttt
2461 1047 2712 1101 fratrem.
2763 1047 2885 1116 Ipse
2924 1060 3108 1100 autem
3153 1048 3410 1101 Dominus
3444 1049 3577 1115 pacis
3625 1051 3696 1102 det

2171 1138 2328 1190 vobis
2376 1153 2562 1205 pacem
2592 1139 2980 1207 sempiternam
3017 1139 3071 1190 in
3097 1139 3244 1190 omni
3299 1139 3438 1192 loco.
3472 1139 3696 1191 Dominus

2171 1229 2242 1281 sit
2270 1244 2391 1280 cum
2429 1230 2684 1282 omnibus
2717 1230 2896 1282 vobis.
2931 1229 3202 1282 Saltitatio
3225 1245 3344 1282 mea
3371 1245 3524 1281 manu
3550 1229 3692 1292 Pauli;

2173 1320 2316 1386 quod
2363 1330 2440 1372 est
2495 1320 2708 1387 signum
2770 1321 2821 1372 in
2867 1321 3016 1373 omni
3077 1321 3331 1388 epistola.
3403 1319 3475 1372 Ita
3524 1319 3694 1372 scribo.

2174 1411 2357 1465 Gratia
2393 1413 2605 1465 Domini
2669 1414 2838 1466 nostri
2883 1411 3012 1466 Iesu
3060 1412 3267 1467 Christi
3309 1427 3433 1464 cum
3481 1411 3697 1464 omnibus

2179 1504 2353 1558 vobis.
2388 1506 2580 1557 Amen.

1273 1616 1511 1687 Explicit
1545 1615 1785 1686 Epistola
1818 1615 1879 1668 Β.
1916 1615 2075 1670 Pauli
2117 1617 2344 1684 apostoli
2365 1621 2431 1669 ad
2463 1617 2943 1672 Thessalonicenscs
2971 1615 3046 1671 II.

1823 1801 2130 1814 ἰ’-ι*

1249 1959 1408 2070 Β.
1491 1953 2054 2068 PAULI
2129 1951 3020 2066 APOSTOLI

1979 2161 2272 2223 INCIPIT

605 2351 1682 2532 EPISTOLA
1817 2351 2111 2526 AD
2268 2347 3579 2529 TIMOTHEUM

1956 2662 2295 2742 PRIMA.

585 2973 746 3045 [ϐαρ.
783 2970 855 3043 1.]
895 2974 1093 3028 Paulus
1152 2976 1431 3044 apostolus
1493 2975 1617 3032 Iesu
1643 2977 1842 3034 Christi
1883 2993 2080 3034 secun-
2111 2990 2152 3045 Β
2187 2987 2316 3035 tate.
2355 2977 2833 3048 Superabundavit
2857 2984 3040 3033 autem
3069 2977 3245 3048 gratia
3287 2974 3499 3034 Domini
3530 2976 3697 3043 nostri,

512 3068 642 3120 dum
707 3068 996 3136 imperium
1035 3068 1127 3122 Dei
1159 3068 1460 3126 Salvatoris
1525 3074 1720 3140 nostri,
1777 3086 1834 3128 et
1869 3076 2072 3130 Christi

511 3159 641 3213 Iesu
676 3160 788 3227 spei
819 3168 1062 3218 nostrae:
1101 3161 1389 3216 Timotheo
1458 3163 1660 3219 dilecto
1708 3165 1818 3220 filio
1850 3166 1904 3220 in
1946 3166 2073 3220 fide.

511 3249 722 3312 Gratia,
762 3251 1164 3318 tttisericordia,
1195 3266 1248 3306 et.
1285 3272 1385 3321 pax
1419 3272 1448 3307 a
1485 3257 1592 3309 Deo
1619 3259 1797 3324 Patre,
1829 3268 1883 3312 et
1915 3259 2075 3313 Chri-

514 3349 602 3393 sto
631 3339 755 3392 Iesu
794 3339 1022 3392 Domino
1058 3354 1266 3398 nostro.
1298 3343 1452 3398 SEcut
1485 3349 1668 3413 rogavi
1707 3358 1776 3414 te,
1812 3360 1868 3402 ut
1899 3368 2074 3404 rema-

513 3445 676 3484 neres
702 3431 900 3499 Ephesi
938 3446 1058 3483 cum
1094 3432 1229 3486 irem
1263 3436 1318 3487 in
1345 3435 1739 3504 Macedoniam,
1779 3449 1836 3493 ut
1866 3441 2075 3495 denun-

511 3523 679 3577 tiares
709 3525 1036 3592 quibusdam
1071 3542 1138 3580 ne
1179 3528 1338 3582 aliter
1372 3529 1657 3595 docerent,
1686 3550 1860 3601 neque
1895 3535 2076 3589 inten-

509 3615 705 3669 derent
731 3616 954 3679 fabulis,
1019 3628 1072 3670 et
1129 3620 1464 3690 genealogiis
1498 3622 1868 3680 iutermiuatis
1903 3643 1917 3682 :
1953 3644 2072 3694 qnze

507 3711 844 3776 quwstiones
877 3721 1130 3778 praestant
1167 3714 1362 3778 magis,
1421 3729 1583 3782 quam
1654 3716 2070 3772 aediﬁcationem

509 3799 626 3862 Dei,
669 3815 788 3867 qua:
819 3810 903 3852 est
960 3800 1012 3852 itt
1045 3801 1167 3855 fide.
1222 3801 1373 3856 Finis
1422 3814 1605 3857 autem
1679 3809 1932 3875 praecepti
1987 3820 2071 3862 est

505 3891 750 3943 cliaritas
782 3893 846 3943 de
874 3891 1037 3944 corde
1073 3909 1230 3961 puro,
1253 3905 1308 3946 et
1328 3896 1662 3949 conscientia
1690 3897 1851 3962 bona,
1879 3909 1933 3952 et
1967 3900 2069 3951 ﬁde

505 3998 611 4035 non
656 3982 798 4034 licta.
840 3983 876 4034 Α
913 3984 1114 4050 quibus
1143 3985 1364 4051 quidam
1419 3987 1776 4049 aberrantes,
1815 3990 2065 4041 conversi

505 4085 633 4126 sunt
661 4074 714 4126 iit
750 4074 1138 4142 vaniloqniutn,
1177 4077 1424 4130 volentes
1477 4095 1596 4131 esse
1634 4079 1766 4147 legis
1793 4079 2066 4140 doctores.

506 4182 615 4215 non
657 4165 1032 4232 ittteiligetttes
1070 4180 1244 4232 neque
1274 4182 1396 4233 qua:
1427 4169 1750 4233 loquuntur,
1789 4185 1969 4236 neque
1999 4171 2066 4221 de

502 4257 706 4323 quibus
735 4256 1024 4309 afﬁrmant.
1060 4256 1276 4309 Scimus
1309 4269 1492 4311 autem
1527 4260 1652 4326 quia
1679 4262 1819 4312 bona
1853 4262 2062 4323 estlex,

501 4350 550 4399 si
577 4349 703 4413 quis
740 4364 800 4400 ea
843 4348 1091 4416 legitime
1129 4356 1355 4404 utatur:
1413 4349 1594 4402 sciens
1649 4351 1748 4404 hoc
1805 4352 1927 4418 quia
1977 4352 2058 4404 lex
2094 4331 2134 4385 δ

499 4443 650 4509 justo
684 4459 788 4494 non
818 4453 901 4494 est
936 4442 1136 4509 posita,
1179 4443 1270 4495 sed
1300 4443 1534 4510 iujustis,
1574 4453 1626 4495 et
1660 4459 1764 4497 non
1800 4446 2061 4506 subditis,

503 4535 707 4602 impiis,
734 4544 789 4586 et
813 4537 1220 4602 peccatoribus,
1253 4537 1552 4598 sceleratis,
1579 4547 1628 4587 et
1660 4537 2063 4598 contatnin-tis,

504 4627 818 4692 parricidis,
854 4635 907 4677 ct
961 4627 1289 4685 tttatricidis,
1354 4627 1668 4689 Ιιυιινίοἰάἱδ,
1738 4629 2060 4690 [ιιτιπὶίίξῖὶῖς,

506 4715 876 4766 masculorum
931 4715 1404 4776 cottcubitoribus,
1454 4716 1751 4783 plagiariis,
1796 4719 2067 4768 ιιιριιιὴώ-

506 4808 628 4867 bus,
660 4815 713 4855 et
745 4804 1002 4872 periuris,
1038 4815 1092 4856 et
1132 4807 1174 4856 si
1241 4807 1367 4872 qttid
1425 4807 1569 4857 aiiud
1622 4821 1764 4857 sana:
1804 4806 2063 4860 dotttrimc

503 4899 852 4956 advorsatur,
933 4912 1056 4964 quae
1119 4897 1420 4949 secundum
1477 4897 1827 4964 Evangelitttu
1883 4901 2064 4966 gloriae

506 4993 646 5044 beati
688 4992 799 5055 Dei,
837 4992 977 5059 quod
1012 4992 1281 5044 creditum
1314 5004 1390 5044 est
1429 4991 1582 5044 mihi.
1617 4991 1829 5045 Gratias
1868 5010 1967 5059 ago
1990 4995 2062 5054 ei,

502 5104 593 5153 qui
631 5101 714 5137 tne
745 5085 1098 5147 ionl'urtavit,
1131 5085 1351 5136 Christo
1410 5083 1534 5136 Iesu
1585 5085 1809 5136 Domino
1850 5095 2058 5147 nostro,

500 5195 628 5247 (ιυι..‹
667 5181 795 5246 (ms.
827 5180 945 5245 qui)
977 5179 1190 5231 ﬁdelem
1227 5193 1311 5229 me
1372 5177 1725 5234 existimavit,
1774 5191 1978 5242 ponens
2010 5174 2059 5225 in

901 5270 993 5337 qui
1036 5271 1188 5338 prius
1224 5269 1575 5336 blasphemus
1601 5265 1702 5327 fui,
1728 5276 1778 5317 et
1809 5281 2062 5334 perseeu-

1284 5361 1378 5414 sed
1436 5359 1866 5412 misericordiam
1923 5357 2056 5408 Det‘

506 5272 811 5324 litil.'.6lt:l‘i0
849 5287 862 5322 :

505 5373 612 5424 tot,
662 5382 710 5416 ιτ.
748 5362 1175 5415 contumeliosus
1208 5375 1223 5413 :

504 5466 830 5508 consecutus
861 5471 1007 5519 sunt,
1061 5470 1186 5523 quia
1240 5453 1499 5522 ignorans
1534 5453 1635 5504 Ieci
1677 5450 1731 5500 itt
1763 5449 2056 5500 increduli-

574 5627 590 5654 '
628 5624 834 5677 Nomen
868 5627 960 5678 Dei
985 5625 1191 5680 bicloci
1221 5623 1275 5677 iu
1302 5622 1547 5677 Palatino
1570 5635 1674 5676 ms.
1708 5629 1766 5674 ut
1798 5626 1852 5673 et
1873 5617 2060 5670 Graeco

499 5700 647 5748 textu
682 5697 962 5749 retiectur.
996 5743 1001 5751 .

2179 3087 2303 3125 cum
2336 3071 2462 3137 tide,
2490 3083 2543 3125 et
2571 3070 2886 3133 dilectione,
2941 3085 3063 3139 quae
3094 3079 3181 3124 est
3220 3070 3272 3124 in
3323 3070 3534 3126 Christo
3573 3068 3698 3124 Iesu.

2179 3163 2394 3218 Fidelis
2417 3180 2627 3230 sermo,
2681 3173 2737 3217 et
2787 3163 2933 3216 omni
2976 3162 3296 3230 acceptione
3331 3163 3556 3231 dignus:
3583 3158 3699 3229 quod

2175 3257 2430 3311 Christus
2455 3253 2616 3309 Iesus
2647 3253 2801 3307 venit
2830 3255 2884 3306 in
2933 3253 3079 3306 Itone
3115 3253 3385 3306 mundum
3423 3261 3699 3321 peccatores

2175 3351 2354 3402 salvos
2387 3347 2585 3407 facere,
2618 3360 2851 3414 quorum
2893 3346 3102 3415 primus
3131 3360 3230 3412 ego
3285 3359 3432 3398 sum.
3478 3343 3571 3397 Sed
3598 3341 3700 3394 ideo

2177 3441 2608 3495 misericordiam
2645 3447 2970 3493 consecutus
3000 3453 3117 3491 sunt
3154 3456 3166 3490 :
3200 3449 3256 3490 tit
3319 3439 3374 3491 itt
3431 3452 3511 3489 me
3556 3438 3698 3501 primo

2174 3533 2489 3585 ostenderet
2517 3530 2770 3586 Christus
2800 3530 2960 3584 Iesus
3005 3527 3128 3600 [ms.
3161 3541 3267 3582 tac.
3301 3527 3486 3600 Iesus]
3517 3542 3699 3580 omnem

2173 3627 2509 3695 patientiam,
2539 3625 2603 3677 ad
2637 3623 3074 3676 informationem
3108 3637 3300 3673 eorum
3357 3621 3448 3688 qui
3477 3615 3696 3672 credituri

2173 3729 2299 3772 sunt
2331 3719 2430 3780 illi,
2472 3719 2522 3770 in
2551 3717 2716 3770 vitam
2743 3725 3022 3769 aztcrnam.
3053 3713 3185 3782 Regi
3215 3711 3698 3767 autemsaiculortttn

2173 3811 2490 3872 immortali,
2520 3809 2806 3872 invisibili,
2854 3807 2954 3860 soli
2991 3807 3122 3868 Deo,
3184 3807 3366 3859 honor
3396 3814 3450 3858 et
3481 3803 3629 3871 gloria
3655 3801 3698 3852 in

2172 3901 2367 3956 saecula
2397 3900 2742 3954 saeculorum.
2777 3898 2972 3950 Amen.
3036 3896 3149 3948 l'loc
3209 3903 3532 3963 praeceptum
3578 3903 3699 3943 cout-

2173 3994 2371 4046 mendo
2408 3993 2527 4056 tibi,
2552 3991 2625 4044 ﬁli
2688 3989 3004 4052 Timotheo,
3035 3987 3337 4040 secundum
3368 3983 3700 4053 prtecetlentes

2172 4089 2228 4140 in
2263 4098 2313 4140 te
2348 4086 2680 4155 propltetias,
2705 4094 2756 4134 ttt
2784 4083 2986 4135 milites
3019 4081 3069 4132 itt
3106 4079 3211 4132 illis
3241 4079 3440 4130 bonam
3464 4073 3698 4128 militiam.

2174 4177 2389 4230 liabeus
2428 4177 2609 4237 Iidem,
2646 4187 2696 4226 et
2730 4174 2923 4226 bonam
2966 4171 3390 4230 conscientiam,
3421 4181 3570 4234 quam
3598 4163 3699 4230 qui-

2170 4272 2291 4323 dam
2329 4268 2672 4338 repellentes,
2706 4265 2848 4317 circa
2910 4263 3068 4315 [idem
3126 4261 3578 4330 naufragavernut
3607 4271 3619 4307 :
3645 4266 3697 4302 ex

2171 4363 2371 4430 quibus
2403 4371 2482 4413 est
2513 4360 2860 4427 I‘lynteua‘ns,
2893 4368 2945 4409 et
2994 4353 3326 4416 Alcttander,
3373 4366 3506 4419 quos
3536 4343 3699 4399 tradidi

2173 4453 2404 4516 Satanm,
2440 4461 2497 4503 ut
2525 4451 2740 4502 discant
2773 4462 2878 4500 non
2910 4446 3310 4513 blasphemarc.

2247 4542 2406 4612 [Cap.
2443 4541 2480 4592 ll
2514 4539 2530 4610 ]
2562 4540 2803 4591 Obsecro
2861 4537 3023 4604 igitur
3079 4535 3310 4603 ptimum
3344 4538 3579 4585 omnium
3607 4523 3697 4580 ﬁeri

2176 4631 2604 4687 0i)58(‘l'.’lllt)ll05,
2636 4627 2934 4686 orationes,
2969 4623 3392 4692 postulationes,
3435 4621 3697 4690 gratiarum

2170 4723 2413 4774 actiones
2453 4733 2554 4784 pro
2586 4717 2839 4769 omnibus
2879 4714 3192 4767 hominibus
3228 4731 3241 4767 :
3290 4730 3389 4781 pro
3419 4713 3700 4778 rcgilms,ct

2171 4810 2428 4862 omnibus
2466 4806 2556 4874 qui
2589 4808 2643 4857 itt
2709 4803 3054 4856 sublimitate
3108 4809 3255 4865 sunt,
3323 4811 3381 4852 ut
3413 4800 3632 4867 quietam
3657 4803 3694 4843 et

2170 4901 2515 4965 tranquillam
2549 4897 2711 4949 vitam
2742 4911 2988 4962 agamus,
3030 4895 3080 4945 in
3109 4893 3257 4945 omni
3289 4893 3512 4959 pietate,
3555 4899 3599 4939 et
3624 4900 3696 4936 ca-

2169 4995 2371 5045 stitate.
2411 4989 2519 5042 lloc
2552 4987 2698 5040 enim
2736 4987 2938 5038 bounnt
2982 4996 3083 5046 est,
3135 4994 3190 5036 et
3229 4995 3513 5049 acor-ptum
3544 4986 3694 5031 coram

2171 5083 2450 5138 Salvatore
2507 5089 2694 5132 nostro
2750 5079 2885 5131 Deo.
2946 5077 3047 5140 Qui
3089 5090 3280 5128 omnes
3331 5073 3573 5127 honines
3607 5065 3696 5115 vult

2171 5174 2352 5228 salvus
2378 5172 2513 5235 tieri,
2534 5181 2590 5224 et
2611 5171 2674 5223 ad
2707 5170 3043 5239 agnitionem
3073 5167 3324 5221 veritatis
3354 5165 3556 5218 venire.
3575 5159 3696 5212 Uini!

2167 5265 2309 5318 enim
2345 5261 2508 5325 Deus,
2532 5277 2673 5317 unus
2695 5271 2749 5313 et
2773 5260 3037 5312 mediator
3065 5257 3156 5310 Dei
3182 5267 3238 5309 et
3267 5256 3545 5308 hominum
3564 5249 3695 5303 homo

2165 5356 2416 5408 Christus
2451 5352 2650 5406 Iesus:
2705 5352 2796 5420 qui
2855 5353 3000 5404 dedit
3069 5349 3498 5416 redemptionem
3529 5347 3696 5393 semet—

2166 5445 2344 5513 ipsum
2399 5459 2497 5512 pro
2564 5443 2843 5504 omnibus,
2911 5439 3281 5494 testimonium
3317 5439 3336 5468 ³
3397 5429 3698 5501 temporibus

2243 5621 2260 5647 ²
2300 5619 2355 5667 1η
2391 5615 2558 5667 Palat.
2597 5629 2721 5672 ius...
2760 5613 2911 5678 cujus
2939 5611 3314 5670 testimonium,
3374 5617 3502 5680 gtc.,
3536 5613 3697 5680 quon}-

2170 5689 2464 5740 admodum
2499 5695 2554 5738 et
2585 5690 2636 5737 itt
2670 5671 2871 5738 Crat-cis
2900 5685 3107 5746 aliquot
3138 5682 3309 5742 libris,
3345 5671 3406 5729 οἶδ
3431 5681 3487 5727 τὸ
3519 5671 3694 5742 p.1th-
