3946 6170
269 206 374 274 8ῗρ1

1229 213 1289 276 S.
1329 212 1558 277 PAULI
1602 211 1845 277 EPIST.
1887 212 1916 273 Ι
1956 213 2056 272 ΑΙ)
2092 209 2588 273 TIMOTHEUM.

3406 214 3511 269 Mt!

270 328 387 381 suis
416 341 429 377 :
466 325 518 380 in
553 341 663 395 quo
694 323 905 394 positus
937 340 1057 381 sum
1116 341 1217 397 ego
1250 328 1573 397 prtedicator
1623 336 1680 381 et
1711 341 1842 397 apo-
1871 332 1919 390 Α
1950 325 2194 381 bentium
2254 325 2488 390 nubere,
2548 324 2828 380 abstinuere
2891 338 2919 377 a
2976 321 3133 389 cibis,
3193 337 3333 391 quos
3366 321 3513 375 Deus

266 420 447 470 stolus
478 415 789 483 (veritatem
824 414 972 478 dico,
1012 430 1120 469 non
1160 418 1444 483 mentior),
1483 418 1678 473 doctor
1704 432 1837 486 gett-

266 507 407 556 tium
441 505 493 556 in
528 504 631 557 lide
678 513 739 557 et
781 505 1035 560 veritate.
1071 505 1207 560 Volo
1235 521 1366 576 ergo
1399 507 1546 562 viros
1576 521 1739 561 orare
1778 506 1832 560 in

266 595 417 648 omni
451 594 593 660 loco,
653 595 899 650 levantes
932 611 1097 666 puras
1142 612 1336 653 manus
1370 599 1489 653 sine
1519 600 1599 653 ira
1628 608 1685 652 et
1718 597 1840 651 dis.

266 685 605 754 ceptatione.
664 685 931 740 Similiter
959 696 1014 740 et
1040 687 1298 743 mulieres
1322 689 1376 742 in
1409 690 1599 745 habitu
1622 697 1835 751 ornato,

266 794 397 831 cum
438 777 771 833 verecundia
823 789 877 834 et
907 779 1200 836 sobrietate
1231 790 1491 838 ornantes
1537 796 1616 848 se,
1645 789 1702 836 et
1732 796 1841 834 non

266 869 329 923 in
364 869 522 923 tortis
565 869 838 933 crinibus,
891 881 987 926 aut
1038 887 1197 938 auro,
1238 883 1332 927 aut
1392 873 1721 944 margaritis,
1759 872 1842 926 vel

268 975 425 1016 veste
454 962 691 1031 pretiosa
722 978 739 1017 :
765 963 861 1017 sed
909 965 1053 1035 quod
1083 964 1241 1021 decet
1270 967 1551 1034 mulieres,
1615 965 1845 1036 promit-

269 1064 455 1111 tentes
484 1059 745 1127 pietatem
777 1075 875 1127 per
896 1075 1061 1127 opera
1096 1059 1260 1115 bona.
1291 1060 1486 1115 Mulier
1518 1061 1571 1115 in
1621 1060 1843 1115 silentio

264 1148 450 1202 discat
472 1165 597 1202 cum
620 1150 769 1205 omni
788 1152 1153 1221 subiectione.
1181 1154 1386 1208 Docere
1415 1160 1598 1208 autem
1624 1152 1843 1208 mulieri

267 1254 383 1292 non
416 1240 696 1308 permitto,
730 1256 909 1311 neque
942 1242 1210 1298 dominari
1255 1245 1307 1297 in
1343 1244 1521 1298 virum
1550 1259 1566 1309 ;
1596 1245 1690 1299 sed
1720 1258 1843 1299 esse

268 1328 331 1381 in
354 1329 594 1384 silentio.
625 1331 794 1385 Adam
815 1334 961 1386 enim
991 1335 1203 1403 primus
1223 1334 1491 1390 formatus
1514 1344 1619 1400 est,
1644 1335 1845 1391 deinde

269 1419 423 1474 llcva
458 1430 557 1475 :et
589 1423 760 1477 Adam
793 1439 900 1477 non
952 1434 1034 1480 est
1077 1427 1359 1491 seductus,
1416 1427 1614 1481 mulier
1658 1436 1843 1481 autem

270 1514 499 1567 seducta
545 1515 598 1567 in
627 1514 1085 1584 praevaricatione
1138 1517 1262 1572 fuit.
1297 1517 1616 1574 Salvabitur
1658 1528 1843 1573 autem

273 1621 380 1674 per
412 1607 653 1660 ﬁliorum
677 1608 1114 1677 generationem,
1146 1609 1190 1661 si
1226 1612 1592 1678 permanserit
1625 1608 1680 1663 in
1712 1608 1843 1675 ﬁde,

264 1708 329 1750 et
358 1698 677 1763 dilectione,
708 1707 765 1751 et
794 1699 1229 1753 sanctiﬁcatione
1260 1715 1385 1755 cum
1416 1702 1718 1757 sobrietate
1746 1702 1783 1753 ί.

345 1788 503 1858 (Cap.
540 1789 658 1861 Ill.)
688 1791 889 1845 Fidelis
921 1806 1105 1845 sermo
1135 1808 1150 1844 :
1207 1792 1263 1847 Si
1292 1794 1415 1862 quis
1462 1792 1841 1864 episcopatum

262 1883 571 1945 desiderat,
611 1884 817 1936 bonum
860 1898 1002 1952 opus
1054 1882 1357 1938 desiderat.
1416 1881 1645 1951 Oportet
1703 1898 1840 1952 ergo

265 1975 599 2045 episcopum
656 1974 1204 2045 irreprehensibilem
1238 1990 1381 2045 esse,
1434 1976 1597 2031 unius
1656 1976 1843 2032 uxoris

266 2070 474 2131 virum,
510 2066 785 2133 sobrium,
831 2068 1184 2137 prudentem,
1225 2078 1508 2135 ornatum,
1552 2068 1837 2139 pudicum,

269 2157 621 2226 hospitalem,
652 2158 956 2225 doctorem,
1010 2174 1121 2213 non
1155 2159 1518 2221 vinolentum,
1581 2173 1688 2213 non
1721 2175 1846 2229 per-

265 2262 574 2311 cussorem,
610 2247 707 2302 sed
736 2248 1044 2303 modestum
1074 2264 1089 2314 ;
1122 2264 1231 2302 non
1262 2249 1582 2319 litigiosum,
1612 2266 1719 2305 non
1746 2267 1844 2306 cu.

267 2340 486 2407 pidum.
547 2339 640 2393 sed
684 2354 797 2394 sua:
836 2340 1022 2396 domui
1074 2339 1216 2395 bene
1273 2344 1645 2413 prmpositum,
1699 2346 1840 2403 ﬁlios

265 2432 565 2485 trahentem
615 2430 871 2486 subditos
918 2447 1045 2486 cum
1076 2433 1223 2487 omni
1288 2434 1567 2488 castitate.
1630 2435 1687 2489 Si
1717 2438 1841 2505 quis

260 2531 457 2575 autem
494 2522 679 2577 domui
713 2537 828 2577 suae
855 2537 1089 2591 pratesse
1115 2524 1312 2589 nescit,
1343 2526 1621 2594 quomodo
1652 2526 1841 2581 Eccle-

258 2614 369 2668 sia
400 2614 495 2668 Dei
551 2614 889 2685 diligentiam
926 2615 1150 2670 habebit
1187 2620 1205 2649 ¹¹
1236 2616 1259 2667 ?
1313 2616 1432 2671 Non
1479 2618 1863 2689 ne0phytum,

262 2702 423 2755 uein
456 2702 771 2771 superbiam
822 2703 1027 2769 elatus,
1054 2705 1106 2756 in
1144 2704 1414 2773 judicium
1458 2708 1665 2763 incidat
1723 2708 1839 2763 dia-

258 2795 405 2848 boli.
473 2794 703 2863 Oportet
751 2804 930 2849 autem
966 2796 1119 2849 illum
1179 2804 1233 2850 ct
1302 2797 1680 2853 testimonium
1747 2803 1840 2855 ha-

262 2887 406 2941 bere
484 2886 686 2943 bonum
748 2888 817 2941 ab
878 2887 948 2942 iis
1005 2889 1100 2957 qui
1171 2890 1305 2945 foris
1380 2900 1529 2956 sunt,
1600 2902 1656 2946 ut
1730 2910 1837 2949 non

1943 419 2151 473 creavit
2179 418 2246 473 ad
2284 417 2701 487 percipiendum
2756 430 2881 470 cum
2941 416 3239 484 gratiarum
3296 413 3512 467 actione

1944 509 2225 576 ﬁdelibus,
2284 520 2343 565 et
2380 510 2448 564 iis
2486 510 2578 576 qui
2603 518 2977 578 cognoverunt
3008 507 3316 561 veritatem.
3377 506 3512 569 Quia

1944 601 2126 653 omnis
2158 608 2422 654 creatura
2467 600 2559 653 Dei
2588 600 2728 653 bona
2753 610 2855 665 εει,
2885 608 2939 653 et
2981 600 3119 651 nihil
3154 596 3511 668 rejiciendurn

1942 690 2090 757 quod
2124 704 2247 743 cum
2281 689 2579 758 gratiarum
2622 690 2841 743 actione
2874 689 3174 757 percipitur
3209 703 3224 745 :
3267 687 3515 741 sanctiﬁ-

1943 793 2101 837 catur
2128 784 2274 838 enim
2310 799 2407 853 per
2435 785 2659 838 verbum
2690 784 2780 837 Dei
2803 792 2856 837 et
2875 782 3205 837 orationem.
3242 780 3366 833 lla-c
3386 795 3515 847 pro-

1945 886 2153 939 ponens
2184 872 2473 938 fratribus,
2498 875 2676 928 bonus
2706 875 2816 928 eris
2848 874 3096 928 minister
3126 871 3329 926 Christi
3356 870 3510 935 Jesu,

1943 963 2219 1017 enutritus
2254 964 2436 1017 verbis
2472 964 2595 1018 ﬁdei
2631 974 2685 1018 et
2710 965 2864 1019 bona:
2906 964 3195 1027 doctrinae,
3226 980 3390 1033 quam
3423 980 3514 1017 as-

1944 1061 2171 1108 secutus
2206 1069 2290 1110 es.
2327 1054 2541 1123 ineptas
2570 1062 2748 1108 autem
2772 1064 2828 1109 et
2860 1056 3031 1109 aniles
3060 1056 3267 1109 fabulas
3289 1056 3467 1109 devita
3501 1071 3516 1107 :

1944 1160 2145 1200 exerce
2183 1154 2364 1199 autem
2399 1146 2633 1215 teipsum
2670 1146 2737 1199 ad
2775 1151 3054 1211 pietatem.
3090 1147 3224 1201 Nam
3251 1163 3518 1216 corpora-
3556 1180 3559 1185 -

1947 1236 2018 1292 lis
2045 1236 2367 1291 exercitatio
2430 1237 2497 1291 ad
2537 1238 2810 1293 modicum
2847 1238 3000 1293 utilis
3032 1250 3154 1293 est:
3213 1239 3387 1308 pictas
3419 1255 3516 1292 au-

1946 1336 2055 1386 tem
2081 1328 2148 1384 ad
2177 1330 2363 1383 omnia
2390 1329 2539 1383 utilis
2564 1339 2668 1395 est,
2704 1331 3132 1400 promissionem
3161 1333 3369 1387 habens
3393 1333 3516 1385 vita:

1946 1436 2069 1491 qua:
2094 1437 2243 1476 nunc
2272 1430 2379 1489 est,
2439 1429 2499 1475 et
2533 1420 2752 1476 l‘nturaa.
2788 1422 2998 1478 Fidelis
3032 1438 3237 1487 sermo,
3273 1434 3329 1479 et
3363 1424 3510 1476 omni

1946 1512 2269 1583 acceptione
2304 1514 2522 1583 dignus.
2554 1512 2613 1568 In
2649 1513 2754 1570 hoc
2792 1514 2941 1568 enim
2969 1514 3283 1569 laboramus
3317 1524 3371 1569 et
3398 1531 3512 1569 rna-

1948 1603 2263 1671 lcdicimnr,
2288 1604 2415 1673 quia
2457 1619 2744 1673 speramus
2770 1606 2825 1658 in
2861 1606 3032 1660 Deum
3063 1607 3269 1669 vivum,
3304 1606 3399 1674 qui
3433 1614 3518 1661 est

1950 1694 2203 1751 Salvator
2258 1694 2505 1749 omnium
2564 1695 2874 1762 hominum,
2938 1697 3178 1752 maxime
3246 1697 3490 1751 ﬁdelium

1950 1787 2193 1855 Prascipe
2218 1786 2359 1850 haec,
2393 1796 2449 1841 et
2472 1786 2629 1841 doce.
2688 1787 2859 1843 Nemo
2914 1788 3340 1845 adolescentiam
3366 1800 3516 1845 tuam

1949 1888 2269 1934 contemnat
2302 1894 2319 1933 :
2347 1878 2443 1934 sed
2471 1879 2783 1948 exemplum
2814 1891 2933 1935 esto
2958 1881 3199 1935 ﬁdelium
3238 1883 3291 1935 in
3329 1882 3513 1942 verbo,

1950 1968 2005 2023 in
2035 1969 2488 2033 conversatione,
2520 1969 2575 2024 in
2600 1970 2887 2036 charitate,
2922 1972 2975 2025 in
2999 1972 3129 2039 ﬁde,
3163 1970 3219 2029 in
3245 1974 3513 2028 castitate.

1948 2058 2087 2115 Dum
2118 2060 2302 2128 venio,
2335 2060 2558 2118 attende
2602 2061 2850 2128 lectioni,
2884 2063 3278 2129 exbortationi,
3330 2075 3382 2121 et
3418 2065 3518 2119 do-

1948 2150 2163 2206 etrine.
2196 2150 2323 2205 Noli
2359 2151 2634 2221 negligere
2661 2152 2891 2222 gratiam
2940 2168 3063 2224 qua
3095 2154 3145 2207 in
3176 2163 3229 2208 te
3263 2163 3366 2221 cst,
3391 2170 3516 2223 quae

1949 2242 2077 2296 data
2129 2251 2216 2297 est
2278 2243 2375 2297 tibi
2417 2258 2514 2313 per
2570 2244 2919 2313 prophetiam
2968 2261 3091 2300 cum
3153 2246 3513 2316 impositione

1949 2348 2208 2387 manuum
2246 2334 2595 2404 presbyterii.
2638 2333 2765 2391 llaec
2799 2336 3091 2403 meditare,
3132 2339 3184 2391 in
3224 2338 3311 2391 his
3342 2350 3461 2393 esto
3497 2355 3511 2390 :

1950 2425 2795 2494 utprofectustuusmanifestus
2824 2429 2896 2481 sit
2946 2430 3224 2485 omnibus.
3281 2431 3515 2485 Attende

1949 2516 2069 2582 tibi,
2100 2529 2153 2573 et
2185 2520 2450 2574 doctrinae
2482 2534 2497 2572 :
2535 2520 2683 2573 insta
2708 2520 2761 2573 in
2797 2521 2925 2575 illis.
2957 2520 3071 2575 Hoc
3097 2523 3243 2577 enim
3280 2523 3508 2588 faciens,

1946 2620 2005 2667 et
2059 2620 2113 2666 te
2161 2612 2342 2680 ipsum
2389 2611 2599 2665 salvum
2644 2610 2833 2678 facies,
2860 2623 2916 2666 et
2939 2628 3035 2668 eos
3057 2615 3148 2683 qui
3180 2624 3229 2668 te
3259 2615 3512 2669 audiunt.

2019 2702 2176 2775 (Cap.
2206 2705 2293 2774 V.)
2320 2704 2601 2759 Seniorem
2624 2719 2693 2759 ne
2724 2704 3111 2774 increpaveris,
3155 2708 3249 2762 sed
3284 2706 3511 2762 obsecra

1946 2807 2007 2851 ut
2041 2795 2561 2867 patrem;juvenes,
2600 2805 2659 2849 ut
2690 2795 3106 2861 fratres;anus,
3168 2808 3226 2852 ut
3261 2808 3464 2854 matres
3494 2816 3511 2861 :

1940 2888 2283 2961 juvenculas,
2346 2896 2403 2939 ut
2429 2902 2648 2941 sorores
2705 2888 2759 2943 in
2799 2888 2944 2941 omni
2980 2890 3231 2944 castitate
3274 2906 3288 2944 :
3322 2872 3514 2947 viduas

254 2979 329 3032 in
386 2978 745 3046 Opprobrium
780 2979 1025 3043 incidat,
1072 2991 1129 3034 et
1189 2981 1244 3035 in
1292 2982 1545 3051 laqueum
1607 2984 1833 3039 diaboli.
1865 3007 1912 3069 ε
1946 2982 2329 3049 honora,qute
2361 2995 2489 3033 vere
2521 2980 2698 3034 vidua:
2729 2990 2879 3034 sunt.
2916 2981 2973 3035 Si
3004 2998 3108 3051 qua
3133 2992 3314 3037 autem
3353 2984 3511 3038 vidua

260 3068 553 3124 Diaconos
624 3070 881 3124 similiter
934 3071 1188 3140 pudicos,
1244 3088 1352 3127 non
1403 3074 1696 3145 bilingues,
1732 3092 1840 3130 non

256 3164 444 3217 multo
474 3164 600 3218 vino
652 3163 893 3228 deditos,
927 3180 1035 3218 non
1074 3174 1233 3234 turpe
1291 3167 1504 3221 lucrum
1545 3177 1838 3224 sectantes.

255 3254 545 3309 Habentes
575 3257 900 3326 mysterium
951 3256 1076 3309 ﬁdei
1113 3259 1166 3311 in
1201 3259 1537 3313 conscientia
1570 3276 1726 3329 pura.
1775 3262 1841 3315 Et

257 3346 321 3399 hi
353 3355 541 3399 autem
598 3346 901 3413 probentur
956 3348 1192 3415 primum
1231 3364 1247 3403 :
1293 3358 1349 3403 ct
1396 3349 1475 3404 sic
1504 3351 1837 3415 ministrent,

257 3438 480 3491 nullum
510 3437 720 3490 crimen
752 3438 1040 3493 habentes.
1074 3438 1336 3495 Mulieres
1378 3440 1636 3495 similiter
1683 3441 1840 3509 pudi-

255 3542 377 3593 cas,
417 3542 528 3579 non
575 3526 950 3590 detrahentes,
982 3526 1216 3593 sobrias,
1250 3526 1436 3581 ﬁdeles
1470 3527 1523 3581 in
1558 3527 1837 3582 omnibus.

260 3619 490 3673 Diaconi
522 3619 632 3672 sint
668 3618 832 3673 unius
862 3619 1049 3672 uxoris
1076 3618 1201 3682 viri,
1236 3618 1329 3687 qui
1384 3618 1509 3673 ﬁliis
1553 3618 1669 3673 suis
1701 3623 1839 3673 bene

260 3709 519 3779 praesint,
553 3717 609 3761 et
637 3708 750 3761 suis
781 3708 1056 3761 domibus.
1080 3706 1184 3771 Qui
1216 3708 1362 3761 cnim
1388 3708 1527 3763 bene
1565 3708 1840 3761 ministra-

260 3800 469 3860 verint,
504 3800 733 3863 gradum
798 3798 1005 3851 bonum
1042 3798 1146 3853 sibi
1181 3799 1491 3867 acquirent,
1527 3809 1583 3853 et
1612 3801 1837 3853 multam

262 3890 529 3941 ﬁduciam
562 3888 616 3940 in
649 3888 775 3951 ﬁde,
804 3903 923 3955 qua:
953 3898 1038 3942 est
1076 3887 1129 3941 in
1165 3888 1383 3945 Christo
1410 3887 1557 3943 lesu.
1592 3888 1715 3943 Haec
1738 3889 1839 3942 tibi

258 3982 474 4042 scribo,
511 3992 739 4046 sperans
768 3992 853 4029 me
875 3977 939 4030 ad
978 3988 1028 4031 te
1059 3977 1250 4031 venire
1277 3976 1410 4031 cito.
1432 3976 1490 4030 Si
1521 3987 1702 4031 autem
1731 3987 1840 4031 tar-

261 4075 499 4131 davero,
534 4079 593 4122 ut
626 4072 768 4122 scias
799 4070 1074 4137 quomodo
1103 4078 1361 4137 oporteat
1390 4078 1440 4123 te
1466 4070 1522 4123 in
1554 4073 1718 4124 domo
1746 4070 1838 4124 Dei

255 4166 615 4229 Conversari,
657 4179 777 4233 qua:
807 4173 894 4218 est
923 4164 1171 4218 Ecclesia
1206 4164 1295 4219 Dei
1332 4165 1465 4230 vivi,
1502 4166 1757 4219 columna
1782 4172 1839 4220 et

254 4258 678 4311 ﬁrmamentum
705 4255 986 4309 veritatis.
1047 4255 1116 4309 Et
1149 4255 1434 4311 manifeste
1467 4272 1719 4326 magnum
1752 4267 1838 4311 est

252 4350 489 4418 pictatis
544 4358 971 4413 sacramentum,
1030 4347 1176 4415 quod
1210 4346 1619 4401 manifestatum
1651 4358 1735 4403 est
1781 4349 1836 4403 in

247 4456 456 4503 carne,
483 4439 842 4508 justiﬁeatum
873 4448 957 4491 est
986 4438 1040 4491 in
1077 4438 1300 4506 spiritu,
1330 4440 1831 4508 apparuitangclis,

248 4532 626 4599 praadicatum
654 4540 740 4584 est
778 4530 1060 4599 gentibus,
1094 4529 1367 4584 creditum
1399 4540 1483 4584 est
1514 4531 1568 4583 in
1600 4532 1831 4597 mundo,

243 4634 613 4688 aSsumptum
644 4632 730 4674 est
764 4621 817 4673 in
854 4620 1054 4689 gloria.

330 4714 497 4783 (Cap.
533 4711 650 4783 IV.)
674 4712 915 4781 Spiritus
944 4723 1128 4766 autem
1176 4712 1463 4769 manifeste
1521 4716 1676 4782 dicit,
1707 4716 1834 4785 quia

244 4810 308 4861 in
348 4804 668 4858 novissimis
696 4804 1037 4870 temporibus
1070 4803 1354 4858 discedent
1381 4807 1607 4875 quidatn
1640 4825 1667 4860 ιι
1701 4809 1830 4875 lide,

238 4897 615 4952 attendentes
648 4895 934 4963 Spiritibus
961 4896 1189 4958 erroris,
1249 4907 1306 4950 et
1335 4896 1597 4952 doctrinis
1631 4899 1834 4952 dzemo-

240 4992 505 5048 niornni,
540 4988 592 5039 in
652 4986 929 5056 hypocrisi
988 4986 1329 5055 loquentium
1390 4991 1837 5053 mendacium,et

238 5080 623 5135 canteriatam
659 5079 976 5131 habentium
1010 5094 1167 5132 suam
1195 5081 1613 5148 conscientiam,
1648 5083 1838 5151 prohi-

246 5231 406 5282 pLOV.
442 5212 558 5265 Mox
616 5213 705 5265 ubi
753 5212 983 5272 dicitur,
1028 5214 1303 5266 ceritatem
1365 5216 1497 5277 dico,
1527 5216 1750 5269 additur
1779 5219 1835 5269 in

242 5287 499 5344 Christo,
533 5299 655 5350 quae
684 5297 847 5335 voces
874 5282 926 5334 in
969 5283 1158 5335 Graeco
1195 5286 1360 5336 etiam
1396 5294 1523 5336 sunt
1554 5298 1725 5338 textu.

332 5356 351 5384 ’
384 5353 535 5406 Alias
570 5356 628 5405 δ.
660 5352 777 5419 ipse
810 5352 1087 5419 interpres
1117 5368 1214 5421 pro
1260 5357 1543 5406 sobrietate
1575 5365 1836 5409 constan-

242 5436 345 5478 tcr
382 5424 546 5475 habet
578 5422 661 5474 vel
687 5438 805 5473 cum
823 5422 1099 5487 pudicitia,
1134 5433 1188 5474 ut
1224 5425 1276 5475 in
1311 5424 1552 5488 Epistula
1571 5426 1637 5475 ad
1660 5425 1838 5479 Salvi-

241 5509 416 5553 natu,
451 5494 531 5543 vel
563 5507 682 5543 cum
714 5502 983 5553 castitate,
1036 5503 1094 5545 ut
1127 5493 1277 5547 alibi.
1336 5496 1476 5557 Quin
1510 5497 1618 5547 ιιιιο
1642 5497 1740 5552 lib.
1781 5513 1836 5552 ιιι

238 5573 454 5615 contra
487 5561 843 5639 dovinianum
880 5570 1107 5615 recrtato
1134 5565 1235 5639 hoc
1271 5562 1586 5639 versiculo:
1621 5565 1679 5619 Si
1719 5586 1839 5639 per-

240 5634 561 5686 manserint
585 5632 640 5683 in
670 5668 685 5682 .
716 5669 729 5682 .
753 5668 767 5682 .
799 5668 813 5682 .
843 5673 854 5683 .
885 5669 896 5681 .
937 5669 949 5681 .
980 5635 1407 5701 sanctificatione
1434 5648 1544 5688 cum
1567 5632 1837 5703 castitate;

666 5729 937 5792 Paeon.
998 5734 1131 5796 XXI
1146 5736 1211 5799 X.

1945 3072 2085 3128 ﬁlios
2138 3081 2233 3126 aut
2282 3082 2507 3141 nepotes
2542 3072 2708 3125 habet
2745 3114 2760 3139 ,
2793 3072 2967 3128 diseat
3018 3076 3255 3143 primum
3290 3075 3512 3131 domum

1943 3179 2097 3220 suam
2129 3179 2340 3233 regere.
2377 3173 2432 3218 et
2466 3173 2711 3217 mutuam
2770 3167 2941 3220 vicem
2997 3165 3227 3221 reddere
3271 3171 3512 3236 parenti-

1943 3257 2045 3310 bus
2077 3269 2090 3306 :
2122 3255 2227 3310 hoc
2253 3254 2398 3308 enim
2426 3265 2713 3324 acceptum
2746 3267 2830 3309 est
2859 3271 3041 3309 coram
3076 3257 3208 3313 Deo.
3247 3257 3379 3324 Qua:
3416 3275 3512 3314 au-

1944 3355 2051 3400 tem
2091 3361 2217 3400 vere
2257 3346 2419 3399 vidua
2452 3356 2559 3411 est,
2583 3357 2638 3401 et
2676 3347 2976 3415 desolata’,
3010 3360 3195 3419 speret
3230 3352 3281 3404 in
3318 3352 3509 3409 Deum.

1940 3447 1997 3492 et
2022 3438 2185 3492 instet
2241 3438 2716 3493 obsecrationibus
2808 3450 2865 3494 et
2925 3443 3272 3498 orationibus
3350 3455 3510 3499 nocte

1942 3542 2004 3581 ac
2035 3527 2150 3582 die.
2187 3527 2319 3581 Nam
2341 3543 2460 3596 quae
2492 3530 2544 3581 in
2575 3529 2785 3582 deliciis
2809 3540 2916 3592 est,
2944 3531 3133 3585 vivens
3164 3542 3374 3586 mortua
3402 3543 3508 3588 est.

1943 3619 2004 3674 Et
2039 3622 2140 3675 hoc
2174 3621 2424 3689 praecipe,
2456 3630 2512 3674 nt
2535 3620 3050 3689 irreprchensibilcs
3088 3627 3218 3679 sint.
3265 3625 3321 3679 Si
3381 3628 3509 3695 quis

1941 3721 2124 3763 autem
2154 3725 2403 3773 suorum,
2441 3722 2497 3764 et
2552 3712 2789 3764 maxime
2849 3713 3277 3769 domesticorum
3316 3731 3505 3770 curam

1942 3814 2049 3851 non
2084 3798 2265 3864 habet,
2302 3798 2460 3853 ﬁdem
2484 3804 2720 3870 negavit,
2759 3810 2924 3857 etest
2974 3804 3177 3859 inﬁdeli
3241 3806 3505 3861 deterior.

1941 3891 2114 3946 Vidua
2142 3891 2376 3960 eligatur
2400 3907 2508 3945 non
2534 3893 2714 3947 minus
2740 3895 3019 3964 sexaginta
3059 3913 3351 3965 annorum,
3382 3917 3505 3970 qua:

1943 3983 2111 4036 fuerit
2155 3985 2317 4036 unius
2348 3983 2448 4035 viri
2490 3998 2650 4044 uxor,
2691 3985 2743 4038 in
2764 3986 3020 4054 cperibus
3069 3988 3227 4043 bonis
3258 3992 3508 4046 testimoo

1940 4074 2091 4127 nium
2116 4074 2340 4138 habens,
2373 4072 2417 4127 si
2461 4074 2599 4127 ﬁlios
2629 4076 2905 4142 educavit,
2940 4079 2984 4132 si
3009 4078 3245 4148 hospitio
3278 4084 3503 4152 recepit.

1940 4166 1984 4219 si
2011 4174 2326 4219 sanctorum
2367 4166 2533 4235 pedes
2558 4167 2709 4232 lavit,
2741 4169 2783 4221 si
2824 4170 3235 4226 tribulationem
3291 4174 3503 4242 patien-

1943 4255 2087 4308 tibus
2118 4255 2570 4322 subministravit,
2600 4260 2645 4313 si
2678 4277 2837 4315 otnue
2884 4277 3023 4332 opus
3054 4265 3259 4319 bonum
3314 4265 3509 4321 subse-

1876 4356 2069 4436 Dcuta
2102 4355 2207 4400 est.
2265 4347 2745 4405 Adolescentiores
2806 4364 2987 4407 autem
3054 4356 3245 4411 viduas
3299 4359 3501 4415 devita.

1944 4436 2081 4492 Cum
2115 4439 2263 4493 cnim
2319 4439 2606 4496 luxuriata:
2652 4442 2856 4499 fuerint
2912 4446 2968 4500 in
3001 4448 3241 4514 Christo,
3294 4456 3505 4512 nubere

1936 4529 2126 4583 volunt
2180 4544 2195 4579 :
2246 4529 2509 4585 habentes
2592 4533 3022 4602 damnationem,
3078 4545 3206 4609 quia
3270 4549 3504 4617 primam

1940 4621 2100 4675 ﬁdem
2132 4622 2345 4676 irritam
2382 4622 2650 4677 fecerunt.
2683 4624 2857 4681 Simul
2908 4640 3089 4685 autem
3117 4643 3172 4687 et
3199 4637 3391 4693 otiosae
3420 4639 3507 4694 di~

1936 4721 2098 4766 scunt
2136 4713 2372 4768 circuire
2406 4713 2597 4769 domos
2630 4731 2648 4771 :
2681 4730 2791 4771 non
2846 4719 3024 4775 solum
3069 4723 3281 4789 Otioste,
3328 4729 3422 4783 sed
3451 4742 3508 4785 et

1938 4802 2208 4868 verbosa},
2239 4814 2298 4859 ct
2326 4806 2577 4869 curiosm,
2616 4807 2905 4877 loquentes
2945 4829 3065 4880 qua:
3106 4831 3213 4869 nou
3265 4831 3503 4888 oportet.

1939 4893 2073 4949 Volo
2094 4899 2479 4967 ergojuuiores
2506 4899 2730 4964 nnhcre,
2760 4900 2897 4955 ﬁlios
2925 4918 3239 4971 procreare,
3276 4921 3507 4967 matres-

1938 4987 2171 5040 familias
2198 5002 2340 5051 esse,
2376 4988 2577 5042 nullam
2602 4991 2947 5047 occasionem
2996 4997 3125 5051 dare
3184 5001 3504 5057 adversario

1940 5081 2211 5134 maledicti
2244 5081 2439 5150 gratia.
2472 5081 2588 5135 Jam
2616 5085 2763 5139 enim
2792 5088 3045 5155 quaedam
3072 5106 3351 5149 conversa:
3374 5108 3505 5150 sunt

1940 5234 2043 5271 non
2066 5217 2202 5268 enim
2224 5255 2238 5279 ,
2268 5216 2479 5278 subdit,
2537 5228 2591 5269 ut
2621 5222 2760 5275 male
2787 5226 3013 5281 habetur
3057 5229 3110 5281 in
3148 5228 3354 5282 Latinis
3410 5247 3503 5282 co-

1938 5288 2161 5370 dicibus,
2193 5288 2447 5339 sobrietas
2468 5296 2544 5340 est
2568 5295 2805 5360 tegenda,
2824 5298 2913 5349 sed
2942 5290 3178 5363 castitas,
3208 5301 3262 5351 id
3281 5310 3355 5352 est
3380 5317 3486 5353 cto-

1985 5374 2201 5409 οοσυνη.

1985 5376 2013 5407 0
2084 5376 2141 5405 ’ν
2189 5396 2201 5408 .

1939 5374 2388 5551 :fczieiiositum
2424 5430 2663 5485 secunda
2690 5450 2854 5488 manu
2887 5434 2939 5488 in
2972 5436 3215 5490 Palatino
3249 5452 3378 5505 ms.,
3406 5442 3503 5494 ad-

1975 5514 1990 5548 t
2031 5514 2055 5550 ε
2093 5514 2157 5551 18.

1975 5514 2157 5551 108018.

2012 5514 2157 5551 renis.

2012 5569 2033 5598 ³
2067 5567 2294 5646 l’alatin.
2329 5582 2456 5646 ms.,
2489 5578 2543 5646 et
2574 5569 2831 5646 desolata,
2865 5574 3015 5637 vitio,
3055 5585 3113 5629 ut
3142 5576 3380 5646 videtur,
3406 5595 3505 5635 an-

1946 5639 2168 5708 tiquarii
2203 5655 2215 5688 :
2262 5641 2453 5709 tum_in
2486 5638 2729 5703 instanti,
2751 5655 2946 5709 sperat.
2979 5682 2995 5696 .
3023 5684 3036 5697 .
3068 5660 3109 5698 et
3138 5650 3329 5703 instat.

3084 5747 3160 5805 27

1964 5802 1985 5831 ιι
1988 5812 2053 5833 ’Μ
2098 5822 2104 5827 ‘
