3946 6170
511 322 621 384 813

1416 319 1478 379 S.
1518 319 1954 380 lllERONYMI
2003 319 2264 382 DIVINA
2309 320 2833 384 BIBLIO’I'IIECA.
3605 331 3687 393 ΒΗ,

519 450 667 492 retro
685 435 967 490 Satanam.
993 435 1048 488 Si
1080 435 1204 502 quis
1242 435 1416 488 fidelis
1444 433 1618 489 habet
1642 434 1858 500 viduas,
1891 436 2094 491 submi-
2126 449 2167 501 Α
2199 435 2375 505 pietas
2430 451 2554 490 cum
2590 435 2941 491 sullicientia.
2997 435 3146 488 Nihil
3201 435 3346 489 enim
3378 437 3614 496 intulimus
3649 447 3692 499 in

515 531 711 584 nistrct
743 529 869 594 illis,
912 538 965 582 et
999 544 1104 580 non
1126 535 1387 594 gravetur
1421 526 1687 592 Ecclesia,
1725 540 1782 582 ut
1813 529 1902 592 iis,
1967 543 2090 597 (ιιι-ε

516 639 642 676 vero
674 621 850 674 viduae
882 627 1034 682 sunt,
1069 616 1321 671 sufﬁciat.
1347 615 1449 683 Qui
1472 618 1614 672 bene
1680 628 1919 688 priesunt
1967 635 2090 688 pre-

517 711 745 783 sbyteri,
773 707 980 778 duplici
1043 708 1252 762 honore
1275 708 1422 778 digni
1479 707 1785 762 habeantur
1811 723 1826 761 :
1863 715 2094 761 maxime

515 804 606 872 qui
635 802 886 856 laborant
913 801 964 854 ill
999 800 1167 854 verbo
1188 810 1241 854 et
1280 799 1555 854 doctrina.
1598 799 1739 854 Dicit
1766 801 1910 853 enim
1943 798 2095 854 Scri-

516 906 676 964 ptura
716 911 729 945 :
774 893 892 948 Non
925 892 1174 959 alligabis
1206 892 1221 923 ¹
1267 906 1329 946 os
1359 893 1482 946 bovi
1505 893 1807 947 trituranti.
1871 893 1974 947 Et:
2003 894 2095 946 Di-

514 1006 650 1057 gnus
680 998 762 1041 est
795 987 1082 1055 operarius
1118 987 1369 1041 mercede
1403 1002 1523 1040 sua.
1556 987 1835 1041 Adversus
1867 989 2094 1057 presby-

517 1091 690 1132 ter-uin
722 1080 1126 1132 accusationem
1162 1080 1272 1131 noli
1305 1077 1571 1146 recipere,
1616 1079 1717 1133 nisi
1741 1081 1843 1133 sub
1872 1081 2092 1136 duobus

515 1180 610 1224 aut
645 1169 821 1223 tribus
851 1169 1100 1224 testibus.
1137 1168 1434 1223 Peccantes
1487 1185 1671 1222 coram
1706 1171 1963 1224 omnibus
2009 1186 2096 1223 ar-

517 1278 618 1331 gue
655 1280 667 1315 :
712 1270 840 1314 utct
867 1259 1047 1314 caeteri
1079 1270 1328 1313 timorem
1368 1259 1622 1312 habeant.
1661 1259 1856 1313 Testor
1909 1275 2095 1314 coram

521 1352 631 1406 lien
665 1362 720 1405 ct
744 1351 1134 1414 ChristoJesu,
1163 1349 1675 1418 etelectisangells,
1713 1359 1769 1402 ut
1818 1349 1936 1403 haec
1995 1365 2099 1403 cn-

524 1446 739 1498 stodias
770 1445 889 1498 sine
914 1443 1253 1515 prejudicio,
1288 1441 1424 1494 nihil
1459 1440 1688 1504 faciens,
1760 1443 1812 1495 in
1868 1443 2097 1496 alteram

523 1549 733 1604 partem
761 1532 1107 1588 declinando.
1147 1533 1340 1586 Manus
1365 1532 1473 1584 i-ito
1505 1530 1713 1586 nemini
1744 1533 2097 1601 imposueris,

525 1640 702 1692 neque
758 1623 1251 1678 comniunicaveris
1287 1623 1528 1690 peccatis
1573 1622 1787 1677 alienis.
1837 1624 2097 1692 Teipsum

523 1729 737 1770 castum
773 1714 1015 1770 custodi.
1081 1714 1202 1768 Noli
1245 1713 1431 1766 adhuc
1471 1729 1669 1782 aquam
1723 1715 1934 1775 bibere,
2007 1715 2099 1768 sed

2196 526 2343 581 hunc
2375 528 2641 581 mundqu
2680 542 2695 580 :
2728 528 2871 580 haud
2937 527 3164 579 dubium
3217 525 3359 594 quod
3392 543 3478 580 nec
3526 534 3694 588 auferre

2195 617 2327 686 quid
2371 633 2684 687 possumus.
2713 618 2989 673 Habentes
3017 632 3198 673 autem
3248 617 3506 684 alimenta,
3526 633 3573 674 et
3601 629 3698 693 qui-

2197 709 2302 765 bus
2332 721 2600 778 tegantur,
2645 709 2730 763 his
2759 709 3009 764 contenti
3038 724 3250 764 sumus.
3303 708 3428 763 Nam
3451 714 3528 780 qni
3554 715 3699 770 volunt

2198 800 2400 856 divites
2437 801 2582 866 fieri,
2639 799 2893 856 incidunt
2948 801 3001 854 in
3063 801 3438 868 tentationem,
3498 813 3546 858 et
3577 808 3621 858 in
3645 808 3700 860 la-

2197 907 2399 960 quenm
2418 892 2640 956 diaboli,
2660 903 2716 948 et
2738 890 3014 947 desideria
3042 894 3208 946 multa
3231 893 3459 958 inutilia,
3478 905 3526 948 et
3553 913 3700 953 nocrra

2198 999 2319 1051 qua:
2347 994 2602 1054 mergunt
2627 985 2875 1040 homines
2911 987 2963 1041 in
2991 985 3274 1040 interitum
3301 995 3358 1039 et
3383 988 3702 1054 perditionem.

2203 1075 2373 1129 Iladix
2398 1077 2544 1130 enim
2575 1078 2820 1131 omnium
2856 1084 3124 1130 malorum
3160 1089 3243 1132 est
3269 1077 3524 1146 cupiditas
3548 1095 3704 1149 :quarn

2201 1165 2424 1232 quidam
2453 1175 2801 1234 appetentes,
2838 1176 3169 1220 erraverunt
3205 1183 3233 1219 a
3267 1169 3391 1231 title,
3435 1169 3704 1225 etinserue-

2203 1267 2331 1311 runt
2367 1274 2426 1312 se
2462 1259 2750 1313 doloribus
2801 1261 3009 1313 multis.
3073 1259 3151 1311 Tu
3179 1271 3409 1322 autem,
3453 1260 3592 1315 horno
3619 1264 3704 1326 Dei,

2202 1350 2318 1402 haec
2348 1349 2472 1418 fuge
2504 1365 2518 1401 :
2553 1360 2766 1404 sectare
2800 1365 2931 1404 vero
2964 1351 3254 1420 justitiam,
3282 1354 3540 1420 pietatem,
3563 1352 3707 1416 ﬁdem.

2203 1435 2552 1501 eiraritatern,
2619 1438 2961 1507 patientiam,
3035 1441 3520 1494 mansuetudinem.
3588 1441 3710 1497 Certa

2204 1527 2409 1581 bonurn
2436 1538 2715 1583 certamen
2747 1530 2895 1594 fidei,
2927 1530 3280 1598 apprehende
3313 1533 3710 1599 vitatnaternam,

2206 1618 2261 1671 iu
2285 1633 2390 1686 qua
2432 1629 2658 1673 vocatus
2688 1636 2769 1685 es,
2806 1632 2862 1674 et
2895 1621 3184 1674 confessus
3208 1622 3403 1675 bonam
3456 1625 3708 1679 confessio-

2208 1725 2331 1762 nem
2366 1725 2551 1765 eoram
2580 1713 2763 1765 rrrultis
2797 1714 3053 1766 testibus.
3100 1713 3371 1782 Principio
3427 1715 3512 1769 tibi
3569 1731 3711 1770 ceram

526 1811 748 1864 modico
781 1811 910 1862 vino
947 1819 1126 1870 utere,
1164 1818 1387 1876 propter
1421 1809 1768 1860 sternachutn
1827 1818 1981 1860 tuum
2035 1799 2092 1861 et
2127 1797 2166 1850 Β
2203 1801 2334 1864 Deo,
2392 1804 2484 1871 qui
2552 1804 2791 1858 vivitieat
2845 1806 3049 1871 omnia,
3102 1815 3156 1860 et
3212 1807 3432 1891 Christo
3476 1808 3606 1871 Iesu,
3647 1810 3714 1877 qiri

526 1904 838 1982 frequente-‘5
866 1913 988 1956 tuas
1015 1901 1380 1954 infirmitates.
1413 1897 1786 1964 Quorumdam
1820 1899 2102 1954 hominum

529 2008 750 2065 pi-ccata
782 1995 1070 2049 maniiesta
1103 2000 1252 2056 sunt,
1288 1990 1658 2060 prascedentia
1681 1989 1746 2044 ad
1789 1991 2052 2056 judicium
2089 2010 2106 2047 :

528 2086 790 2151 quosdam
825 2091 1004 2134 autem
1027 2089 1079 2134 et
1111 2080 1548 2148 subsequuntur.
1592 2079 1860 2135 Similiter
1879 2089 1934 2133 et
1963 2081 2106 2134 facta

530 2176 673 2228 bona
728 2173 1015 2226 manifesta
1076 2179 1253 2224 sunt:
1292 2176 1351 2225 et
1405 2185 1528 2239 qua:
1573 2171 1732 2225 aliter
1773 2185 1832 2225 se
1878 2170 2104 2237 habent,

529 2266 796 2321 abscondi
823 2281 929 2319 non
961 2271 1218 2333 possunt.

603 2359 757 2428 (Cap.
795 2357 904 2425 VI.)
937 2355 1265 2424 Quicunque
1289 2362 1420 2409 sunt
1472 2354 1575 2408 sub
1626 2354 1758 2424 jrigo
1790 2353 1959 2420 servi,
2011 2351 2109 2407 do-

533 2452 714 2503 minos
769 2465 899 2503 suos
930 2447 1084 2502 omni
1139 2447 1350 2500 honore
1387 2446 1586 2515 dignos
1646 2446 2004 2510 arbitrentur,
2041 2460 2110 2500 ne

535 2556 732 2594 nomen
773 2539 985 2594 Domini
1021 2548 1078 2593 et
1105 2539 1356 2592 doctrina
1404 2538 1834 2606 blasphemetur.
1877 2537 1980 2603 Qui
2015 2554 2111 2591 ειυ-

531 2641 638 2682 ti-rn
667 2631 854 2684 fideles
891 2629 1095 2682 habent
1126 2628 1409 2692 dominos,
1439 2644 1546 2681 non
1571 2636 1945 2696 contemnant,
1981 2629 2110 2696 quia

531 2724 729 2778 fratres
765 2729 892 2777 sunt
923 2735 940 2776 :
982 2721 1077 2775 sed
1100 2721 1270 2789 magis
1303 2722 1564 2777 serviant.
1595 2721 1723 2788 quia
1760 2721 1789 2770 tl
1815 2721 1944 2772 :eles
1961 2729 2109 2783 sunt,

531 2830 584 2870 ct
615 2816 823 2877 dilecti,
863 2816 953 2883 qui
986 2814 1240 2868 bent-ﬁcii
1279 2814 1576 2882 participes
1603 2821 1750 2866 sunt.
1798 2811 1837 2864 l-l
1864 2828 1918 2865 .c
1952 2813 2108 2876 doce,

531 2919 584 2962 ct
609 2910 923 2962 cxlrortare.
957 2905 1013 2959 Si
1054 2906 1177 2974 quis
1207 2905 1365 2959 aliter
1397 2905 1577 2966 docet,
1638 2915 1693 2958 et
1723 2919 1828 2956 non
1885 2905 2111 2973 acquie-

533 3004 643 3056 scit
683 3005 833 3055 sanis
870 3001 1217 3054 scrtnoiribus
1247 2997 1466 3053 Domini
1507 2997 1680 3050 nostri
1714 2996 1841 3050 .lesn
1881 2996 2108 3062 Christi,

529 3107 586 3146 et
617 3109 690 3152 et.
722 3109 844 3162 qu:e
874 3091 1176 3146 Secundum
1216 3092 1470 3158 pietatem
1504 3100 1609 3149 est,
1675 3088 1963 3155 doctrinae,
2016 3104 2110 3142 su-

533 3184 734 3251 perbus
764 3193 869 3244 est,
909 3183 1039 3235 nihil
1077 3183 1279 3244 sciens,
1305 3181 1399 3234 sed
1453 3181 1722 3246 languetis
1757 3185 1903 3234 circa
1956 3196 2109 3249 quaa-

534 3275 768 3339 Stioues,
790 3281 844 3326 et
874 3289 1083 3340 pugnas
1151 3275 1441 3326 verborum
1473 3287 1488 3324 :
1521 3289 1584 3325 ex
1618 3273 1820 3340 quibus
1854 3287 2111 3326 OI‘lIIIllIII‘

533 3367 775 3434 invidias,
839 3364 1247 3426 contentiones,
1319 3363 1698 3429 blasphemiae,
1749 3364 2106 3431 suspiciones

533 3458 709 3519 malta,
731 3455 1166 3509 conﬂictationes
1183 3455 1466 3509 hominum
1497 3464 1677 3508 mente
1699 3465 2104 3524 corruptorum,

534 3561 590 3601 et
624 3550 714 3618 qui
746 3550 974 3602 veritate
1007 3549 1202 3617 privati
1262 3560 1411 3611 sunt,
1470 3549 1906 3604 existimantium
1958 3565 2109 3618 quae-

533 3651 676 3694 stuin
707 3657 826 3695 esse
857 3642 1139 3710 pietatem.
1193 3639 1286 3696 Est
1343 3648 1527 3694 autem
1560 3651 1802 3709 quaestus
1859 3656 2108 3710 magnus,

2213 1896 2592 1949 testimonium
2642 1896 2878 1950 reddidit
2925 1900 3028 1953 sub
3090 1898 3287 1952 Pontio
3338 1898 3518 1961 I’ilato,
3563 1901 3713 1952 bonam

2207 1988 2610 2042 confessionem
2649 2004 2664 2042 ς
2694 1999 2751 2043 ιιι
2779 2005 2966 2044 serves
3023 1989 3344 2044 mandatum
3381 1992 3496 2044 sine
3532 1994 3715 2052 macula,

2209 2077 2695 2147 irreprehensibile
2733 2097 2906 2150 usque
2940 2081 2994 2134 in
3025 2080 3326 2134 adventum
3359 2081 3553 2134 Domini
3585 2081 3718 2132 nostri

2205 2166 2337 2222 Jesu
2369 2168 2576 2224 Christi
2611 2185 2625 2222 :
2667 2185 2830 2239 quem
2856 2170 2969 2224 suis
3003 2169 3350 2238 temporibus
3370 2169 3601 2224 ostendet
3624 2168 3720 2222 bea-

2210 2271 2299 2314 tus
2331 2269 2388 2314 et
2418 2261 2566 2316 solus
2595 2274 2808 2331 potens,
2845 2262 2957 2318 Rex
2993 2278 3206 2333 regum,
3255 2271 3316 2318 et
3367 2262 3610 2317 Dominus
3652 2264 3723 2316 do-

2211 2352 2538 2407 minantium
2579 2371 2594 2408 :
2629 2355 2724 2424 qni
2766 2356 2918 2410 solus
2972 2355 3136 2410 habet
3167 2357 3634 2420 immortalitatem,
3684 2368 3727 2409 et

2213 2447 2390 2502 lucem
2427 2446 2700 2504 inhabitat
2735 2449 3178 2504 inaccessibilem
3209 2469 3223 2504 :
3261 2465 3427 2520 quem
3471 2451 3632 2503 nullus
3658 2450 3730 2500 lio-

2214 2538 2423 2592 tuiuum
2459 2538 2617 2606 vidit,
2649 2539 2742 2594 sed
2783 2542 2803 2571 ²
2835 2555 2938 2594 nec
2969 2541 3154 2594 vide-re
3209 2551 3391 2609 potest
3416 2557 3432 2592 :
3461 2541 3542 2593 cui
3574 2541 3731 2601 honor,

2211 2639 2269 2684 et
2292 2630 2584 2699 imperium
2615 2632 3040 2701 sempiternum.
3072 2635 3266 2688 Amen.
3302 2634 3561 2688 Divitibus
3607 2632 3734 2698 hujus

2213 2723 2399 2778 smculi
2450 2727 2682 2794 praecipe
2706 2742 2813 2780 non
2845 2729 3083 2781 sublime
3103 2743 3319 2797 sapere,
3361 2742 3530 2796 neque
3544 2737 3734 2793 sperare

2215 2815 2272 2869 in
2310 2815 2522 2869 incerto
2554 2817 2892 2879 divitiarum,
2946 2819 3041 2873 sed
3085 2821 3136 2872 in
3170 2820 3280 2874 Deo
3335 2822 3454 2873 vivo
3500 2818 3736 2888 (qniprar—

2215 2916 2323 2960 stat
2353 2908 2512 2961 nobis
2549 2913 2731 2962 omnia
2765 2909 2984 2964 abunde
3033 2911 3098 2964 ad
3135 2910 3459 2977 fruendum)
3485 2911 3608 2962 bene
3638 2919 3738 2973 age-

2219 3012 2298 3059 re,
2323 2998 2520 3052 divites
2557 2999 2672 3052 fieri
2715 2999 2770 3052 in
2804 3000 2959 3054 bonis
2989 3001 3270 3069 operibus,
3313 3001 3473 3055 facile
3507 2999 3734 3056 tribuere,

2218 3093 2648 3156 communicare,
2679 3093 3056 3148 thesaurizare
3084 3095 3187 3148 sibi
3229 3093 3629 3148 fundamentum
3665 3088 3734 3137 lio-

2223 3198 2352 3234 nurn
2386 3184 2437 3235 in
2465 3185 2734 3250 futurum,
2798 3193 2855 3237 tit
2883 3184 3303 3254 apprehendant
3356 3197 3536 3238 veram
3591 3179 3742 3230 vitain.

2217 3273 2587 3340 O'I‘imothee,
2629 3277 2938 3346 depositum
2973 3278 3210 3342 custodi,
3253 3277 3508 3332 devitans
3535 3271 3742 3342 profanas

2217 3383 2410 3421 Vocuni
2459 3371 2754 3435 novitates,
2816 3380 2873 3425 et
2927 3371 3310 3440 oppositiones
3381 3369 3496 3423 falsi
3551 3366 3744 3418 IIUlllilllS

2214 3463 2475 3521 Seianum,
2507 3476 2670 3530 quam
2719 3463 2938 3531 quidam
2996 3464 3390 3531 promittentes
3430 3462 3566 3516 circa
3618 3458 3742 3510 Iidem

2215 3554 2553 3607 exciderunt.
2594 3554 2778 3609 Gratia
2806 3567 3004 3610 tecum.
3046 3560 3237 3610 Arnen.

1346 3753 1578 3821 Explicit
1616 3755 1858 3825 Epistola
1889 3755 1950 3811 Β.
1984 3757 2145 3811 Pauli
2179 3759 2409 3828 apostoli
2439 3761 2506 3813 ad
2534 3759 2865 3815 Timotheum
2901 3762 2948 3816 1.

619 3900 633 3928 ¹
672 3898 891 3954 l'riefert
932 3900 1073 3954 idem
1107 3917 1234 3968 ms.,
1273 3897 1724 3969 Noninfrenabis,
1780 3915 1880 3968 pro
1911 3896 2108 3970 alliga-

537 3971 612 4022 ωδ
641 3973 900 4052 ;'variant
931 3976 1094 4027 etiam
1131 3973 1314 4028 Graeca
1348 3971 1705 4039 exetnplarra,
1747 3971 2024 4038 φιμώσεις
2055 3980 2111 4024 et

537 4058 607 4110 κη
617 4057 838 4105 omne“.

554 4171 582 4181 ο

2294 3906 2319 3984 ³.
2351 3905 2602 3960 Voculam
2633 3907 2747 3970 sed,
2789 3904 3072 3960 Palatinus
3104 3917 3207 3958 ms.
3256 3913 3315 3957 et
3362 3901 3581 3957 Graccus
3607 3905 3756 3951 textus

2223 3988 2277 4027 I‘C
2287 3985 2472 4029 ιιεθιιι.

1281 4321 3066 4457 ιι.ιμαιῑηιατιιιηυωκιηιιάῑ

2023 4551 2319 4615 INCIPIT

641 4731 1727 4914 EPISTULA
1858 4733 2154 4910 AD
2291 4737 3637 4918 TIMOTHEUM

1901 5047 2411 5165 sneUNDA.

602 5350 1081 5421 (Cap.l.)l’aulus
1137 5351 1422 5422 apostolus
1453 5353 1582 5408 Iesu
1633 5353 1837 5409 Cirriin
1865 5371 1964 5425 per
2013 5371 2109 5412 vo-
2143 5364 2242 5419 Da
2273 5359 2714 5430 progenitoribus
2766 5363 2821 5418 in
2880 5368 3214 5422 conscientia
3260 5385 3436 5438 pura,
3491 5373 3629 5443 quod
3682 5372 3784 5438 (m-

527 5440 794 5497 luntatent
832 5444 949 5509 Del,
972 5446 1278 5499 secundum
1307 5445 1730 5514 promissionem
1787 5449 1940 5514 vitae,
1989 5464 2112 5517 qua:

527 5544 613 5586 est
646 5537 698 5588 in
732 5534 955 5590 Christo
1013 5534 1142 5590 Jesu
1177 5552 1190 5587 :
1231 5535 1524 5589 Timotheo
1578 5536 1903 5593 citatissimo
1967 5540 2103 5603 tilio,

529 5628 720 5691 gratia,
767 5625 1166 5691 misericordia,
1204 5641 1360 5693 parta
1397 5625 1506 5679 Deo
1531 5625 1715 5690 Patre,
1772 5638 1827 5681 et
1883 5628 2105 5683 Christo

533 5722 662 5773 Jcsu
702 5715 928 5770 Domino
960 5728 1168 5772 nostro.
1227 5718 1444 5774 Gratias
1477 5737 1575 5789 ago
1607 5716 1734 5784 Deo,
1779 5720 1867 5773 cui
1923 5726 2105 5776 servio

2224 5451 2412 5519 quitur)
2464 5451 2586 5505 sine
2621 5453 3032 5511 intermissione
3090 5459 3324 5514 habeam
3375 5467 3457 5519 tui
3511 5476 3791 5519 trrentorzattl

2222 5540 2276 5593 in
2309 5542 2656 5596 orationibus
2697 5547 2853 5614 meis,
2880 5559 3042 5603 nocte
3068 5567 3130 5604 ac
3157 5554 3249 5606 die
3284 5556 3616 5611 desiderans
3649 5566 3694 5606 te
3726 5569 3786 5603 vr-

2222 5635 2380 5696 dere,
2413 5650 2622 5690 memor
2651 5639 3013 5709 lacrytnarum
3045 5654 3294 5712 tuarum,
3369 5663 3426 5702 ut
3485 5649 3676 5718 gaudio
3710 5648 3784 5697 ini-

2220 5725 2396 5795 plear,
2429 5731 2868 5786 recordationem
2899 5737 3174 5803 accipiens
3203 5739 3336 5802 eius
3370 5743 3526 5804 fidei,
3567 5758 3677 5807 qua:
3726 5747 3796 5788 εει
