  <div class='ocr_page' id='page_1' title='image "/cluster/home/n/w/nwhite01/storage/ocr_20150623/29/hvd.32044096580519/438.png"; bbox 0 0 3946 6170; ppageno 0'>
   <div class='ocr_carea' id='block_1_1' title="bbox 220 301 322 361">
    <p class='ocr_par' dir='ltr' id='par_1_1' title="bbox 220 301 322 361">
     <span class='ocr_line' id='line_1_1' title="bbox 220 301 322 361; baseline 0.029 -3"><span class='ocrx_word' id='word_1_1' title='bbox 220 301 322 361; x_wconf 66' lang='grc'><strong>815</strong></span> 
     </span>
    </p>
   </div>
   <div class='ocr_carea' id='block_1_2' title="bbox 1233 297 2550 361">
    <p class='ocr_par' dir='ltr' id='par_1_2' title="bbox 1233 297 2550 361">
     <span class='ocr_line' id='line_1_2' title="bbox 1233 297 2550 361; baseline 0.003 -6"><span class='ocrx_word' id='word_1_2' title='bbox 1233 343 1245 356; x_wconf 93' lang='grc'><strong>.</strong></span> <span class='ocrx_word' id='word_1_3' title='bbox 1275 297 1506 358; x_wconf 76' lang='lat' dir='ltr'><strong>PAULI</strong></span> <span class='ocrx_word' id='word_1_4' title='bbox 1535 297 1780 359; x_wconf 86' lang='lat' dir='ltr'><strong>EPIST.</strong></span> <span class='ocrx_word' id='word_1_5' title='bbox 1817 297 1879 357; x_wconf 80' lang='grc' dir='ltr'>ιι</span> <span class='ocrx_word' id='word_1_6' title='bbox 1923 299 2025 356; x_wconf 85' lang='lat' dir='ltr'><strong>AD</strong></span> <span class='ocrx_word' id='word_1_7' title='bbox 2062 299 2550 361; x_wconf 73' lang='lat' dir='ltr'><strong>TlMO&#39;l‘l-IEUM.</strong></span> 
     </span>
    </p>
   </div>
   <div class='ocr_carea' id='block_1_3' title="bbox 3369 299 3471 357">
    <p class='ocr_par' dir='ltr' id='par_1_3' title="bbox 3369 299 3471 357">
     <span class='ocr_line' id='line_1_3' title="bbox 3369 299 3471 357; baseline 0.01 -1"><span class='ocrx_word' id='word_1_8' title='bbox 3369 299 3471 357; x_wconf 73' lang='lat' dir='ltr'><strong>Hii</strong></span> 
     </span>
    </p>
   </div>
   <div class='ocr_carea' id='block_1_4' title="bbox 221 412 3475 487">
    <p class='ocr_par' dir='ltr' id='par_1_4' title="bbox 221 412 3475 487">
     <span class='ocr_line' id='line_1_4' title="bbox 221 412 3475 487; baseline -0.001 -15"><span class='ocrx_word' id='word_1_9' title='bbox 221 421 273 472; x_wconf 88' lang='lat' dir='ltr'><strong>in</strong></span> <span class='ocrx_word' id='word_1_10' title='bbox 310 431 361 472; x_wconf 90' lang='lat' dir='ltr'><strong>te</strong></span> <span class='ocrx_word' id='word_1_11' title='bbox 393 433 501 471; x_wconf 86' lang='lat' dir='ltr'><strong>non</strong></span> <span class='ocrx_word' id='word_1_12' title='bbox 541 418 684 475; x_wconf 78' lang='lat' dir='ltr'><strong>ﬁcta,</strong></span> <span class='ocrx_word' id='word_1_13' title='bbox 713 432 834 487; x_wconf 68' lang='lat' dir='ltr'><strong>qua:</strong></span> <span class='ocrx_word' id='word_1_14' title='bbox 884 424 940 470; x_wconf 91' lang='lat' dir='ltr'><strong>et</strong></span> <span class='ocrx_word' id='word_1_15' title='bbox 978 413 1247 468; x_wconf 88' lang='lat' dir='ltr'><strong>habitavit</strong></span> <span class='ocrx_word' id='word_1_16' title='bbox 1281 415 1516 482; x_wconf 86' lang='lat' dir='ltr'><strong>primum</strong></span> <span class='ocrx_word' id='word_1_17' title='bbox 1574 412 1627 466; x_wconf 89' lang='lat' dir='ltr'><strong>in</strong></span> <span class='ocrx_word' id='word_1_18' title='bbox 1666 416 1787 468; x_wconf 89' lang='lat' dir='ltr'><strong>avia</strong></span> <span class='ocrx_word' id='word_1_19' title='bbox 1817 420 1864 476; x_wconf 75' lang='grc' dir='ltr'>Α</span> <span class='ocrx_word' id='word_1_20' title='bbox 1893 431 2014 469; x_wconf 88' lang='lat' dir='ltr'><strong>nem</strong></span> <span class='ocrx_word' id='word_1_21' title='bbox 2041 415 2401 469; x_wconf 81' lang='lat' dir='ltr'><strong>audientium.</strong></span> <span class='ocrx_word' id='word_1_22' title='bbox 2437 412 2679 468; x_wconf 86' lang='lat' dir='ltr'><strong>Sollicito</strong></span> <span class='ocrx_word' id='word_1_23' title='bbox 2710 429 2838 466; x_wconf 76' lang='lat' dir='ltr'><strong>cura</strong></span> <span class='ocrx_word' id='word_1_24' title='bbox 2875 414 3105 481; x_wconf 82' lang='lat' dir='ltr'><strong>teipsum</strong></span> <span class='ocrx_word' id='word_1_25' title='bbox 3140 416 3475 481; x_wconf 79' lang='lat' dir='ltr'><strong>probabilem</strong></span> 
     </span>
    </p>
   </div>
   <div class='ocr_carea' id='block_1_5' title="bbox 221 508 1796 576">
    <p class='ocr_par' dir='ltr' id='par_1_5' title="bbox 221 508 1796 576">
     <span class='ocr_line' id='line_1_5' title="bbox 221 508 1796 576; baseline -0.004 -10"><span class='ocrx_word' id='word_1_26' title='bbox 221 524 311 567; x_wconf 84' lang='lat' dir='ltr'><strong>tua</strong></span> <span class='ocrx_word' id='word_1_27' title='bbox 335 512 526 576; x_wconf 87' lang='lat' dir='ltr'><strong>Loide,</strong></span> <span class='ocrx_word' id='word_1_28' title='bbox 556 521 613 568; x_wconf 89' lang='lat' dir='ltr'><strong>et</strong></span> <span class='ocrx_word' id='word_1_29' title='bbox 640 523 816 566; x_wconf 89' lang='lat' dir='ltr'><strong>matre</strong></span> <span class='ocrx_word' id='word_1_30' title='bbox 843 520 931 564; x_wconf 91' lang='lat' dir='ltr'><strong>tua</strong></span> <span class='ocrx_word' id='word_1_31' title='bbox 963 508 1196 571; x_wconf 79' lang='lat' dir='ltr'><strong>Eiinice,</strong></span> <span class='ocrx_word' id='word_1_32' title='bbox 1241 516 1429 561; x_wconf 85' lang='lat' dir='ltr'><strong>certus</strong></span> <span class='ocrx_word' id='word_1_33' title='bbox 1458 522 1578 560; x_wconf 91' lang='lat' dir='ltr'><strong>sum</strong></span> <span class='ocrx_word' id='word_1_34' title='bbox 1613 518 1796 560; x_wconf 79' lang='lat' dir='ltr'><strong>autent</strong></span> 
     </span>
    </p>
   </div>
   <div class='ocr_carea' id='block_1_6' title="bbox 219 599 1796 672">
    <p class='ocr_par' dir='ltr' id='par_1_6' title="bbox 219 599 1796 672">
     <span class='ocr_line' id='line_1_6' title="bbox 219 599 1796 672; baseline -0.007 -11"><span class='ocrx_word' id='word_1_35' title='bbox 219 606 364 672; x_wconf 75' lang='lat' dir='ltr'><strong>quod</strong></span> <span class='ocrx_word' id='word_1_36' title='bbox 403 614 458 659; x_wconf 87' lang='lat' dir='ltr'><strong>et</strong></span> <span class='ocrx_word' id='word_1_37' title='bbox 486 605 542 656; x_wconf 93' lang='lat' dir='ltr'><strong>in</strong></span> <span class='ocrx_word' id='word_1_38' title='bbox 583 613 656 657; x_wconf 87' lang='lat' dir='ltr'><strong>te.</strong></span> <span class='ocrx_word' id='word_1_39' title='bbox 685 603 918 670; x_wconf 81' lang='lat' dir='ltr'><strong>Propter</strong></span> <span class='ocrx_word' id='word_1_40' title='bbox 952 615 1116 669; x_wconf 86' lang='lat' dir='ltr'><strong>quam</strong></span> <span class='ocrx_word' id='word_1_41' title='bbox 1153 612 1376 652; x_wconf 83' lang='lat' dir='ltr'><strong>causam</strong></span> <span class='ocrx_word' id='word_1_42' title='bbox 1410 599 1683 651; x_wconf 75' lang='lat' dir='ltr'><strong>admoneo</strong></span> <span class='ocrx_word' id='word_1_43' title='bbox 1718 609 1796 663; x_wconf 87' lang='lat' dir='ltr'><strong>te,</strong></span> 
     </span>
    </p>
   </div>
   <div class='ocr_carea' id='block_1_7' title="bbox 219 688 1801 762">
    <p class='ocr_par' dir='ltr' id='par_1_7' title="bbox 219 688 1801 762">
     <span class='ocr_line' id='line_1_7' title="bbox 219 688 1801 762; baseline -0.006 -13"><span class='ocrx_word' id='word_1_44' title='bbox 219 707 280 749; x_wconf 90' lang='lat' dir='ltr'><strong>ut</strong></span> <span class='ocrx_word' id='word_1_45' title='bbox 303 697 600 750; x_wconf 78' lang='lat' dir='ltr'><strong>resuscites</strong></span> <span class='ocrx_word' id='word_1_46' title='bbox 627 694 858 762; x_wconf 80' lang='lat' dir='ltr'><strong>gratiam</strong></span> <span class='ocrx_word' id='word_1_47' title='bbox 889 691 980 745; x_wconf 94' lang='lat' dir='ltr'><strong>Dei</strong></span> <span class='ocrx_word' id='word_1_48' title='bbox 1013 706 1136 759; x_wconf 67' lang='lat' dir='ltr'><strong>qua:</strong></span> <span class='ocrx_word' id='word_1_49' title='bbox 1164 698 1249 744; x_wconf 89' lang='lat' dir='ltr'><strong>est</strong></span> <span class='ocrx_word' id='word_1_50' title='bbox 1283 689 1335 742; x_wconf 90' lang='lat' dir='ltr'><strong>in</strong></span> <span class='ocrx_word' id='word_1_51' title='bbox 1364 698 1414 742; x_wconf 89' lang='lat' dir='ltr'><strong>te</strong></span> <span class='ocrx_word' id='word_1_52' title='bbox 1451 702 1546 756; x_wconf 89' lang='lat' dir='ltr'><strong>per</strong></span> <span class='ocrx_word' id='word_1_53' title='bbox 1571 688 1801 758; x_wconf 82' lang='lat' dir='ltr'><strong>imposi-</strong></span> 
     </span>
    </p>
   </div>
   <div class='ocr_carea' id='block_1_8' title="bbox 220 779 1800 842">
    <p class='ocr_par' dir='ltr' id='par_1_8' title="bbox 220 779 1800 842">
     <span class='ocr_line' id='line_1_8' title="bbox 220 779 1800 842; baseline -0.006 -1"><span class='ocrx_word' id='word_1_54' title='bbox 220 789 420 842; x_wconf 85' lang='lat' dir='ltr'><strong>tionem</strong></span> <span class='ocrx_word' id='word_1_55' title='bbox 442 800 698 839; x_wconf 86' lang='lat' dir='ltr'><strong>manuum</strong></span> <span class='ocrx_word' id='word_1_56' title='bbox 718 799 983 840; x_wconf 87' lang='lat' dir='ltr'><strong>mearum.</strong></span> <span class='ocrx_word' id='word_1_57' title='bbox 1004 781 1119 835; x_wconf 75' lang='lat' dir='ltr'><strong>Non</strong></span> <span class='ocrx_word' id='word_1_58' title='bbox 1143 782 1289 834; x_wconf 70' lang='lat' dir='ltr'><strong>enim</strong></span> <span class='ocrx_word' id='word_1_59' title='bbox 1311 780 1460 834; x_wconf 88' lang='lat' dir='ltr'><strong>dedit</strong></span> <span class='ocrx_word' id='word_1_60' title='bbox 1481 779 1639 834; x_wconf 85' lang='lat' dir='ltr'><strong>nobis</strong></span> <span class='ocrx_word' id='word_1_61' title='bbox 1662 779 1800 832; x_wconf 87' lang='lat' dir='ltr'><strong>Deus</strong></span> 
     </span>
    </p>
   </div>
   <div class='ocr_carea' id='block_1_9' title="bbox 215 871 1802 948">
    <p class='ocr_par' dir='ltr' id='par_1_9' title="bbox 215 871 1802 948">
     <span class='ocr_line' id='line_1_9' title="bbox 215 871 1802 948; baseline -0.006 -15"><span class='ocrx_word' id='word_1_62' title='bbox 215 883 476 948; x_wconf 72' lang='lat' dir='ltr'><strong>Spiritum</strong></span> <span class='ocrx_word' id='word_1_63' title='bbox 514 878 750 940; x_wconf 90' lang='lat' dir='ltr'><strong>timoris,</strong></span> <span class='ocrx_word' id='word_1_64' title='bbox 784 875 878 930; x_wconf 89' lang='lat' dir='ltr'><strong>sed</strong></span> <span class='ocrx_word' id='word_1_65' title='bbox 915 873 1156 936; x_wconf 86' lang='lat' dir='ltr'><strong>virtutis,</strong></span> <span class='ocrx_word' id='word_1_66' title='bbox 1182 882 1238 928; x_wconf 92' lang='lat' dir='ltr'><strong>et</strong></span> <span class='ocrx_word' id='word_1_67' title='bbox 1269 871 1602 934; x_wconf 65' lang='lat' dir='ltr'><strong>dilectionis,</strong></span> <span class='ocrx_word' id='word_1_68' title='bbox 1629 881 1683 924; x_wconf 89' lang='lat' dir='ltr'><strong>et</strong></span> <span class='ocrx_word' id='word_1_69' title='bbox 1716 885 1802 924; x_wconf 86' lang='lat' dir='ltr'><strong>so-</strong></span> 
     </span>
    </p>
   </div>
   <div class='ocr_carea' id='block_1_10' title="bbox 211 962 1800 1035">
    <p class='ocr_par' dir='ltr' id='par_1_10' title="bbox 211 962 1800 1035">
     <span class='ocr_line' id='line_1_10' title="bbox 211 962 1800 1035; baseline -0.006 -11"><span class='ocrx_word' id='word_1_70' title='bbox 211 970 492 1025; x_wconf 82' lang='lat' dir='ltr'><strong>brietatis.</strong></span> <span class='ocrx_word' id='word_1_71' title='bbox 527 967 652 1022; x_wconf 81' lang='lat' dir='ltr'><strong>Noli</strong></span> <span class='ocrx_word' id='word_1_72' title='bbox 696 966 881 1035; x_wconf 87' lang='lat' dir='ltr'><strong>itaque</strong></span> <span class='ocrx_word' id='word_1_73' title='bbox 911 965 1244 1020; x_wconf 86' lang='lat' dir='ltr'><strong>erubescere</strong></span> <span class='ocrx_word' id='word_1_74' title='bbox 1277 963 1656 1018; x_wconf 87' lang='lat' dir='ltr'><strong>testimonium</strong></span> <span class='ocrx_word' id='word_1_75' title='bbox 1695 962 1800 1015; x_wconf 90' lang='lat' dir='ltr'><strong>Do-</strong></span> 
     </span>
    </p>
   </div>
   <div class='ocr_carea' id='block_1_11' title="bbox 210 1055 1798 1128">
    <p class='ocr_par' dir='ltr' id='par_1_11' title="bbox 210 1055 1798 1128">
     <span class='ocr_line' id='line_1_11' title="bbox 210 1055 1798 1128; baseline -0.008 -10"><span class='ocrx_word' id='word_1_76' title='bbox 210 1064 351 1118; x_wconf 84' lang='lat' dir='ltr'><strong>mini</strong></span> <span class='ocrx_word' id='word_1_77' title='bbox 386 1061 582 1124; x_wconf 87' lang='lat' dir='ltr'><strong>nostri,</strong></span> <span class='ocrx_word' id='word_1_78' title='bbox 616 1074 793 1128; x_wconf 88' lang='lat' dir='ltr'><strong>neque</strong></span> <span class='ocrx_word' id='word_1_79' title='bbox 823 1072 910 1112; x_wconf 88' lang='lat' dir='ltr'><strong>me</strong></span> <span class='ocrx_word' id='word_1_80' title='bbox 937 1058 1181 1112; x_wconf 88' lang='lat' dir='ltr'><strong>vinctum</strong></span> <span class='ocrx_word' id='word_1_81' title='bbox 1213 1057 1367 1126; x_wconf 86' lang='lat' dir='ltr'><strong>ejus:</strong></span> <span class='ocrx_word' id='word_1_82' title='bbox 1400 1057 1492 1110; x_wconf 89' lang='lat' dir='ltr'><strong>sed</strong></span> <span class='ocrx_word' id='word_1_83' title='bbox 1520 1055 1798 1109; x_wconf 85' lang='lat' dir='ltr'><strong>collabora</strong></span> 
     </span>
    </p>
   </div>
   <div class='ocr_carea' id='block_1_12' title="bbox 209 1141 1799 1224">
    <p class='ocr_par' dir='ltr' id='par_1_12' title="bbox 209 1141 1799 1224">
     <span class='ocr_line' id='line_1_12' title="bbox 209 1141 1799 1224; baseline -0.006 -16"><span class='ocrx_word' id='word_1_84' title='bbox 209 1155 511 1224; x_wconf 82' lang='lat' dir='ltr'><strong>Evangelio</strong></span> <span class='ocrx_word' id='word_1_85' title='bbox 535 1152 840 1207; x_wconf 88' lang='lat' dir='ltr'><strong>secundum</strong></span> <span class='ocrx_word' id='word_1_86' title='bbox 870 1151 1126 1204; x_wconf 82' lang='lat' dir='ltr'><strong>virtutem</strong></span> <span class='ocrx_word' id='word_1_87' title='bbox 1165 1141 1259 1203; x_wconf 92' lang='lat' dir='ltr'><strong>Dei</strong></span> <span class='ocrx_word' id='word_1_88' title='bbox 1292 1167 1307 1202; x_wconf 91' lang='lat'><strong>:</strong></span> <span class='ocrx_word' id='word_1_89' title='bbox 1335 1148 1427 1218; x_wconf 88' lang='lat' dir='ltr'><strong>qui</strong></span> <span class='ocrx_word' id='word_1_90' title='bbox 1467 1162 1565 1202; x_wconf 87' lang='lat' dir='ltr'><strong>nos</strong></span> <span class='ocrx_word' id='word_1_91' title='bbox 1593 1147 1799 1201; x_wconf 88' lang='lat' dir='ltr'><strong>libera-</strong></span> 
     </span>
    </p>
   </div>
   <div class='ocr_carea' id='block_1_13' title="bbox 211 1239 1802 1305">
    <p class='ocr_par' dir='ltr' id='par_1_13' title="bbox 211 1239 1802 1305">
     <span class='ocr_line' id='line_1_13' title="bbox 211 1239 1802 1305; baseline -0.001 -13"><span class='ocrx_word' id='word_1_92' title='bbox 211 1247 314 1305; x_wconf 80' lang='lat' dir='ltr'><strong>vit,</strong></span> <span class='ocrx_word' id='word_1_93' title='bbox 350 1255 405 1297; x_wconf 90' lang='lat' dir='ltr'><strong>et</strong></span> <span class='ocrx_word' id='word_1_94' title='bbox 434 1241 652 1297; x_wconf 89' lang='lat' dir='ltr'><strong>vocavit</strong></span> <span class='ocrx_word' id='word_1_95' title='bbox 688 1239 972 1294; x_wconf 89' lang='lat' dir='ltr'><strong>vocatione</strong></span> <span class='ocrx_word' id='word_1_96' title='bbox 1012 1253 1110 1292; x_wconf 89' lang='lat' dir='ltr'><strong>sua</strong></span> <span class='ocrx_word' id='word_1_97' title='bbox 1142 1239 1156 1268; x_wconf 85' lang='grc'>¹</span> <span class='ocrx_word' id='word_1_98' title='bbox 1183 1247 1392 1298; x_wconf 87' lang='lat' dir='ltr'><strong>sancta.</strong></span> <span class='ocrx_word' id='word_1_99' title='bbox 1463 1253 1570 1291; x_wconf 91' lang='lat' dir='ltr'><strong>non</strong></span> <span class='ocrx_word' id='word_1_100' title='bbox 1604 1251 1802 1292; x_wconf 86' lang='lat' dir='ltr'><strong>secun-</strong></span> 
     </span>
    </p>
   </div>
   <div class='ocr_carea' id='block_1_14' title="bbox 207 1329 1798 1400">
    <p class='ocr_par' dir='ltr' id='par_1_14' title="bbox 207 1329 1798 1400">
     <span class='ocr_line' id='line_1_14' title="bbox 207 1329 1798 1400; baseline -0.004 -14"><span class='ocrx_word' id='word_1_101' title='bbox 207 1335 348 1387; x_wconf 87' lang='lat' dir='ltr'><strong>dum</strong></span> <span class='ocrx_word' id='word_1_102' title='bbox 420 1347 583 1400; x_wconf 59' lang='lat' dir='ltr'><strong>opt-ra</strong></span> <span class='ocrx_word' id='word_1_103' title='bbox 637 1340 848 1392; x_wconf 87' lang='lat' dir='ltr'><strong>nostra,</strong></span> <span class='ocrx_word' id='word_1_104' title='bbox 919 1330 1014 1383; x_wconf 88' lang='lat' dir='ltr'><strong>sed</strong></span> <span class='ocrx_word' id='word_1_105' title='bbox 1071 1329 1374 1383; x_wconf 89' lang='lat' dir='ltr'><strong>secundum</strong></span> <span class='ocrx_word' id='word_1_106' title='bbox 1454 1329 1798 1398; x_wconf 91' lang='lat' dir='ltr'><strong>propositum</strong></span> 
     </span>
    </p>
   </div>
   <div class='ocr_carea' id='block_1_15' title="bbox 207 1419 1802 1491">
    <p class='ocr_par' dir='ltr' id='par_1_15' title="bbox 207 1419 1802 1491">
     <span class='ocr_line' id='line_1_15' title="bbox 207 1419 1802 1491; baseline -0.004 -13"><span class='ocrx_word' id='word_1_107' title='bbox 207 1438 400 1487; x_wconf 86' lang='lat' dir='ltr'><strong>suum,</strong></span> <span class='ocrx_word' id='word_1_108' title='bbox 430 1433 484 1477; x_wconf 89' lang='lat' dir='ltr'><strong>et</strong></span> <span class='ocrx_word' id='word_1_109' title='bbox 517 1422 768 1491; x_wconf 78' lang='lat' dir='ltr'><strong>gratiam,</strong></span> <span class='ocrx_word' id='word_1_110' title='bbox 804 1437 927 1491; x_wconf 66' lang='lat' dir='ltr'><strong>quae</strong></span> <span class='ocrx_word' id='word_1_111' title='bbox 979 1421 1103 1474; x_wconf 82' lang='lat' dir='ltr'><strong>data</strong></span> <span class='ocrx_word' id='word_1_112' title='bbox 1136 1430 1222 1474; x_wconf 87' lang='lat' dir='ltr'><strong>est</strong></span> <span class='ocrx_word' id='word_1_113' title='bbox 1272 1420 1428 1474; x_wconf 78' lang='lat' dir='ltr'><strong>nobis</strong></span> <span class='ocrx_word' id='word_1_114' title='bbox 1490 1421 1544 1473; x_wconf 90' lang='lat' dir='ltr'><strong>in</strong></span> <span class='ocrx_word' id='word_1_115' title='bbox 1579 1419 1802 1474; x_wconf 78' lang='lat' dir='ltr'><strong>Christo</strong></span> 
     </span>
    </p>
   </div>
   <div class='ocr_carea' id='block_1_16' title="bbox 207 1511 1800 1582">
    <p class='ocr_par' dir='ltr' id='par_1_16' title="bbox 207 1511 1800 1582">
     <span class='ocr_line' id='line_1_16' title="bbox 207 1511 1800 1582; baseline -0.004 -15"><span class='ocrx_word' id='word_1_116' title='bbox 207 1513 348 1568; x_wconf 81' lang='lat' dir='ltr'><strong>Jesu</strong></span> <span class='ocrx_word' id='word_1_117' title='bbox 389 1523 517 1567; x_wconf 89' lang='lat' dir='ltr'><strong>ante</strong></span> <span class='ocrx_word' id='word_1_118' title='bbox 562 1523 808 1582; x_wconf 88' lang='lat' dir='ltr'><strong>tempora</strong></span> <span class='ocrx_word' id='word_1_119' title='bbox 833 1514 1138 1566; x_wconf 67' lang='lat' dir='ltr'><strong>saecularia.</strong></span> <span class='ocrx_word' id='word_1_120' title='bbox 1165 1511 1500 1566; x_wconf 81' lang='lat' dir='ltr'><strong>Manifestata</strong></span> <span class='ocrx_word' id='word_1_121' title='bbox 1519 1520 1602 1564; x_wconf 91' lang='lat' dir='ltr'><strong>est</strong></span> <span class='ocrx_word' id='word_1_122' title='bbox 1622 1520 1800 1564; x_wconf 90' lang='lat' dir='ltr'><strong>autem</strong></span> 
     </span>
    </p>
   </div>
   <div class='ocr_carea' id='block_1_17' title="bbox 211 1602 1800 1674">
    <p class='ocr_par' dir='ltr' id='par_1_17' title="bbox 211 1602 1800 1674">
     <span class='ocr_line' id='line_1_17' title="bbox 211 1602 1800 1674; baseline -0.004 -15"><span class='ocrx_word' id='word_1_123' title='bbox 211 1622 369 1661; x_wconf 87' lang='lat' dir='ltr'><strong>nunc</strong></span> <span class='ocrx_word' id='word_1_124' title='bbox 395 1621 494 1674; x_wconf 88' lang='lat' dir='ltr'><strong>per</strong></span> <span class='ocrx_word' id='word_1_125' title='bbox 555 1605 1016 1658; x_wconf 85' lang='lat' dir='ltr'><strong>illuminationetn</strong></span> <span class='ocrx_word' id='word_1_126' title='bbox 1077 1602 1380 1658; x_wconf 85' lang='lat' dir='ltr'><strong>Salvatoris</strong></span> <span class='ocrx_word' id='word_1_127' title='bbox 1435 1603 1614 1658; x_wconf 67' lang='lat' dir='ltr'><strong>nostri</strong></span> <span class='ocrx_word' id='word_1_128' title='bbox 1670 1602 1800 1656; x_wconf 80' lang='lat' dir='ltr'><strong>Jesu</strong></span> 
     </span>
    </p>
   </div>
   <div class='ocr_carea' id='block_1_18' title="bbox 207 1694 1803 1767">
    <p class='ocr_par' dir='ltr' id='par_1_18' title="bbox 207 1694 1803 1767">
     <span class='ocr_line' id='line_1_18' title="bbox 207 1694 1803 1767; baseline -0.003 -15"><span class='ocrx_word' id='word_1_129' title='bbox 207 1697 446 1764; x_wconf 80' lang='lat' dir='ltr'><strong>Christi,</strong></span> <span class='ocrx_word' id='word_1_130' title='bbox 475 1697 568 1767; x_wconf 89' lang='lat' dir='ltr'><strong>qui</strong></span> <span class='ocrx_word' id='word_1_131' title='bbox 601 1696 870 1752; x_wconf 76' lang='lat' dir='ltr'><strong>destruxit</strong></span> <span class='ocrx_word' id='word_1_132' title='bbox 906 1696 1130 1766; x_wconf 91' lang='lat' dir='ltr'><strong>quidem</strong></span> <span class='ocrx_word' id='word_1_133' title='bbox 1179 1699 1434 1760; x_wconf 80' lang='lat' dir='ltr'><strong>mortem,</strong></span> <span class='ocrx_word' id='word_1_134' title='bbox 1476 1694 1803 1749; x_wconf 78' lang='lat' dir='ltr'><strong>illuminavit</strong></span> 
     </span>
    </p>
   </div>
   <div class='ocr_carea' id='block_1_19' title="bbox 1908 504 3476 572">
    <p class='ocr_par' dir='ltr' id='par_1_19' title="bbox 1908 504 3476 572">
     <span class='ocr_line' id='line_1_19' title="bbox 1908 504 3476 572; baseline 0.001 -13"><span class='ocrx_word' id='word_1_135' title='bbox 1908 507 2168 560; x_wconf 73' lang='lat' dir='ltr'><strong>exhibere</strong></span> <span class='ocrx_word' id='word_1_136' title='bbox 2221 507 2349 567; x_wconf 84' lang='lat' dir='ltr'><strong>Deo,</strong></span> <span class='ocrx_word' id='word_1_137' title='bbox 2411 505 2726 572; x_wconf 73' lang='lat' dir='ltr'><strong>operarium</strong></span> <span class='ocrx_word' id='word_1_138' title='bbox 2798 504 3266 571; x_wconf 80' lang='lat' dir='ltr'><strong>inconfusibilem,</strong></span> <span class='ocrx_word' id='word_1_139' title='bbox 3330 519 3476 560; x_wconf 89' lang='lat' dir='ltr'><strong>recto</strong></span> 
     </span>
    </p>
   </div>
   <div class='ocr_carea' id='block_1_20' title="bbox 1908 596 3478 653">
    <p class='ocr_par' dir='ltr' id='par_1_20' title="bbox 1908 596 3478 653">
     <span class='ocr_line' id='line_1_20' title="bbox 1908 596 3478 653; baseline 0.001 -2"><span class='ocrx_word' id='word_1_140' title='bbox 1908 609 2228 651; x_wconf 80' lang='lat' dir='ltr'><strong>tractantem</strong></span> <span class='ocrx_word' id='word_1_141' title='bbox 2270 599 2496 652; x_wconf 83' lang='lat' dir='ltr'><strong>verbum</strong></span> <span class='ocrx_word' id='word_1_142' title='bbox 2543 596 2818 651; x_wconf 79' lang='lat' dir='ltr'><strong>veritatis.</strong></span> <span class='ocrx_word' id='word_1_143' title='bbox 2891 598 3121 652; x_wconf 64' lang='lat' dir='ltr'><strong>Prol‘ana</strong></span> <span class='ocrx_word' id='word_1_144' title='bbox 3190 608 3373 652; x_wconf 90' lang='lat' dir='ltr'><strong>autem</strong></span> <span class='ocrx_word' id='word_1_145' title='bbox 3424 610 3478 653; x_wconf 93' lang='lat' dir='ltr'><strong>et</strong></span> 
     </span>
    </p>
   </div>
   <div class='ocr_carea' id='block_1_21' title="bbox 1907 688 3479 758">
    <p class='ocr_par' dir='ltr' id='par_1_21' title="bbox 1907 688 3479 758">
     <span class='ocr_line' id='line_1_21' title="bbox 1907 688 3479 758; baseline 0.003 -17"><span class='ocrx_word' id='word_1_146' title='bbox 1907 689 2215 756; x_wconf 81' lang='lat' dir='ltr'><strong>vaniloquia</strong></span> <span class='ocrx_word' id='word_1_147' title='bbox 2250 689 2368 758; x_wconf 71' lang='grc' dir='ltr'><strong>(ηιδ.</strong></span> <span class='ocrx_word' id='word_1_148' title='bbox 2399 688 2753 758; x_wconf 87' lang='lat' dir='ltr'><strong>inaniloquia)</strong></span> <span class='ocrx_word' id='word_1_149' title='bbox 2787 690 2962 743; x_wconf 88' lang='lat' dir='ltr'><strong>devita</strong></span> <span class='ocrx_word' id='word_1_150' title='bbox 2995 705 3008 741; x_wconf 93' lang='lat'>:</span> <span class='ocrx_word' id='word_1_151' title='bbox 3041 691 3274 744; x_wconf 82' lang='lat' dir='ltr'><strong>inultum</strong></span> <span class='ocrx_word' id='word_1_152' title='bbox 3331 692 3479 745; x_wconf 85' lang='lat' dir='ltr'><strong>enim</strong></span> 
     </span>
    </p>
   </div>
   <div class='ocr_carea' id='block_1_22' title="bbox 1903 779 3481 848">
    <p class='ocr_par' dir='ltr' id='par_1_22' title="bbox 1903 779 3481 848">
     <span class='ocr_line' id='line_1_22' title="bbox 1903 779 3481 848; baseline 0.001 -16"><span class='ocrx_word' id='word_1_153' title='bbox 1903 781 2281 847; x_wconf 84' lang='lat' dir='ltr'><strong>proﬁciuntad</strong></span> <span class='ocrx_word' id='word_1_154' title='bbox 2317 779 2650 848; x_wconf 78' lang='lat' dir='ltr'><strong>impietatem</strong></span> <span class='ocrx_word' id='word_1_155' title='bbox 2678 799 2690 833; x_wconf 93' lang='lat'>:</span> <span class='ocrx_word' id='word_1_156' title='bbox 2725 791 2781 834; x_wconf 90' lang='lat' dir='ltr'><strong>et</strong></span> <span class='ocrx_word' id='word_1_157' title='bbox 2814 796 2996 834; x_wconf 92' lang='lat' dir='ltr'><strong>sermo</strong></span> <span class='ocrx_word' id='word_1_158' title='bbox 3029 798 3219 835; x_wconf 84' lang='lat' dir='ltr'><strong>eorum</strong></span> <span class='ocrx_word' id='word_1_159' title='bbox 3257 795 3315 835; x_wconf 91' lang='lat' dir='ltr'><strong>nt</strong></span> <span class='ocrx_word' id='word_1_160' title='bbox 3347 798 3481 837; x_wconf 31' lang='lat' dir='ltr'><strong>cans</strong></span> 
     </span>
    </p>
   </div>
   <div class='ocr_carea' id='block_1_23' title="bbox 1904 872 3480 941">
    <p class='ocr_par' dir='ltr' id='par_1_23' title="bbox 1904 872 3480 941">
     <span class='ocr_line' id='line_1_23' title="bbox 1904 872 3480 941; baseline 0.001 -17"><span class='ocrx_word' id='word_1_161' title='bbox 1904 886 1995 924; x_wconf 83' lang='lat' dir='ltr'><strong>Ct&#39;t‘</strong></span> <span class='ocrx_word' id='word_1_162' title='bbox 2020 873 2189 941; x_wconf 77' lang='lat' dir='ltr'><strong>serpit</strong></span> <span class='ocrx_word' id='word_1_163' title='bbox 2223 887 2236 925; x_wconf 89' lang='lat'><strong>:</strong></span> <span class='ocrx_word' id='word_1_164' title='bbox 2274 887 2337 925; x_wconf 77' lang='lat' dir='ltr'><strong>ex</strong></span> <span class='ocrx_word' id='word_1_165' title='bbox 2370 873 2570 940; x_wconf 85' lang='lat' dir='ltr'><strong>quibus</strong></span> <span class='ocrx_word' id='word_1_166' title='bbox 2635 882 2716 925; x_wconf 80' lang='lat' dir='ltr'><strong>est</strong></span> <span class='ocrx_word' id='word_1_167' title='bbox 2758 872 3083 941; x_wconf 70' lang='lat' dir='ltr'><strong>llymena&#39;us</strong></span> <span class='ocrx_word' id='word_1_168' title='bbox 3126 885 3180 928; x_wconf 89' lang='lat' dir='ltr'><strong>et</strong></span> <span class='ocrx_word' id='word_1_169' title='bbox 3213 873 3480 934; x_wconf 79' lang='lat' dir='ltr'><strong>Philetas.</strong></span> 
     </span>
    </p>
   </div>
   <div class='ocr_carea' id='block_1_24' title="bbox 1904 962 3475 1030">
    <p class='ocr_par' dir='ltr' id='par_1_24' title="bbox 1904 962 3475 1030">
     <span class='ocr_line' id='line_1_24' title="bbox 1904 962 3475 1030; baseline 0.002 -17"><span class='ocrx_word' id='word_1_170' title='bbox 1904 962 1997 1030; x_wconf 91' lang='lat' dir='ltr'><strong>qui</strong></span> <span class='ocrx_word' id='word_1_171' title='bbox 2028 980 2057 1014; x_wconf 91' lang='lat' dir='ltr'><strong>a</strong></span> <span class='ocrx_word' id='word_1_172' title='bbox 2101 965 2325 1016; x_wconf 87' lang='lat' dir='ltr'><strong>veritate</strong></span> <span class='ocrx_word' id='word_1_173' title='bbox 2357 963 2704 1025; x_wconf 82' lang='lat' dir='ltr'><strong>exciderunt,</strong></span> <span class='ocrx_word' id='word_1_174' title='bbox 2735 964 2982 1018; x_wconf 89' lang='lat' dir='ltr'><strong>dicentes</strong></span> <span class='ocrx_word' id='word_1_175' title='bbox 3013 969 3475 1019; x_wconf 76' lang='lat' dir='ltr'><strong>resurrectionem</strong></span> 
     </span>
    </p>
   </div>
   <div class='ocr_carea' id='block_1_25' title="bbox 1903 1053 3480 1126">
    <p class='ocr_par' dir='ltr' id='par_1_25' title="bbox 1903 1053 3480 1126">
     <span class='ocr_line' id='line_1_25' title="bbox 1903 1053 3480 1126; baseline 0.002 -19"><span class='ocrx_word' id='word_1_176' title='bbox 1903 1069 2027 1107; x_wconf 81' lang='lat' dir='ltr'><strong>esse</strong></span> <span class='ocrx_word' id='word_1_177' title='bbox 2074 1055 2187 1123; x_wconf 81' lang='lat' dir='ltr'><strong>jam</strong></span> <span class='ocrx_word' id='word_1_178' title='bbox 2235 1053 2452 1116; x_wconf 78' lang='lat' dir='ltr'><strong>iactam,</strong></span> <span class='ocrx_word' id='word_1_179' title='bbox 2513 1063 2568 1108; x_wconf 89' lang='lat' dir='ltr'><strong>ct</strong></span> <span class='ocrx_word' id='word_1_180' title='bbox 2623 1055 3012 1110; x_wconf 78' lang='lat' dir='ltr'><strong>subverteront</strong></span> <span class='ocrx_word' id='word_1_181' title='bbox 3044 1056 3064 1085; x_wconf 83' lang='grc'>³</span> <span class='ocrx_word' id='word_1_182' title='bbox 3116 1057 3480 1126; x_wconf 84' lang='lat' dir='ltr'><strong>quorumdam</strong></span> 
     </span>
    </p>
   </div>
   <div class='ocr_carea' id='block_1_26' title="bbox 1905 1144 3481 1214">
    <p class='ocr_par' dir='ltr' id='par_1_26' title="bbox 1905 1144 3481 1214">
     <span class='ocr_line' id='line_1_26' title="bbox 1905 1144 3481 1214; baseline 0.003 -17"><span class='ocrx_word' id='word_1_183' title='bbox 1905 1145 2087 1198; x_wconf 71' lang='lat' dir='ltr'><strong>(hient.</strong></span> <span class='ocrx_word' id='word_1_184' title='bbox 2122 1144 2224 1200; x_wconf 84' lang='lat' dir='ltr'><strong>Sed</strong></span> <span class='ocrx_word' id='word_1_185' title='bbox 2265 1145 2477 1199; x_wconf 81' lang='lat' dir='ltr'><strong>ﬁrmum</strong></span> <span class='ocrx_word' id='word_1_186' title='bbox 2514 1145 2931 1201; x_wconf 80' lang='lat' dir='ltr'><strong>fundamentum</strong></span> <span class='ocrx_word' id='word_1_187' title='bbox 2977 1147 3067 1202; x_wconf 84' lang='lat' dir='ltr'><strong>Dei</strong></span> <span class='ocrx_word' id='word_1_188' title='bbox 3111 1159 3237 1214; x_wconf 88' lang='lat' dir='ltr'><strong>stat,</strong></span> <span class='ocrx_word' id='word_1_189' title='bbox 3273 1150 3481 1203; x_wconf 75' lang='lat' dir='ltr'><strong>habens</strong></span> 
     </span>
    </p>
   </div>
   <div class='ocr_carea' id='block_1_27' title="bbox 1905 1236 3479 1311">
    <p class='ocr_par' dir='ltr' id='par_1_27' title="bbox 1905 1236 3479 1311">
     <span class='ocr_line' id='line_1_27' title="bbox 1905 1236 3479 1311; baseline 0.003 -22"><span class='ocrx_word' id='word_1_190' title='bbox 1905 1236 2243 1304; x_wconf 82' lang='lat' dir='ltr'><strong>signaculum</strong></span> <span class='ocrx_word' id='word_1_191' title='bbox 2280 1238 2381 1292; x_wconf 80' lang='lat' dir='ltr'><strong>hoc</strong></span> <span class='ocrx_word' id='word_1_192' title='bbox 2417 1252 2432 1292; x_wconf 88' lang='lat'><strong>:</strong></span> <span class='ocrx_word' id='word_1_193' title='bbox 2471 1241 2725 1306; x_wconf 78' lang='lat' dir='ltr'><strong>cognovit</strong></span> <span class='ocrx_word' id='word_1_194' title='bbox 2749 1239 3011 1293; x_wconf 85' lang='lat' dir='ltr'><strong>Dominus</strong></span> <span class='ocrx_word' id='word_1_195' title='bbox 3045 1241 3134 1309; x_wconf 87' lang='lat' dir='ltr'><strong>qui</strong></span> <span class='ocrx_word' id='word_1_196' title='bbox 3162 1251 3293 1295; x_wconf 91' lang='lat' dir='ltr'><strong>sunt</strong></span> <span class='ocrx_word' id='word_1_197' title='bbox 3324 1246 3479 1311; x_wconf 82' lang='lat' dir='ltr'><strong>ejus;</strong></span> 
     </span>
    </p>
   </div>
   <div class='ocr_carea' id='block_1_28' title="bbox 1904 1329 3481 1401">
    <p class='ocr_par' dir='ltr' id='par_1_28' title="bbox 1904 1329 3481 1401">
     <span class='ocr_line' id='line_1_28' title="bbox 1904 1329 3481 1401; baseline 0.004 -19"><span class='ocrx_word' id='word_1_198' title='bbox 1904 1338 1958 1382; x_wconf 91' lang='lat' dir='ltr'><strong>et</strong></span> <span class='ocrx_word' id='word_1_199' title='bbox 1990 1329 2232 1385; x_wconf 83' lang='lat' dir='ltr'><strong>discedat</strong></span> <span class='ocrx_word' id='word_1_200' title='bbox 2264 1331 2332 1385; x_wconf 90' lang='lat' dir='ltr'><strong>ab</strong></span> <span class='ocrx_word' id='word_1_201' title='bbox 2363 1333 2649 1400; x_wconf 74' lang='lat' dir='ltr'><strong>iniquitate</strong></span> <span class='ocrx_word' id='word_1_202' title='bbox 2699 1332 2877 1386; x_wconf 89' lang='lat' dir='ltr'><strong>omnis</strong></span> <span class='ocrx_word' id='word_1_203' title='bbox 2949 1333 3042 1401; x_wconf 85' lang='lat' dir='ltr'><strong>qui</strong></span> <span class='ocrx_word' id='word_1_204' title='bbox 3096 1335 3342 1388; x_wconf 86' lang='lat' dir='ltr'><strong>nominat</strong></span> <span class='ocrx_word' id='word_1_205' title='bbox 3384 1354 3481 1388; x_wconf 87' lang='lat' dir='ltr'><strong>no-</strong></span> 
     </span>
    </p>
   </div>
   <div class='ocr_carea' id='block_1_29' title="bbox 1906 1421 3479 1491">
    <p class='ocr_par' dir='ltr' id='par_1_29' title="bbox 1906 1421 3479 1491">
     <span class='ocr_line' id='line_1_29' title="bbox 1906 1421 3479 1491; baseline 0.004 -18"><span class='ocrx_word' id='word_1_206' title='bbox 1906 1435 2030 1474; x_wconf 88' lang='lat' dir='ltr'><strong>men</strong></span> <span class='ocrx_word' id='word_1_207' title='bbox 2066 1421 2300 1475; x_wconf 89' lang='lat' dir='ltr'><strong>Domini.</strong></span> <span class='ocrx_word' id='word_1_208' title='bbox 2353 1423 2409 1475; x_wconf 90' lang='lat' dir='ltr'><strong>ln</strong></span> <span class='ocrx_word' id='word_1_209' title='bbox 2451 1439 2644 1491; x_wconf 78' lang='lat' dir='ltr'><strong>magna</strong></span> <span class='ocrx_word' id='word_1_210' title='bbox 2697 1433 2878 1477; x_wconf 85' lang='lat' dir='ltr'><strong>autem</strong></span> <span class='ocrx_word' id='word_1_211' title='bbox 2936 1425 3098 1479; x_wconf 87' lang='lat' dir='ltr'><strong>domo</strong></span> <span class='ocrx_word' id='word_1_212' title='bbox 3135 1443 3241 1479; x_wconf 88' lang='lat' dir='ltr'><strong>non</strong></span> <span class='ocrx_word' id='word_1_213' title='bbox 3304 1429 3479 1482; x_wconf 82' lang='lat' dir='ltr'><strong>solum</strong></span> 
     </span>
    </p>
   </div>
   <div class='ocr_carea' id='block_1_30' title="bbox 1906 1516 3496 1585">
    <p class='ocr_par' dir='ltr' id='par_1_30' title="bbox 1906 1516 3496 1585">
     <span class='ocr_line' id='line_1_30' title="bbox 1906 1516 3496 1585; baseline 0.006 -22"><span class='ocrx_word' id='word_1_214' title='bbox 1906 1519 2036 1564; x_wconf 88' lang='lat' dir='ltr'><strong>sunt</strong></span> <span class='ocrx_word' id='word_1_215' title='bbox 2065 1528 2191 1566; x_wconf 86' lang='lat' dir='ltr'><strong>vasa</strong></span> <span class='ocrx_word' id='word_1_216' title='bbox 2226 1528 2416 1578; x_wconf 89' lang='lat' dir='ltr'><strong>aurea,</strong></span> <span class='ocrx_word' id='word_1_217' title='bbox 2451 1525 2505 1568; x_wconf 88' lang='lat' dir='ltr'><strong>et</strong></span> <span class='ocrx_word' id='word_1_218' title='bbox 2534 1524 2813 1584; x_wconf 87' lang='lat' dir='ltr'><strong>argentea.</strong></span> <span class='ocrx_word' id='word_1_219' title='bbox 2842 1516 2935 1568; x_wconf 86' lang='lat' dir='ltr'><strong>sed</strong></span> <span class='ocrx_word' id='word_1_220' title='bbox 2967 1527 3021 1570; x_wconf 81' lang='lat' dir='ltr'><strong>et</strong></span> <span class='ocrx_word' id='word_1_221' title='bbox 3049 1517 3248 1585; x_wconf 81' lang='lat' dir='ltr'><strong>lignea.</strong></span> <span class='ocrx_word' id='word_1_222' title='bbox 3268 1527 3323 1571; x_wconf 90' lang='lat' dir='ltr'><strong>et</strong></span> <span class='ocrx_word' id='word_1_223' title='bbox 3344 1520 3496 1572; x_wconf 81' lang='lat' dir='ltr'><strong>ﬁct.i-&#39;</strong></span> 
     </span>
    </p>
   </div>
   <div class='ocr_carea' id='block_1_31' title="bbox 1904 1603 3485 1676">
    <p class='ocr_par' dir='ltr' id='par_1_31' title="bbox 1904 1603 3485 1676">
     <span class='ocr_line' id='line_1_31' title="bbox 1904 1603 3485 1676; baseline 0.003 -20"><span class='ocrx_word' id='word_1_224' title='bbox 1904 1603 1974 1656; x_wconf 84' lang='lat' dir='ltr'><strong>lia</strong></span> <span class='ocrx_word' id='word_1_225' title='bbox 2006 1621 2019 1656; x_wconf 87' lang='lat'><strong>:</strong></span> <span class='ocrx_word' id='word_1_226' title='bbox 2054 1614 2110 1657; x_wconf 89' lang='lat' dir='ltr'><strong>et</strong></span> <span class='ocrx_word' id='word_1_227' title='bbox 2141 1605 2387 1672; x_wconf 74' lang='lat' dir='ltr'><strong>quaedam</strong></span> <span class='ocrx_word' id='word_1_228' title='bbox 2418 1605 2637 1674; x_wconf 86' lang='lat' dir='ltr'><strong>quidem</strong></span> <span class='ocrx_word' id='word_1_229' title='bbox 2672 1607 2725 1660; x_wconf 92' lang='lat' dir='ltr'><strong>in</strong></span> <span class='ocrx_word' id='word_1_230' title='bbox 2757 1607 3052 1668; x_wconf 80' lang='lat' dir='ltr'><strong>honorem,</strong></span> <span class='ocrx_word' id='word_1_231' title='bbox 3085 1609 3335 1676; x_wconf 65' lang='lat' dir='ltr'><strong>qua-dam</strong></span> <span class='ocrx_word' id='word_1_232' title='bbox 3387 1624 3485 1661; x_wconf 88' lang='lat' dir='ltr'><strong>an-</strong></span> 
     </span>
    </p>
   </div>
   <div class='ocr_carea' id='block_1_32' title="bbox 1908 1694 3485 1766">
    <p class='ocr_par' dir='ltr' id='par_1_32' title="bbox 1908 1694 3485 1766">
     <span class='ocr_line' id='line_1_32' title="bbox 1908 1694 3485 1766; baseline 0.004 -19"><span class='ocrx_word' id='word_1_233' title='bbox 1908 1703 2015 1748; x_wconf 88' lang='lat' dir='ltr'><strong>tem</strong></span> <span class='ocrx_word' id='word_1_234' title='bbox 2047 1694 2102 1746; x_wconf 90' lang='lat' dir='ltr'><strong>in</strong></span> <span class='ocrx_word' id='word_1_235' title='bbox 2137 1695 2548 1748; x_wconf 88' lang='lat' dir='ltr'><strong>contumeliam.</strong></span> <span class='ocrx_word' id='word_1_236' title='bbox 2589 1694 2646 1749; x_wconf 90' lang='lat' dir='ltr'><strong>Si</strong></span> <span class='ocrx_word' id='word_1_237' title='bbox 2683 1698 2807 1766; x_wconf 89' lang='lat' dir='ltr'><strong>quis</strong></span> <span class='ocrx_word' id='word_1_238' title='bbox 2851 1712 2982 1765; x_wconf 80' lang='lat' dir='ltr'><strong>ergo</strong></span> <span class='ocrx_word' id='word_1_239' title='bbox 3015 1699 3400 1754; x_wconf 87' lang='lat' dir='ltr'><strong>emundaverit</strong></span> <span class='ocrx_word' id='word_1_240' title='bbox 3425 1716 3485 1754; x_wconf 84' lang='lat' dir='ltr'><strong>se</strong></span> 
     </span>
    </p>
   </div>
   <div class='ocr_carea' id='block_1_33' title="bbox 209 1767 3481 1856">
    <p class='ocr_par' dir='ltr' id='par_1_33' title="bbox 209 1767 3481 1856">
     <span class='ocr_line' id='line_1_33' title="bbox 209 1767 3481 1856; baseline 0 -11"><span class='ocrx_word' id='word_1_241' title='bbox 209 1805 405 1845; x_wconf 84' lang='lat' dir='ltr'><strong>autem</strong></span> <span class='ocrx_word' id='word_1_242' title='bbox 433 1792 601 1844; x_wconf 89' lang='lat' dir='ltr'><strong>vitam</strong></span> <span class='ocrx_word' id='word_1_243' title='bbox 650 1800 706 1842; x_wconf 90' lang='lat' dir='ltr'><strong>et</strong></span> <span class='ocrx_word' id='word_1_244' title='bbox 751 1787 1219 1856; x_wconf 84' lang='lat' dir='ltr'><strong>incorruptionem</strong></span> <span class='ocrx_word' id='word_1_245' title='bbox 1270 1802 1367 1855; x_wconf 85' lang='lat' dir='ltr'><strong>per</strong></span> <span class='ocrx_word' id='word_1_246' title='bbox 1399 1785 1754 1853; x_wconf 80' lang='lat' dir='ltr'><strong>Evangelium</strong></span> <span class='ocrx_word' id='word_1_247' title='bbox 1783 1799 1796 1839; x_wconf 92' lang='lat'><strong>:</strong></span> <span class='ocrx_word' id='word_1_248' title='bbox 1834 1767 1874 1821; x_wconf 75' lang='grc' dir='ltr'>Β</span> <span class='ocrx_word' id='word_1_249' title='bbox 1906 1786 1973 1839; x_wconf 90' lang='lat' dir='ltr'><strong>ab</strong></span> <span class='ocrx_word' id='word_1_250' title='bbox 2002 1785 2142 1849; x_wconf 89' lang='lat' dir='ltr'><strong>istis,</strong></span> <span class='ocrx_word' id='word_1_251' title='bbox 2177 1785 2282 1839; x_wconf 81' lang='lat' dir='ltr'><strong>erit</strong></span> <span class='ocrx_word' id='word_1_252' title='bbox 2308 1801 2404 1839; x_wconf 79' lang='lat' dir='ltr'><strong>vas</strong></span> <span class='ocrx_word' id='word_1_253' title='bbox 2435 1787 2488 1839; x_wconf 93' lang='lat' dir='ltr'><strong>in</strong></span> <span class='ocrx_word' id='word_1_254' title='bbox 2509 1786 2772 1841; x_wconf 88' lang='lat' dir='ltr'><strong>honorem</strong></span> <span class='ocrx_word' id='word_1_255' title='bbox 2796 1789 3227 1854; x_wconf 88' lang='lat' dir='ltr'><strong>sanctiﬁcatum,</strong></span> <span class='ocrx_word' id='word_1_256' title='bbox 3263 1801 3316 1846; x_wconf 85' lang='lat' dir='ltr'><strong>et</strong></span> <span class='ocrx_word' id='word_1_257' title='bbox 3348 1793 3481 1846; x_wconf 85' lang='lat' dir='ltr'><strong>utile</strong></span> 
     </span>
    </p>
   </div>
   <div class='ocr_carea' id='block_1_34' title="bbox 214 1876 1800 1951">
    <p class='ocr_par' dir='ltr' id='par_1_34' title="bbox 214 1876 1800 1951">
     <span class='ocr_line' id='line_1_34' title="bbox 214 1876 1800 1951; baseline -0.006 -14"><span class='ocrx_word' id='word_1_258' title='bbox 214 1885 271 1937; x_wconf 88' lang='lat' dir='ltr'><strong>in</strong></span> <span class='ocrx_word' id='word_1_259' title='bbox 301 1898 415 1951; x_wconf 86' lang='lat' dir='ltr'><strong>quo</strong></span> <span class='ocrx_word' id='word_1_260' title='bbox 446 1881 661 1951; x_wconf 86' lang='lat' dir='ltr'><strong>positus</strong></span> <span class='ocrx_word' id='word_1_261' title='bbox 689 1895 809 1933; x_wconf 91' lang='lat' dir='ltr'><strong>sum</strong></span> <span class='ocrx_word' id='word_1_262' title='bbox 850 1895 954 1947; x_wconf 90' lang='lat' dir='ltr'><strong>ego</strong></span> <span class='ocrx_word' id='word_1_263' title='bbox 993 1878 1339 1947; x_wconf 62' lang='lat' dir='ltr'><strong>pradicator,</strong></span> <span class='ocrx_word' id='word_1_264' title='bbox 1389 1890 1443 1930; x_wconf 87' lang='lat' dir='ltr'><strong>et</strong></span> <span class='ocrx_word' id='word_1_265' title='bbox 1494 1876 1800 1945; x_wconf 86' lang='lat' dir='ltr'><strong>apostolus,</strong></span> 
     </span>
    </p>
   </div>
   <div class='ocr_carea' id='block_1_35' title="bbox 211 1969 1804 2044">
    <p class='ocr_par' dir='ltr' id='par_1_35' title="bbox 211 1969 1804 2044">
     <span class='ocr_line' id='line_1_35' title="bbox 211 1969 1804 2044; baseline -0.007 -15"><span class='ocrx_word' id='word_1_266' title='bbox 211 1975 554 2044; x_wconf 81' lang='lat' dir='ltr'><strong>etmagister</strong></span> <span class='ocrx_word' id='word_1_267' title='bbox 577 1972 843 2042; x_wconf 78' lang='lat' dir='ltr'><strong>gentium.</strong></span> <span class='ocrx_word' id='word_1_268' title='bbox 879 1971 961 2024; x_wconf 87' lang='lat' dir='ltr'><strong>0b</strong></span> <span class='ocrx_word' id='word_1_269' title='bbox 1002 1985 1165 2040; x_wconf 86' lang='lat' dir='ltr'><strong>quam</strong></span> <span class='ocrx_word' id='word_1_270' title='bbox 1200 1984 1424 2024; x_wconf 86' lang='lat' dir='ltr'><strong>causam</strong></span> <span class='ocrx_word' id='word_1_271' title='bbox 1479 1970 1646 2021; x_wconf 86' lang='lat' dir='ltr'><strong>etiam</strong></span> <span class='ocrx_word' id='word_1_272' title='bbox 1689 1969 1804 2019; x_wconf 68' lang='lat' dir='ltr'><strong>haec</strong></span> 
     </span>
    </p>
   </div>
   <div class='ocr_carea' id='block_1_36' title="bbox 215 2057 1805 2137">
    <p class='ocr_par' dir='ltr' id='par_1_36' title="bbox 215 2057 1805 2137">
     <span class='ocr_line' id='line_1_36' title="bbox 215 2057 1805 2137; baseline -0.005 -17"><span class='ocrx_word' id='word_1_273' title='bbox 215 2069 422 2137; x_wconf 88' lang='lat' dir='ltr'><strong>patior,</strong></span> <span class='ocrx_word' id='word_1_274' title='bbox 441 2065 535 2120; x_wconf 88' lang='lat' dir='ltr'><strong>sed</strong></span> <span class='ocrx_word' id='word_1_275' title='bbox 567 2079 674 2118; x_wconf 88' lang='lat' dir='ltr'><strong>non</strong></span> <span class='ocrx_word' id='word_1_276' title='bbox 696 2061 1029 2122; x_wconf 75' lang='lat' dir='ltr'><strong>confundor.</strong></span> <span class='ocrx_word' id='word_1_277' title='bbox 1053 2061 1177 2116; x_wconf 88' lang='lat' dir='ltr'><strong>Scio</strong></span> <span class='ocrx_word' id='word_1_278' title='bbox 1197 2063 1346 2115; x_wconf 89' lang='lat' dir='ltr'><strong>enim</strong></span> <span class='ocrx_word' id='word_1_279' title='bbox 1373 2059 1461 2113; x_wconf 91' lang='lat' dir='ltr'><strong>cui</strong></span> <span class='ocrx_word' id='word_1_280' title='bbox 1488 2057 1720 2124; x_wconf 85' lang='lat' dir='ltr'><strong>credidi,</strong></span> <span class='ocrx_word' id='word_1_281' title='bbox 1747 2068 1805 2112; x_wconf 87' lang='lat' dir='ltr'><strong>et</strong></span> 
     </span>
    </p>
   </div>
   <div class='ocr_carea' id='block_1_37' title="bbox 210 2153 1803 2227">
    <p class='ocr_par' dir='ltr' id='par_1_37' title="bbox 210 2153 1803 2227">
     <span class='ocr_line' id='line_1_37' title="bbox 210 2153 1803 2227; baseline -0.008 -11"><span class='ocrx_word' id='word_1_282' title='bbox 210 2172 408 2216; x_wconf 81' lang='lat' dir='ltr'><strong>certus</strong></span> <span class='ocrx_word' id='word_1_283' title='bbox 428 2175 547 2213; x_wconf 80' lang='lat' dir='ltr'><strong>stitit</strong></span> <span class='ocrx_word' id='word_1_284' title='bbox 579 2158 708 2227; x_wconf 87' lang='lat' dir='ltr'><strong>quia</strong></span> <span class='ocrx_word' id='word_1_285' title='bbox 727 2165 922 2224; x_wconf 87' lang='lat' dir='ltr'><strong>potens</strong></span> <span class='ocrx_word' id='word_1_286' title='bbox 937 2164 1022 2209; x_wconf 89' lang='lat' dir='ltr'><strong>est</strong></span> <span class='ocrx_word' id='word_1_287' title='bbox 1041 2153 1352 2224; x_wconf 87' lang='lat' dir='ltr'><strong>depositum</strong></span> <span class='ocrx_word' id='word_1_288' title='bbox 1375 2167 1556 2206; x_wconf 89' lang='lat' dir='ltr'><strong>meum</strong></span> <span class='ocrx_word' id='word_1_289' title='bbox 1585 2165 1803 2205; x_wconf 88' lang='lat' dir='ltr'><strong>servare</strong></span> 
     </span>
    </p>
   </div>
   <div class='ocr_carea' id='block_1_38' title="bbox 211 2243 1798 2307">
    <p class='ocr_par' dir='ltr' id='par_1_38' title="bbox 211 2243 1798 2307">
     <span class='ocr_line' id='line_1_38' title="bbox 211 2243 1798 2307; baseline -0.009 0"><span class='ocrx_word' id='word_1_290' title='bbox 211 2256 270 2307; x_wconf 86' lang='lat' dir='ltr'><strong>in</strong></span> <span class='ocrx_word' id='word_1_291' title='bbox 307 2253 460 2306; x_wconf 82' lang='lat' dir='ltr'><strong>illum</strong></span> <span class='ocrx_word' id='word_1_292' title='bbox 488 2251 653 2304; x_wconf 89' lang='lat' dir='ltr'><strong>diem.</strong></span> <span class='ocrx_word' id='word_1_293' title='bbox 701 2248 948 2306; x_wconf 88' lang='lat' dir='ltr'><strong>Formam</strong></span> <span class='ocrx_word' id='word_1_294' title='bbox 999 2249 1142 2301; x_wconf 85' lang='lat' dir='ltr'><strong>habe</strong></span> <span class='ocrx_word' id='word_1_295' title='bbox 1181 2260 1440 2300; x_wconf 88' lang='lat' dir='ltr'><strong>sanorum</strong></span> <span class='ocrx_word' id='word_1_296' title='bbox 1475 2243 1798 2307; x_wconf 84' lang='lat' dir='ltr'><strong>verborum,</strong></span> 
     </span>
    </p>
   </div>
   <div class='ocr_carea' id='block_1_39' title="bbox 209 2334 1797 2414">
    <p class='ocr_par' dir='ltr' id='par_1_39' title="bbox 209 2334 1797 2414">
     <span class='ocr_line' id='line_1_39' title="bbox 209 2334 1797 2414; baseline -0.009 -14"><span class='ocrx_word' id='word_1_297' title='bbox 209 2363 344 2414; x_wconf 65' lang='lat' dir='ltr'><strong>quze</strong></span> <span class='ocrx_word' id='word_1_298' title='bbox 368 2361 397 2397; x_wconf 84' lang='lat' dir='ltr'><strong>a</strong></span> <span class='ocrx_word' id='word_1_299' title='bbox 432 2360 518 2397; x_wconf 90' lang='lat' dir='ltr'><strong>me</strong></span> <span class='ocrx_word' id='word_1_300' title='bbox 550 2343 749 2396; x_wconf 87' lang='lat' dir='ltr'><strong>audisti</strong></span> <span class='ocrx_word' id='word_1_301' title='bbox 781 2343 832 2394; x_wconf 88' lang='lat' dir='ltr'><strong>in</strong></span> <span class='ocrx_word' id='word_1_302' title='bbox 859 2340 964 2394; x_wconf 85' lang='lat' dir='ltr'><strong>ﬁde</strong></span> <span class='ocrx_word' id='word_1_303' title='bbox 990 2349 1045 2393; x_wconf 90' lang='lat' dir='ltr'><strong>et</strong></span> <span class='ocrx_word' id='word_1_304' title='bbox 1077 2338 1130 2392; x_wconf 91' lang='lat' dir='ltr'><strong>iu</strong></span> <span class='ocrx_word' id='word_1_305' title='bbox 1159 2337 1454 2392; x_wconf 87' lang='lat' dir='ltr'><strong>dilectione</strong></span> <span class='ocrx_word' id='word_1_306' title='bbox 1487 2336 1540 2389; x_wconf 91' lang='lat' dir='ltr'><strong>in</strong></span> <span class='ocrx_word' id='word_1_307' title='bbox 1572 2334 1797 2390; x_wconf 81' lang='lat' dir='ltr'><strong>Christo</strong></span> 
     </span>
    </p>
   </div>
   <div class='ocr_carea' id='block_1_40' title="bbox 207 2429 1802 2505">
    <p class='ocr_par' dir='ltr' id='par_1_40' title="bbox 207 2429 1802 2505">
     <span class='ocr_line' id='line_1_40' title="bbox 207 2429 1802 2505; baseline -0.009 -10"><span class='ocrx_word' id='word_1_308' title='bbox 207 2440 374 2495; x_wconf 80' lang='lat' dir='ltr'><strong>Jcsu.</strong></span> <span class='ocrx_word' id='word_1_309' title='bbox 408 2438 618 2492; x_wconf 81' lang='lat' dir='ltr'><strong>Bonum</strong></span> <span class='ocrx_word' id='word_1_310' title='bbox 642 2435 956 2505; x_wconf 88' lang='lat' dir='ltr'><strong>depositmn</strong></span> <span class='ocrx_word' id='word_1_311' title='bbox 985 2430 1206 2489; x_wconf 86' lang='lat' dir='ltr'><strong>custodi</strong></span> <span class='ocrx_word' id='word_1_312' title='bbox 1242 2446 1338 2498; x_wconf 87' lang='lat' dir='ltr'><strong>per</strong></span> <span class='ocrx_word' id='word_1_313' title='bbox 1365 2429 1636 2500; x_wconf 78' lang='lat' dir='ltr'><strong>Spiritum</strong></span> <span class='ocrx_word' id='word_1_314' title='bbox 1670 2443 1802 2482; x_wconf 87' lang='lat' dir='ltr'><strong>san-</strong></span> 
     </span>
    </p>
   </div>
   <div class='ocr_carea' id='block_1_41' title="bbox 209 2519 1801 2598">
    <p class='ocr_par' dir='ltr' id='par_1_41' title="bbox 209 2519 1801 2598">
     <span class='ocr_line' id='line_1_41' title="bbox 209 2519 1801 2598; baseline -0.009 -13"><span class='ocrx_word' id='word_1_315' title='bbox 209 2546 398 2593; x_wconf 87' lang='lat' dir='ltr'><strong>etum,</strong></span> <span class='ocrx_word' id='word_1_316' title='bbox 430 2529 524 2598; x_wconf 89' lang='lat' dir='ltr'><strong>qui</strong></span> <span class='ocrx_word' id='word_1_317' title='bbox 556 2528 767 2584; x_wconf 85' lang='lat' dir='ltr'><strong>habitat</strong></span> <span class='ocrx_word' id='word_1_318' title='bbox 804 2529 860 2580; x_wconf 88' lang='lat' dir='ltr'><strong>in</strong></span> <span class='ocrx_word' id='word_1_319' title='bbox 895 2525 1076 2579; x_wconf 90' lang='lat' dir='ltr'><strong>nobis.</strong></span> <span class='ocrx_word' id='word_1_320' title='bbox 1116 2522 1239 2576; x_wconf 84' lang='lat' dir='ltr'><strong>Scis</strong></span> <span class='ocrx_word' id='word_1_321' title='bbox 1276 2525 1402 2588; x_wconf 90' lang='lat' dir='ltr'><strong>hoc,</strong></span> <span class='ocrx_word' id='word_1_322' title='bbox 1437 2521 1580 2590; x_wconf 89' lang='lat' dir='ltr'><strong>quod</strong></span> <span class='ocrx_word' id='word_1_323' title='bbox 1627 2519 1801 2574; x_wconf 80' lang='lat' dir='ltr'><strong>aversi</strong></span> 
     </span>
    </p>
   </div>
   <div class='ocr_carea' id='block_1_42' title="bbox 215 2612 1803 2688">
    <p class='ocr_par' dir='ltr' id='par_1_42' title="bbox 215 2612 1803 2688">
     <span class='ocr_line' id='line_1_42' title="bbox 215 2612 1803 2688; baseline -0.01 -8"><span class='ocrx_word' id='word_1_324' title='bbox 215 2634 360 2680; x_wconf 87' lang='lat' dir='ltr'><strong>sunt</strong></span> <span class='ocrx_word' id='word_1_325' title='bbox 389 2637 416 2675; x_wconf 90' lang='lat' dir='ltr'><strong>a</strong></span> <span class='ocrx_word' id='word_1_326' title='bbox 452 2637 538 2674; x_wconf 90' lang='lat' dir='ltr'><strong>me</strong></span> <span class='ocrx_word' id='word_1_327' title='bbox 560 2635 752 2675; x_wconf 85' lang='lat' dir='ltr'><strong>omnes</strong></span> <span class='ocrx_word' id='word_1_328' title='bbox 791 2619 883 2688; x_wconf 92' lang='lat' dir='ltr'><strong>qui</strong></span> <span class='ocrx_word' id='word_1_329' title='bbox 918 2618 972 2671; x_wconf 88' lang='lat' dir='ltr'><strong>in</strong></span> <span class='ocrx_word' id='word_1_330' title='bbox 1020 2617 1146 2670; x_wconf 82' lang='lat' dir='ltr'><strong>Asia</strong></span> <span class='ocrx_word' id='word_1_331' title='bbox 1177 2623 1329 2676; x_wconf 92' lang='lat' dir='ltr'><strong>sunt,</strong></span> <span class='ocrx_word' id='word_1_332' title='bbox 1374 2629 1464 2674; x_wconf 48' lang='lat' dir='ltr'><strong>ex.</strong></span> <span class='ocrx_word' id='word_1_333' title='bbox 1492 2612 1692 2681; x_wconf 85' lang='lat' dir='ltr'><strong>quibus</strong></span> <span class='ocrx_word' id='word_1_334' title='bbox 1720 2619 1803 2664; x_wconf 86' lang='lat' dir='ltr'><strong>cst</strong></span> 
     </span>
    </p>
   </div>
   <div class='ocr_carea' id='block_1_43' title="bbox 207 2699 1803 2784">
    <p class='ocr_par' dir='ltr' id='par_1_43' title="bbox 207 2699 1803 2784">
     <span class='ocr_line' id='line_1_43' title="bbox 207 2699 1803 2784; baseline -0.012 -14"><span class='ocrx_word' id='word_1_335' title='bbox 207 2715 523 2784; x_wconf 79' lang='lat' dir='ltr'><strong>Pltigclltts,</strong></span> <span class='ocrx_word' id='word_1_336' title='bbox 557 2722 614 2766; x_wconf 85' lang='lat' dir='ltr'><strong>et</strong></span> <span class='ocrx_word' id='word_1_337' title='bbox 647 2711 1040 2776; x_wconf 75' lang='lat' dir='ltr'><strong>Hermogenes.</strong></span> <span class='ocrx_word' id='word_1_338' title='bbox 1076 2707 1173 2758; x_wconf 85' lang='lat' dir='ltr'><strong>Det</strong></span> <span class='ocrx_word' id='word_1_339' title='bbox 1214 2703 1654 2758; x_wconf 83' lang='lat' dir='ltr'><strong>miscricordiam</strong></span> <span class='ocrx_word' id='word_1_340' title='bbox 1695 2699 1803 2754; x_wconf 87' lang='lat' dir='ltr'><strong>Do-</strong></span> 
     </span>
    </p>
   </div>
   <div class='ocr_carea' id='block_1_44' title="bbox 205 2792 1796 2871">
    <p class='ocr_par' dir='ltr' id='par_1_44' title="bbox 205 2792 1796 2871">
     <span class='ocr_line' id='line_1_44' title="bbox 205 2792 1796 2871; baseline -0.011 -9"><span class='ocrx_word' id='word_1_341' title='bbox 205 2807 404 2862; x_wconf 80' lang='lat' dir='ltr'><strong>minus</strong></span> <span class='ocrx_word' id='word_1_342' title='bbox 434 2801 760 2871; x_wconf 89' lang='lat' dir='ltr'><strong>Onesiphori</strong></span> <span class='ocrx_word' id='word_1_343' title='bbox 792 2799 975 2854; x_wconf 87' lang='lat' dir='ltr'><strong>domui</strong></span> <span class='ocrx_word' id='word_1_344' title='bbox 1004 2814 1018 2851; x_wconf 88' lang='lat'>:</span> <span class='ocrx_word' id='word_1_345' title='bbox 1045 2798 1170 2866; x_wconf 84' lang='lat' dir='ltr'><strong>quia</strong></span> <span class='ocrx_word' id='word_1_346' title='bbox 1195 2810 1339 2864; x_wconf 63' lang='lat' dir='ltr'><strong>saepe</strong></span> <span class='ocrx_word' id='word_1_347' title='bbox 1388 2809 1473 2847; x_wconf 92' lang='lat' dir='ltr'><strong>me</strong></span> <span class='ocrx_word' id='word_1_348' title='bbox 1503 2792 1796 2860; x_wconf 41' lang='lat' dir='ltr'><strong>refrigeras</strong></span> 
     </span>
    </p>
   </div>
   <div class='ocr_carea' id='block_1_45' title="bbox 206 2883 1802 2963">
    <p class='ocr_par' dir='ltr' id='par_1_45' title="bbox 206 2883 1802 2963">
     <span class='ocr_line' id='line_1_45' title="bbox 206 2883 1802 2963; baseline -0.011 -11"><span class='ocrx_word' id='word_1_349' title='bbox 206 2903 320 2963; x_wconf 84' lang='lat' dir='ltr'><strong>vit,</strong></span> <span class='ocrx_word' id='word_1_350' title='bbox 366 2909 424 2952; x_wconf 89' lang='lat' dir='ltr'><strong>et</strong></span> <span class='ocrx_word' id='word_1_351' title='bbox 452 2907 703 2951; x_wconf 84' lang='lat' dir='ltr'><strong>catenam</strong></span> <span class='ocrx_word' id='word_1_352' title='bbox 741 2908 916 2948; x_wconf 88' lang='lat' dir='ltr'><strong>meam</strong></span> <span class='ocrx_word' id='word_1_353' title='bbox 950 2906 1058 2944; x_wconf 87' lang='lat' dir='ltr'><strong>non</strong></span> <span class='ocrx_word' id='word_1_354' title='bbox 1107 2888 1334 2944; x_wconf 87' lang='lat' dir='ltr'><strong>erubuit</strong></span> <span class='ocrx_word' id='word_1_355' title='bbox 1366 2886 1501 2942; x_wconf 86' lang='lat' dir='ltr'><strong>:sed</strong></span> <span class='ocrx_word' id='word_1_356' title='bbox 1538 2900 1661 2938; x_wconf 89' lang='lat' dir='ltr'><strong>eum</strong></span> <span class='ocrx_word' id='word_1_357' title='bbox 1698 2883 1802 2936; x_wconf 81' lang='lat' dir='ltr'><strong>Ro-</strong></span> 
     </span>
    </p>
   </div>
   <div class='ocr_carea' id='block_1_46' title="bbox 204 2975 1794 3056">
    <p class='ocr_par' dir='ltr' id='par_1_46' title="bbox 204 2975 1794 3056">
     <span class='ocr_line' id='line_1_46' title="bbox 204 2975 1794 3056; baseline -0.011 -11"><span class='ocrx_word' id='word_1_358' title='bbox 204 3008 368 3046; x_wconf 85' lang='lat' dir='ltr'><strong>mam</strong></span> <span class='ocrx_word' id='word_1_359' title='bbox 393 2991 655 3048; x_wconf 86' lang='lat' dir='ltr'><strong>venisset,</strong></span> <span class='ocrx_word' id='word_1_360' title='bbox 713 2986 949 3041; x_wconf 89' lang='lat' dir='ltr'><strong>sollicite</strong></span> <span class='ocrx_word' id='word_1_361' title='bbox 979 2998 1066 3036; x_wconf 88' lang='lat' dir='ltr'><strong>me</strong></span> <span class='ocrx_word' id='word_1_362' title='bbox 1125 2979 1399 3050; x_wconf 74' lang='lat' dir='ltr'><strong>quasivit,</strong></span> <span class='ocrx_word' id='word_1_363' title='bbox 1460 2989 1517 3032; x_wconf 89' lang='lat' dir='ltr'><strong>et</strong></span> <span class='ocrx_word' id='word_1_364' title='bbox 1564 2975 1794 3056; x_wconf 41' lang='lat' dir='ltr'><strong>ingeriit.</strong></span> 
     </span>
    </p>
   </div>
   <div class='ocr_carea' id='block_1_47' title="bbox 201 3067 1866 3155">
    <p class='ocr_par' dir='ltr' id='par_1_47' title="bbox 201 3067 1866 3155">
     <span class='ocr_line' id='line_1_47' title="bbox 201 3067 1866 3155; baseline -0.011 -19"><span class='ocrx_word' id='word_1_365' title='bbox 201 3084 321 3136; x_wconf 79' lang='lat' dir='ltr'><strong>Det</strong></span> <span class='ocrx_word' id='word_1_366' title='bbox 356 3081 432 3134; x_wconf 91' lang='lat' dir='ltr'><strong>illi</strong></span> <span class='ocrx_word' id='word_1_367' title='bbox 465 3078 728 3132; x_wconf 87' lang='lat' dir='ltr'><strong>Dominus</strong></span> <span class='ocrx_word' id='word_1_368' title='bbox 751 3075 998 3129; x_wconf 88' lang='lat' dir='ltr'><strong>invenire</strong></span> <span class='ocrx_word' id='word_1_369' title='bbox 1032 3069 1468 3125; x_wconf 86' lang='lat' dir='ltr'><strong>misericordiam</strong></span> <span class='ocrx_word' id='word_1_370' title='bbox 1499 3082 1530 3121; x_wconf 91' lang='lat' dir='ltr'><strong>a</strong></span> <span class='ocrx_word' id='word_1_371' title='bbox 1566 3067 1797 3118; x_wconf 88' lang='lat' dir='ltr'><strong>Domino</strong></span> <span class='ocrx_word' id='word_1_372' title='bbox 1825 3101 1866 3155; x_wconf 64' lang='grc' dir='ltr'>ο</span> 
     </span>
    </p>
   </div>
   <div class='ocr_carea' id='block_1_48' title="bbox 199 3158 1854 3246">
    <p class='ocr_par' dir='ltr' id='par_1_48' title="bbox 199 3158 1854 3246">
     <span class='ocr_line' id='line_1_48' title="bbox 199 3158 1854 3246; baseline -0.009 -21"><span class='ocrx_word' id='word_1_373' title='bbox 199 3184 346 3246; x_wconf 66' lang='grc' dir='ltr'><strong>(τηε.</strong></span> <span class='ocrx_word' id='word_1_374' title='bbox 375 3171 509 3239; x_wconf 87' lang='lat' dir='ltr'><strong>Deo)</strong></span> <span class='ocrx_word' id='word_1_375' title='bbox 547 3171 600 3224; x_wconf 88' lang='lat' dir='ltr'><strong>in</strong></span> <span class='ocrx_word' id='word_1_376' title='bbox 635 3169 721 3220; x_wconf 88' lang='lat' dir='ltr'><strong>illa</strong></span> <span class='ocrx_word' id='word_1_377' title='bbox 752 3166 864 3223; x_wconf 88' lang='lat' dir='ltr'><strong>die.</strong></span> <span class='ocrx_word' id='word_1_378' title='bbox 899 3164 966 3218; x_wconf 88' lang='lat' dir='ltr'><strong>Et</strong></span> <span class='ocrx_word' id='word_1_379' title='bbox 993 3173 1198 3232; x_wconf 89' lang='lat' dir='ltr'><strong>quanta</strong></span> <span class='ocrx_word' id='word_1_380' title='bbox 1235 3160 1433 3230; x_wconf 81' lang='lat' dir='ltr'><strong>Ephesi</strong></span> <span class='ocrx_word' id='word_1_381' title='bbox 1465 3158 1797 3211; x_wconf 62' lang='grc' dir='ltr'><strong>ιηίηὶδιιύνὶι</strong></span> <span class='ocrx_word' id='word_1_382' title='bbox 1852 3224 1854 3226; x_wconf 17' lang='grc' dir='ltr'><strong><em>ν</em></strong></span> 
     </span>
    </p>
   </div>
   <div class='ocr_carea' id='block_1_49' title="bbox 198 3258 892 3327">
    <p class='ocr_par' dir='ltr' id='par_1_49' title="bbox 198 3258 892 3327">
     <span class='ocr_line' id='line_1_49' title="bbox 198 3258 892 3327; baseline -0.016 -7"><span class='ocrx_word' id='word_1_383' title='bbox 198 3268 376 3327; x_wconf 84' lang='lat' dir='ltr'><strong>mihi,</strong></span> <span class='ocrx_word' id='word_1_384' title='bbox 416 3273 474 3317; x_wconf 92' lang='lat' dir='ltr'><strong>tu</strong></span> <span class='ocrx_word' id='word_1_385' title='bbox 505 3261 700 3316; x_wconf 83' lang='lat' dir='ltr'><strong>melius</strong></span> <span class='ocrx_word' id='word_1_386' title='bbox 726 3258 892 3312; x_wconf 89' lang='lat' dir='ltr'><strong>nosti.</strong></span> 
     </span>
    </p>
   </div>
   <div class='ocr_carea' id='block_1_50' title="bbox 287 3336 1797 3428">
    <p class='ocr_par' dir='ltr' id='par_1_50' title="bbox 287 3336 1797 3428">
     <span class='ocr_line' id='line_1_50' title="bbox 287 3336 1797 3428; baseline -0.015 -16"><span class='ocrx_word' id='word_1_387' title='bbox 287 3355 453 3428; x_wconf 83' lang='lat' dir='ltr'><strong>(Cap.</strong></span> <span class='ocrx_word' id='word_1_388' title='bbox 485 3353 577 3421; x_wconf 87' lang='lat' dir='ltr'><strong>ll.)</strong></span> <span class='ocrx_word' id='word_1_389' title='bbox 647 3350 730 3406; x_wconf 88' lang='lat' dir='ltr'><strong>Tu</strong></span> <span class='ocrx_word' id='word_1_390' title='bbox 767 3363 920 3419; x_wconf 85' lang='lat' dir='ltr'><strong>ergo,</strong></span> <span class='ocrx_word' id='word_1_391' title='bbox 948 3345 1025 3402; x_wconf 90' lang='lat' dir='ltr'><strong>ﬁli</strong></span> <span class='ocrx_word' id='word_1_392' title='bbox 1055 3346 1150 3411; x_wconf 89' lang='lat' dir='ltr'><strong>mi,</strong></span> <span class='ocrx_word' id='word_1_393' title='bbox 1205 3343 1517 3400; x_wconf 85' lang='lat' dir='ltr'><strong>conlortare</strong></span> <span class='ocrx_word' id='word_1_394' title='bbox 1544 3339 1596 3394; x_wconf 91' lang='lat' dir='ltr'><strong>in</strong></span> <span class='ocrx_word' id='word_1_395' title='bbox 1624 3336 1797 3408; x_wconf 83' lang='lat' dir='ltr'><strong>gratia</strong></span> 
     </span>
    </p>
   </div>
   <div class='ocr_carea' id='block_1_51' title="bbox 193 3435 1797 3520">
    <p class='ocr_par' dir='ltr' id='par_1_51' title="bbox 193 3435 1797 3520">
     <span class='ocr_line' id='line_1_51' title="bbox 193 3435 1797 3520; baseline -0.016 -14"><span class='ocrx_word' id='word_1_396' title='bbox 193 3464 344 3520; x_wconf 66' lang='lat' dir='ltr'><strong>qua</strong></span> <span class='ocrx_word' id='word_1_397' title='bbox 365 3457 455 3502; x_wconf 80' lang='lat' dir='ltr'><strong>est</strong></span> <span class='ocrx_word' id='word_1_398' title='bbox 489 3446 544 3499; x_wconf 89' lang='lat' dir='ltr'><strong>in</strong></span> <span class='ocrx_word' id='word_1_399' title='bbox 579 3443 800 3496; x_wconf 84' lang='lat' dir='ltr'><strong>Christo</strong></span> <span class='ocrx_word' id='word_1_400' title='bbox 830 3439 960 3494; x_wconf 83' lang='lat' dir='ltr'><strong>Jesu</strong></span> <span class='ocrx_word' id='word_1_401' title='bbox 997 3455 1011 3490; x_wconf 92' lang='lat'><strong>:</strong></span> <span class='ocrx_word' id='word_1_402' title='bbox 1045 3447 1100 3492; x_wconf 88' lang='lat' dir='ltr'><strong>et</strong></span> <span class='ocrx_word' id='word_1_403' title='bbox 1126 3452 1246 3506; x_wconf 74' lang='lat' dir='ltr'><strong>qua:</strong></span> <span class='ocrx_word' id='word_1_404' title='bbox 1281 3435 1478 3489; x_wconf 88' lang='lat' dir='ltr'><strong>audisti</strong></span> <span class='ocrx_word' id='word_1_405' title='bbox 1517 3447 1547 3486; x_wconf 89' lang='lat' dir='ltr'><strong>a</strong></span> <span class='ocrx_word' id='word_1_406' title='bbox 1591 3443 1797 3520; x_wconf 88' lang='lat' dir='ltr'><strong>meper</strong></span> 
     </span>
    </p>
   </div>
   <div class='ocr_carea' id='block_1_52' title="bbox 189 3519 1797 3597">
    <p class='ocr_par' dir='ltr' id='par_1_52' title="bbox 189 3519 1797 3597">
     <span class='ocr_line' id='line_1_52' title="bbox 189 3519 1797 3597; baseline -0.014 -2"><span class='ocrx_word' id='word_1_407' title='bbox 189 3519 423 3595; x_wconf 71' lang='lat' dir='ltr'><strong>tinnitus</strong></span> <span class='ocrx_word' id='word_1_408' title='bbox 449 3546 638 3597; x_wconf 84' lang='lat' dir='ltr'><strong>testes,</strong></span> <span class='ocrx_word' id='word_1_409' title='bbox 673 3533 788 3587; x_wconf 69' lang='lat' dir='ltr'><strong>haec</strong></span> <span class='ocrx_word' id='word_1_410' title='bbox 821 3527 1147 3586; x_wconf 84' lang='lat' dir='ltr'><strong>commenda</strong></span> <span class='ocrx_word' id='word_1_411' title='bbox 1169 3525 1428 3580; x_wconf 87' lang='lat' dir='ltr'><strong>ﬁdelibus</strong></span> <span class='ocrx_word' id='word_1_412' title='bbox 1480 3519 1797 3576; x_wconf 86' lang='lat' dir='ltr'><strong>hominibus</strong></span> 
     </span>
    </p>
   </div>
   <div class='ocr_carea' id='block_1_53' title="bbox 188 3614 1796 3703">
    <p class='ocr_par' dir='ltr' id='par_1_53' title="bbox 188 3614 1796 3703">
     <span class='ocr_line' id='line_1_53' title="bbox 188 3614 1796 3703; baseline -0.012 -16"><span class='ocrx_word' id='word_1_413' title='bbox 188 3634 308 3703; x_wconf 76' lang='lat' dir='ltr'><strong>qui</strong></span> <span class='ocrx_word' id='word_1_414' title='bbox 345 3629 528 3685; x_wconf 88' lang='lat' dir='ltr'><strong>idonei</strong></span> <span class='ocrx_word' id='word_1_415' title='bbox 562 3633 727 3682; x_wconf 89' lang='lat' dir='ltr'><strong>erunt</strong></span> <span class='ocrx_word' id='word_1_416' title='bbox 759 3633 814 3678; x_wconf 89' lang='lat' dir='ltr'><strong>et</strong></span> <span class='ocrx_word' id='word_1_417' title='bbox 847 3623 986 3677; x_wconf 88' lang='lat' dir='ltr'><strong>alios</strong></span> <span class='ocrx_word' id='word_1_418' title='bbox 1012 3621 1235 3677; x_wconf 88' lang='lat' dir='ltr'><strong>docere.</strong></span> <span class='ocrx_word' id='word_1_419' title='bbox 1275 3617 1490 3672; x_wconf 86' lang='lat' dir='ltr'><strong>Labora</strong></span> <span class='ocrx_word' id='word_1_420' title='bbox 1525 3617 1670 3670; x_wconf 87' lang='lat' dir='ltr'><strong>sicut</strong></span> <span class='ocrx_word' id='word_1_421' title='bbox 1699 3614 1796 3668; x_wconf 92' lang='lat' dir='ltr'><strong>bo-</strong></span> 
     </span>
    </p>
   </div>
   <div class='ocr_carea' id='block_1_54' title="bbox 183 3703 1795 3784">
    <p class='ocr_par' dir='ltr' id='par_1_54' title="bbox 183 3703 1795 3784">
     <span class='ocr_line' id='line_1_54' title="bbox 183 3703 1795 3784; baseline -0.012 -5"><span class='ocrx_word' id='word_1_422' title='bbox 183 3741 318 3784; x_wconf 75' lang='lat' dir='ltr'><strong>nus</strong></span> <span class='ocrx_word' id='word_1_423' title='bbox 354 3723 508 3777; x_wconf 86' lang='lat' dir='ltr'><strong>miles</strong></span> <span class='ocrx_word' id='word_1_424' title='bbox 536 3717 740 3774; x_wconf 86' lang='lat' dir='ltr'><strong>Christi</strong></span> <span class='ocrx_word' id='word_1_425' title='bbox 774 3714 930 3770; x_wconf 74' lang='lat' dir='ltr'><strong>lesu.</strong></span> <span class='ocrx_word' id='word_1_426' title='bbox 960 3713 1132 3767; x_wconf 85' lang='lat' dir='ltr'><strong>Nemo</strong></span> <span class='ocrx_word' id='word_1_427' title='bbox 1163 3711 1406 3765; x_wconf 86' lang='lat' dir='ltr'><strong>militans</strong></span> <span class='ocrx_word' id='word_1_428' title='bbox 1440 3711 1570 3768; x_wconf 90' lang='lat' dir='ltr'><strong>Deo.</strong></span> <span class='ocrx_word' id='word_1_429' title='bbox 1609 3703 1795 3776; x_wconf 90' lang='lat' dir='ltr'><strong>impli-</strong></span> 
     </span>
    </p>
   </div>
   <div class='ocr_carea' id='block_1_55' title="bbox 179 3801 1798 3883">
    <p class='ocr_par' dir='ltr' id='par_1_55' title="bbox 179 3801 1798 3883">
     <span class='ocr_line' id='line_1_55' title="bbox 179 3801 1798 3883; baseline -0.014 -9"><span class='ocrx_word' id='word_1_430' title='bbox 179 3831 291 3874; x_wconf 82' lang='lat' dir='ltr'><strong>cat</strong></span> <span class='ocrx_word' id='word_1_431' title='bbox 335 3831 398 3871; x_wconf 88' lang='lat' dir='ltr'><strong>se</strong></span> <span class='ocrx_word' id='word_1_432' title='bbox 431 3813 668 3883; x_wconf 84' lang='lat' dir='ltr'><strong>negotiis</strong></span> <span class='ocrx_word' id='word_1_433' title='bbox 697 3807 1051 3864; x_wconf 67' lang='lat' dir='ltr'><strong>saecularibus</strong></span> <span class='ocrx_word' id='word_1_434' title='bbox 1084 3819 1101 3856; x_wconf 90' lang='lat'><strong>:</strong></span> <span class='ocrx_word' id='word_1_435' title='bbox 1131 3813 1191 3856; x_wconf 89' lang='lat' dir='ltr'><strong>ut</strong></span> <span class='ocrx_word' id='word_1_436' title='bbox 1234 3804 1282 3856; x_wconf 89' lang='lat' dir='ltr'><strong>ei</strong></span> <span class='ocrx_word' id='word_1_437' title='bbox 1329 3803 1564 3872; x_wconf 87' lang='lat' dir='ltr'><strong>placeat,</strong></span> <span class='ocrx_word' id='word_1_438' title='bbox 1619 3801 1708 3855; x_wconf 91' lang='lat' dir='ltr'><strong>cui</strong></span> <span class='ocrx_word' id='word_1_439' title='bbox 1741 3813 1798 3853; x_wconf 89' lang='lat' dir='ltr'><strong>se</strong></span> 
     </span>
    </p>
   </div>
   <div class='ocr_carea' id='block_1_56' title="bbox 173 3895 1795 3980">
    <p class='ocr_par' dir='ltr' id='par_1_56' title="bbox 173 3895 1795 3980">
     <span class='ocr_line' id='line_1_56' title="bbox 173 3895 1795 3980; baseline -0.013 -18"><span class='ocrx_word' id='word_1_440' title='bbox 173 3906 492 3980; x_wconf 77' lang='lat' dir='ltr'><strong>probavit.</strong></span> <span class='ocrx_word' id='word_1_441' title='bbox 535 3903 668 3956; x_wconf 71' lang='lat' dir='ltr'><strong>Nam</strong></span> <span class='ocrx_word' id='word_1_442' title='bbox 710 3909 763 3954; x_wconf 90' lang='lat' dir='ltr'><strong>et</strong></span> <span class='ocrx_word' id='word_1_443' title='bbox 789 3899 880 3966; x_wconf 75' lang='lat' dir='ltr'><strong>qui</strong></span> <span class='ocrx_word' id='word_1_444' title='bbox 906 3904 1082 3950; x_wconf 88' lang='lat' dir='ltr'><strong>certat</strong></span> <span class='ocrx_word' id='word_1_445' title='bbox 1111 3895 1166 3949; x_wconf 90' lang='lat' dir='ltr'><strong>in</strong></span> <span class='ocrx_word' id='word_1_446' title='bbox 1197 3909 1397 3963; x_wconf 81' lang='lat' dir='ltr'><strong>agone,</strong></span> <span class='ocrx_word' id='word_1_447' title='bbox 1421 3907 1531 3946; x_wconf 87' lang='lat' dir='ltr'><strong>non</strong></span> <span class='ocrx_word' id='word_1_448' title='bbox 1563 3903 1795 3944; x_wconf 86' lang='lat' dir='ltr'><strong>corona-</strong></span> 
     </span>
    </p>
   </div>
   <div class='ocr_carea' id='block_1_57' title="bbox 175 3983 1797 4062">
    <p class='ocr_par' dir='ltr' id='par_1_57' title="bbox 175 3983 1797 4062">
     <span class='ocr_line' id='line_1_57' title="bbox 175 3983 1797 4062; baseline -0.014 -6"><span class='ocrx_word' id='word_1_449' title='bbox 175 4017 288 4056; x_wconf 80' lang='lat' dir='ltr'><strong>tur</strong></span> <span class='ocrx_word' id='word_1_450' title='bbox 327 3999 440 4050; x_wconf 88' lang='lat' dir='ltr'><strong>nisi</strong></span> <span class='ocrx_word' id='word_1_451' title='bbox 477 3995 728 4062; x_wconf 81' lang='lat' dir='ltr'><strong>legitime</strong></span> <span class='ocrx_word' id='word_1_452' title='bbox 754 3989 1074 4044; x_wconf 82' lang='lat' dir='ltr'><strong>certaverit.</strong></span> <span class='ocrx_word' id='word_1_453' title='bbox 1111 3985 1474 4040; x_wconf 89' lang='lat' dir='ltr'><strong>Laborantem</strong></span> <span class='ocrx_word' id='word_1_454' title='bbox 1503 3983 1797 4054; x_wconf 79' lang='lat' dir='ltr'><strong>agricolam</strong></span> 
     </span>
    </p>
   </div>
   <div class='ocr_carea' id='block_1_58' title="bbox 171 4072 1796 4159">
    <p class='ocr_par' dir='ltr' id='par_1_58' title="bbox 171 4072 1796 4159">
     <span class='ocr_line' id='line_1_58' title="bbox 171 4072 1796 4159; baseline -0.01 -19"><span class='ocrx_word' id='word_1_455' title='bbox 171 4099 436 4159; x_wconf 71' lang='lat' dir='ltr'><strong>oportet</strong></span> <span class='ocrx_word' id='word_1_456' title='bbox 471 4088 705 4156; x_wconf 84' lang='lat' dir='ltr'><strong>primum</strong></span> <span class='ocrx_word' id='word_1_457' title='bbox 732 4083 806 4136; x_wconf 90' lang='lat' dir='ltr'><strong>de</strong></span> <span class='ocrx_word' id='word_1_458' title='bbox 853 4079 1127 4134; x_wconf 78' lang='lat' dir='ltr'><strong>fructibus</strong></span> <span class='ocrx_word' id='word_1_459' title='bbox 1175 4076 1484 4147; x_wconf 88' lang='lat' dir='ltr'><strong>percipere.</strong></span> <span class='ocrx_word' id='word_1_460' title='bbox 1550 4072 1796 4140; x_wconf 82' lang='lat' dir='ltr'><strong>lntellige</strong></span> 
     </span>
    </p>
   </div>
   <div class='ocr_carea' id='block_1_59' title="bbox 161 4164 1797 4253">
    <p class='ocr_par' dir='ltr' id='par_1_59' title="bbox 161 4164 1797 4253">
     <span class='ocr_line' id='line_1_59' title="bbox 161 4164 1797 4253; baseline -0.013 -16"><span class='ocrx_word' id='word_1_461' title='bbox 161 4198 324 4253; x_wconf 59' lang='lat' dir='ltr'><strong>qua:</strong></span> <span class='ocrx_word' id='word_1_462' title='bbox 393 4179 552 4231; x_wconf 90' lang='lat' dir='ltr'><strong>dico:</strong></span> <span class='ocrx_word' id='word_1_463' title='bbox 592 4175 746 4229; x_wconf 90' lang='lat' dir='ltr'><strong>dabit</strong></span> <span class='ocrx_word' id='word_1_464' title='bbox 797 4173 943 4227; x_wconf 87' lang='lat' dir='ltr'><strong>enim</strong></span> <span class='ocrx_word' id='word_1_465' title='bbox 1007 4169 1103 4224; x_wconf 92' lang='lat' dir='ltr'><strong>tibi</strong></span> <span class='ocrx_word' id='word_1_466' title='bbox 1136 4169 1402 4223; x_wconf 90' lang='lat' dir='ltr'><strong>Dominus</strong></span> <span class='ocrx_word' id='word_1_467' title='bbox 1435 4167 1490 4219; x_wconf 91' lang='lat' dir='ltr'><strong>in</strong></span> <span class='ocrx_word' id='word_1_468' title='bbox 1539 4164 1797 4219; x_wconf 87' lang='lat' dir='ltr'><strong>omnibus</strong></span> 
     </span>
    </p>
   </div>
   <div class='ocr_carea' id='block_1_60' title="bbox 159 4256 1792 4330">
    <p class='ocr_par' dir='ltr' id='par_1_60' title="bbox 159 4256 1792 4330">
     <span class='ocr_line' id='line_1_60' title="bbox 159 4256 1792 4330; baseline -0.013 -1"><span class='ocrx_word' id='word_1_469' title='bbox 159 4273 578 4330; x_wconf 85' lang='lat' dir='ltr'><strong>intellectum.</strong></span> <span class='ocrx_word' id='word_1_470' title='bbox 602 4267 807 4321; x_wconf 77' lang='lat' dir='ltr'><strong>Memor</strong></span> <span class='ocrx_word' id='word_1_471' title='bbox 835 4273 953 4317; x_wconf 89' lang='lat' dir='ltr'><strong>esto</strong></span> <span class='ocrx_word' id='word_1_472' title='bbox 984 4261 1274 4316; x_wconf 89' lang='lat' dir='ltr'><strong>Dominum</strong></span> <span class='ocrx_word' id='word_1_473' title='bbox 1303 4257 1489 4312; x_wconf 86' lang='lat' dir='ltr'><strong>Jesum</strong></span> <span class='ocrx_word' id='word_1_474' title='bbox 1515 4256 1792 4310; x_wconf 78' lang='lat' dir='ltr'><strong>ChriStuin</strong></span> 
     </span>
    </p>
   </div>
   <div class='ocr_carea' id='block_1_61' title="bbox 166 4348 1794 4422">
    <p class='ocr_par' dir='ltr' id='par_1_61' title="bbox 166 4348 1794 4422">
     <span class='ocr_line' id='line_1_61' title="bbox 166 4348 1794 4422; baseline -0.013 -1"><span class='ocrx_word' id='word_1_475' title='bbox 166 4362 597 4422; x_wconf 71' lang='lat' dir='ltr'><strong>resurrexisse</strong></span> <span class='ocrx_word' id='word_1_476' title='bbox 658 4373 688 4411; x_wconf 90' lang='lat' dir='ltr'><strong>a</strong></span> <span class='ocrx_word' id='word_1_477' title='bbox 725 4356 958 4410; x_wconf 91' lang='lat' dir='ltr'><strong>mortuis</strong></span> <span class='ocrx_word' id='word_1_478' title='bbox 1005 4369 1072 4406; x_wconf 77' lang='lat' dir='ltr'><strong>ex</strong></span> <span class='ocrx_word' id='word_1_479' title='bbox 1129 4352 1339 4405; x_wconf 88' lang='lat' dir='ltr'><strong>semine</strong></span> <span class='ocrx_word' id='word_1_480' title='bbox 1377 4348 1563 4410; x_wconf 86' lang='lat' dir='ltr'><strong>David,</strong></span> <span class='ocrx_word' id='word_1_481' title='bbox 1596 4362 1794 4401; x_wconf 85' lang='lat' dir='ltr'><strong>secun-</strong></span> 
     </span>
    </p>
   </div>
   <div class='ocr_carea' id='block_1_62' title="bbox 1911 1877 3481 1949">
    <p class='ocr_par' dir='ltr' id='par_1_62' title="bbox 1911 1877 3481 1949">
     <span class='ocr_line' id='line_1_62' title="bbox 1911 1877 3481 1949; baseline 0.006 -20"><span class='ocrx_word' id='word_1_482' title='bbox 1911 1877 2158 1940; x_wconf 89' lang='lat' dir='ltr'><strong>Domino,</strong></span> <span class='ocrx_word' id='word_1_483' title='bbox 2189 1878 2254 1931; x_wconf 88' lang='lat' dir='ltr'><strong>ad</strong></span> <span class='ocrx_word' id='word_1_484' title='bbox 2280 1894 2442 1932; x_wconf 80' lang='lat' dir='ltr'><strong>mune</strong></span> <span class='ocrx_word' id='word_1_485' title='bbox 2472 1893 2608 1946; x_wconf 90' lang='lat' dir='ltr'><strong>opus</strong></span> <span class='ocrx_word' id='word_1_486' title='bbox 2637 1879 2839 1934; x_wconf 80' lang='lat' dir='ltr'><strong>bonum</strong></span> <span class='ocrx_word' id='word_1_487' title='bbox 2878 1890 3156 1949; x_wconf 87' lang='lat' dir='ltr'><strong>paratum.</strong></span> <span class='ocrx_word' id='word_1_488' title='bbox 3209 1881 3481 1938; x_wconf 81' lang='lat' dir='ltr'><strong>Juvenilia</strong></span> 
     </span>
    </p>
   </div>
   <div class='ocr_carea' id='block_1_63' title="bbox 1907 1969 3479 2041">
    <p class='ocr_par' dir='ltr' id='par_1_63' title="bbox 1907 1969 3479 2041">
     <span class='ocr_line' id='line_1_63' title="bbox 1907 1969 3479 2041; baseline 0.006 -20"><span class='ocrx_word' id='word_1_489' title='bbox 1907 1980 2090 2022; x_wconf 86' lang='lat' dir='ltr'><strong>autem</strong></span> <span class='ocrx_word' id='word_1_490' title='bbox 2154 1969 2428 2023; x_wconf 81' lang='lat' dir='ltr'><strong>desideria</strong></span> <span class='ocrx_word' id='word_1_491' title='bbox 2513 1971 2672 2038; x_wconf 79' lang='lat' dir='ltr'><strong>fuge;</strong></span> <span class='ocrx_word' id='word_1_492' title='bbox 2736 1986 2948 2026; x_wconf 83' lang='lat' dir='ltr'><strong>sectare</strong></span> <span class='ocrx_word' id='word_1_493' title='bbox 3003 1989 3133 2027; x_wconf 87' lang='lat' dir='ltr'><strong>vero</strong></span> <span class='ocrx_word' id='word_1_494' title='bbox 3186 1974 3479 2041; x_wconf 82' lang='lat' dir='ltr'><strong>jttStitiam.</strong></span> 
     </span>
    </p>
   </div>
   <div class='ocr_carea' id='block_1_64' title="bbox 1908 2059 3486 2136">
    <p class='ocr_par' dir='ltr' id='par_1_64' title="bbox 1908 2059 3486 2136">
     <span class='ocr_line' id='line_1_64' title="bbox 1908 2059 3486 2136; baseline 0.006 -24"><span class='ocrx_word' id='word_1_495' title='bbox 1908 2059 2090 2123; x_wconf 89' lang='lat' dir='ltr'><strong>ﬁdem,</strong></span> <span class='ocrx_word' id='word_1_496' title='bbox 2117 2060 2467 2123; x_wconf 84' lang='lat' dir='ltr'><strong>charitatem,</strong></span> <span class='ocrx_word' id='word_1_497' title='bbox 2507 2070 2563 2115; x_wconf 90' lang='lat' dir='ltr'><strong>et</strong></span> <span class='ocrx_word' id='word_1_498' title='bbox 2589 2077 2775 2130; x_wconf 90' lang='lat' dir='ltr'><strong>pacem</strong></span> <span class='ocrx_word' id='word_1_499' title='bbox 2838 2079 2966 2117; x_wconf 88' lang='lat' dir='ltr'><strong>cum</strong></span> <span class='ocrx_word' id='word_1_500' title='bbox 2999 2067 3065 2119; x_wconf 91' lang='lat' dir='ltr'><strong>iis</strong></span> <span class='ocrx_word' id='word_1_501' title='bbox 3097 2067 3192 2136; x_wconf 88' lang='lat' dir='ltr'><strong>qui</strong></span> <span class='ocrx_word' id='word_1_502' title='bbox 3225 2067 3486 2122; x_wconf 71' lang='lat' dir='ltr'><strong>invocant</strong></span> 
     </span>
    </p>
   </div>
   <div class='ocr_carea' id='block_1_65' title="bbox 1907 2151 3487 2222">
    <p class='ocr_par' dir='ltr' id='par_1_65' title="bbox 1907 2151 3487 2222">
     <span class='ocr_line' id='line_1_65' title="bbox 1907 2151 3487 2222; baseline 0.005 -16"><span class='ocrx_word' id='word_1_503' title='bbox 1907 2151 2197 2206; x_wconf 83' lang='lat' dir='ltr'><strong>Dominum</strong></span> <span class='ocrx_word' id='word_1_504' title='bbox 2224 2152 2292 2206; x_wconf 86' lang='lat' dir='ltr'><strong>de</strong></span> <span class='ocrx_word' id='word_1_505' title='bbox 2316 2153 2481 2207; x_wconf 89' lang='lat' dir='ltr'><strong>corde</strong></span> <span class='ocrx_word' id='word_1_506' title='bbox 2514 2169 2670 2221; x_wconf 87' lang='lat' dir='ltr'><strong>puro.</strong></span> <span class='ocrx_word' id='word_1_507' title='bbox 2726 2154 2933 2210; x_wconf 85' lang='lat' dir='ltr'><strong>Stultas</strong></span> <span class='ocrx_word' id='word_1_508' title='bbox 2984 2166 3194 2222; x_wconf 86' lang='lat' dir='ltr'><strong>autem,</strong></span> <span class='ocrx_word' id='word_1_509' title='bbox 3245 2169 3296 2214; x_wconf 92' lang='lat' dir='ltr'><strong>et</strong></span> <span class='ocrx_word' id='word_1_510' title='bbox 3367 2161 3487 2214; x_wconf 90' lang='lat' dir='ltr'><strong>sine</strong></span> 
     </span>
    </p>
   </div>
   <div class='ocr_carea' id='block_1_66' title="bbox 1906 2243 3484 2322">
    <p class='ocr_par' dir='ltr' id='par_1_66' title="bbox 1906 2243 3484 2322">
     <span class='ocr_line' id='line_1_66' title="bbox 1906 2243 3484 2322; baseline 0.007 -26"><span class='ocrx_word' id='word_1_511' title='bbox 1906 2243 2194 2313; x_wconf 80' lang='lat' dir='ltr'><strong>disciplina</strong></span> <span class='ocrx_word' id='word_1_512' title='bbox 2223 2247 2554 2315; x_wconf 67' lang='lat' dir='ltr'><strong>quaestiones</strong></span> <span class='ocrx_word' id='word_1_513' title='bbox 2581 2244 2815 2302; x_wconf 70' lang='lat' dir='ltr'><strong>devita;</strong></span> <span class='ocrx_word' id='word_1_514' title='bbox 2843 2247 3026 2304; x_wconf 87' lang='lat' dir='ltr'><strong>sciens</strong></span> <span class='ocrx_word' id='word_1_515' title='bbox 3055 2252 3182 2318; x_wconf 89' lang='lat' dir='ltr'><strong>quia</strong></span> <span class='ocrx_word' id='word_1_516' title='bbox 3215 2263 3484 2322; x_wconf 80' lang='lat' dir='ltr'><strong>generant</strong></span> 
     </span>
    </p>
   </div>
   <div class='ocr_carea' id='block_1_67' title="bbox 1905 2334 3481 2416">
    <p class='ocr_par' dir='ltr' id='par_1_67' title="bbox 1905 2334 3481 2416">
     <span class='ocr_line' id='line_1_67' title="bbox 1905 2334 3481 2416; baseline 0.006 -29"><span class='ocrx_word' id='word_1_517' title='bbox 1905 2334 2056 2390; x_wconf 83' lang='lat' dir='ltr'><strong>lites.</strong></span> <span class='ocrx_word' id='word_1_518' title='bbox 2093 2335 2329 2391; x_wconf 88' lang='lat' dir='ltr'><strong>Servum</strong></span> <span class='ocrx_word' id='word_1_519' title='bbox 2365 2348 2546 2392; x_wconf 90' lang='lat' dir='ltr'><strong>autem</strong></span> <span class='ocrx_word' id='word_1_520' title='bbox 2576 2337 2791 2393; x_wconf 91' lang='lat' dir='ltr'><strong>Domini</strong></span> <span class='ocrx_word' id='word_1_521' title='bbox 2827 2356 2936 2394; x_wconf 89' lang='lat' dir='ltr'><strong>non</strong></span> <span class='ocrx_word' id='word_1_522' title='bbox 2972 2353 3183 2411; x_wconf 79' lang='lat' dir='ltr'><strong>Oportet</strong></span> <span class='ocrx_word' id='word_1_523' title='bbox 3218 2344 3431 2416; x_wconf 77' lang='lat' dir='ltr'><strong>litigare</strong></span> <span class='ocrx_word' id='word_1_524' title='bbox 3468 2361 3481 2397; x_wconf 90' lang='lat'>:</span> 
     </span>
    </p>
   </div>
   <div class='ocr_carea' id='block_1_68' title="bbox 1905 2427 3484 2501">
    <p class='ocr_par' dir='ltr' id='par_1_68' title="bbox 1905 2427 3484 2501">
     <span class='ocr_line' id='line_1_68' title="bbox 1905 2427 3484 2501; baseline 0.005 -22"><span class='ocrx_word' id='word_1_525' title='bbox 1905 2427 1999 2480; x_wconf 82' lang='lat' dir='ltr'><strong>sed</strong></span> <span class='ocrx_word' id='word_1_526' title='bbox 2037 2438 2381 2490; x_wconf 82' lang='lat' dir='ltr'><strong>inausuetum</strong></span> <span class='ocrx_word' id='word_1_527' title='bbox 2417 2443 2537 2482; x_wconf 90' lang='lat' dir='ltr'><strong>esse</strong></span> <span class='ocrx_word' id='word_1_528' title='bbox 2571 2429 2638 2482; x_wconf 89' lang='lat' dir='ltr'><strong>ad</strong></span> <span class='ocrx_word' id='word_1_529' title='bbox 2669 2444 2882 2495; x_wconf 88' lang='lat' dir='ltr'><strong>omnes,</strong></span> <span class='ocrx_word' id='word_1_530' title='bbox 2909 2430 3230 2497; x_wconf 84' lang='lat' dir='ltr'><strong>docibilem,</strong></span> <span class='ocrx_word' id='word_1_531' title='bbox 3264 2434 3484 2501; x_wconf 71' lang='lat' dir='ltr'><strong>patient-</strong></span> 
     </span>
    </p>
   </div>
   <div class='ocr_carea' id='block_1_69' title="bbox 1907 2519 3478 2592">
    <p class='ocr_par' dir='ltr' id='par_1_69' title="bbox 1907 2519 3478 2592">
     <span class='ocr_line' id='line_1_69' title="bbox 1907 2519 3478 2592; baseline 0.004 -19"><span class='ocrx_word' id='word_1_532' title='bbox 1907 2530 2040 2584; x_wconf 89' lang='lat' dir='ltr'><strong>tctn,</strong></span> <span class='ocrx_word' id='word_1_533' title='bbox 2083 2535 2206 2573; x_wconf 92' lang='lat' dir='ltr'><strong>cum</strong></span> <span class='ocrx_word' id='word_1_534' title='bbox 2240 2519 2505 2574; x_wconf 86' lang='lat' dir='ltr'><strong>modestia</strong></span> <span class='ocrx_word' id='word_1_535' title='bbox 2529 2521 2916 2590; x_wconf 84' lang='lat' dir='ltr'><strong>corripientem</strong></span> <span class='ocrx_word' id='word_1_536' title='bbox 2948 2537 3044 2576; x_wconf 85' lang='lat' dir='ltr'><strong>eos</strong></span> <span class='ocrx_word' id='word_1_537' title='bbox 3097 2525 3192 2592; x_wconf 90' lang='lat' dir='ltr'><strong>qui</strong></span> <span class='ocrx_word' id='word_1_538' title='bbox 3221 2528 3478 2579; x_wconf 74' lang='lat' dir='ltr'><strong>resistitur</strong></span> 
     </span>
    </p>
   </div>
   <div class='ocr_carea' id='block_1_70' title="bbox 1886 2611 3472 2684">
    <p class='ocr_par' dir='ltr' id='par_1_70' title="bbox 1886 2611 3472 2684">
     <span class='ocr_line' id='line_1_70' title="bbox 1886 2611 3472 2684; baseline 0.007 -21"><span class='ocrx_word' id='word_1_539' title='bbox 1886 2611 2120 2667; x_wconf 88' lang='lat' dir='ltr'><strong>.veritati</strong></span> <span class='ocrx_word' id='word_1_540' title='bbox 2153 2625 2168 2668; x_wconf 88' lang='lat'><strong>:</strong></span> <span class='ocrx_word' id='word_1_541' title='bbox 2205 2628 2272 2665; x_wconf 91' lang='lat' dir='ltr'><strong>ne</strong></span> <span class='ocrx_word' id='word_1_542' title='bbox 2302 2612 2524 2681; x_wconf 87' lang='lat' dir='ltr'><strong>quando</strong></span> <span class='ocrx_word' id='word_1_543' title='bbox 2559 2611 2702 2667; x_wconf 87' lang='lat' dir='ltr'><strong>Deus</strong></span> <span class='ocrx_word' id='word_1_544' title='bbox 2731 2613 2822 2667; x_wconf 90' lang='lat' dir='ltr'><strong>det</strong></span> <span class='ocrx_word' id='word_1_545' title='bbox 2849 2615 2957 2670; x_wconf 85' lang='lat' dir='ltr'><strong>illis</strong></span> <span class='ocrx_word' id='word_1_546' title='bbox 2985 2619 3366 2684; x_wconf 76' lang='lat' dir='ltr'><strong>pmnitentiam</strong></span> <span class='ocrx_word' id='word_1_547' title='bbox 3405 2619 3472 2674; x_wconf 83' lang='lat' dir='ltr'><strong>ad</strong></span> 
     </span>
    </p>
   </div>
   <div class='ocr_carea' id='block_1_71' title="bbox 1904 2702 3475 2772">
    <p class='ocr_par' dir='ltr' id='par_1_71' title="bbox 1904 2702 3475 2772">
     <span class='ocr_line' id='line_1_71' title="bbox 1904 2702 3475 2772; baseline 0.004 -16"><span class='ocrx_word' id='word_1_548' title='bbox 1904 2702 2341 2772; x_wconf 80' lang='lat' dir='ltr'><strong>Cognoscendam</strong></span> <span class='ocrx_word' id='word_1_549' title='bbox 2373 2703 2683 2767; x_wconf 85' lang='lat' dir='ltr'><strong>veritatem,</strong></span> <span class='ocrx_word' id='word_1_550' title='bbox 2715 2704 3044 2772; x_wconf 78' lang='lat' dir='ltr'><strong>resipiscam</strong></span> <span class='ocrx_word' id='word_1_551' title='bbox 3087 2723 3117 2760; x_wconf 90' lang='lat' dir='ltr'><strong>a</strong></span> <span class='ocrx_word' id='word_1_552' title='bbox 3146 2707 3350 2762; x_wconf 87' lang='lat' dir='ltr'><strong>diaboli</strong></span> <span class='ocrx_word' id='word_1_553' title='bbox 3394 2711 3475 2762; x_wconf 85' lang='lat' dir='ltr'><strong>la-</strong></span> 
     </span>
    </p>
   </div>
   <div class='ocr_carea' id='block_1_72' title="bbox 1903 2797 3476 2874">
    <p class='ocr_par' dir='ltr' id='par_1_72' title="bbox 1903 2797 3476 2874">
     <span class='ocr_line' id='line_1_72' title="bbox 1903 2797 3476 2874; baseline 0.006 -24"><span class='ocrx_word' id='word_1_554' title='bbox 1903 2797 2086 2866; x_wconf 87' lang='lat' dir='ltr'><strong>queis,</strong></span> <span class='ocrx_word' id='word_1_555' title='bbox 2107 2812 2136 2850; x_wconf 90' lang='lat' dir='ltr'><strong>a</strong></span> <span class='ocrx_word' id='word_1_556' title='bbox 2167 2812 2276 2866; x_wconf 87' lang='lat' dir='ltr'><strong>quo</strong></span> <span class='ocrx_word' id='word_1_557' title='bbox 2311 2797 2508 2866; x_wconf 86' lang='lat' dir='ltr'><strong>captivi</strong></span> <span class='ocrx_word' id='word_1_558' title='bbox 2534 2797 2654 2867; x_wconf 64' lang='lat' dir='ltr'><strong>(nisi</strong></span> <span class='ocrx_word' id='word_1_559' title='bbox 2695 2799 2861 2870; x_wconf 87' lang='lat' dir='ltr'><strong>capti)</strong></span> <span class='ocrx_word' id='word_1_560' title='bbox 2918 2810 3172 2856; x_wconf 87' lang='lat' dir='ltr'><strong>tenentur</strong></span> <span class='ocrx_word' id='word_1_561' title='bbox 3203 2805 3268 2856; x_wconf 84' lang='lat' dir='ltr'><strong>ad</strong></span> <span class='ocrx_word' id='word_1_562' title='bbox 3301 2804 3476 2874; x_wconf 75' lang='lat' dir='ltr'><strong>ipsias</strong></span> 
     </span>
    </p>
   </div>
   <div class='ocr_carea' id='block_1_73' title="bbox 1904 2888 2262 2942">
    <p class='ocr_par' dir='ltr' id='par_1_73' title="bbox 1904 2888 2262 2942">
     <span class='ocr_line' id='line_1_73' title="bbox 1904 2888 2262 2942; baseline 0.006 -4"><span class='ocrx_word' id='word_1_563' title='bbox 1904 2888 2262 2942; x_wconf 82' lang='lat' dir='ltr'><strong>voluntatem.</strong></span> 
     </span>
    </p>
   </div>
   <div class='ocr_carea' id='block_1_74' title="bbox 1975 2976 3466 3052">
    <p class='ocr_par' dir='ltr' id='par_1_74' title="bbox 1975 2976 3466 3052">
     <span class='ocr_line' id='line_1_74' title="bbox 1975 2976 3466 3052; baseline 0.007 -23"><span class='ocrx_word' id='word_1_564' title='bbox 1975 2977 2132 3048; x_wconf 84' lang='lat' dir='ltr'><strong>[Cap.</strong></span> <span class='ocrx_word' id='word_1_565' title='bbox 2163 2977 2277 3051; x_wconf 83' lang='lat' dir='ltr'><strong>lll.|</strong></span> <span class='ocrx_word' id='word_1_566' title='bbox 2315 2976 2424 3033; x_wconf 88' lang='lat' dir='ltr'><strong>lloc</strong></span> <span class='ocrx_word' id='word_1_567' title='bbox 2453 2989 2634 3034; x_wconf 88' lang='lat' dir='ltr'><strong>autem</strong></span> <span class='ocrx_word' id='word_1_568' title='bbox 2665 2988 2802 3036; x_wconf 80' lang='lat' dir='ltr'><strong>scito</strong></span> <span class='ocrx_word' id='word_1_569' title='bbox 2831 3022 2844 3044; x_wconf 95' lang='lat'><strong>,</strong></span> <span class='ocrx_word' id='word_1_570' title='bbox 2882 2985 3027 3052; x_wconf 74' lang='lat' dir='ltr'><strong>quod</strong></span> <span class='ocrx_word' id='word_1_571' title='bbox 3060 2985 3115 3038; x_wconf 87' lang='lat' dir='ltr'><strong>in</strong></span> <span class='ocrx_word' id='word_1_572' title='bbox 3149 2987 3466 3042; x_wconf 81' lang='lat' dir='ltr'><strong>novissimis</strong></span> 
     </span>
    </p>
   </div>
   <div class='ocr_carea' id='block_1_75' title="bbox 1904 3067 3481 3140">
    <p class='ocr_par' dir='ltr' id='par_1_75' title="bbox 1904 3067 3481 3140">
     <span class='ocr_line' id='line_1_75' title="bbox 1904 3067 3481 3140; baseline 0.007 -20"><span class='ocrx_word' id='word_1_573' title='bbox 1904 3067 2098 3122; x_wconf 85' lang='lat' dir='ltr'><strong>diebus</strong></span> <span class='ocrx_word' id='word_1_574' title='bbox 2129 3069 2413 3122; x_wconf 83' lang='lat' dir='ltr'><strong>instabunt</strong></span> <span class='ocrx_word' id='word_1_575' title='bbox 2441 3075 3026 3140; x_wconf 70' lang='lat' dir='ltr'><strong>temporapericulosa</strong></span> <span class='ocrx_word' id='word_1_576' title='bbox 3059 3091 3072 3128; x_wconf 87' lang='lat'><strong>:</strong></span> <span class='ocrx_word' id='word_1_577' title='bbox 3111 3087 3276 3130; x_wconf 91' lang='lat' dir='ltr'><strong>erunt</strong></span> <span class='ocrx_word' id='word_1_578' title='bbox 3305 3080 3481 3131; x_wconf 87' lang='lat' dir='ltr'><strong>homi-</strong></span> 
     </span>
    </p>
   </div>
   <div class='ocr_carea' id='block_1_76' title="bbox 1901 3149 3481 3237">
    <p class='ocr_par' dir='ltr' id='par_1_76' title="bbox 1901 3149 3481 3237">
     <span class='ocr_line' id='line_1_76' title="bbox 1901 3149 3481 3237; baseline 0.008 -25"><span class='ocrx_word' id='word_1_579' title='bbox 1901 3175 2001 3213; x_wconf 87' lang='lat' dir='ltr'><strong>nes</strong></span> <span class='ocrx_word' id='word_1_580' title='bbox 2044 3161 2254 3228; x_wconf 89' lang='lat' dir='ltr'><strong>seipsos</strong></span> <span class='ocrx_word' id='word_1_581' title='bbox 2305 3149 2804 3231; x_wconf 80' lang='lat' dir='ltr'><strong>amantes,cupidi,</strong></span> <span class='ocrx_word' id='word_1_582' title='bbox 2857 3165 3006 3228; x_wconf 86' lang='lat' dir='ltr'><strong>elati.</strong></span> <span class='ocrx_word' id='word_1_583' title='bbox 3041 3171 3287 3237; x_wconf 82' lang='lat' dir='ltr'><strong>superbi.</strong></span> <span class='ocrx_word' id='word_1_584' title='bbox 3337 3172 3481 3225; x_wconf 79' lang='lat' dir='ltr'><strong>blas-</strong></span> 
     </span>
    </p>
   </div>
   <div class='ocr_carea' id='block_1_77' title="bbox 1900 3251 3479 3328">
    <p class='ocr_par' dir='ltr' id='par_1_77' title="bbox 1900 3251 3479 3328">
     <span class='ocr_line' id='line_1_77' title="bbox 1900 3251 3479 3328; baseline 0.006 -24"><span class='ocrx_word' id='word_1_585' title='bbox 1900 3251 2106 3321; x_wconf 91' lang='lat' dir='ltr'><strong>phemi,</strong></span> <span class='ocrx_word' id='word_1_586' title='bbox 2163 3253 2481 3321; x_wconf 90' lang='lat' dir='ltr'><strong>parentibus</strong></span> <span class='ocrx_word' id='word_1_587' title='bbox 2503 3271 2613 3308; x_wconf 88' lang='lat' dir='ltr'><strong>non</strong></span> <span class='ocrx_word' id='word_1_588' title='bbox 2634 3257 2978 3321; x_wconf 86' lang='lat' dir='ltr'><strong>obedientes,</strong></span> <span class='ocrx_word' id='word_1_589' title='bbox 3005 3259 3222 3328; x_wconf 82' lang='lat' dir='ltr'><strong>ingrati,</strong></span> <span class='ocrx_word' id='word_1_590' title='bbox 3239 3263 3479 3325; x_wconf 79' lang='lat' dir='ltr'><strong>scelesti,</strong></span> 
     </span>
    </p>
   </div>
   <div class='ocr_carea' id='block_1_78' title="bbox 1902 3342 3478 3415">
    <p class='ocr_par' dir='ltr' id='par_1_78' title="bbox 1902 3342 3478 3415">
     <span class='ocr_line' id='line_1_78' title="bbox 1902 3342 3478 3415; baseline 0.008 -19"><span class='ocrx_word' id='word_1_591' title='bbox 1902 3346 2021 3396; x_wconf 87' lang='lat' dir='ltr'><strong>sine</strong></span> <span class='ocrx_word' id='word_1_592' title='bbox 2071 3342 2381 3406; x_wconf 84' lang='lat' dir='ltr'><strong>alIectione,</strong></span> <span class='ocrx_word' id='word_1_593' title='bbox 2424 3345 2542 3398; x_wconf 78' lang='lat' dir='ltr'><strong>sine</strong></span> <span class='ocrx_word' id='word_1_594' title='bbox 2573 3362 2730 3415; x_wconf 83' lang='lat' dir='ltr'><strong>pace,</strong></span> <span class='ocrx_word' id='word_1_595' title='bbox 2782 3349 3188 3413; x_wconf 84' lang='lat' dir='ltr'><strong>criminatores,</strong></span> <span class='ocrx_word' id='word_1_596' title='bbox 3241 3355 3478 3407; x_wconf 70' lang='lat' dir='ltr'><strong>inconti.</strong></span> 
     </span>
    </p>
   </div>
   <div class='ocr_carea' id='block_1_79' title="bbox 1902 3435 3478 3516">
    <p class='ocr_par' dir='ltr' id='par_1_79' title="bbox 1902 3435 3478 3516">
     <span class='ocr_line' id='line_1_79' title="bbox 1902 3435 3478 3516; baseline 0.009 -29"><span class='ocrx_word' id='word_1_597' title='bbox 1902 3443 2117 3497; x_wconf 88' lang='lat' dir='ltr'><strong>nentes,</strong></span> <span class='ocrx_word' id='word_1_598' title='bbox 2149 3435 2414 3500; x_wconf 86' lang='lat' dir='ltr'><strong>immites,</strong></span> <span class='ocrx_word' id='word_1_599' title='bbox 2445 3437 2562 3496; x_wconf 89' lang='lat' dir='ltr'><strong>sine</strong></span> <span class='ocrx_word' id='word_1_600' title='bbox 2593 3438 2952 3507; x_wconf 85' lang='lat' dir='ltr'><strong>benignitate,</strong></span> <span class='ocrx_word' id='word_1_601' title='bbox 2990 3443 3319 3511; x_wconf 87' lang='lat' dir='ltr'><strong>proditores,</strong></span> <span class='ocrx_word' id='word_1_602' title='bbox 3347 3463 3478 3516; x_wconf 82' lang='lat' dir='ltr'><strong>pro-</strong></span> 
     </span>
    </p>
   </div>
   <div class='ocr_carea' id='block_1_80' title="bbox 1904 3526 3470 3605">
    <p class='ocr_par' dir='ltr' id='par_1_80' title="bbox 1904 3526 3470 3605">
     <span class='ocr_line' id='line_1_80' title="bbox 1904 3526 3470 3605; baseline 0.01 -27"><span class='ocrx_word' id='word_1_603' title='bbox 1904 3526 2064 3589; x_wconf 84' lang='lat' dir='ltr'><strong>tervi,</strong></span> <span class='ocrx_word' id='word_1_604' title='bbox 2100 3526 2318 3588; x_wconf 84' lang='lat' dir='ltr'><strong>tumidi,</strong></span> <span class='ocrx_word' id='word_1_605' title='bbox 2350 3536 2406 3579; x_wconf 90' lang='lat' dir='ltr'><strong>ct</strong></span> <span class='ocrx_word' id='word_1_606' title='bbox 2433 3528 2774 3595; x_wconf 77' lang='lat' dir='ltr'><strong>voluptatum</strong></span> <span class='ocrx_word' id='word_1_607' title='bbox 2801 3539 3076 3586; x_wconf 77' lang='lat' dir='ltr'><strong>amatores</strong></span> <span class='ocrx_word' id='word_1_608' title='bbox 3108 3535 3276 3604; x_wconf 81' lang='lat' dir='ltr'><strong>magis</strong></span> <span class='ocrx_word' id='word_1_609' title='bbox 3308 3553 3470 3605; x_wconf 85' lang='lat' dir='ltr'><strong>quam</strong></span> 
     </span>
    </p>
   </div>
   <div class='ocr_carea' id='block_1_81' title="bbox 1903 3615 3471 3692">
    <p class='ocr_par' dir='ltr' id='par_1_81' title="bbox 1903 3615 3471 3692">
     <span class='ocr_line' id='line_1_81' title="bbox 1903 3615 3471 3692; baseline 0.009 -22"><span class='ocrx_word' id='word_1_610' title='bbox 1903 3615 2000 3671; x_wconf 86' lang='lat' dir='ltr'><strong>Dei</strong></span> <span class='ocrx_word' id='word_1_611' title='bbox 2033 3636 2047 3672; x_wconf 90' lang='lat'><strong>:</strong></span> <span class='ocrx_word' id='word_1_612' title='bbox 2086 3618 2353 3673; x_wconf 91' lang='lat' dir='ltr'><strong>habentes</strong></span> <span class='ocrx_word' id='word_1_613' title='bbox 2385 3619 2623 3688; x_wconf 89' lang='lat' dir='ltr'><strong>speciem</strong></span> <span class='ocrx_word' id='word_1_614' title='bbox 2657 3621 2880 3688; x_wconf 88' lang='lat' dir='ltr'><strong>quidem</strong></span> <span class='ocrx_word' id='word_1_615' title='bbox 2937 3625 3178 3692; x_wconf 89' lang='lat' dir='ltr'><strong>pictatis,</strong></span> <span class='ocrx_word' id='word_1_616' title='bbox 3211 3628 3471 3684; x_wconf 89' lang='lat' dir='ltr'><strong>virtutem</strong></span> 
     </span>
    </p>
   </div>
   <div class='ocr_carea' id='block_1_82' title="bbox 1877 3711 3473 3780">
    <p class='ocr_par' dir='ltr' id='par_1_82' title="bbox 1877 3711 3473 3780">
     <span class='ocr_line' id='line_1_82' title="bbox 1877 3711 3473 3780; baseline 0.008 -17"><span class='ocrx_word' id='word_1_617' title='bbox 1877 3717 2085 3764; x_wconf 79' lang='lat' dir='ltr'><strong>autem</strong></span> <span class='ocrx_word' id='word_1_618' title='bbox 2115 3711 2236 3780; x_wconf 86' lang='lat' dir='ltr'><strong>ejus</strong></span> <span class='ocrx_word' id='word_1_619' title='bbox 2263 3711 2616 3779; x_wconf 82' lang='lat' dir='ltr'><strong>abnegantes.</strong></span> <span class='ocrx_word' id='word_1_620' title='bbox 2642 3713 2710 3766; x_wconf 83' lang='lat' dir='ltr'><strong>Et</strong></span> <span class='ocrx_word' id='word_1_621' title='bbox 2742 3714 2843 3767; x_wconf 85' lang='lat' dir='ltr'><strong>hos</strong></span> <span class='ocrx_word' id='word_1_622' title='bbox 2867 3715 3048 3771; x_wconf 87' lang='lat' dir='ltr'><strong>devita</strong></span> <span class='ocrx_word' id='word_1_623' title='bbox 3078 3736 3092 3770; x_wconf 90' lang='lat'><strong>:</strong></span> <span class='ocrx_word' id='word_1_624' title='bbox 3117 3736 3183 3774; x_wconf 86' lang='lat' dir='ltr'><strong>ex</strong></span> <span class='ocrx_word' id='word_1_625' title='bbox 3213 3721 3296 3774; x_wconf 88' lang='lat' dir='ltr'><strong>his</strong></span> <span class='ocrx_word' id='word_1_626' title='bbox 3327 3725 3473 3776; x_wconf 80' lang='lat' dir='ltr'><strong>enim</strong></span> 
     </span>
    </p>
   </div>
   <div class='ocr_carea' id='block_1_83' title="bbox 1901 3803 3475 3878">
    <p class='ocr_par' dir='ltr' id='par_1_83' title="bbox 1901 3803 3475 3878">
     <span class='ocr_line' id='line_1_83' title="bbox 1901 3803 3475 3878; baseline 0.005 -20"><span class='ocrx_word' id='word_1_627' title='bbox 1901 3812 2031 3858; x_wconf 87' lang='lat' dir='ltr'><strong>sunt</strong></span> <span class='ocrx_word' id='word_1_628' title='bbox 2089 3803 2184 3868; x_wconf 89' lang='lat' dir='ltr'><strong>qui</strong></span> <span class='ocrx_word' id='word_1_629' title='bbox 2214 3813 2508 3870; x_wconf 85' lang='lat' dir='ltr'><strong>penetrant</strong></span> <span class='ocrx_word' id='word_1_630' title='bbox 2538 3803 2753 3869; x_wconf 89' lang='lat' dir='ltr'><strong>domos,</strong></span> <span class='ocrx_word' id='word_1_631' title='bbox 2777 3819 2830 3861; x_wconf 92' lang='lat' dir='ltr'><strong>ct</strong></span> <span class='ocrx_word' id='word_1_632' title='bbox 2854 3813 3096 3878; x_wconf 90' lang='lat' dir='ltr'><strong>captivas</strong></span> <span class='ocrx_word' id='word_1_633' title='bbox 3116 3811 3326 3867; x_wconf 88' lang='lat' dir='ltr'><strong>ducunt</strong></span> <span class='ocrx_word' id='word_1_634' title='bbox 3351 3831 3475 3867; x_wconf 80' lang='lat' dir='ltr'><strong>niu-</strong></span> 
     </span>
    </p>
   </div>
   <div class='ocr_carea' id='block_1_84' title="bbox 1899 3896 3476 3968">
    <p class='ocr_par' dir='ltr' id='par_1_84' title="bbox 1899 3896 3476 3968">
     <span class='ocr_line' id='line_1_84' title="bbox 1899 3896 3476 3968; baseline 0.008 -20"><span class='ocrx_word' id='word_1_635' title='bbox 1899 3896 2160 3949; x_wconf 80' lang='lat' dir='ltr'><strong>lierculas</strong></span> <span class='ocrx_word' id='word_1_636' title='bbox 2211 3905 2466 3950; x_wconf 88' lang='lat' dir='ltr'><strong>oneratas</strong></span> <span class='ocrx_word' id='word_1_637' title='bbox 2518 3897 2784 3964; x_wconf 86' lang='lat' dir='ltr'><strong>peccatis,</strong></span> <span class='ocrx_word' id='word_1_638' title='bbox 2823 3915 2945 3968; x_wconf 75' lang='lat' dir='ltr'><strong>qua:</strong></span> <span class='ocrx_word' id='word_1_639' title='bbox 3001 3904 3278 3958; x_wconf 83' lang='lat' dir='ltr'><strong>ducuntur</strong></span> <span class='ocrx_word' id='word_1_640' title='bbox 3310 3908 3476 3961; x_wconf 73' lang='lat' dir='ltr'><strong>variis</strong></span> 
     </span>
    </p>
   </div>
   <div class='ocr_carea' id='block_1_85' title="bbox 1900 3986 3474 4063">
    <p class='ocr_par' dir='ltr' id='par_1_85' title="bbox 1900 3986 3474 4063">
     <span class='ocr_line' id='line_1_85' title="bbox 1900 3986 3474 4063; baseline 0.007 -24"><span class='ocrx_word' id='word_1_641' title='bbox 1900 3987 2190 4040; x_wconf 83' lang='lat' dir='ltr'><strong>desideriis</strong></span> <span class='ocrx_word' id='word_1_642' title='bbox 2247 4002 2265 4044; x_wconf 85' lang='lat'><strong>:</strong></span> <span class='ocrx_word' id='word_1_643' title='bbox 2326 4001 2542 4055; x_wconf 89' lang='lat' dir='ltr'><strong>semper</strong></span> <span class='ocrx_word' id='word_1_644' title='bbox 2593 3986 2906 4056; x_wconf 88' lang='lat' dir='ltr'><strong>discentes,</strong></span> <span class='ocrx_word' id='word_1_645' title='bbox 2967 4002 3021 4046; x_wconf 91' lang='lat' dir='ltr'><strong>et</strong></span> <span class='ocrx_word' id='word_1_646' title='bbox 3070 4009 3350 4063; x_wconf 83' lang='lat' dir='ltr'><strong>nunquam</strong></span> <span class='ocrx_word' id='word_1_647' title='bbox 3409 4002 3474 4052; x_wconf 83' lang='lat' dir='ltr'><strong>ad</strong></span> 
     </span>
    </p>
   </div>
   <div class='ocr_carea' id='block_1_86' title="bbox 1900 4078 3469 4150">
    <p class='ocr_par' dir='ltr' id='par_1_86' title="bbox 1900 4078 3469 4150">
     <span class='ocr_line' id='line_1_86' title="bbox 1900 4078 3469 4150; baseline 0.005 -16"><span class='ocrx_word' id='word_1_648' title='bbox 1900 4080 2188 4135; x_wconf 79' lang='lat' dir='ltr'><strong>Scientiam</strong></span> <span class='ocrx_word' id='word_1_649' title='bbox 2245 4078 2490 4133; x_wconf 88' lang='lat' dir='ltr'><strong>veritatis</strong></span> <span class='ocrx_word' id='word_1_650' title='bbox 2537 4081 2942 4147; x_wconf 74' lang='lat' dir='ltr'><strong>pervenientes.</strong></span> <span class='ocrx_word' id='word_1_651' title='bbox 2998 4083 3469 4150; x_wconf 84' lang='lat' dir='ltr'><strong>Quemadmodum</strong></span> 
     </span>
    </p>
   </div>
   <div class='ocr_carea' id='block_1_87' title="bbox 1900 4170 3472 4250">
    <p class='ocr_par' dir='ltr' id='par_1_87' title="bbox 1900 4170 3472 4250">
     <span class='ocr_line' id='line_1_87' title="bbox 1900 4170 3472 4250; baseline 0.006 -22"><span class='ocrx_word' id='word_1_652' title='bbox 1900 4183 2084 4228; x_wconf 84' lang='lat' dir='ltr'><strong>autem</strong></span> <span class='ocrx_word' id='word_1_653' title='bbox 2125 4170 2327 4226; x_wconf 86' lang='lat' dir='ltr'><strong>Jannes</strong></span> <span class='ocrx_word' id='word_1_654' title='bbox 2372 4181 2428 4226; x_wconf 90' lang='lat' dir='ltr'><strong>et</strong></span> <span class='ocrx_word' id='word_1_655' title='bbox 2471 4171 2739 4227; x_wconf 74' lang='lat' dir='ltr'><strong>llambres</strong></span> <span class='ocrx_word' id='word_1_656' title='bbox 2780 4175 3103 4230; x_wconf 88' lang='lat' dir='ltr'><strong>restiterunt</strong></span> <span class='ocrx_word' id='word_1_657' title='bbox 3135 4178 3302 4250; x_wconf 79' lang='lat' dir='ltr'><strong>Moysi</strong></span> <span class='ocrx_word' id='word_1_658' title='bbox 3339 4201 3352 4238; x_wconf 90' lang='lat'><strong>:</strong></span> <span class='ocrx_word' id='word_1_659' title='bbox 3400 4185 3472 4238; x_wconf 83' lang='lat' dir='ltr'><strong>ita</strong></span> 
     </span>
    </p>
   </div>
   <div class='ocr_carea' id='block_1_88' title="bbox 1901 4261 3470 4334">
    <p class='ocr_par' dir='ltr' id='par_1_88' title="bbox 1901 4261 3470 4334">
     <span class='ocr_line' id='line_1_88' title="bbox 1901 4261 3470 4334; baseline 0.004 -14"><span class='ocrx_word' id='word_1_660' title='bbox 1901 4276 1955 4320; x_wconf 91' lang='lat' dir='ltr'><strong>et</strong></span> <span class='ocrx_word' id='word_1_661' title='bbox 1995 4265 2049 4318; x_wconf 90' lang='lat' dir='ltr'><strong>hi</strong></span> <span class='ocrx_word' id='word_1_662' title='bbox 2086 4264 2348 4318; x_wconf 90' lang='lat' dir='ltr'><strong>resistunt</strong></span> <span class='ocrx_word' id='word_1_663' title='bbox 2378 4261 2617 4328; x_wconf 85' lang='lat' dir='ltr'><strong>veritati,</strong></span> <span class='ocrx_word' id='word_1_664' title='bbox 2669 4262 2922 4318; x_wconf 89' lang='lat' dir='ltr'><strong>homines</strong></span> <span class='ocrx_word' id='word_1_665' title='bbox 2971 4269 3211 4334; x_wconf 83' lang='lat' dir='ltr'><strong>cerrnpti</strong></span> <span class='ocrx_word' id='word_1_666' title='bbox 3265 4282 3470 4334; x_wconf 88' lang='lat' dir='ltr'><strong>mente,</strong></span> 
     </span>
    </p>
   </div>
   <div class='ocr_carea' id='block_1_89' title="bbox 1903 4353 3468 4428">
    <p class='ocr_par' dir='ltr' id='par_1_89' title="bbox 1903 4353 3468 4428">
     <span class='ocr_line' id='line_1_89' title="bbox 1903 4353 3468 4428; baseline 0.007 -20"><span class='ocrx_word' id='word_1_667' title='bbox 1903 4355 2124 4424; x_wconf 88' lang='lat' dir='ltr'><strong>reprobi</strong></span> <span class='ocrx_word' id='word_1_668' title='bbox 2161 4355 2307 4410; x_wconf 86' lang='lat' dir='ltr'><strong>circa</strong></span> <span class='ocrx_word' id='word_1_669' title='bbox 2356 4353 2560 4420; x_wconf 83' lang='lat' dir='ltr'><strong>ﬁdem;</strong></span> <span class='ocrx_word' id='word_1_670' title='bbox 2620 4355 2712 4407; x_wconf 86' lang='lat' dir='ltr'><strong>sed</strong></span> <span class='ocrx_word' id='word_1_671' title='bbox 2775 4356 2914 4408; x_wconf 73' lang='lat' dir='ltr'><strong>ultra</strong></span> <span class='ocrx_word' id='word_1_672' title='bbox 2971 4373 3078 4411; x_wconf 91' lang='lat' dir='ltr'><strong>non</strong></span> <span class='ocrx_word' id='word_1_673' title='bbox 3132 4360 3468 4428; x_wconf 84' lang='lat' dir='ltr'><strong>proﬁcient:</strong></span> 
     </span>
    </p>
   </div>
   <div class='ocr_carea' id='block_1_90' title="bbox 152 4439 3470 4524">
    <p class='ocr_par' dir='ltr' id='par_1_90' title="bbox 152 4439 3470 4524">
     <span class='ocr_line' id='line_1_90' title="bbox 152 4439 3470 4524; baseline -0.001 -13"><span class='ocrx_word' id='word_1_674' title='bbox 152 4462 328 4511; x_wconf 74' lang='lat' dir='ltr'><strong>dunt</strong></span> <span class='ocrx_word' id='word_1_675' title='bbox 381 4451 734 4518; x_wconf 70' lang='lat' dir='ltr'><strong>Evangelia!“</strong></span> <span class='ocrx_word' id='word_1_676' title='bbox 763 4462 968 4507; x_wconf 71' lang='lat' dir='ltr'><strong>meum.</strong></span> <span class='ocrx_word' id='word_1_677' title='bbox 1013 4444 1067 4497; x_wconf 71' lang='lat' dir='ltr'><strong>ill</strong></span> <span class='ocrx_word' id='word_1_678' title='bbox 1109 4459 1220 4512; x_wconf 77' lang='grc' dir='ltr'><strong>(ιιιο</strong></span> <span class='ocrx_word' id='word_1_679' title='bbox 1278 4442 1465 4494; x_wconf 73' lang='grc' dir='ltr'><strong>ιεὼοῐο</strong></span> <span class='ocrx_word' id='word_1_680' title='bbox 1499 4453 1670 4510; x_wconf 79' lang='lat' dir='ltr'><strong>usque</strong></span> <span class='ocrx_word' id='word_1_681' title='bbox 1725 4439 1790 4491; x_wconf 65' lang='lat' dir='ltr'><strong>iul</strong></span> <span class='ocrx_word' id='word_1_682' title='bbox 1823 4453 1875 4513; x_wconf 73' lang='grc' dir='ltr'><strong>ι)</strong></span> <span class='ocrx_word' id='word_1_683' title='bbox 1903 4445 2213 4514; x_wconf 86' lang='lat' dir='ltr'><strong>insipientia</strong></span> <span class='ocrx_word' id='word_1_684' title='bbox 2262 4447 2408 4500; x_wconf 90' lang='lat' dir='ltr'><strong>enim</strong></span> <span class='ocrx_word' id='word_1_685' title='bbox 2468 4462 2658 4500; x_wconf 89' lang='lat' dir='ltr'><strong>eorum</strong></span> <span class='ocrx_word' id='word_1_686' title='bbox 2713 4447 2997 4504; x_wconf 79' lang='lat' dir='ltr'><strong>manifesta</strong></span> <span class='ocrx_word' id='word_1_687' title='bbox 3044 4454 3150 4507; x_wconf 90' lang='lat' dir='ltr'><strong>erit</strong></span> <span class='ocrx_word' id='word_1_688' title='bbox 3196 4459 3470 4524; x_wconf 78' lang='lat' dir='ltr'><strong>omnibus,</strong></span> 
     </span>
    </p>
   </div>
   <div class='ocr_carea' id='block_1_91' title="bbox 148 4529 1790 4608">
    <p class='ocr_par' dir='ltr' id='par_1_91' title="bbox 148 4529 1790 4608">
     <span class='ocr_line' id='line_1_91' title="bbox 148 4529 1790 4608; baseline -0.013 -7"><span class='ocrx_word' id='word_1_689' title='bbox 148 4545 458 4604; x_wconf 72' lang='lat' dir='ltr'><strong>vincula,</strong></span> <span class='ocrx_word' id='word_1_690' title='bbox 493 4539 647 4608; x_wconf 90' lang='lat' dir='ltr'><strong>quasi</strong></span> <span class='ocrx_word' id='word_1_691' title='bbox 677 4538 822 4590; x_wconf 85' lang='lat' dir='ltr'><strong>male</strong></span> <span class='ocrx_word' id='word_1_692' title='bbox 851 4551 1124 4604; x_wconf 89' lang='lat' dir='ltr'><strong>operans;</strong></span> <span class='ocrx_word' id='word_1_693' title='bbox 1164 4533 1257 4587; x_wconf 86' lang='lat' dir='ltr'><strong>sed</strong></span> <span class='ocrx_word' id='word_1_694' title='bbox 1301 4533 1531 4585; x_wconf 87' lang='lat' dir='ltr'><strong>verbum</strong></span> <span class='ocrx_word' id='word_1_695' title='bbox 1564 4529 1657 4582; x_wconf 85' lang='lat' dir='ltr'><strong>Dei</strong></span> <span class='ocrx_word' id='word_1_696' title='bbox 1685 4543 1790 4581; x_wconf 92' lang='lat' dir='ltr'><strong>non</strong></span> 
     </span>
    </p>
   </div>
   <div class='ocr_carea' id='block_1_92' title="bbox 143 4622 1790 4704">
    <p class='ocr_par' dir='ltr' id='par_1_92' title="bbox 143 4622 1790 4704">
     <span class='ocr_line' id='line_1_92' title="bbox 143 4622 1790 4704; baseline -0.014 -8"><span class='ocrx_word' id='word_1_697' title='bbox 143 4654 250 4695; x_wconf 81' lang='lat' dir='ltr'><strong>est</strong></span> <span class='ocrx_word' id='word_1_698' title='bbox 293 4636 632 4704; x_wconf 79' lang='lat' dir='ltr'><strong>alligatum.</strong></span> <span class='ocrx_word' id='word_1_699' title='bbox 663 4629 794 4683; x_wconf 82' lang='lat' dir='ltr'><strong>ideo</strong></span> <span class='ocrx_word' id='word_1_700' title='bbox 821 4627 1003 4680; x_wconf 88' lang='lat' dir='ltr'><strong>omnia</strong></span> <span class='ocrx_word' id='word_1_701' title='bbox 1038 4625 1284 4686; x_wconf 84' lang='lat' dir='ltr'><strong>sustineo</strong></span> <span class='ocrx_word' id='word_1_702' title='bbox 1306 4633 1530 4695; x_wconf 89' lang='lat' dir='ltr'><strong>pr0pter</strong></span> <span class='ocrx_word' id='word_1_703' title='bbox 1562 4622 1790 4682; x_wconf 84' lang='lat' dir='ltr'><strong>electos,</strong></span> 
     </span>
    </p>
   </div>
   <div class='ocr_carea' id='block_1_93' title="bbox 142 4713 1790 4794">
    <p class='ocr_par' dir='ltr' id='par_1_93' title="bbox 142 4713 1790 4794">
     <span class='ocr_line' id='line_1_93' title="bbox 142 4713 1790 4794; baseline -0.015 -5"><span class='ocrx_word' id='word_1_704' title='bbox 142 4746 221 4790; x_wconf 87' lang='lat' dir='ltr'><strong>ut</strong></span> <span class='ocrx_word' id='word_1_705' title='bbox 306 4739 392 4784; x_wconf 78' lang='lat' dir='ltr'><strong>cl</strong></span> <span class='ocrx_word' id='word_1_706' title='bbox 450 4725 554 4794; x_wconf 87' lang='lat' dir='ltr'><strong>ipsi</strong></span> <span class='ocrx_word' id='word_1_707' title='bbox 610 4722 844 4778; x_wconf 84' lang='lat' dir='ltr'><strong>salutem</strong></span> <span class='ocrx_word' id='word_1_708' title='bbox 915 4725 1348 4786; x_wconf 87' lang='lat' dir='ltr'><strong>consequantur,</strong></span> <span class='ocrx_word' id='word_1_709' title='bbox 1412 4729 1534 4783; x_wconf 78' lang='lat' dir='ltr'><strong>quae</strong></span> <span class='ocrx_word' id='word_1_710' title='bbox 1580 4723 1667 4767; x_wconf 90' lang='lat' dir='ltr'><strong>est</strong></span> <span class='ocrx_word' id='word_1_711' title='bbox 1736 4713 1790 4765; x_wconf 84' lang='lat' dir='ltr'><strong>in</strong></span> 
     </span>
    </p>
   </div>
   <div class='ocr_carea' id='block_1_94' title="bbox 136 4809 1786 4883">
    <p class='ocr_par' dir='ltr' id='par_1_94' title="bbox 136 4809 1786 4883">
     <span class='ocr_line' id='line_1_94' title="bbox 136 4809 1786 4883; baseline -0.016 0"><span class='ocrx_word' id='word_1_712' title='bbox 136 4825 435 4883; x_wconf 77' lang='lat' dir='ltr'><strong>Christo</strong></span> <span class='ocrx_word' id='word_1_713' title='bbox 460 4819 612 4882; x_wconf 63' lang='lat' dir='ltr'><strong>Iesu,</strong></span> <span class='ocrx_word' id='word_1_714' title='bbox 641 4831 768 4871; x_wconf 88' lang='lat' dir='ltr'><strong>cum</strong></span> <span class='ocrx_word' id='word_1_715' title='bbox 801 4812 972 4882; x_wconf 80' lang='lat' dir='ltr'><strong>gloria</strong></span> <span class='ocrx_word' id='word_1_716' title='bbox 1004 4810 1238 4865; x_wconf 66' lang='lat' dir='ltr'><strong>caelesti.</strong></span> <span class='ocrx_word' id='word_1_717' title='bbox 1294 4809 1500 4864; x_wconf 84' lang='lat' dir='ltr'><strong>Fidelis</strong></span> <span class='ocrx_word' id='word_1_718' title='bbox 1563 4822 1786 4861; x_wconf 88' lang='lat' dir='ltr'><strong>sermo:</strong></span> 
     </span>
    </p>
   </div>
   <div class='ocr_carea' id='block_1_95' title="bbox 132 4901 1794 4979">
    <p class='ocr_par' dir='ltr' id='par_1_95' title="bbox 132 4901 1794 4979">
     <span class='ocr_line' id='line_1_95' title="bbox 132 4901 1794 4979; baseline -0.016 -1"><span class='ocrx_word' id='word_1_719' title='bbox 132 4923 314 4979; x_wconf 68' lang='lat' dir='ltr'><strong>Nam</strong></span> <span class='ocrx_word' id='word_1_720' title='bbox 367 4915 430 4967; x_wconf 81' lang='lat' dir='ltr'><strong>si</strong></span> <span class='ocrx_word' id='word_1_721' title='bbox 460 4907 785 4964; x_wconf 80' lang='lat' dir='ltr'><strong>commortui</strong></span> <span class='ocrx_word' id='word_1_722' title='bbox 817 4902 1029 4965; x_wconf 89' lang='lat' dir='ltr'><strong>sumus,</strong></span> <span class='ocrx_word' id='word_1_723' title='bbox 1055 4912 1109 4956; x_wconf 92' lang='lat' dir='ltr'><strong>et</strong></span> <span class='ocrx_word' id='word_1_724' title='bbox 1140 4901 1487 4956; x_wconf 87' lang='lat' dir='ltr'><strong>convivemus</strong></span> <span class='ocrx_word' id='word_1_725' title='bbox 1519 4917 1533 4953; x_wconf 90' lang='lat'><strong>:</strong></span> <span class='ocrx_word' id='word_1_726' title='bbox 1570 4902 1617 4954; x_wconf 88' lang='lat' dir='ltr'><strong>si</strong></span> <span class='ocrx_word' id='word_1_727' title='bbox 1667 4914 1794 4952; x_wconf 84' lang='lat' dir='ltr'><strong>sus-</strong></span> 
     </span>
    </p>
   </div>
   <div class='ocr_carea' id='block_1_96' title="bbox 135 4993 1789 5068">
    <p class='ocr_par' dir='ltr' id='par_1_96' title="bbox 135 4993 1789 5068">
     <span class='ocr_line' id='line_1_96' title="bbox 135 4993 1789 5068; baseline -0.015 0"><span class='ocrx_word' id='word_1_728' title='bbox 135 5009 517 5068; x_wconf 76' lang='lat' dir='ltr'><strong>tinebinms</strong></span> <span class='ocrx_word' id='word_1_729' title='bbox 556 5005 600 5064; x_wconf 85' lang='grc'><strong>¹,</strong></span> <span class='ocrx_word' id='word_1_730' title='bbox 634 5010 690 5054; x_wconf 88' lang='lat' dir='ltr'><strong>et</strong></span> <span class='ocrx_word' id='word_1_731' title='bbox 751 4996 1250 5067; x_wconf 86' lang='lat' dir='ltr'><strong>conregnabimus;</strong></span> <span class='ocrx_word' id='word_1_732' title='bbox 1289 4995 1332 5049; x_wconf 93' lang='lat' dir='ltr'><strong>si</strong></span> <span class='ocrx_word' id='word_1_733' title='bbox 1383 4993 1789 5064; x_wconf 68' lang='lat' dir='ltr'><strong>negaverimus,</strong></span> 
     </span>
    </p>
   </div>
   <div class='ocr_carea' id='block_1_97' title="bbox 129 5081 1794 5161">
    <p class='ocr_par' dir='ltr' id='par_1_97' title="bbox 129 5081 1794 5161">
     <span class='ocr_line' id='line_1_97' title="bbox 129 5081 1794 5161; baseline -0.01 -10"><span class='ocrx_word' id='word_1_734' title='bbox 129 5115 198 5158; x_wconf 74' lang='grc' dir='ltr'><strong>ει</strong></span> <span class='ocrx_word' id='word_1_735' title='bbox 243 5101 376 5156; x_wconf 77' lang='lat' dir='ltr'><strong>ille</strong></span> <span class='ocrx_word' id='word_1_736' title='bbox 419 5090 638 5161; x_wconf 77' lang='lat' dir='ltr'><strong>negabit</strong></span> <span class='ocrx_word' id='word_1_737' title='bbox 663 5103 764 5143; x_wconf 84' lang='lat' dir='ltr'><strong>nos</strong></span> <span class='ocrx_word' id='word_1_738' title='bbox 795 5103 810 5145; x_wconf 82' lang='lat'><strong>:</strong></span> <span class='ocrx_word' id='word_1_739' title='bbox 845 5087 894 5140; x_wconf 86' lang='lat' dir='ltr'><strong>si</strong></span> <span class='ocrx_word' id='word_1_740' title='bbox 946 5102 1058 5140; x_wconf 89' lang='lat' dir='ltr'><strong>non</strong></span> <span class='ocrx_word' id='word_1_741' title='bbox 1111 5085 1415 5148; x_wconf 91' lang='lat' dir='ltr'><strong>credimus,</strong></span> <span class='ocrx_word' id='word_1_742' title='bbox 1467 5085 1557 5137; x_wconf 89' lang='lat' dir='ltr'><strong>ille</strong></span> <span class='ocrx_word' id='word_1_743' title='bbox 1619 5081 1794 5136; x_wconf 89' lang='lat' dir='ltr'><strong>ﬁdelis</strong></span> 
     </span>
    </p>
   </div>
   <div class='ocr_carea' id='block_1_98' title="bbox 132 5176 1792 5265">
    <p class='ocr_par' dir='ltr' id='par_1_98' title="bbox 132 5176 1792 5265">
     <span class='ocr_line' id='line_1_98' title="bbox 132 5176 1792 5265; baseline -0.013 -19"><span class='ocrx_word' id='word_1_744' title='bbox 132 5193 526 5265; x_wconf 51' lang='lat' dir='ltr'><strong>mnuanet,</strong></span> <span class='ocrx_word' id='word_1_745' title='bbox 551 5195 752 5252; x_wconf 87' lang='lat' dir='ltr'><strong>negare</strong></span> <span class='ocrx_word' id='word_1_746' title='bbox 789 5181 1032 5248; x_wconf 88' lang='lat' dir='ltr'><strong>seipsum</strong></span> <span class='ocrx_word' id='word_1_747' title='bbox 1089 5193 1196 5231; x_wconf 90' lang='lat' dir='ltr'><strong>non</strong></span> <span class='ocrx_word' id='word_1_748' title='bbox 1235 5185 1435 5246; x_wconf 88' lang='lat' dir='ltr'><strong>potest.</strong></span> <span class='ocrx_word' id='word_1_749' title='bbox 1467 5176 1594 5229; x_wconf 60' lang='lat' dir='ltr'><strong>ila‘c</strong></span> <span class='ocrx_word' id='word_1_750' title='bbox 1642 5189 1792 5226; x_wconf 81' lang='lat' dir='ltr'><strong>com-</strong></span> 
     </span>
    </p>
   </div>
   <div class='ocr_carea' id='block_1_99' title="bbox 134 5264 1792 5341">
    <p class='ocr_par' dir='ltr' id='par_1_99' title="bbox 134 5264 1792 5341">
     <span class='ocr_line' id='line_1_99' title="bbox 134 5264 1792 5341; baseline -0.014 0"><span class='ocrx_word' id='word_1_751' title='bbox 134 5264 389 5341; x_wconf 66' lang='lat' dir='ltr'><strong>morie.</strong></span> <span class='ocrx_word' id='word_1_752' title='bbox 443 5272 737 5328; x_wconf 82' lang='lat' dir='ltr'><strong>testiﬁcans</strong></span> <span class='ocrx_word' id='word_1_753' title='bbox 759 5283 943 5322; x_wconf 89' lang='lat' dir='ltr'><strong>coram</strong></span> <span class='ocrx_word' id='word_1_754' title='bbox 977 5267 1228 5323; x_wconf 86' lang='lat' dir='ltr'><strong>Domino.</strong></span> <span class='ocrx_word' id='word_1_755' title='bbox 1290 5264 1408 5320; x_wconf 83' lang='lat' dir='ltr'><strong>Noli</strong></span> <span class='ocrx_word' id='word_1_756' title='bbox 1454 5264 1792 5319; x_wconf 87' lang='lat' dir='ltr'><strong>contendere</strong></span> 
     </span>
    </p>
   </div>
   <div class='ocr_carea' id='block_1_100' title="bbox 135 5356 1793 5431">
    <p class='ocr_par' dir='ltr' id='par_1_100' title="bbox 135 5356 1793 5431">
     <span class='ocr_line' id='line_1_100' title="bbox 135 5356 1793 5431; baseline -0.005 -14"><span class='ocrx_word' id='word_1_757' title='bbox 135 5373 385 5431; x_wconf 51' lang='lat' dir='ltr'><strong>“(bis</strong></span> <span class='ocrx_word' id='word_1_758' title='bbox 447 5380 462 5416; x_wconf 89' lang='lat'><strong>:</strong></span> <span class='ocrx_word' id='word_1_759' title='bbox 494 5366 558 5417; x_wconf 82' lang='lat' dir='ltr'><strong>ad</strong></span> <span class='ocrx_word' id='word_1_760' title='bbox 583 5362 719 5416; x_wconf 88' lang='lat' dir='ltr'><strong>nihil</strong></span> <span class='ocrx_word' id='word_1_761' title='bbox 753 5359 902 5414; x_wconf 90' lang='lat' dir='ltr'><strong>enim</strong></span> <span class='ocrx_word' id='word_1_762' title='bbox 944 5357 1078 5412; x_wconf 89' lang='lat' dir='ltr'><strong>utile</strong></span> <span class='ocrx_word' id='word_1_763' title='bbox 1112 5369 1216 5424; x_wconf 85' lang='lat' dir='ltr'><strong>est,</strong></span> <span class='ocrx_word' id='word_1_764' title='bbox 1253 5357 1355 5412; x_wconf 88' lang='lat' dir='ltr'><strong>nisi</strong></span> <span class='ocrx_word' id='word_1_765' title='bbox 1381 5357 1447 5412; x_wconf 86' lang='lat' dir='ltr'><strong>ad</strong></span> <span class='ocrx_word' id='word_1_766' title='bbox 1474 5356 1793 5411; x_wconf 86' lang='lat' dir='ltr'><strong>subversio-</strong></span> 
     </span>
    </p>
   </div>
   <div class='ocr_carea' id='block_1_101' title="bbox 224 5514 1796 5586">
    <p class='ocr_par' dir='ltr' id='par_1_101' title="bbox 224 5514 1796 5586">
     <span class='ocr_line' id='line_1_101' title="bbox 224 5514 1796 5586; baseline -0.004 -10"><span class='ocrx_word' id='word_1_767' title='bbox 224 5539 242 5565; x_wconf 73' lang='grc' dir='ltr'>ι</span> <span class='ocrx_word' id='word_1_768' title='bbox 283 5531 644 5583; x_wconf 74' lang='lat' dir='ltr'><strong>Pronomelt</strong></span> <span class='ocrx_word' id='word_1_769' title='bbox 695 5534 794 5571; x_wconf 75' lang='lat' dir='ltr'><strong>sua</strong></span> <span class='ocrx_word' id='word_1_770' title='bbox 852 5526 1014 5582; x_wconf 86' lang='lat' dir='ltr'><strong>tacet,</strong></span> <span class='ocrx_word' id='word_1_771' title='bbox 1051 5525 1202 5585; x_wconf 64' lang='lat' dir='ltr'><strong>iuxta</strong></span> <span class='ocrx_word' id='word_1_772' title='bbox 1247 5514 1496 5570; x_wconf 81' lang='lat' dir='ltr'><strong>Graecum</strong></span> <span class='ocrx_word' id='word_1_773' title='bbox 1561 5523 1796 5586; x_wconf 79' lang='lat' dir='ltr'><strong>textum,</strong></span> 
     </span>
    </p>
   </div>
   <div class='ocr_carea' id='block_1_102' title="bbox 129 5605 640 5663">
    <p class='ocr_par' dir='ltr' id='par_1_102' title="bbox 129 5605 640 5663">
     <span class='ocr_line' id='line_1_102' title="bbox 129 5605 640 5663; baseline -0.035 -6"><span class='ocrx_word' id='word_1_774' title='bbox 129 5606 499 5663; x_wconf 59' lang='lat' dir='ltr'><strong>Palinurus</strong></span> <span class='ocrx_word' id='word_1_775' title='bbox 538 5605 640 5643; x_wconf 85' lang='lat' dir='ltr'><strong>ms.</strong></span> 
     </span>
    </p>
   </div>
   <div class='ocr_carea' id='block_1_103' title="bbox 223 5655 1800 5728">
    <p class='ocr_par' dir='ltr' id='par_1_103' title="bbox 223 5655 1800 5728">
     <span class='ocr_line' id='line_1_103' title="bbox 223 5655 1800 5728; baseline -0.001 -15"><span class='ocrx_word' id='word_1_776' title='bbox 223 5655 356 5726; x_wconf 61' lang='grc' dir='ltr'><strong>ἐι..</strong></span> <span class='ocrx_word' id='word_1_777' title='bbox 451 5660 682 5713; x_wconf 79' lang='lat' dir='ltr'><strong>instanti</strong></span> <span class='ocrx_word' id='word_1_778' title='bbox 745 5655 1025 5715; x_wconf 84' lang='lat' dir='ltr'><strong>Palatinus</strong></span> <span class='ocrx_word' id='word_1_779' title='bbox 1065 5675 1188 5727; x_wconf 69' lang='grc' dir='ltr'><strong>ωε..</strong></span> <span class='ocrx_word' id='word_1_780' title='bbox 1258 5660 1305 5716; x_wconf 74' lang='lat' dir='ltr'><strong>si</strong></span> <span class='ocrx_word' id='word_1_781' title='bbox 1334 5657 1679 5723; x_wconf 71' lang='lat' dir='ltr'><strong>sustinemus,</strong></span> <span class='ocrx_word' id='word_1_782' title='bbox 1741 5681 1800 5728; x_wconf 57' lang='lat' dir='ltr'><strong>ei</strong></span> 
     </span>
    </p>
   </div>
   <div class='ocr_carea' id='block_1_104' title="bbox 127 5731 899 5804">
    <p class='ocr_par' dir='ltr' id='par_1_104' title="bbox 127 5731 899 5804">
     <span class='ocr_line' id='line_1_104' title="bbox 127 5731 899 5804; baseline -0.028 -1"><span class='ocrx_word' id='word_1_783' title='bbox 127 5751 376 5804; x_wconf 64' lang='lat' dir='ltr'><strong>Gtxce</strong></span> <span class='ocrx_word' id='word_1_784' title='bbox 429 5735 492 5784; x_wconf 73' lang='grc' dir='ltr'>εἰ</span> <span class='ocrx_word' id='word_1_785' title='bbox 527 5731 899 5798; x_wconf 73' lang='grc' dir='ltr'><strong>ὑπομένομεν.</strong></span> 
     </span>
    </p>
   </div>
   <div class='ocr_carea' id='block_1_105' title="bbox 1898 4538 3471 4604">
    <p class='ocr_par' dir='ltr' id='par_1_105' title="bbox 1898 4538 3471 4604">
     <span class='ocr_line' id='line_1_105' title="bbox 1898 4538 3471 4604; baseline 0.006 -14"><span class='ocrx_word' id='word_1_786' title='bbox 1898 4538 2042 4592; x_wconf 77' lang='lat' dir='ltr'><strong>sicut</strong></span> <span class='ocrx_word' id='word_1_787' title='bbox 2068 4549 2122 4591; x_wconf 89' lang='lat' dir='ltr'><strong>et</strong></span> <span class='ocrx_word' id='word_1_788' title='bbox 2155 4538 2368 4592; x_wconf 85' lang='lat' dir='ltr'><strong>illorum</strong></span> <span class='ocrx_word' id='word_1_789' title='bbox 2406 4539 2529 4592; x_wconf 72' lang='lat' dir='ltr'><strong>l&#39;uit.</strong></span> <span class='ocrx_word' id='word_1_790' title='bbox 2569 4538 2648 4592; x_wconf 89' lang='lat' dir='ltr'><strong>Tu</strong></span> <span class='ocrx_word' id='word_1_791' title='bbox 2674 4551 2857 4594; x_wconf 84' lang='lat' dir='ltr'><strong>autem</strong></span> <span class='ocrx_word' id='word_1_792' title='bbox 2889 4555 3177 4598; x_wconf 84' lang='lat' dir='ltr'><strong>assecutus</strong></span> <span class='ocrx_word' id='word_1_793' title='bbox 3203 4565 3262 4602; x_wconf 82' lang='lat' dir='ltr'><strong>es</strong></span> <span class='ocrx_word' id='word_1_794' title='bbox 3297 4567 3471 4604; x_wconf 69' lang='lat' dir='ltr'><strong>ninam</strong></span> 
     </span>
    </p>
   </div>
   <div class='ocr_carea' id='block_1_106' title="bbox 1897 4628 3477 4706">
    <p class='ocr_par' dir='ltr' id='par_1_106' title="bbox 1897 4628 3477 4706">
     <span class='ocr_line' id='line_1_106' title="bbox 1897 4628 3477 4706; baseline 0.011 -26"><span class='ocrx_word' id='word_1_795' title='bbox 1897 4628 2225 4694; x_wconf 83' lang='lat' dir='ltr'><strong>doctrinam,</strong></span> <span class='ocrx_word' id='word_1_796' title='bbox 2255 4629 2681 4696; x_wconf 88' lang='lat' dir='ltr'><strong>institutionem,</strong></span> <span class='ocrx_word' id='word_1_797' title='bbox 2713 4638 3080 4702; x_wconf 85' lang='lat' dir='ltr'><strong>propositum,</strong></span> <span class='ocrx_word' id='word_1_798' title='bbox 3122 4640 3308 4706; x_wconf 86' lang='lat' dir='ltr'><strong>ﬁdem,</strong></span> <span class='ocrx_word' id='word_1_799' title='bbox 3355 4645 3477 4697; x_wconf 90' lang='lat' dir='ltr'><strong>lon-</strong></span> 
     </span>
    </p>
   </div>
   <div class='ocr_carea' id='block_1_107' title="bbox 1897 4720 3470 4801">
    <p class='ocr_par' dir='ltr' id='par_1_107' title="bbox 1897 4720 3470 4801">
     <span class='ocr_line' id='line_1_107' title="bbox 1897 4720 3470 4801; baseline 0.012 -30"><span class='ocrx_word' id='word_1_800' title='bbox 1897 4720 2297 4788; x_wconf 82' lang='lat' dir='ltr'><strong>ganitnitatem,</strong></span> <span class='ocrx_word' id='word_1_801' title='bbox 2334 4723 2705 4789; x_wconf 74' lang='lat' dir='ltr'><strong>dilt-Ctionem,</strong></span> <span class='ocrx_word' id='word_1_802' title='bbox 2749 4728 3088 4795; x_wconf 87' lang='lat' dir='ltr'><strong>patientiam,</strong></span> <span class='ocrx_word' id='word_1_803' title='bbox 3128 4740 3470 4801; x_wconf 85' lang='lat' dir='ltr'><strong>persecutio-</strong></span> 
     </span>
    </p>
   </div>
   <div class='ocr_carea' id='block_1_108' title="bbox 1896 4815 3462 4897">
    <p class='ocr_par' dir='ltr' id='par_1_108' title="bbox 1896 4815 3462 4897">
     <span class='ocr_line' id='line_1_108' title="bbox 1896 4815 3462 4897; baseline 0.011 -33"><span class='ocrx_word' id='word_1_804' title='bbox 1896 4825 2014 4874; x_wconf 86' lang='lat' dir='ltr'><strong>nes,</strong></span> <span class='ocrx_word' id='word_1_805' title='bbox 2049 4815 2330 4880; x_wconf 86' lang='lat' dir='ltr'><strong>passiones</strong></span> <span class='ocrx_word' id='word_1_806' title='bbox 2361 4827 2377 4871; x_wconf 86' lang='lat'>:</span> <span class='ocrx_word' id='word_1_807' title='bbox 2412 4815 2592 4884; x_wconf 86' lang='lat' dir='ltr'><strong>qualia</strong></span> <span class='ocrx_word' id='word_1_808' title='bbox 2623 4817 2755 4871; x_wconf 86' lang='lat' dir='ltr'><strong>mihi</strong></span> <span class='ocrx_word' id='word_1_809' title='bbox 2789 4818 2928 4873; x_wconf 82' lang='lat' dir='ltr'><strong>facta</strong></span> <span class='ocrx_word' id='word_1_810' title='bbox 2967 4832 3097 4874; x_wconf 92' lang='lat' dir='ltr'><strong>sunt</strong></span> <span class='ocrx_word' id='word_1_811' title='bbox 3135 4826 3462 4897; x_wconf 75' lang='lat' dir='ltr'><strong>Antiochiae,</strong></span> 
     </span>
    </p>
   </div>
   <div class='ocr_carea' id='block_1_109' title="bbox 1896 4902 3464 4988">
    <p class='ocr_par' dir='ltr' id='par_1_109' title="bbox 1896 4902 3464 4988">
     <span class='ocr_line' id='line_1_109' title="bbox 1896 4902 3464 4988; baseline 0.013 -31"><span class='ocrx_word' id='word_1_812' title='bbox 1896 4902 2090 4967; x_wconf 84' lang='lat' dir='ltr'><strong>lconii,</strong></span> <span class='ocrx_word' id='word_1_813' title='bbox 2125 4916 2179 4958; x_wconf 90' lang='lat' dir='ltr'><strong>et</strong></span> <span class='ocrx_word' id='word_1_814' title='bbox 2229 4907 2434 4974; x_wconf 80' lang='lat' dir='ltr'><strong>Lystris</strong></span> <span class='ocrx_word' id='word_1_815' title='bbox 2463 4923 2477 4960; x_wconf 90' lang='lat'><strong>:</strong></span> <span class='ocrx_word' id='word_1_816' title='bbox 2507 4909 2698 4976; x_wconf 77' lang='lat' dir='ltr'><strong>quales</strong></span> <span class='ocrx_word' id='word_1_817' title='bbox 2751 4915 3164 4978; x_wconf 89' lang='lat' dir='ltr'><strong>persecutiones</strong></span> <span class='ocrx_word' id='word_1_818' title='bbox 3197 4923 3464 4988; x_wconf 82' lang='lat' dir='ltr'><strong>sustinui,</strong></span> 
     </span>
    </p>
   </div>
   <div class='ocr_carea' id='block_1_110' title="bbox 1896 4996 3460 5084">
    <p class='ocr_par' dir='ltr' id='par_1_110' title="bbox 1896 4996 3460 5084">
     <span class='ocr_line' id='line_1_110' title="bbox 1896 4996 3460 5084; baseline 0.013 -37"><span class='ocrx_word' id='word_1_819' title='bbox 1896 5005 1949 5048; x_wconf 86' lang='lat' dir='ltr'><strong>et</strong></span> <span class='ocrx_word' id='word_1_820' title='bbox 1974 5011 2041 5049; x_wconf 78' lang='lat' dir='ltr'><strong>ex</strong></span> <span class='ocrx_word' id='word_1_821' title='bbox 2071 4996 2325 5051; x_wconf 88' lang='lat' dir='ltr'><strong>onmibus</strong></span> <span class='ocrx_word' id='word_1_822' title='bbox 2355 4998 2556 5066; x_wconf 88' lang='lat' dir='ltr'><strong>eripuit</strong></span> <span class='ocrx_word' id='word_1_823' title='bbox 2587 5015 2671 5053; x_wconf 90' lang='lat' dir='ltr'><strong>me</strong></span> <span class='ocrx_word' id='word_1_824' title='bbox 2705 5001 2986 5057; x_wconf 91' lang='lat' dir='ltr'><strong>Dominus.</strong></span> <span class='ocrx_word' id='word_1_825' title='bbox 3025 5007 3094 5062; x_wconf 85' lang='lat' dir='ltr'><strong>Et</strong></span> <span class='ocrx_word' id='word_1_826' title='bbox 3126 5026 3320 5068; x_wconf 68' lang='lat' dir='ltr'><strong>on&#39;mes</strong></span> <span class='ocrx_word' id='word_1_827' title='bbox 3365 5017 3460 5084; x_wconf 89' lang='lat' dir='ltr'><strong>qui</strong></span> 
     </span>
    </p>
   </div>
   <div class='ocr_carea' id='block_1_111' title="bbox 1897 5085 3462 5168">
    <p class='ocr_par' dir='ltr' id='par_1_111' title="bbox 1897 5085 3462 5168">
     <span class='ocr_line' id='line_1_111' title="bbox 1897 5085 3462 5168; baseline 0.014 -32"><span class='ocrx_word' id='word_1_828' title='bbox 1897 5086 1985 5154; x_wconf 91' lang='lat' dir='ltr'><strong>pie</strong></span> <span class='ocrx_word' id='word_1_829' title='bbox 2032 5085 2224 5139; x_wconf 85' lang='lat' dir='ltr'><strong>volunt</strong></span> <span class='ocrx_word' id='word_1_830' title='bbox 2272 5087 2456 5141; x_wconf 88' lang='lat' dir='ltr'><strong>vivere</strong></span> <span class='ocrx_word' id='word_1_831' title='bbox 2488 5089 2542 5142; x_wconf 90' lang='lat' dir='ltr'><strong>in</strong></span> <span class='ocrx_word' id='word_1_832' title='bbox 2577 5088 2798 5146; x_wconf 88' lang='lat' dir='ltr'><strong>Christo</strong></span> <span class='ocrx_word' id='word_1_833' title='bbox 2830 5090 2983 5161; x_wconf 80' lang='lat' dir='ltr'><strong>Jesu,</strong></span> <span class='ocrx_word' id='word_1_834' title='bbox 3025 5105 3462 5168; x_wconf 88' lang='lat' dir='ltr'><strong>persecutionem</strong></span> 
     </span>
    </p>
   </div>
   <div class='ocr_carea' id='block_1_112' title="bbox 1897 5176 3460 5262">
    <p class='ocr_par' dir='ltr' id='par_1_112' title="bbox 1897 5176 3460 5262">
     <span class='ocr_line' id='line_1_112' title="bbox 1897 5176 3460 5262; baseline 0.008 -34"><span class='ocrx_word' id='word_1_835' title='bbox 1897 5176 2190 5245; x_wconf 79' lang='lat' dir='ltr'><strong>patientur.</strong></span> <span class='ocrx_word' id='word_1_836' title='bbox 2230 5176 2349 5232; x_wconf 82' lang='lat' dir='ltr'><strong>Mali</strong></span> <span class='ocrx_word' id='word_1_837' title='bbox 2381 5188 2562 5232; x_wconf 89' lang='lat' dir='ltr'><strong>autem</strong></span> <span class='ocrx_word' id='word_1_838' title='bbox 2598 5182 2845 5238; x_wconf 82' lang='lat' dir='ltr'><strong>homines</strong></span> <span class='ocrx_word' id='word_1_839' title='bbox 2881 5197 2961 5258; x_wconf 64' lang='lat' dir='ltr'><strong>et:</strong></span> <span class='ocrx_word' id='word_1_840' title='bbox 2988 5195 3310 5248; x_wconf 87' lang='lat' dir='ltr'><strong>seductores</strong></span> <span class='ocrx_word' id='word_1_841' title='bbox 3331 5211 3460 5262; x_wconf 82' lang='lat' dir='ltr'><strong>pro.</strong></span> 
     </span>
    </p>
   </div>
   <div class='ocr_carea' id='block_1_113' title="bbox 1896 5265 3463 5341">
    <p class='ocr_par' dir='ltr' id='par_1_113' title="bbox 1896 5265 3463 5341">
     <span class='ocr_line' id='line_1_113' title="bbox 1896 5265 3463 5341; baseline 0.015 -23"><span class='ocrx_word' id='word_1_842' title='bbox 1896 5265 2086 5321; x_wconf 88' lang='lat' dir='ltr'><strong>ﬁcient</strong></span> <span class='ocrx_word' id='word_1_843' title='bbox 2114 5267 2166 5319; x_wconf 93' lang='lat' dir='ltr'><strong>in</strong></span> <span class='ocrx_word' id='word_1_844' title='bbox 2195 5269 2368 5336; x_wconf 82' lang='lat' dir='ltr'><strong>pejus,</strong></span> <span class='ocrx_word' id='word_1_845' title='bbox 2408 5280 2679 5335; x_wconf 84' lang='lat' dir='ltr'><strong>errantes,</strong></span> <span class='ocrx_word' id='word_1_846' title='bbox 2709 5283 2760 5326; x_wconf 87' lang='lat' dir='ltr'><strong>et</strong></span> <span class='ocrx_word' id='word_1_847' title='bbox 2798 5275 2853 5328; x_wconf 91' lang='lat' dir='ltr'><strong>in</strong></span> <span class='ocrx_word' id='word_1_848' title='bbox 2885 5294 3128 5336; x_wconf 83' lang='lat' dir='ltr'><strong>errorem</strong></span> <span class='ocrx_word' id='word_1_849' title='bbox 3160 5285 3463 5341; x_wconf 86' lang='lat' dir='ltr'><strong>mittentes.</strong></span> 
     </span>
    </p>
   </div>
   <div class='ocr_carea' id='block_1_114' title="bbox 1899 5357 3465 5437">
    <p class='ocr_par' dir='ltr' id='par_1_114' title="bbox 1899 5357 3465 5437">
     <span class='ocr_line' id='line_1_114' title="bbox 1899 5357 3465 5437; baseline 0.012 -27"><span class='ocrx_word' id='word_1_850' title='bbox 1899 5357 1979 5414; x_wconf 92' lang='lat' dir='ltr'><strong>Tu</strong></span> <span class='ocrx_word' id='word_1_851' title='bbox 2013 5373 2142 5415; x_wconf 87' lang='lat' dir='ltr'><strong>vero</strong></span> <span class='ocrx_word' id='word_1_852' title='bbox 2189 5374 2448 5427; x_wconf 88' lang='lat' dir='ltr'><strong>permane</strong></span> <span class='ocrx_word' id='word_1_853' title='bbox 2497 5363 2550 5415; x_wconf 92' lang='lat' dir='ltr'><strong>in</strong></span> <span class='ocrx_word' id='word_1_854' title='bbox 2590 5363 2678 5428; x_wconf 87' lang='lat' dir='ltr'><strong>iis,</strong></span> <span class='ocrx_word' id='word_1_855' title='bbox 2711 5382 2831 5437; x_wconf 80' lang='lat' dir='ltr'><strong>qua:</strong></span> <span class='ocrx_word' id='word_1_856' title='bbox 2876 5370 3134 5434; x_wconf 77' lang='lat' dir='ltr'><strong>didicisti,</strong></span> <span class='ocrx_word' id='word_1_857' title='bbox 3169 5383 3222 5425; x_wconf 91' lang='lat' dir='ltr'><strong>et</strong></span> <span class='ocrx_word' id='word_1_858' title='bbox 3254 5375 3465 5434; x_wconf 77' lang='lat' dir='ltr'><strong>credita</strong></span> 
     </span>
    </p>
   </div>
   <div class='ocr_carea' id='block_1_115' title="bbox 1971 5520 3442 5592">
    <p class='ocr_par' dir='ltr' id='par_1_115' title="bbox 1971 5520 3442 5592">
     <span class='ocr_line' id='line_1_115' title="bbox 1971 5520 3442 5592; baseline 0.013 -19"><span class='ocrx_word' id='word_1_859' title='bbox 1971 5520 1991 5549; x_wconf 86' lang='grc'>³</span> <span class='ocrx_word' id='word_1_860' title='bbox 2025 5522 2223 5592; x_wconf 77' lang='lat' dir='ltr'><strong>lterum</strong></span> <span class='ocrx_word' id='word_1_861' title='bbox 2270 5522 2322 5575; x_wconf 89' lang='lat' dir='ltr'><strong>in</strong></span> <span class='ocrx_word' id='word_1_862' title='bbox 2359 5523 2583 5578; x_wconf 88' lang='lat' dir='ltr'><strong>instanti</strong></span> <span class='ocrx_word' id='word_1_863' title='bbox 2647 5526 2786 5579; x_wconf 85' lang='lat' dir='ltr'><strong>idem</strong></span> <span class='ocrx_word' id='word_1_864' title='bbox 2848 5543 2972 5590; x_wconf 71' lang='grc' dir='ltr'><strong>ωε-.</strong></span> <span class='ocrx_word' id='word_1_865' title='bbox 3028 5540 3078 5582; x_wconf 80' lang='lat' dir='ltr'><strong>et</strong></span> <span class='ocrx_word' id='word_1_866' title='bbox 3130 5531 3442 5592; x_wconf 73' lang='lat' dir='ltr'><strong>subvertant</strong></span> 
     </span>
    </p>
   </div>
   <div class='ocr_carea' id='block_1_116' title="bbox 1903 5582 3466 5668">
    <p class='ocr_par' dir='ltr' id='par_1_116' title="bbox 1903 5582 3466 5668">
     <span class='ocr_line' id='line_1_116' title="bbox 1903 5582 3466 5668; baseline 0.013 -25"><span class='ocrx_word' id='word_1_867' title='bbox 1903 5607 2026 5646; x_wconf 90' lang='lat' dir='ltr'><strong>cum</strong></span> <span class='ocrx_word' id='word_1_868' title='bbox 2059 5590 2252 5647; x_wconf 68' lang='lat' dir='ltr'><strong>Graeco</strong></span> <span class='ocrx_word' id='word_1_869' title='bbox 2285 5594 2378 5646; x_wconf 72' lang='grc' dir='ltr'><strong>καὶ</strong></span> <span class='ocrx_word' id='word_1_870' title='bbox 2418 5595 2850 5668; x_wconf 28' lang='grc' dir='ltr'><strong>’ἀνὰτρὲπουσιη</strong></span> <span class='ocrx_word' id='word_1_871' title='bbox 2904 5582 3020 5652; x_wconf 59' lang='lat' dir='ltr'><strong>uti):</strong></span> <span class='ocrx_word' id='word_1_872' title='bbox 3075 5582 3466 5668; x_wconf 34' lang='lat' dir='ltr'><strong>autemet—eiii:</strong></span> 
     </span>
    </p>
   </div>
   <div class='ocr_carea' id='block_1_117' title="bbox 1908 5664 3470 5748">
    <p class='ocr_par' dir='ltr' id='par_1_117' title="bbox 1908 5664 3470 5748">
     <span class='ocr_line' id='line_1_117' title="bbox 1908 5664 3470 5748; baseline 0.01 -35"><span class='ocrx_word' id='word_1_873' title='bbox 1908 5677 2004 5732; x_wconf 90' lang='lat' dir='ltr'><strong>pro</strong></span> <span class='ocrx_word' id='word_1_874' title='bbox 2028 5672 2162 5748; x_wconf 71' lang='lat' dir='ltr'><strong>stat,</strong></span> <span class='ocrx_word' id='word_1_875' title='bbox 2224 5672 2280 5748; x_wconf 76' lang='lat' dir='ltr'><strong>et</strong></span> <span class='ocrx_word' id='word_1_876' title='bbox 2312 5664 2468 5731; x_wconf 89' lang='lat' dir='ltr'><strong>paulo</strong></span> <span class='ocrx_word' id='word_1_877' title='bbox 2503 5675 2653 5748; x_wconf 58' lang='lat' dir='ltr'><strong>post,</strong></span> <span class='ocrx_word' id='word_1_878' title='bbox 2690 5666 2882 5748; x_wconf 38' lang='lat' dir='ltr'><strong>lminis</strong></span> <span class='ocrx_word' id='word_1_879' title='bbox 2931 5670 3018 5739; x_wconf 83' lang='lat' dir='ltr'><strong>qui</strong></span> <span class='ocrx_word' id='word_1_880' title='bbox 3073 5672 3304 5740; x_wconf 84' lang='lat' dir='ltr'><strong>inuocat,</strong></span> <span class='ocrx_word' id='word_1_881' title='bbox 3365 5664 3470 5748; x_wconf 59' lang='lat' dir='ltr'><strong>pro</strong></span> 
     </span>
    </p>
   </div>
   <div class='ocr_carea' id='block_1_118' title="bbox 1909 5733 2961 5798">
    <p class='ocr_par' dir='ltr' id='par_1_118' title="bbox 1909 5733 2961 5798">
     <span class='ocr_line' id='line_1_118' title="bbox 1909 5733 2961 5798; baseline 0.002 -12"><span class='ocrx_word' id='word_1_882' title='bbox 1909 5735 2166 5798; x_wconf 79' lang='lat' dir='ltr'><strong>nominat,</strong></span> <span class='ocrx_word' id='word_1_883' title='bbox 2200 5737 2378 5788; x_wconf 89' lang='lat' dir='ltr'><strong>minus</strong></span> <span class='ocrx_word' id='word_1_884' title='bbox 2413 5743 2552 5785; x_wconf 84' lang='lat' dir='ltr'><strong>recte</strong></span> <span class='ocrx_word' id='word_1_885' title='bbox 2586 5733 2653 5786; x_wconf 87' lang='lat' dir='ltr'><strong>ad</strong></span> <span class='ocrx_word' id='word_1_886' title='bbox 2687 5733 2961 5798; x_wconf 46' lang='lat' dir='ltr'><strong>Graecum}</strong></span> 
     </span>
    </p>
   </div>
  </div>
