3946 6170
506 374 612 433 8ιῖ

1420 354 1477 416 9.
1525 343 1950 409 lllEliUNYSll
2009 337 2271 399 DIVIXA
2342 328 2879 392 lilBlJUlliECA.

3636 308 3723 371 ΜΞ

512 498 641 540 sunt
675 486 771 536 tibi
804 498 817 535 :
850 482 1027 534 sciens
1056 493 1082 528 τι
1114 490 1221 541 quo
1247 470 1528 524 uidieeris.
1564 466 1630 519 Et
1660 465 1785 531 quia
1815 465 1880 513 ab
1909 458 2085 511 in'itn-
2118 462 2154 513 Α
2192 452 2433 523 reliq'tit,
2470 449 2701 517 diligens
2731 446 2834 497 hoc
2872 436 3156 495 saeculum,
3193 440 3255 485 et
3304 426 3436 482 abiit
3475 424 3732 478 Th«:ssalo-

2745 536 2755 541 -
2831 533 2862 541 ρ.
2908 532 2921 541 -
2986 530 2996 541 .
3142 524 3297 541 mu.--
3332 522 3382 541 ξ-
3418 516 3709 541 [\_‘-..-a2-.n

513 584 587 633 tia
608 591 791 631 sacras
812 575 1024 627 litteras
1047 567 1347 633 nosti,qu.e
1379 574 1429 616 te
1451 569 1679 630 possunt
1711 560 1981 610 instrucrc
2017 552 2081 602 ad

514 671 766 724 salutem.
798 680 891 733 per
917 662 1073 714 Iidem
1125 673 1245 727 qum
1276 666 1359 710 cst
1395 658 1444 707 in
1479 652 1699 706 Christo
1722 648 1871 703 Iesu.
1905 642 2088 698 O.nnis

514 761 794 827 Scriptura
830 753 1092 807 divinitus
1130 750 1413 817 inspirata,
1453 744 1600 798 utilis
1651 752 1733 794 est
1769 737 1835 790 ad
1885 735 2088 788 docen—

514 850 667 914 dum,
695 846 761 900 ad
791 845 1155 913 arguentium,
1185 842 1250 892 ad
1280 833 1710 905 corripiendutn,
1738 828 1802 882 ad
1832 825 2091 879 erudien-

515 913 971 1006 duntinjustitia
1008 953 1021 986 :
1062 942 1119 986 ut
1172 929 1445 1000 perfectus
1506 926 1579 979 sit
1628 924 1791 976 homo
1848 917 1966 978 Dei,
2020 913 2086 967 ad

515 1048 676 1087 Omne
713 1044 850 1098 opus
882 1029 1086 1079 bonum
1120 1025 1447 1076 instructus.

586 1122 742 1195 [ϐαρ.
775 1118 893 1190 ιν.]
922 1115 1207 1171 Testiilcor
1236 1127 1418 1165 eorazn
1447 1110 1576 1173 Deo,
1605 1118 1659 1162 et
1690 1106 1815 1162 Jesu
1847 1103 2009 1159 Chris
2037 1116 2093 1165 0,

516 1216 610 1286 qui
632 1214 976 1285 indicaturus
1011 1217 1096 1262 est
1128 1206 1280 1259 vivos
1317 1211 1370 1258 et
1396 1210 1665 1265 mortuos,
1692 1213 1787 1267 per
1806 1197 2096 1249 adventum

519 1310 716 1379 ipsius,
773 1314 826 1359 et
861 1317 1088 1372 regnum
1138 1300 1311 1367 ejus:
1365 1292 1599 1363 praedica
1648 1289 1902 1352 verbum,
1958 1288 2100 1340 iuxta

514 1411 843 1473 opportune,
871 1396 1191 1464 importune
1224 1406 1240 1447 :
1276 1404 1467 1457 argue,
1502 1385 1754 1448 obsecra,
1787 1382 2008 1448 increpa
2043 1380 2096 1432 in

521 1496 667 1551 omni
694 1490 954 1562 patientia
1011 1496 1068 1541 et
1099 1484 1366 1539 dot-trina.
1405 1481 1520 1534 Erit
1545 1479 1689 1533 enim
1716 1486 1954 1546 tempus,
1976 1490 2100 1529 cum

521 1602 709 1643 sanam
743 1584 1047 1637 doctrinam
1086 1591 1194 1630 non
1226 1573 1602 1635 sustinebunt,
1638 1568 1731 1623 sed
1778 1568 1842 1621 ad
1876 1582 1974 1620 soa
2001 1564 2098 1618 tle-

522 1676 727 1733 sideria
780 1667 1186 1727 coacervabunt
1244 1664 1349 1719 sibi
1402 1662 1734 1730 magistros,
1788 1656 2102 1725 prurientes

527 1770 774 1824 auribus.
818 1763 896 1818 ‘Et
929 1778 959 1814 a
996 1759 1225 1813 veritate
1272 1754 1492 1824 quidem
1526 1752 1773 1804 auditum
1824 1757 2099 1808 averteut,

530 1867 596 1920 ad
626 1860 848 1916 fabulas
886 1865 1067 1909 autent
1101 1857 1518 1905 convertentur.
1550 1843 1632 1897 Tu
1660 1857 1793 1896 vero
1830 1840 2014 1907 vigila,
2052 1839 2107 1891 in

530 1956 789 2011 omnibus
825 1950 1032 2006 labora.
1066 1958 1203 2012 opus
1236 1941 1317 1994 lac
1341 1937 1709 2007 cvangelistm,
1744 1933 2109 1986 ministerium

534 2063 688 2103 tuum
726 2043 910 2113 imple.
964 2035 1194 2091 Sobrius
1226 2042 1366 2087 esto.
1405 2030 1517 2098 Ego
1545 2028 1692 2081 enim
1724 2027 1832 2097 jam
1875 2024 2111 2085 delibor,

533 2151 586 2195 et
622 2147 835 2204 tempus
866 2124 1217 2184 resolutionis
1270 2134 1405 2175 mea:
1458 2119 1641 2170 instat.
1687 2114 1894 2167 Bonum
1931 2127 2111 2167 certa-

537 2245 659 2284 men
692 2222 897 2279 certavi
924 2262 938 2283 ,
970 2229 1215 2282 cursum
1236 2206 1609 2265 consummavi
1637 2246 1651 2267 ,
1685 2204 1846 2258 ﬁdem
1879 2200 2113 2256 servavi.

534 2324 594 2377 ιιι
624 2319 835 2387 reliquo
865 2313 1098 2382 reposita
1123 2317 1207 2362 est
1242 2304 1374 2359 mihi
1410 2316 1614 2356 corona
1661 2297 1912 2369 justitim,
1949 2309 2113 2363 quam

537 2411 730 2467 reddet
759 2406 893 2461 mihi
916 2403 1179 2457 Dominus
1210 2397 1264 2451 in
1296 2396 1386 2449 illa
1411 2394 1499 2447 die
1528 2392 1707 2461 justus
1735 2387 1904 2459 iudex
1943 2402 1958 2440 :
2001 2402 2113 2437 non

538 2504 717 2558 solum
742 2510 923 2554 autem
948 2493 1106 2557 mihi,
1129 2488 1224 2544 sed
1247 2496 1303 2543 et
1329 2487 1397 2541 iis
1443 2485 1536 2553 qui
1565 2483 1801 2550 diligunt
1822 2479 2119 2531 adventum

538 2597 679 2667 ejus.
716 2590 933 2647 Festina
982 2583 1048 2639 ad
1084 2596 1173 2638 me
1220 2577 1411 2634 venire
1466 2575 1601 2631 cito.
1635 2573 1830 2627 Demas
1861 2568 2009 2624 enim
2039 2580 2124 2621 me

2189 516 2365 599 nicain
2408 562 2420 595 :
2449 516 2714 597 Crescens
2745 536 2798 588 itt
2824 530 3114 591 Galatiam,
3142 524 3301 577 Titus
3332 522 3389 574 in
3418 516 3730 571 Dalmatiam.

2189 637 2365 690 Lucas
2390 642 2473 687 est
2504 644 2717 684 mecum
2750 626 2922 680 solus.
2961 621 3203 674 Marcum
3238 626 3478 675 assume,
3506 618 3557 663 ct
3579 608 3734 661 adduc

2192 736 2372 780 tecum
2412 739 2427 780 :
2463 734 2541 776 est
2579 720 2724 773 enim
2763 714 2895 769 mihi
2931 710 3086 765 utilis
3126 709 3180 760 in
3223 701 3600 758 ministerium.
3646 698 3735 768 Ty-

2192 817 2411 872 chicum
2475 822 2657 864 autem
2716 806 2834 860 misi
2891 802 3194 871 Ephesum.
3265 792 3547 852 Penulam,
3596 806 3736 858 quant

2198 906 2396 975 reliqui
2434 904 2576 957 Troa
2598 904 2644 954 le
2681 898 2820 967 apud
2846 895 3106 963 Carpum,
3144 887 3367 941 veniens
3392 884 3529 937 affer
3563 892 3736 943 tecum,

2197 1002 2470 1062 etlibros,
2520 994 2755 1049 maxime
2809 1000 2992 1042 autem
3044 980 3411 1037 membranas.
3466 973 3739 1029 Alexander

2198 1094 2428 1149 aerarius
2463 1088 2629 1141 multa
2660 1085 2799 1139 mala
2831 1078 2966 1135 mihi
2999 1073 3241 1131 ostendit
3273 1087 3290 1128 ;
3328 1068 3523 1124 reddet
3549 1067 3617 1121 illi
3652 1065 3741 1118 Do-

2203 1186 2384 1239 minus
2415 1178 2717 1236 secundum
2754 1189 2917 1243 opera
2950 1170 3093 1240 ejus,
3123 1180 3287 1236 quem
3337 1171 3394 1216 et
3441 1170 3499 1214 tu
3545 1158 3743 1214 devita:

2202 1277 2361 1332 valde
2402 1274 2548 1328 enim
2587 1268 2790 1325 restitit
2843 1263 3023 1319 verbis
3074 1259 3299 1314 nostris.
3338 1252 3396 1307 ln
3447 1253 3613 1321 prima
3649 1268 3675 1301 ιι
3692 1265 3745 1302 ea

2205 1367 2529 1424 defensione
2580 1377 2740 1416 nemo
2776 1355 2905 1411 mihi
2948 1350 3123 1412 affuit,
3157 1353 3251 1403 sed
3282 1360 3475 1398 omnes
3507 1357 3586 1395 me
3607 1340 3739 1393 dere-

2206 1462 2530 1532 liquerunt:
2570 1469 2677 1508 non
2741 1450 2849 1504 illis
2912 1448 3230 1513 imputetur.
3289 1436 3551 1490 Dominus
3594 1446 3744 1485 autem

2208 1552 2341 1606 mihi
2378 1550 2570 1608 astitit,
2626 1555 2681 1599 et
2728 1538 3063 1596 conl‘ortavit
3099 1549 3183 1587 nte
3215 1572 3229 1595 ,
3261 1539 3319 1583 ut
3356 1544 3451 1596 per
3483 1542 3564 1578 me
3590 1523 3747 1593 pra-ili-

2208 1647 2352 1703 catio
2382 1643 2773 1721 Illthttallll',.el
2815 1633 3040 1686 audiant
3071 1641 3264 1680 omnes
3300 1632 3493 1691 gentes
3523 1634 3537 1671 :
3567 1629 3614 1668 et
3643 1617 3751 1668 lihe-

2210 1750 2358 1793 ratus
2390 1749 2508 1790 sum
2561 1731 2629 1785 de
2689 1708 2786 1781 ore
2839 1721 3034 1779 leonis.
3083 1716 3359 1771 Liberavit
3395 1727 3485 1765 me
3528 1708 3751 1762 Dominus

2210 1832 2287 1883 ab
2323 1825 2470 1883 onmi
2508 1836 2677 1891 opere
2713 1816 2854 1872 malo
2891 1832 2906 1868 :
2949 1824 3005 1866 et
3037 1811 3244 1863 salvum
3280 1806 3444 1860 faciet
3476 1804 3529 1855 in
3561 1814 3753 1868 regnum

2220 1935 2376 1975 suum
2431 1916 2673 1979 cceleste,
2730 1908 2819 1963 cui
2878 1903 3049 1976 gloria
3084 1901 3138 1954 in
3189 1897 3386 1953 szecula
3441 1894 3751 1947 seculorum.

2226 2015 2414 2065 Amen.
2454 2005 2641 2060 Saluta
2696 2000 2965 2057 Priscam,
2996 2007 3051 2050 et
3081 1991 3349 2061 Aquilam.
3379 1996 3433 2041 et
3467 1980 3757 2050 Onesiphori

2225 2106 2470 2156 domum.
2529 2096 2752 2149 Erastus
2810 2089 3072 2143 remansit
3125 2081 3397 2137 Corinthi.
3434 2075 3756 2146 Trophitnuut

2220 2203 2401 2246 autem
2484 2185 2681 2255 reliqui
2761 2183 3040 2236 inlirmum
3121 2174 3311 2228 Mileti.
3391 2168 3606 2223 Festina
3660 2171 3762 2217 ante

2224 2285 2460 2339 hiemem
2508 2280 2717 2332 venire.
2772 2274 3023 2327 Salutant
3092 2277 3142 2321 te
3175 2264 3441 2325 Eubulus,
3475 2272 3529 2313 et
3558 2257 3759 2317 Pudens,

2224 2386 2280 2431 et
2313 2375 2504 2435 Linus,
2554 2380 2611 2424 et
2655 2366 2910 2428 Claudia,
2948 2373 3001 2418 et
3027 2361 3230 2415 lratres
3279 2370 3492 2410 omnes.
3542 2348 3765 2404 Dominus

2225 2467 2383 2523 .Iesus
2416 2463 2670 2519 Christus
2713 2472 2837 2514 cum
2881 2455 3079 2526 spiritu
3114 2461 3228 2506 tuo.
3281 2447 3469 2502 Gratia
3495 2441 3765 2497 vobiscum.

2230 2564 2427 2615 Amen.

1368 2693 1604 2767 Explicit
1637 2690 1879 2761 Epistola
1912 2687 1977 2743 Β.
2009 2685 2165 2741 Pauli
2195 2679 2424 2753 apostoli
2455 2675 2524 2731 ad
2550 2671 2869 2729 Timotheum
2902 2664 2981 2724 II.

1281 3044 1458 3155 Β.
1537 3028 2103 3147 PAULI
2175 3012 3089 3135 APOSTOLI

2036 3234 2328 3299 INCIPIT

972 3415 2109 3661 EPISTOLA,
2197 3419 2494 3591 AD
2629 3409 3387 3588 TITUM.

648 3882 808 3957 [Cap.
851 3878 917 3951 l.]
965 3875 1170 3932 Paulus
1209 3884 1404 3929 servus
1453 3863 1910 3938 Dei,,apostolus
1950 3847 2146 3914 ’autcm
2174 3858 2219 3918 ο
2258 3852 2653 3916 continentem,
2708 3848 3123 3918 amplectentem
3172 3860 3297 3902 eum
3375 3843 3469 3914 qui
3520 3840 3789 3897 secundum

561 3981 689 4035 Iesu
739 3971 945 4029 Christi
985 3966 1291 4023 secundum
1345 3961 1505 4014 (idem
1554 3958 1855 4012 electorum
1900 3954 2037 4018 Dei,
2085 3960 2141 4005 et

564 4068 895 4139 agnitionem
933 4059 1203 4123 veritatis,
1238 4070 1358 4125 qua:
1384 4050 1684 4107 secundum
1741 4047 2001 4116 pietatem
2034 4050 2138 4096 est.

565 4161 622 4214 In
650 4174 799 4229 spem
827 4156 948 4207 vitae.
976 4161 1215 4211 azternae,
1242 4160 1403 4215 quam
1437 4140 1693 4212 promisit
1726 4138 1820 4208 qui
1857 4151 1964 4190 non
1990 4150 2143 4188 men-

567 4256 719 4315 titur,
776 4250 918 4301 Deus
949 4252 1075 4297 ante
1112 4251 1357 4308 tempora
1391 4232 1675 4289 smcularia
1712 4239 1730 4286 ζ
1767 4225 2142 4281 manifestavit

566 4353 749 4395 autem
787 4336 1126 4405 temporibus
1156 4331 1272 4385 suis
1302 4329 1528 4381 verbum
1570 4336 1730 4378 suum
1781 4320 1835 4373 itt
1884 4317 2145 4387 prmdiea-

570 4439 741 4497 tione,
774 4446 895 4500 quae
936 4426 1144 4482 credita
1177 4432 1265 4477 est
1306 4419 1439 4472 mihi
1473 4416 1777 4470 secundum
1813 4418 2142 4481 praeceptum

571 4524 874 4580 Salvatoris
928 4518 1099 4573 nostri
1132 4515 1224 4569 Dei
1256 4531 1269 4567 :
1304 4512 1429 4566 Tito
1462 4510 1664 4564 dilecto
1699 4505 1809 4559 (ilio
1839 4502 2145 4557 secundum

572 4626 920 4671 communem
975 4608 1161 4671 ﬁdem,
1213 4604 1383 4676 gratia
1417 4610 1474 4655 et
1509 4614 1609 4668 pax
1655 4612 1685 4650 a
1727 4596 1839 4650 Deo
1870 4594 2052 4655 Patre,
2097 4604 2151 4644 et

573 4709 793 4763 Christo
817 4702 946 4757 .lesu
982 4699 1264 4752 Salvatore
1295 4703 1507 4748 nostro.
1547 4690 1720 4759 llujus
1746 4686 1824 4740 rei
1857 4684 2033 4755 gratia
2062 4697 2152 4735 re-

576 4800 709 4868 liqui
744 4807 794 4850 te
823 4794 1019 4856 Cretaz,
1052 4801 1111 4844 ut
1144 4803 1207 4841 ca
1239 4802 1358 4855 quae
1391 4783 1610 4847 desunt,
1648 4780 1910 4847 corrigas.
1940 4784 1993 4829 et
2023 4790 2152 4827 con-

577 4891 774 4945 atituas
805 4900 902 4955 per
933 4882 1185 4937 civitates
1234 4877 1605 4945 presbyteros,
1632 4870 1774 4923 sient
1822 4877 1877 4920 et
1909 4882 2008 4934 ego
2041 4865 2153 4915 dis-

581 4980 743 5054 posui
806 4977 929 5032 tibi.
957 4974 1013 5029 Si
1050 4972 1172 5043 quis
1209 4970 1327 5023 sine
1362 4964 1595 5020 crimine
1628 4970 1733 5026 est,
1765 4961 1931 5013 unius
1967 4958 2153 5011 uxoris

584 5078 686 5138 vir,
705 5072 845 5126 [ilius
864 5069 1069 5122 habens
1092 5063 1299 5123 ﬁdeles,
1316 5072 1422 5112 non
1447 5057 1501 5111 in
1516 5044 1860 5108 accusatione
1876 5053 1890 5081 ³
1906 5051 2153 5107 luxuriae.

2246 3945 2551 3999 doctrinam
2591 3951 2675 3997 est
2701 3980 2717 4005 ,
2754 3941 2966 3995 lideletn
3007 3954 3315 3993 sermonem
3356 3955 3373 3991 :
3408 3948 3468 3989 ut
3526 3946 3709 4006 potens
3740 3934 3796 3986 sit

2245 4035 2526 4089 exhortari
2559 4034 2613 4086 in
2653 4031 2903 4086 doctrina
2927 4046 3079 4094 sana,
3104 4040 3159 4084 et
3184 4043 3278 4083 eos
3300 4028 3393 4095 qui
3416 4027 3793 4085 contradicunt,

2244 4142 2494 4200 arguere.
2547 4126 2689 4179 Sunt
2739 4125 2885 4178 enim
2943 4124 3097 4176 multi
3144 4122 3307 4174 etiam
3347 4122 3367 4151 ³
3421 4116 3798 4175 inobedientes.

2250 4219 2551 4288 vaniloqni,
2585 4225 2639 4270 ct
2668 4215 3010 4273 seductores.
3038 4214 3273 4265 maxime
3304 4212 3400 4280 qui
3434 4211 3505 4265 de
3533 4207 3798 4265 circutncio

2249 4315 2406 4368 sione
2453 4320 2582 4367 sunt
2614 4329 2626 4358 τ
2668 4326 2807 4380 quos
2837 4317 3054 4378 oportet
3082 4307 3332 4375 redargui
3371 4321 3387 4358 ε
3425 4306 3521 4374 qui
3553 4305 3802 4358 universas

2251 4407 2446 4459 domos
2480 4406 2830 4469 subvertant,
2863 4403 3124 4455 docentes
3147 4414 3269 4467 qua:
3301 4414 3413 4451 non
3444 4407 3681 4469 oportet,
3705 4405 3801 4447 tur-

2251 4497 2336 4569 pis
2388 4498 2524 4552 lucri
2580 4497 2776 4565 gratia.
2826 4492 2971 4547 Dixit
3024 4494 3246 4563 quidam
3300 4510 3366 4546 ex
3404 4492 3541 4556 illis,
3580 4489 3804 4558 proprius

2254 4594 2499 4661 ipsorum
2553 4590 2818 4657 propheta
2846 4599 2862 4639 :
2920 4583 3234 4648 Cretenses,
3267 4597 3489 4651 semper
3522 4579 3802 4636 mendaces,

2255 4688 2407 4738 mala:
2448 4684 2653 4745 bestiae,
2686 4688 2908 4734 ventres
2949 4680 3109 4748 pigri.
3148 4676 3556 4731 Testimonium
3588 4675 3685 4728 hoc
3727 4686 3801 4723 rc-

2258 4794 2377 4830 rutn
2427 4787 2532 4829 est.
2587 4776 2759 4837 Quam
2788 4774 2860 4826 ob
2893 4786 3114 4825 causam
3162 4771 3381 4837 increpa
3417 4768 3550 4822 illos
3577 4768 3721 4827 dure,
3760 4770 3804 4813 ut

2259 4869 2377 4925 sani
2414 4873 2522 4923 sint
2552 4869 2603 4920 in
2637 4868 2764 4929 lide,
2806 4882 2913 4919 non
2953 4863 3300 4918 intendentes
3335 4860 3589 4915 Judaicis
3620 4854 3803 4915 fabulis,

2260 4974 2317 5016 et
2351 4960 2617 5015 nummatis
2653 4959 2937 5014 hominum
2962 4995 2977 5021 ,
3015 4955 3384 5009 aversantium
3423 4969 3487 5007 se
3524 4969 3555 5006 a
3591 4952 3807 5005 veritate.

2260 5052 2459 5108 Omnia
2495 5052 2695 5103 mmnla
2724 5049 2947 5104 mundis
2974 5062 2989 5099 :
3025 5045 3393 5115 coinquinatis
3420 5054 3613 5098 autem
3637 5053 3688 5096 et
3711 5037 3811 5093 inli-

580 5177 675 5219 aut
705 5178 814 5217 non
852 5157 1122 5213 subditos.
1177 5150 1411 5221 Oportet
1460 5148 1607 5203 enim
1655 5144 1975 5215 episcopum
2032 5142 2153 5196 sine
2188 5184 2233 5241 ο
2269 5144 2488 5197 delibus
2545 5142 2681 5195 nihil
2734 5151 2819 5195 est
2873 5137 3159 5201 mundum,
3214 5135 3309 5190 sed
3363 5136 3665 5205 inquinata
3708 5139 3816 5183 sunt

581 5257 811 5313 crimine
840 5265 982 5316 esse,
1007 5248 1148 5303 sicut
1179 5244 1270 5298 Dei
1300 5243 1735 5314 dispensatorem
1769 5254 1783 5290 :
1815 5251 1921 5289 non
1954 5248 2153 5302 super-

580 5356 733 5413 bum,
768 5363 876 5401 non
913 5339 1261 5402 iracundum,
1318 5349 1427 5388 non
1468 5333 1830 5391 vinolentum,
1878 5342 1986 5378 non
2036 5341 2158 5393 per-

583 5450 888 5493 t‘ttssorent.
943 5444 1051 5485 non
1110 5425 1284 5494 turpis
1318 5424 1453 5476 lucri
1502 5419 1765 5489 cupidum
1794 5433 1808 5469 :
1842 5419 1937 5469 sed
1971 5414 2158 5482 hospi-

586 5533 786 5589 talem,
848 5522 1183 5592 benignutn,
1249 5514 1535 5575 sobrium,
1589 5512 1834 5579 justum,
1889 5514 2157 5569 sanctmu,

662 5647 677 5675 ¹
705 5646 839 5699 Cmn
865 5641 1098 5711 negandi
1121 5634 1389 5711 particula
1416 5628 1546 5700 legit
1575 5630 1849 5711 Palatinus
1877 5641 1980 5709 ms.
2002 5627 2155 5693 juxta

586 5716 834 5766 Graecum
888 5700 1135 5773 te'itum,’
1156 5722 1256 5759 non
1289 5707 1345 5758 in
1396 5702 1757 5762 accusatione,
1793 5700 1866 5766 μὴ
1896 5702 1953 5749 ἐν
1983 5712 2156 5765 κατη-

588 5798 769 5849 Toga.

2262 5251 2452 5289 eorum
2520 5244 2575 5287 et
2629 5247 2782 5286 tuens
2843 5240 2898 5284 et
2952 5228 3314 5283 conscientia.
3373 5225 3719 5280 Conﬁtentur
3765 5233 3817 5272 se

2266 5344 2427 5381 nosse
2459 5326 2625 5379 Deum
2656 5364 2670 5386 ,
2708 5323 2868 5377 factis
2896 5331 3078 5375 autem
3112 5329 3310 5386 negant
3346 5335 3360 5376 :
3396 5334 3531 5373 cum
3573 5319 3678 5372 sint
3706 5314 3822 5366 abo—

2264 5418 2457 5471 minati
2488 5457 2503 5481 ,
2542 5427 2597 5470 et
2636 5412 3022 5476 incredibiles,
3064 5423 3118 5467 et
3156 5412 3221 5465 ad
3259 5427 3420 5466 omne
3462 5426 3603 5480 Opus
3641 5410 3818 5461 bonum

2266 5510 2509 5579 reprobi.

2298 5701 2306 5710 0
2387 5628 2640 5710 Voculam
2668 5629 2852 5710 etiam,
2878 5640 3000 5695 quae
3030 5624 3082 5678 in
3105 5620 3536 5691 aliquotGra-cis
3562 5618 3710 5673 libris
3737 5613 3817 5667 de-

2264 5700 2558 5762 sideratur,
2582 5697 2868 5752 Palatinus
2898 5710 3113 5763 quoque
3144 5710 3247 5748 ms.
3280 5696 3481 5745 nescit.
