3946 6170
238 309 343 372 849

1192 310 1251 370 S.
1298 308 1534 369 PAULI
1577 311 1818 372 EPIST.
1854 311 1954 370 AD
1995 309 2539 374 PIIlLEMONEM.

3390 310 3497 370 8.70

312 420 473 493 [ϐαρ.
508 418 601 492 11.]
654 419 734 473 Tu
766 432 949 472 autem
979 418 1208 487 loquere
1241 434 1362 488 quae
1396 418 1596 474 decent
1623 435 1810 474 sanam
1844 428 1883 484 Α
1918 418 2124 474 bonum
2163 427 2382 488 paratos
2405 434 2529 474 esse
2560 432 2575 471 :
2619 417 2896 472 neminem
2941 416 3353 487 blasphemare,
3391 435 3498 472 nun

241 514 575 569 doctrinam.
606 512 799 574 Senes,
826 521 884 565 ut
907 511 1077 566 sobrii
1101 512 1232 577 sint,
1259 511 1467 580 pudici.
1496 514 1816 579 prudentes,

239 608 357 663 sani
390 607 443 659 in
478 606 605 669 tide,
638 607 693 660 in
724 606 1043 669 dilectione,
1072 605 1129 659 in
1161 604 1446 673 patientia.
1479 603 1630 658 Anus
1660 604 1816 658 simi-

238 702 363 754 liter
386 700 438 752 in
465 698 657 753 habitu
684 710 896 762 sancto,
925 711 1033 750 non
1060 696 1484 763 criminatrices,
1509 712 1619 751 non
1648 697 1818 750 multo

243 789 371 842 vino
420 788 749 854 servientes,
810 788 951 842 bene
984 785 1248 841 docentes
1300 804 1315 841 :
1368 798 1430 839 ut
1471 785 1817 856 prudentiam

237 882 474 936 doceant
502 880 959 946 adolescentulas,
994 890 1054 935 ut
1082 880 1231 934 viros
1263 894 1393 935 suos
1423 887 1627 943 ament,
1662 880 1811 955 tilios

238 988 373 1028 suos
420 973 673 1041 diligant,
728 974 1048 1043 prudentes,
1097 980 1295 1035 castas,
1348 972 1583 1034 sobrias,
1624 971 1819 1027 domus

240 1080 431 1118 curam
467 1065 753 1128 habentes,
806 1065 1091 1134 benignas.
1144 1064 1391 1119 subditas
1423 1065 1558 1117 viris
1590 1064 1724 1128 suis,
1761 1072 1821 1117 ut

241 1173 351 1210 non
388 1156 800 1226 blasphemetur
839 1155 1069 1210 verbum
1120 1154 1239 1211 Dei.
1293 1153 1533 1209 Juvenes
1564 1154 1821 1209 similiter

240 1250 469 1304 hortare
506 1259 567 1303 ut
592 1249 761 1303 sobrii
794 1250 927 1304 sint.
981 1248 1038 1301 tn
1070 1248 1329 1302 omnibus
1364 1248 1600 1316 teipsum
1640 1247 1820 1315 priebe

236 1340 555 1410 exemplum
589 1341 856 1395 bonorum
890 1355 1147 1409 operum,
1182 1340 1236 1393 in
1274 1340 1545 1400 doctrina.
1584 1339 1637 1393 in
1673 1341 1815 1394 inte-

238 1434 464 1503 gritate,
486 1442 542 1487 et
566 1432 620 1486 in
642 1433 932 1501 gravitate,
964 1432 1191 1486 verbum
1222 1447 1440 1497 sanum,
1468 1433 1821 1501 trreprehen-

233 1524 405 1578 sibile
436 1538 451 1576 :
490 1532 547 1576 ut
576 1522 623 1576 is
646 1565 661 1589 ,
694 1522 787 1592 qui
824 1537 889 1576 ex
936 1520 1164 1575 adverso
1212 1535 1312 1587 εει,
1348 1533 1630 1586 vereatur,
1684 1522 1821 1577 nihil

234 1615 458 1669 habens
514 1613 717 1667 malum
778 1611 958 1667 dicere
998 1612 1066 1666 de
1098 1613 1276 1667 nobis.
1332 1611 1531 1668 Servos
1584 1612 1822 1667 dominis

236 1707 363 1761 suis
389 1704 643 1759 subditos
669 1719 810 1767 esse,
845 1704 897 1758 in
928 1704 1183 1758 onmibus
1212 1704 1510 1773 placentes,
1552 1719 1659 1758 non
1690 1718 1822 1757 con-

234 1799 599 1865 tradicentes,
632 1813 740 1851 non
772 1796 1111 1860 fraudantes,
1143 1797 1236 1850 sed
1276 1796 1331 1850 in
1368 1796 1629 1850 omnibus
1658 1796 1818 1850 tidem

243 1894 449 1946 bonam
476 1891 827 1945 ostendentes
855 1906 869 1943 :
904 1898 963 1944 ut
989 1888 1294 1943 doctrinam
1325 1887 1623 1943 Salvatoris
1651 1889 1820 1943 nosu'i

241 1984 349 2039 Dei
394 1992 593 2037 ornent
623 1982 677 2037 in
707 1981 984 2036 omnibus.
1042 1981 1310 2051 Apparuit
1340 1981 1485 2035 enim
1520 1981 1695 2051 gratia
1728 1982 1820 2035 Dei

240 2074 552 2129 Salvatoris
577 2073 749 2129 nostri
771 2075 1025 2128 onmibus
1043 2073 1386 2137 hominibus,
1411 2072 1671 2127 erudiens
1695 2086 1819 2140 nos,

239 2180 333 2234 ut,
366 2169 699 2236 abnegantes
744 2166 1079 2236 impietatem
1112 2175 1168 2220 et
1213 2165 1492 2221 smcularia
1526 2165 1820 2229 desideria,

228 2259 454 2323 sobrie,
501 2267 556 2313 et
599 2258 771 2327 juste,
821 2267 877 2311 et
930 2257 1020 2326 pie
1067 2257 1315 2311 vivamus
1357 2256 1411 2311 in
1464 2256 1569 2311 hoc
1599 2256 1820 2322 saeculo,

231 2361 625 2419 exspectantes
654 2352 863 2407 beatam
892 2365 1045 2419 spem
1076 2362 1132 2406 et
1160 2352 1459 2406 adventum
1488 2350 1677 2418 gloria:
1706 2366 1822 2406 ma-

232 2446 339 2513 gni
376 2443 493 2508 Dei,
530 2454 587 2498 et
640 2442 939 2498 Salvatoris
997 2445 1169 2497 nostri
1225 2442 1357 2498 Jesu
1400 2442 1606 2499 Christi
1650 2460 1666 2499 :
1725 2442 1828 2513 qui.

233 2534 399 2589 dedit
428 2536 781 2607 semetipsum
812 2552 911 2606 pro
943 2536 1124 2602 nobis,
1176 2546 1235 2591 ut
1282 2552 1384 2591 nos
1420 2535 1717 2591 redimeret
1752 2534 1821 2590 ab

232 2630 399 2681 omni
427 2629 737 2698 iniquitate,
768 2640 823 2684 et
851 2630 1139 2685 mandaret
1160 2629 1264 2685 sibi
1289 2630 1543 2698 populum
1570 2639 1823 2697 accepta-

228 2718 438 2782 bilem,
464 2730 794 2775 sectatorem
831 2721 1108 2775 bonorum‘
1134 2736 1389 2791 cperunt.
1421 2720 1544 2775 Hac
1566 2720 1818 2790 loquere,

226 2822 293 2867 et
325 2812 638 2880 exhortare,
666 2822 723 2869 et
756 2829 922 2882 argue
950 2828 1077 2869 cum
1103 2814 1253 2869 omni
1280 2813 1535 2884 imperio.
1570 2813 1745 2870 Nemo
1770 2822 1822 2869 te

229 2914 586 2963 contemnat.
914 2950 919 2955 .

314 2994 479 3067 [ϐαρ.
515 2997 633 3070 lll.|
667 2997 915 3053 Admone
947 2996 1068 3052 illos
1098 2995 1448 3067 principibus
1477 3002 1535 3051 et
1563 3002 1819 3065 potesta-

231 3090 395 3145 tibus
416 3088 670 3146 subditos
697 3103 843 3155 esse,
879 3088 1029 3144 dicto
1057 3086 1307 3153 obedire,
1357 3086 1425 3142 ad
1472 3101 1635 3142 omne
1679 3101 1819 3157 opus

1922 513 2188 581 litigiosos
2221 528 2361 577 esse,
2394 514 2488 567 sed
2542 512 2839 575 modestos,
2877 527 3097 567 onmem
3136 508 3495 566 ostenddntes

1909 606 2399 677 mansuetudinem
2437 606 2503 660 ad
2538 622 2728 659 omnes
2754 606 3024 660 homines.
3090 606 3322 659 Eramus
3349 606 3496 659 enim

1922 696 2215 766 aliquando
2261 707 2316 751 et
2367 712 2463 749 nos
2491 697 2832 765 insipientes,
2886 697 3179 761 increduli,
3230 706 3500 759 errantes,

1921 789 2229 843 servientes
2258 788 2545 843 desideriis
2580 797 2634 843 et
2666 790 3039 858 voluptatibus
3060 790 3265 852 variis,
3286 791 3340 843 in
3381 806 3466 846 ma
3486 821 3503 831 -

1921 884 2037 937 lilia
2066 896 2121 937 et
2154 884 2358 937 invidia
2390 893 2632 952 agentes,
2668 883 2923 948 odibiles,
2957 883 3205 937 odieutes
3238 884 3495 938 invicem.

1920 976 2056 1031 Cum
2088 983 2270 1029 autem
2318 975 2633 1043 benignitas
2664 984 2719 1028 et
2752 974 3063 1028 immanitas
3093 975 3351 1044 apparuit
3384 975 3503 1028 Sal-

1920 1068 2127 1122 vatoris
2174 1068 2345 1120 nostri
2400 1067 2517 1132 Dei,
2554 1082 2659 1119 non
2713 1082 2778 1120 ex
2811 1067 3073 1135 operibus
3102 1067 3347 1137 justitiar,
3380 1082 3502 1134 qua:

1920 1161 2155 1216 fecimus
2185 1176 2304 1223 nos,
2340 1161 2432 1215 sed
2491 1158 2794 1214 secundum
2842 1174 2995 1212 suam
3053 1158 3491 1213 misericordiam

1920 1254 2100 1310 salvos
2137 1268 2235 1307 nos
2256 1252 2402 1313 fecit,
2428 1268 2523 1320 per
2560 1252 2835 1306 lavacrum
2862 1253 3291 1322 regenerationis
3325 1261 3379 1304 et
3411 1268 3501 1307 re-

1923 1346 2232 1400 novationis
2287 1344 2531 1414 Spiritus
2593 1347 2814 1409 sancti,
2858 1361 3018 1413 quem
3075 1344 3267 1400 eﬂ‘udit
3307 1343 3360 1397 in
3400 1360 3501 1399 nos

1921 1436 2139 1491 abunde
2171 1454 2267 1505 per
2298 1437 2482 1491 Jesum
2510 1438 2789 1493 Christum
2826 1437 3167 1492 Salvatorem
3201 1446 3448 1490 nostrum
3480 1452 3495 1489 :

1924 1537 2001 1592 ut,
2024 1526 2303 1597 iustificati
2330 1530 2503 1596 gratia
2525 1529 2985 1597 ipsins,,b:eredcs
3003 1526 3494 1596 simnsfsecundum

1922 1636 2073 1689 spem
2124 1620 2224 1673 via:
2259 1619 2273 1648 '
2308 1628 2548 1675 aeternae.
2586 1620 2790 1674 Fidelis
2838 1635 3020 1674 sermo
3069 1630 3155 1675 est
3189 1638 3203 1673 :
3235 1629 3291 1673 et
3320 1618 3387 1674 de
3415 1618 3501 1672 his

1929 1710 2048 1765 volo
2087 1718 2138 1763 te
2174 1708 2527 1772 conﬁrmare,
2561 1717 2620 1762 ut
2650 1720 2855 1763 curent»
2879 1711 3039 1763 bonis
3070 1710 3331 1779 operibus
3364 1724 3503 1778 prae-

1924 1818 2046 1857 esse
2073 1802 2163 1871 qui
2197 1802 2435 1857 credunt
2468 1800 2597 1858 Deo.
2631 1801 2757 1856 Haec
2785 1811 2913 1855 sunt
2946 1803 3084 1855 bona
3118 1810 3175 1855 et
3211 1802 3363 1854 utilia
3402 1801 3506 1854 ho-

1926 1893 2189 1948 minibus.
2214 1891 2424 1952 Stultos
2450 1903 2633 1947 autem
2663 1893 3016 1961 quaestiones,
3050 1902 3105 1946 et
3132 1891 3501 1960 genealogias.

1924 1996 1981 2039 et
2009 1984 2419 2048 contentiones,
2450 1993 2500 2037 et
2541 1996 2752 2053 pugnas
2784 1983 2923 2053 legis
2958 1981 3159 2047 devita,
3198 1990 3325 2035 sunt
3353 1981 3502 2035 enim

1926 2077 2151 2134 inutiles
2202 2086 2258 2131 et
2287 2090 2462 2130 vanaa.
2494 2074 2829 2130 Haereticum
2863 2075 3165 2137 hominem,
3193 2080 3315 2143 post
3342 2087 3510 2125 unam

1922 2178 1978 2225 et
2011 2169 2310 2224 secundam
2372 2167 2783 2237 correptionem
2840 2165 3023 2219 devita
3081 2180 3098 2223 ;
3152 2164 3334 2218 sciens
3378 2164 3508 2232 quia

1922 2262 2221 2318 subversas
2236 2271 2342 2325 est,
2361 2260 2455 2332 qui
2478 2258 2744 2329 ejusmodi
2772 2265 2877 2321 est,
2895 2266 2953 2313 et
2980 2256 3269 2326 delinquit,
3289 2271 3415 2312 cum
3438 2257 3512 2311 sit

1927 2351 2151 2423 proprio
2180 2351 2393 2422 judicio
2426 2349 2849 2406 condemnatus.
2906 2346 3044 2402 Cum
3090 2346 3295 2402 misero
3340 2345 3408 2400 ad
3456 2357 3507 2400 te

1926 2447 2231 2509 Artemam,
2259 2450 2353 2498 aut
2380 2442 2707 2514 Tycbicum,
2743 2439 2943 2496 testina
2978 2438 3044 2493 ad
3076 2453 3163 2491 me
3198 2438 3389 2493 venire
3417 2437 3511 2491 Ni-

1924 2538 2162 2607 copolim
2193 2552 2207 2587 :
2244 2535 2320 2591 ibi
2348 2535 2495 2590 enim
2525 2533 2695 2589 statui
2732 2532 3001 2587 hiemare.
3035 2529 3239 2585 Zenam
3269 2529 3505 2600 legispe-

1874 2654 1879 2658 ο
1924 2629 2091 2684 ritum
2147 2637 2204 2683 et
2256 2626 2450 2697 Apollo
2484 2624 2717 2681 sollicite
2764 2622 3056 2693 prtemitte,
3110 2630 3169 2675 ut
3211 2618 3350 2675 nihil
3398 2618 3508 2673 illis

1923 2719 2086 2775 desit.
2122 2718 2343 2773 Discant
2369 2727 2553 2772 autem
2582 2725 2637 2771 et
2671 2715 2845 2770 nostri
2877 2712 3041 2768 bonis
3068 2713 3332 2782 operibus
3362 2726 3506 2780 pra:-

1921 2828 2046 2870 esse
2077 2812 2144 2867 ad
2178 2827 2312 2867 usus
2361 2810 2700 2867 necessarios
2722 2848 2737 2873 ,
2770 2818 2829 2862 ut
2862 2822 2969 2861 non
3002 2806 3112 2861 sint
3144 2806 3494 2861 intractu-isi.

1922 2906 2174 2962 Salutant
2196 2914 2249 2961 te
2268 2904 2361 2975 qui
2383 2898 2595 2959 mecum
2620 2911 2749 2958 sunt
2777 2914 2973 2956 omnes
2999 2916 3013 2953 :
3044 2899 3224 2955 saluta
3251 2912 3350 2953 eos
3404 2897 3499 2966 qui

1925 3014 2029 3055 nos
2059 3005 2246 3053 amant
2278 2997 2333 3053 in
2368 2996 2491 3053 (ide.
2520 2994 2710 3053 Gratia
2740 2996 2833 3053 Dei
2874 3009 2997 3051 cum
3030 2988 3505 3051 omnibusvobis.

1928 3090 2130 3145 Amen.
2256 3099 2260 3104 '

1173 3205 1404 3274 Explicit
1444 3204 1686 3277 Epistola
1712 3203 1778 3260 Β.
1824 3204 1989 3262 Pauli
2022 3209 2251 3278 apostoli
2284 3210 2354 3263 ad
2390 3206 2594 3262 Titum.

315 3345 525 3406 ‘Juxla
570 3350 819 3408 Grmcum
873 3351 1045 3423 ζωῆς,
1094 3351 1388 3422 legendum
1420 3349 1643 3406 videtur
1673 3351 1817 3417 vim,
1859 3366 1960 3422 pro
1988 3352 2087 3409 via:
2114 3368 2132 3408 :
2164 3368 2301 3409 mss.
2336 3362 2520 3408 autem
2549 3366 2655 3407 non
2688 3351 3082 3422 suﬂ‘ragantur.

239 3529 3476 3555 W

990 3679 1161 3791 Β.
1243 3680 1809 3793 PAULI
1882 3679 2787 3797 APOSTOLI

1725 3891 2021 3960 INCIPIT

277 4082 1374 4266 EPISTOLA
1508 4084 1825 4265 AD,

1951 4088 3459 4273 PHILEMONEM.

292 4547 469 4621 [ϐαρ.
508 4546 579 4618 1.]
608 4545 812 4602 Paulus
858 4547 1079 4604 vinctus
1117 4548 1321 4605 Christi
1356 4551 1510 4618 Jesu,
1540 4560 1597 4607 et
1628 4551 1819 4607 Timo-
1847 4556 1894 4619 ο
1924 4555 2069 4625 quod
2101 4564 2190 4610 est
2217 4556 2269 4609 in
2300 4556 2455 4612 vobis
2485 4557 2591 4611 "in
2617 4558 2837 4613 Christo
2866 4560 3016 4617 Iesu.
3044 4560 3319 4615 Gaudium
3357 4563 3504 4617 enim

193 4646 406 4699 theus
447 4642 646 4705 frater,
672 4642 987 4699 Philemoni
1019 4644 1240 4709 dilecto,
1268 4656 1322 4700 et
1348 4646 1584 4715 adjutori
1610 4655 1821 4711 nostro,

189 4744 268 4789 ct
311 4732 516 4801 Appiae
542 4732 717 4787 sorori
750 4732 1088 4787 charissima:
1122 4735 1164 4799 ',
1201 4743 1255 4787 ct
1290 4734 1564 4804 Archippo
1594 4734 1822 4788 commi-

188 4824 397 4881 litoni
450 4833 663 4889 nostro,
700 4832 758 4879 et
818 4823 1074 4879 Ecclesia:
1119 4842 1242 4894 qua:
1294 4827 1347 4880 in
1399 4825 1560 4879 domo
1593 4834 1683 4879 tua
1716 4835 1820 4880 est.

138 4986 141 4987 ν
180 4918 426 4976 Gratia
467 4918 623 4970 vobis
646 4925 702 4972 et
732 4933 832 4985 pax
863 4932 892 4971 a
930 4918 1042 4971 Deo
1071 4917 1232 4971 Patre
1264 4928 1473 4981 nostro,
1504 4926 1559 4972 et
1590 4918 1820 4973 Domino

176 5015 359 5068 Iesu
420 5008 662 5065 Christo.
723 5009 941 5063 Gratias
977 5023 1078 5078 ago
1112 5011 1221 5064 Deo
1258 5027 1401 5069 meo.
1450 5026 1665 5079 semper
1701 5028 1818 5067 me-

179 5102 470 5159 moriam
520 5103 597 5156 tui
633 5102 839 5157 faciens
887 5102 938 5155 in
992 5103 1335 5157 orationibus
1392 5104 1548 5167 meis,
1583 5104 1816 5159 audiens

175 5194 561 5252 charitatem
597 5203 766 5256 tuam,
796 5204 851 5246 et
876 5195 1059 5261 tidem,
1087 5210 1247 5263 quam
1300 5195 1470 5249 habes
1502 5197 1553 5249 in
1589 5197 1818 5252 Domino

172 5292 389 5350 ἔθευ,
418 5298 467 5341 et
508 5288 560 5340 in
588 5302 782 5343 omnes
812 5299 1034 5342 sanctos
1070 5304 1083 5341 :
1123 5296 1182 5341 ut
1212 5288 1638 5343 communicatio
1690 5290 1817 5345 ﬁdei

180 5400 331 5441 tua:
399 5380 630 5436 evidens
661 5381 753 5443 tiat
787 5383 841 5437 in
889 5382 1169 5453 agnitione
1216 5382 1397 5437 onmis
1436 5384 1621 5452 operis
1670 5383 1820 5444 boui,

276 5547 297 5575 ⁸
354 5541 486 5597 Non
546 5542 695 5594 addit
726 5540 860 5594 illud
893 5544 1223 5597 charissinm‘
1252 5544 1533 5598 Palatinus
1560 5560 1660 5596 ms.
1695 5559 1819 5597 eum

173 5617 225 5669 ϐ
238 5612 438 5665 neris
479 5611 686 5680 aliquot
721 5612 901 5664 libris.

270 5691 295 5718 ³
352 5683 516 5736 Idem
552 5698 680 5744 ηις..
731 5683 785 5735 in
817 5684 1088 5749 agnitione
1118 5683 1288 5735 omnis
1321 5686 1461 5743 boni,
1497 5699 1613 5747 amr
1662 5695 1731 5735 ert
1766 5685 1817 5737 in

174 5760 393 5819 nobis,
427 5760 564 5817 ctc.,
594 5764 960 5821 pr.ctcl'tttzssu
989 5770 1175 5821 opm-:3,
1211 5756 1352 5822 quod
1389 5770 1582 5807 nomen
1643 5771 1818 5823 neque

1927 4663 2184 4716 magnum
2217 4649 2405 4712 habui,
2430 4661 2484 4704 et
2510 4652 2946 4707 consolationem
2981 4657 3035 4707 in
3060 4654 3333 4709 charitatc
3360 4664 3451 4709 tua
3487 4675 3499 4711 :

1926 4740 2055 4808 quia
2082 4740 2288 4795 visrera
2312 4752 2625 4797 sanctorum
2652 4746 3045 4814 requieverunt
3075 4761 3171 4814 per
3206 4756 3280 4813 te,
3312 4750 3504 4803 lratcr.

1926 4833 2157 4903 Propter
2188 4838 2331 4905 quod
2372 4838 2598 4892 multam
2657 4840 2911 4896 fiduciam
2946 4842 3156 4897 hahem
3194 4844 3246 4897 in
3284 4845 3508 4911 Christo

1925 4923 2053 4980 Jesu
2086 4927 2389 4998 imperandi
2422 4930 2517 4985 tibi
2542 4933 2684 4999 quod
2720 4933 2784 4986 ad
2819 4948 2933 4988 rem
2966 4936 3241 5003 pertinet:
3280 4950 3502 5006 propter

1926 5020 2255 5074 charitatem
2279 5022 2448 5091 magis
2474 5022 2731 5086 obsecro,
2767 5040 2893 5077 cum
2926 5026 3003 5079 sis
3030 5027 3171 5090 talis,
3202 5038 3261 5081 ut
3300 5028 3498 5081 l‘aulus

1931 5124 2119 5173 senex,
2152 5126 2299 5165 nunc
2326 5121 2506 5166 autem
2541 5123 2596 5166 et
2623 5114 2839 5168 vinctus
2864 5114 2992 5171 Jesu
3017 5118 3241 5181 Christi,
3268 5120 3497 5173 obsecro

1933 5210 1983 5254 te
2010 5217 2109 5270 pro
2152 5218 2275 5255 meo
2312 5203 2443 5267 tilio,
2477 5219 2639 5273 quem
2664 5209 2827 5275 genui
2862 5208 2915 5262 in
2948 5208 3505 5274 vinculis,()nesium,

1931 5296 2021 5361 qui
2050 5298 2145 5351 tibi
2168 5296 2464 5365 aliquando
2500 5298 2711 5353 inutilis
2742 5300 2869 5366 fuit,
2906 5318 3047 5357 nunc
3074 5313 3248 5355 autem
3282 5312 3331 5355 et
3370 5304 3506 5357 mihi

1925 5399 1983 5444 et
2012 5392 2105 5444 tibi
2145 5390 2314 5454 utilis,
2350 5404 2511 5459 quem
2568 5392 2750 5445 remisi
2783 5393 2878 5448 tibi
2912 5394 2955 5448 ³.
2987 5394 3067 5447 Τιι
3103 5400 3282 5446 autem
3329 5395 3506 5458 illum,

1928 5549 1981 5602 in
2015 5549 2204 5601 Crmco
2231 5558 2318 5601 est
2345 5558 2493 5601 textu
2513 5589 2526 5599 .

1998 5620 2017 5649 ³
2045 5624 2220 5687 Atque
2251 5620 2338 5693 hic
2362 5618 2798 5693 pronomentibi,
2832 5619 3001 5677 Palat.
3033 5637 3134 5680 ms.
3167 5629 3335 5683 tacut,
3362 5642 3416 5693 qi
3446 5627 3521 5680 of.

1925 5705 2101 5759 neque
2135 5696 2187 5744 in
2226 5691 2414 5744 Grzecu
2450 5698 2533 5743 est
2569 5692 2891 5757 archetypo.
