  <div class='ocr_page' id='page_1' title='image "/cluster/home/n/w/nwhite01/storage/ocr_20150623/29/hvd.32044096580519/441.png"; bbox 0 0 3946 6170; ppageno 0'>
   <div class='ocr_carea' id='block_1_1' title="bbox 536 297 636 361">
    <p class='ocr_par' dir='ltr' id='par_1_1' title="bbox 536 297 636 361">
     <span class='ocr_line' id='line_1_1' title="bbox 536 297 636 361; baseline 0.01 -1"><span class='ocrx_word' id='word_1_1' title='bbox 536 297 636 361; x_wconf 82' lang='grc'><strong>851</strong></span> 
     </span>
    </p>
   </div>
   <div class='ocr_carea' id='block_1_2' title="bbox 1447 309 3714 398">
    <p class='ocr_par' dir='ltr' id='par_1_2' title="bbox 1447 309 3714 398">
     <span class='ocr_line' id='line_1_2' title="bbox 1447 309 3714 398; baseline 0.011 -27"><span class='ocrx_word' id='word_1_2' title='bbox 1447 309 1510 372; x_wconf 92' lang='lat' dir='ltr'><strong>S.</strong></span> <span class='ocrx_word' id='word_1_3' title='bbox 1546 311 1995 374; x_wconf 78' lang='lat' dir='ltr'><strong>HIERONYMI</strong></span> <span class='ocrx_word' id='word_1_4' title='bbox 2037 316 2310 378; x_wconf 76' lang='lat' dir='ltr'><strong>DIVINA</strong></span> <span class='ocrx_word' id='word_1_5' title='bbox 2351 318 2881 383; x_wconf 73' lang='lat' dir='ltr'><strong>BIBLIOTHECA.</strong></span> <span class='ocrx_word' id='word_1_6' title='bbox 3626 341 3714 398; x_wconf 73' lang='lat'><strong>852</strong></span> 
     </span>
    </p>
   </div>
   <div class='ocr_carea' id='block_1_3' title="bbox 527 419 3713 509">
    <p class='ocr_par' dir='ltr' id='par_1_3' title="bbox 527 419 3713 509">
     <span class='ocr_line' id='line_1_3' title="bbox 527 419 3713 509; baseline 0.009 -37"><span class='ocrx_word' id='word_1_7' title='bbox 527 427 589 472; x_wconf 87' lang='lat' dir='ltr'><strong>ut</strong></span> <span class='ocrx_word' id='word_1_8' title='bbox 619 433 737 473; x_wconf 89' lang='lat' dir='ltr'><strong>mea</strong></span> <span class='ocrx_word' id='word_1_9' title='bbox 764 419 1001 487; x_wconf 85' lang='lat' dir='ltr'><strong>viscera,</strong></span> <span class='ocrx_word' id='word_1_10' title='bbox 1037 424 1258 494; x_wconf 85' lang='lat' dir='ltr'><strong>suscipe</strong></span> <span class='ocrx_word' id='word_1_11' title='bbox 1289 441 1302 477; x_wconf 90' lang='lat'><strong>:</strong></span> <span class='ocrx_word' id='word_1_12' title='bbox 1341 441 1506 495; x_wconf 87' lang='lat' dir='ltr'><strong>quem</strong></span> <span class='ocrx_word' id='word_1_13' title='bbox 1539 445 1641 500; x_wconf 85' lang='lat' dir='ltr'><strong>ego</strong></span> <span class='ocrx_word' id='word_1_14' title='bbox 1671 431 1957 487; x_wconf 78' lang='lat' dir='ltr'><strong>volueram</strong></span> <span class='ocrx_word' id='word_1_15' title='bbox 1987 447 2096 488; x_wconf 65' lang='lat' dir='ltr'><strong>uee-</strong></span> <span class='ocrx_word' id='word_1_16' title='bbox 2126 442 2171 497; x_wconf 79' lang='grc' dir='ltr'><strong>Λ</strong></span> <span class='ocrx_word' id='word_1_17' title='bbox 2201 435 2286 490; x_wconf 89' lang='lat' dir='ltr'><strong>lus</strong></span> <span class='ocrx_word' id='word_1_18' title='bbox 2315 437 2508 506; x_wconf 82' lang='lat' dir='ltr'><strong>scripsi</strong></span> <span class='ocrx_word' id='word_1_19' title='bbox 2543 453 2659 494; x_wconf 88' lang='lat' dir='ltr'><strong>mea</strong></span> <span class='ocrx_word' id='word_1_20' title='bbox 2688 455 2851 492; x_wconf 89' lang='lat' dir='ltr'><strong>manu</strong></span> <span class='ocrx_word' id='word_1_21' title='bbox 2885 455 2899 496; x_wconf 91' lang='lat'>:</span> <span class='ocrx_word' id='word_1_22' title='bbox 2927 455 3029 509; x_wconf 82' lang='lat' dir='ltr'><strong>ego</strong></span> <span class='ocrx_word' id='word_1_23' title='bbox 3065 440 3309 504; x_wconf 86' lang='lat' dir='ltr'><strong>reddam,</strong></span> <span class='ocrx_word' id='word_1_24' title='bbox 3340 451 3398 497; x_wconf 91' lang='lat' dir='ltr'><strong>ut</strong></span> <span class='ocrx_word' id='word_1_25' title='bbox 3436 459 3528 498; x_wconf 89' lang='lat' dir='ltr'><strong>non</strong></span> <span class='ocrx_word' id='word_1_26' title='bbox 3570 445 3713 501; x_wconf 80' lang='lat' dir='ltr'><strong>dicam</strong></span> 
     </span>
    </p>
   </div>
   <div class='ocr_carea' id='block_1_4' title="bbox 521 509 2105 584">
    <p class='ocr_par' dir='ltr' id='par_1_4' title="bbox 521 509 2105 584">
     <span class='ocr_line' id='line_1_4' title="bbox 521 509 2105 584; baseline 0.013 -24"><span class='ocrx_word' id='word_1_27' title='bbox 521 523 649 563; x_wconf 81' lang='lat' dir='ltr'><strong>cum</strong></span> <span class='ocrx_word' id='word_1_28' title='bbox 678 509 950 577; x_wconf 82' lang='lat' dir='ltr'><strong>detinere,</strong></span> <span class='ocrx_word' id='word_1_29' title='bbox 982 523 1042 568; x_wconf 93' lang='lat' dir='ltr'><strong>ut</strong></span> <span class='ocrx_word' id='word_1_30' title='bbox 1064 529 1164 584; x_wconf 92' lang='lat' dir='ltr'><strong>pro</strong></span> <span class='ocrx_word' id='word_1_31' title='bbox 1187 524 1238 570; x_wconf 92' lang='lat' dir='ltr'><strong>te</strong></span> <span class='ocrx_word' id='word_1_32' title='bbox 1265 516 1400 571; x_wconf 89' lang='lat' dir='ltr'><strong>mihi</strong></span> <span class='ocrx_word' id='word_1_33' title='bbox 1429 520 1770 576; x_wconf 73' lang='lat' dir='ltr'><strong>ministraret</strong></span> <span class='ocrx_word' id='word_1_34' title='bbox 1789 522 1842 576; x_wconf 91' lang='lat' dir='ltr'><strong>in</strong></span> <span class='ocrx_word' id='word_1_35' title='bbox 1868 523 2105 580; x_wconf 90' lang='lat' dir='ltr'><strong>vinculis</strong></span> 
     </span>
    </p>
   </div>
   <div class='ocr_carea' id='block_1_5' title="bbox 522 595 2100 669">
    <p class='ocr_par' dir='ltr' id='par_1_5' title="bbox 522 595 2100 669">
     <span class='ocr_line' id='line_1_5' title="bbox 522 595 2100 669; baseline 0.01 -16"><span class='ocrx_word' id='word_1_36' title='bbox 522 595 801 669; x_wconf 74' lang='lat' dir='ltr'><strong>Evangelii</strong></span> <span class='ocrx_word' id='word_1_37' title='bbox 836 619 852 658; x_wconf 86' lang='lat'><strong>:</strong></span> <span class='ocrx_word' id='word_1_38' title='bbox 887 603 1006 657; x_wconf 87' lang='lat' dir='ltr'><strong>sine</strong></span> <span class='ocrx_word' id='word_1_39' title='bbox 1035 607 1264 661; x_wconf 90' lang='lat' dir='ltr'><strong>consilio</strong></span> <span class='ocrx_word' id='word_1_40' title='bbox 1299 620 1483 664; x_wconf 91' lang='lat' dir='ltr'><strong>autem</strong></span> <span class='ocrx_word' id='word_1_41' title='bbox 1518 621 1615 666; x_wconf 91' lang='lat' dir='ltr'><strong>tuo</strong></span> <span class='ocrx_word' id='word_1_42' title='bbox 1664 613 1802 667; x_wconf 89' lang='lat' dir='ltr'><strong>nihil</strong></span> <span class='ocrx_word' id='word_1_43' title='bbox 1833 615 1975 669; x_wconf 90' lang='lat' dir='ltr'><strong>volui</strong></span> <span class='ocrx_word' id='word_1_44' title='bbox 2014 614 2100 669; x_wconf 83' lang='lat' dir='ltr'><strong>fa-</strong></span> 
     </span>
    </p>
   </div>
   <div class='ocr_carea' id='block_1_6' title="bbox 521 692 2100 766">
    <p class='ocr_par' dir='ltr' id='par_1_6' title="bbox 521 692 2100 766">
     <span class='ocr_line' id='line_1_6' title="bbox 521 692 2100 766; baseline 0.011 -24"><span class='ocrx_word' id='word_1_45' title='bbox 521 705 672 756; x_wconf 87' lang='lat' dir='ltr'><strong>cere,</strong></span> <span class='ocrx_word' id='word_1_46' title='bbox 723 692 798 745; x_wconf 92' lang='lat' dir='ltr'><strong>uti</strong></span> <span class='ocrx_word' id='word_1_47' title='bbox 835 692 958 764; x_wconf 65' lang='grc' dir='ltr'><strong>[ηις.</strong></span> <span class='ocrx_word' id='word_1_48' title='bbox 997 695 1075 766; x_wconf 80' lang='grc' dir='ltr'>ιιι]</span> <span class='ocrx_word' id='word_1_49' title='bbox 1129 713 1194 752; x_wconf 91' lang='lat' dir='ltr'><strong>ne</strong></span> <span class='ocrx_word' id='word_1_50' title='bbox 1246 699 1396 753; x_wconf 81' lang='lat' dir='ltr'><strong>velut</strong></span> <span class='ocrx_word' id='word_1_51' title='bbox 1427 717 1494 755; x_wconf 75' lang='lat' dir='ltr'><strong>ex</strong></span> <span class='ocrx_word' id='word_1_52' title='bbox 1531 704 1855 760; x_wconf 87' lang='lat' dir='ltr'><strong>necessitate</strong></span> <span class='ocrx_word' id='word_1_53' title='bbox 1895 707 2100 760; x_wconf 89' lang='lat' dir='ltr'><strong>bonum</strong></span> 
     </span>
    </p>
   </div>
   <div class='ocr_carea' id='block_1_7' title="bbox 524 786 2100 851">
    <p class='ocr_par' dir='ltr' id='par_1_7' title="bbox 524 786 2100 851">
     <span class='ocr_line' id='line_1_7' title="bbox 524 786 2100 851; baseline 0.012 -20"><span class='ocrx_word' id='word_1_54' title='bbox 524 791 676 834; x_wconf 89' lang='lat' dir='ltr'><strong>tuum</strong></span> <span class='ocrx_word' id='word_1_55' title='bbox 711 794 876 851; x_wconf 82' lang='lat' dir='ltr'><strong>esset,</strong></span> <span class='ocrx_word' id='word_1_56' title='bbox 927 786 1022 841; x_wconf 86' lang='lat' dir='ltr'><strong>sed</strong></span> <span class='ocrx_word' id='word_1_57' title='bbox 1052 789 1444 846; x_wconf 84' lang='lat' dir='ltr'><strong>voluntarium.</strong></span> <span class='ocrx_word' id='word_1_58' title='bbox 1483 794 1734 848; x_wconf 76' lang='lat' dir='ltr'><strong>Forsitan</strong></span> <span class='ocrx_word' id='word_1_59' title='bbox 1782 798 1930 850; x_wconf 91' lang='lat' dir='ltr'><strong>enim</strong></span> <span class='ocrx_word' id='word_1_60' title='bbox 1977 798 2100 851; x_wconf 90' lang='lat' dir='ltr'><strong>ideo</strong></span> 
     </span>
    </p>
   </div>
   <div class='ocr_carea' id='block_1_8' title="bbox 521 873 2102 957">
    <p class='ocr_par' dir='ltr' id='par_1_8' title="bbox 521 873 2102 957">
     <span class='ocr_line' id='line_1_8' title="bbox 521 873 2102 957; baseline 0.014 -35"><span class='ocrx_word' id='word_1_61' title='bbox 521 873 778 928; x_wconf 79' lang='lat' dir='ltr'><strong>discessit</strong></span> <span class='ocrx_word' id='word_1_62' title='bbox 810 876 877 929; x_wconf 88' lang='lat' dir='ltr'><strong>ad</strong></span> <span class='ocrx_word' id='word_1_63' title='bbox 905 877 1094 933; x_wconf 86' lang='lat' dir='ltr'><strong>horam</strong></span> <span class='ocrx_word' id='word_1_64' title='bbox 1129 893 1158 933; x_wconf 87' lang='lat' dir='ltr'><strong>a</strong></span> <span class='ocrx_word' id='word_1_65' title='bbox 1195 889 1269 945; x_wconf 91' lang='lat' dir='ltr'><strong>te,</strong></span> <span class='ocrx_word' id='word_1_66' title='bbox 1297 892 1356 937; x_wconf 94' lang='lat' dir='ltr'><strong>ut</strong></span> <span class='ocrx_word' id='word_1_67' title='bbox 1391 894 1659 940; x_wconf 82' lang='lat' dir='ltr'><strong>aeternum</strong></span> <span class='ocrx_word' id='word_1_68' title='bbox 1696 887 1848 940; x_wconf 90' lang='lat' dir='ltr'><strong>illum</strong></span> <span class='ocrx_word' id='word_1_69' title='bbox 1891 887 2102 957; x_wconf 87' lang='lat' dir='ltr'><strong>recipe-</strong></span> 
     </span>
    </p>
   </div>
   <div class='ocr_carea' id='block_1_9' title="bbox 521 964 2096 1045">
    <p class='ocr_par' dir='ltr' id='par_1_9' title="bbox 521 964 2096 1045">
     <span class='ocr_line' id='line_1_9' title="bbox 521 964 2096 1045; baseline 0.01 -29"><span class='ocrx_word' id='word_1_70' title='bbox 521 980 610 1018; x_wconf 88' lang='lat' dir='ltr'><strong>res</strong></span> <span class='ocrx_word' id='word_1_71' title='bbox 645 982 660 1018; x_wconf 91' lang='lat'><strong>:</strong></span> <span class='ocrx_word' id='word_1_72' title='bbox 691 964 801 1034; x_wconf 89' lang='lat' dir='ltr'><strong>jam</strong></span> <span class='ocrx_word' id='word_1_73' title='bbox 855 983 961 1022; x_wconf 93' lang='lat' dir='ltr'><strong>non</strong></span> <span class='ocrx_word' id='word_1_74' title='bbox 1012 979 1070 1024; x_wconf 92' lang='lat' dir='ltr'><strong>ut</strong></span> <span class='ocrx_word' id='word_1_75' title='bbox 1095 986 1337 1036; x_wconf 88' lang='lat' dir='ltr'><strong>servum,</strong></span> <span class='ocrx_word' id='word_1_76' title='bbox 1369 975 1465 1029; x_wconf 88' lang='lat' dir='ltr'><strong>sed</strong></span> <span class='ocrx_word' id='word_1_77' title='bbox 1508 992 1610 1045; x_wconf 90' lang='lat' dir='ltr'><strong>pro</strong></span> <span class='ocrx_word' id='word_1_78' title='bbox 1645 992 1804 1032; x_wconf 79' lang='lat' dir='ltr'><strong>servo</strong></span> <span class='ocrx_word' id='word_1_79' title='bbox 1837 979 2096 1034; x_wconf 71' lang='lat' dir='ltr'><strong>charissi-</strong></span> 
     </span>
    </p>
   </div>
   <div class='ocr_carea' id='block_1_10' title="bbox 521 1057 2100 1140">
    <p class='ocr_par' dir='ltr' id='par_1_10' title="bbox 521 1057 2100 1140">
     <span class='ocr_line' id='line_1_10' title="bbox 521 1057 2100 1140; baseline 0.011 -31"><span class='ocrx_word' id='word_1_80' title='bbox 521 1073 667 1111; x_wconf 85' lang='lat' dir='ltr'><strong>ntum</strong></span> <span class='ocrx_word' id='word_1_81' title='bbox 700 1057 947 1126; x_wconf 77' lang='lat' dir='ltr'><strong>fratrem,</strong></span> <span class='ocrx_word' id='word_1_82' title='bbox 981 1064 1216 1120; x_wconf 73' lang='lat' dir='ltr'><strong>maxime</strong></span> <span class='ocrx_word' id='word_1_83' title='bbox 1254 1066 1388 1120; x_wconf 91' lang='lat' dir='ltr'><strong>mihi</strong></span> <span class='ocrx_word' id='word_1_84' title='bbox 1417 1083 1434 1133; x_wconf 72' lang='grc' dir='ltr'><strong>ς</strong></span> <span class='ocrx_word' id='word_1_85' title='bbox 1467 1077 1673 1136; x_wconf 86' lang='lat' dir='ltr'><strong>quanto</strong></span> <span class='ocrx_word' id='word_1_86' title='bbox 1704 1080 1890 1125; x_wconf 90' lang='lat' dir='ltr'><strong>autem</strong></span> <span class='ocrx_word' id='word_1_87' title='bbox 1927 1072 2100 1140; x_wconf 79' lang='lat' dir='ltr'><strong>magis</strong></span> 
     </span>
    </p>
   </div>
   <div class='ocr_carea' id='block_1_11' title="bbox 465 1149 2091 1230">
    <p class='ocr_par' dir='ltr' id='par_1_11' title="bbox 465 1149 2091 1230">
     <span class='ocr_line' id='line_1_11' title="bbox 465 1149 2091 1230; baseline 0.012 -32"><span class='ocrx_word' id='word_1_88' title='bbox 465 1215 470 1221; x_wconf 27' lang='lat'>,</span> <span class='ocrx_word' id='word_1_89' title='bbox 521 1149 640 1212; x_wconf 89' lang='lat' dir='ltr'><strong>tibi,</strong></span> <span class='ocrx_word' id='word_1_90' title='bbox 676 1160 732 1204; x_wconf 92' lang='lat' dir='ltr'><strong>et</strong></span> <span class='ocrx_word' id='word_1_91' title='bbox 767 1151 820 1205; x_wconf 89' lang='lat' dir='ltr'><strong>in</strong></span> <span class='ocrx_word' id='word_1_92' title='bbox 853 1167 1042 1219; x_wconf 89' lang='lat' dir='ltr'><strong>carne,</strong></span> <span class='ocrx_word' id='word_1_93' title='bbox 1073 1164 1128 1211; x_wconf 90' lang='lat' dir='ltr'><strong>et</strong></span> <span class='ocrx_word' id='word_1_94' title='bbox 1154 1157 1208 1211; x_wconf 89' lang='lat' dir='ltr'><strong>in</strong></span> <span class='ocrx_word' id='word_1_95' title='bbox 1241 1159 1471 1214; x_wconf 88' lang='lat' dir='ltr'><strong>Domino</strong></span> <span class='ocrx_word' id='word_1_96' title='bbox 1503 1162 1515 1214; x_wconf 86' lang='grc' dir='ltr'><strong>ι</strong></span> <span class='ocrx_word' id='word_1_97' title='bbox 1555 1160 1610 1216; x_wconf 92' lang='lat' dir='ltr'><strong>Si</strong></span> <span class='ocrx_word' id='word_1_98' title='bbox 1645 1177 1774 1230; x_wconf 75' lang='lat' dir='ltr'><strong>ergo</strong></span> <span class='ocrx_word' id='word_1_99' title='bbox 1803 1165 1968 1217; x_wconf 85' lang='lat' dir='ltr'><strong>babes</strong></span> <span class='ocrx_word' id='word_1_100' title='bbox 2005 1180 2091 1217; x_wconf 87' lang='lat' dir='ltr'><strong>me</strong></span> 
     </span>
    </p>
   </div>
   <div class='ocr_carea' id='block_1_12' title="bbox 520 1243 2100 1324">
    <p class='ocr_par' dir='ltr' id='par_1_12' title="bbox 520 1243 2100 1324">
     <span class='ocr_line' id='line_1_12' title="bbox 520 1243 2100 1324; baseline 0.011 -31"><span class='ocrx_word' id='word_1_101' title='bbox 520 1243 758 1306; x_wconf 88' lang='lat' dir='ltr'><strong>socium,</strong></span> <span class='ocrx_word' id='word_1_102' title='bbox 788 1247 1006 1315; x_wconf 85' lang='lat' dir='ltr'><strong>suscipe</strong></span> <span class='ocrx_word' id='word_1_103' title='bbox 1049 1248 1196 1302; x_wconf 91' lang='lat' dir='ltr'><strong>illum</strong></span> <span class='ocrx_word' id='word_1_104' title='bbox 1229 1251 1370 1304; x_wconf 80' lang='lat' dir='ltr'><strong>sicut</strong></span> <span class='ocrx_word' id='word_1_105' title='bbox 1393 1247 1482 1304; x_wconf 65' lang='lat' dir='ltr'><strong>&#39;me</strong></span> <span class='ocrx_word' id='word_1_106' title='bbox 1515 1269 1531 1308; x_wconf 90' lang='lat'><strong>:</strong></span> <span class='ocrx_word' id='word_1_107' title='bbox 1573 1253 1629 1307; x_wconf 91' lang='lat' dir='ltr'><strong>Si</strong></span> <span class='ocrx_word' id='word_1_108' title='bbox 1662 1262 1842 1307; x_wconf 89' lang='lat' dir='ltr'><strong>autem</strong></span> <span class='ocrx_word' id='word_1_109' title='bbox 1895 1255 2100 1324; x_wconf 85' lang='lat' dir='ltr'><strong>aliquid</strong></span> 
     </span>
    </p>
   </div>
   <div class='ocr_carea' id='block_1_13' title="bbox 521 1336 2108 1414">
    <p class='ocr_par' dir='ltr' id='par_1_13' title="bbox 521 1336 2108 1414">
     <span class='ocr_line' id='line_1_13' title="bbox 521 1336 2108 1414; baseline 0.008 -28"><span class='ocrx_word' id='word_1_110' title='bbox 521 1337 710 1389; x_wconf 80' lang='lat' dir='ltr'><strong>nocuit</strong></span> <span class='ocrx_word' id='word_1_111' title='bbox 737 1336 859 1400; x_wconf 89' lang='lat' dir='ltr'><strong>tibi,</strong></span> <span class='ocrx_word' id='word_1_112' title='bbox 889 1349 983 1393; x_wconf 87' lang='lat' dir='ltr'><strong>aut</strong></span> <span class='ocrx_word' id='word_1_113' title='bbox 1011 1339 1216 1405; x_wconf 88' lang='lat' dir='ltr'><strong>debet,</strong></span> <span class='ocrx_word' id='word_1_114' title='bbox 1255 1343 1356 1398; x_wconf 87' lang='lat' dir='ltr'><strong>hoc</strong></span> <span class='ocrx_word' id='word_1_115' title='bbox 1385 1343 1520 1396; x_wconf 76' lang='lat' dir='ltr'><strong>mihi</strong></span> <span class='ocrx_word' id='word_1_116' title='bbox 1555 1344 1781 1412; x_wconf 85' lang='lat' dir='ltr'><strong>imputa.</strong></span> <span class='ocrx_word' id='word_1_117' title='bbox 1813 1346 1926 1414; x_wconf 85' lang='lat' dir='ltr'><strong>Ego</strong></span> <span class='ocrx_word' id='word_1_118' title='bbox 1964 1345 2108 1399; x_wconf 79' lang='lat' dir='ltr'><strong>Pau-</strong></span> 
     </span>
    </p>
   </div>
   <div class='ocr_carea' id='block_1_14' title="bbox 2216 526 3714 608">
    <p class='ocr_par' dir='ltr' id='par_1_14' title="bbox 2216 526 3714 608">
     <span class='ocr_line' id='line_1_14' title="bbox 2216 526 3714 608; baseline 0.004 -27"><span class='ocrx_word' id='word_1_119' title='bbox 2216 526 2336 592; x_wconf 89' lang='lat' dir='ltr'><strong>tibi,</strong></span> <span class='ocrx_word' id='word_1_120' title='bbox 2361 529 2507 596; x_wconf 88' lang='lat' dir='ltr'><strong>quod</strong></span> <span class='ocrx_word' id='word_1_121' title='bbox 2537 538 2590 582; x_wconf 87' lang='lat' dir='ltr'><strong>et</strong></span> <span class='ocrx_word' id='word_1_122' title='bbox 2623 531 2856 598; x_wconf 87' lang='lat' dir='ltr'><strong>teipsum</strong></span> <span class='ocrx_word' id='word_1_123' title='bbox 2887 531 3017 584; x_wconf 87' lang='lat' dir='ltr'><strong>mihi</strong></span> <span class='ocrx_word' id='word_1_124' title='bbox 3042 532 3213 586; x_wconf 91' lang='lat' dir='ltr'><strong>debes</strong></span> <span class='ocrx_word' id='word_1_125' title='bbox 3249 548 3262 584; x_wconf 91' lang='lat'><strong>:</strong></span> <span class='ocrx_word' id='word_1_126' title='bbox 3299 533 3367 586; x_wconf 90' lang='lat' dir='ltr'><strong>ita</strong></span> <span class='ocrx_word' id='word_1_127' title='bbox 3391 531 3502 605; x_wconf 79' lang='grc' dir='ltr'>[ιιιι.</span> <span class='ocrx_word' id='word_1_128' title='bbox 3529 536 3714 608; x_wconf 65' lang='lat' dir='ltr'><strong>itaque],</strong></span> 
     </span>
    </p>
   </div>
   <div class='ocr_carea' id='block_1_15' title="bbox 2211 618 3716 690">
    <p class='ocr_par' dir='ltr' id='par_1_15' title="bbox 2211 618 3716 690">
     <span class='ocr_line' id='line_1_15' title="bbox 2211 618 3716 690; baseline 0.008 -20"><span class='ocrx_word' id='word_1_129' title='bbox 2211 618 2396 672; x_wconf 79' lang='lat' dir='ltr'><strong>frater.</strong></span> <span class='ocrx_word' id='word_1_130' title='bbox 2434 620 2544 690; x_wconf 78' lang='lat' dir='ltr'><strong>Ego</strong></span> <span class='ocrx_word' id='word_1_131' title='bbox 2569 631 2621 674; x_wconf 92' lang='lat' dir='ltr'><strong>te</strong></span> <span class='ocrx_word' id='word_1_132' title='bbox 2655 621 2806 675; x_wconf 89' lang='lat' dir='ltr'><strong>fruar</strong></span> <span class='ocrx_word' id='word_1_133' title='bbox 2839 624 2893 675; x_wconf 91' lang='lat' dir='ltr'><strong>iu</strong></span> <span class='ocrx_word' id='word_1_134' title='bbox 2924 623 3177 678; x_wconf 84' lang='lat' dir='ltr'><strong>Domino.</strong></span> <span class='ocrx_word' id='word_1_135' title='bbox 3213 623 3389 679; x_wconf 79' lang='lat' dir='ltr'><strong>Reﬁce</strong></span> <span class='ocrx_word' id='word_1_136' title='bbox 3412 624 3593 680; x_wconf 77' lang='lat' dir='ltr'><strong>viscera</strong></span> <span class='ocrx_word' id='word_1_137' title='bbox 3622 645 3716 682; x_wconf 85' lang='lat' dir='ltr'><strong>mea</strong></span> 
     </span>
    </p>
   </div>
   <div class='ocr_carea' id='block_1_16' title="bbox 2211 711 3713 788">
    <p class='ocr_par' dir='ltr' id='par_1_16' title="bbox 2211 711 3713 788">
     <span class='ocr_line' id='line_1_16' title="bbox 2211 711 3713 788; baseline 0.007 -23"><span class='ocrx_word' id='word_1_138' title='bbox 2211 712 2264 765; x_wconf 93' lang='lat' dir='ltr'><strong>in</strong></span> <span class='ocrx_word' id='word_1_139' title='bbox 2305 711 2536 767; x_wconf 89' lang='lat' dir='ltr'><strong>Domino</strong></span> <span class='ocrx_word' id='word_1_140' title='bbox 2590 715 2632 767; x_wconf 76' lang='lat'><strong>‘.</strong></span> <span class='ocrx_word' id='word_1_141' title='bbox 2676 713 2975 770; x_wconf 78' lang='lat' dir='ltr'><strong>Conﬁdens</strong></span> <span class='ocrx_word' id='word_1_142' title='bbox 3009 717 3064 770; x_wconf 90' lang='lat' dir='ltr'><strong>in</strong></span> <span class='ocrx_word' id='word_1_143' title='bbox 3097 717 3413 772; x_wconf 84' lang='lat' dir='ltr'><strong>obedientia</strong></span> <span class='ocrx_word' id='word_1_144' title='bbox 3448 728 3526 771; x_wconf 84' lang='lat' dir='ltr'><strong>tua</strong></span> <span class='ocrx_word' id='word_1_145' title='bbox 3556 721 3713 788; x_wconf 79' lang='lat' dir='ltr'><strong>scripsi</strong></span> 
     </span>
    </p>
   </div>
   <div class='ocr_carea' id='block_1_17' title="bbox 2209 803 3718 879">
    <p class='ocr_par' dir='ltr' id='par_1_17' title="bbox 2209 803 3718 879">
     <span class='ocr_line' id='line_1_17' title="bbox 2209 803 3718 879; baseline 0.007 -23"><span class='ocrx_word' id='word_1_146' title='bbox 2209 803 2308 858; x_wconf 80' lang='lat' dir='ltr'><strong>tibi</strong></span> <span class='ocrx_word' id='word_1_147' title='bbox 2333 817 2350 856; x_wconf 75' lang='grc' dir='ltr'><strong><em>τ</em></strong></span> <span class='ocrx_word' id='word_1_148' title='bbox 2380 805 2562 861; x_wconf 85' lang='lat' dir='ltr'><strong>sciens</strong></span> <span class='ocrx_word' id='word_1_149' title='bbox 2584 808 2874 871; x_wconf 80' lang='lat' dir='ltr'><strong>quoniam,</strong></span> <span class='ocrx_word' id='word_1_150' title='bbox 2902 819 2957 863; x_wconf 89' lang='lat' dir='ltr'><strong>et</strong></span> <span class='ocrx_word' id='word_1_151' title='bbox 2980 824 3148 878; x_wconf 84' lang='lat' dir='ltr'><strong>super</strong></span> <span class='ocrx_word' id='word_1_152' title='bbox 3172 809 3222 863; x_wconf 89' lang='lat' dir='ltr'><strong>id</strong></span> <span class='ocrx_word' id='word_1_153' title='bbox 3251 809 3391 879; x_wconf 87' lang='lat' dir='ltr'><strong>quod</strong></span> <span class='ocrx_word' id='word_1_154' title='bbox 3417 809 3547 875; x_wconf 85' lang='lat' dir='ltr'><strong>dico,</strong></span> <span class='ocrx_word' id='word_1_155' title='bbox 3571 810 3718 866; x_wconf 81' lang='lat' dir='ltr'><strong>facies.</strong></span> 
     </span>
    </p>
   </div>
   <div class='ocr_carea' id='block_1_18' title="bbox 2209 891 3715 972">
    <p class='ocr_par' dir='ltr' id='par_1_18' title="bbox 2209 891 3715 972">
     <span class='ocr_line' id='line_1_18' title="bbox 2209 891 3715 972; baseline 0.007 -27"><span class='ocrx_word' id='word_1_156' title='bbox 2209 891 2384 972; x_wconf 85' lang='lat' dir='ltr'><strong>Simul</strong></span> <span class='ocrx_word' id='word_1_157' title='bbox 2432 905 2620 949; x_wconf 88' lang='lat' dir='ltr'><strong>autem</strong></span> <span class='ocrx_word' id='word_1_158' title='bbox 2649 906 2709 951; x_wconf 93' lang='lat' dir='ltr'><strong>et</strong></span> <span class='ocrx_word' id='word_1_159' title='bbox 2738 913 2865 966; x_wconf 78' lang='lat' dir='ltr'><strong>para</strong></span> <span class='ocrx_word' id='word_1_160' title='bbox 2897 898 3030 952; x_wconf 90' lang='lat' dir='ltr'><strong>mihi</strong></span> <span class='ocrx_word' id='word_1_161' title='bbox 3069 901 3366 969; x_wconf 86' lang='lat' dir='ltr'><strong>hospitium</strong></span> <span class='ocrx_word' id='word_1_162' title='bbox 3399 918 3412 955; x_wconf 89' lang='lat'>:</span> <span class='ocrx_word' id='word_1_163' title='bbox 3447 916 3557 954; x_wconf 89' lang='lat' dir='ltr'><strong>nam</strong></span> <span class='ocrx_word' id='word_1_164' title='bbox 3588 917 3715 970; x_wconf 79' lang='lat' dir='ltr'><strong>spero</strong></span> 
     </span>
    </p>
   </div>
   <div class='ocr_carea' id='block_1_19' title="bbox 2167 986 3722 1053">
    <p class='ocr_par' dir='ltr' id='par_1_19' title="bbox 2167 986 3722 1053">
     <span class='ocr_line' id='line_1_19' title="bbox 2167 986 3722 1053; baseline 0.006 -16"><span class='ocrx_word' id='word_1_165' title='bbox 2167 1006 2170 1010; x_wconf 57' lang='grc' dir='ltr'><strong>ι</strong></span> <span class='ocrx_word' id='word_1_166' title='bbox 2211 998 2312 1053; x_wconf 88' lang='lat' dir='ltr'><strong>per</strong></span> <span class='ocrx_word' id='word_1_167' title='bbox 2358 986 2642 1041; x_wconf 85' lang='lat' dir='ltr'><strong>orationes</strong></span> <span class='ocrx_word' id='word_1_168' title='bbox 2691 999 2904 1043; x_wconf 88' lang='lat' dir='ltr'><strong>vestras</strong></span> <span class='ocrx_word' id='word_1_169' title='bbox 2935 989 3128 1043; x_wconf 86' lang='lat' dir='ltr'><strong>donari</strong></span> <span class='ocrx_word' id='word_1_170' title='bbox 3165 1005 3252 1044; x_wconf 90' lang='lat' dir='ltr'><strong>me</strong></span> <span class='ocrx_word' id='word_1_171' title='bbox 3285 990 3457 1045; x_wconf 85' lang='lat' dir='ltr'><strong>vobis.</strong></span> <span class='ocrx_word' id='word_1_172' title='bbox 3482 990 3660 1046; x_wconf 80' lang='lat' dir='ltr'><strong>Salutat</strong></span> <span class='ocrx_word' id='word_1_173' title='bbox 3683 1004 3722 1047; x_wconf 84' lang='lat' dir='ltr'><strong>te</strong></span> 
     </span>
    </p>
   </div>
   <div class='ocr_carea' id='block_1_20' title="bbox 2210 1076 3723 1150">
    <p class='ocr_par' dir='ltr' id='par_1_20' title="bbox 2210 1076 3723 1150">
     <span class='ocr_line' id='line_1_20' title="bbox 2210 1076 3723 1150; baseline 0.004 -19"><span class='ocrx_word' id='word_1_174' title='bbox 2210 1076 2496 1146; x_wconf 84' lang='lat' dir='ltr'><strong>Epaphras</strong></span> <span class='ocrx_word' id='word_1_175' title='bbox 2527 1079 2882 1150; x_wconf 87' lang='lat' dir='ltr'><strong>concaptivus</strong></span> <span class='ocrx_word' id='word_1_176' title='bbox 2913 1095 3069 1137; x_wconf 80' lang='lat' dir='ltr'><strong>meus</strong></span> <span class='ocrx_word' id='word_1_177' title='bbox 3094 1082 3149 1136; x_wconf 92' lang='lat' dir='ltr'><strong>in</strong></span> <span class='ocrx_word' id='word_1_178' title='bbox 3183 1081 3401 1137; x_wconf 84' lang='lat' dir='ltr'><strong>Christo</strong></span> <span class='ocrx_word' id='word_1_179' title='bbox 3432 1081 3572 1148; x_wconf 71' lang='lat' dir='ltr'><strong>Iesu,</strong></span> <span class='ocrx_word' id='word_1_180' title='bbox 3616 1084 3723 1137; x_wconf 73' lang='lat' dir='ltr'><strong>llat-</strong></span> 
     </span>
    </p>
   </div>
   <div class='ocr_carea' id='block_1_21' title="bbox 2207 1170 3722 1244">
    <p class='ocr_par' dir='ltr' id='par_1_21' title="bbox 2207 1170 3722 1244">
     <span class='ocr_line' id='line_1_21' title="bbox 2207 1170 3722 1244; baseline 0.005 -22"><span class='ocrx_word' id='word_1_181' title='bbox 2207 1184 2326 1232; x_wconf 88' lang='lat' dir='ltr'><strong>cus,</strong></span> <span class='ocrx_word' id='word_1_182' title='bbox 2378 1170 2753 1234; x_wconf 77' lang='lat' dir='ltr'><strong>Aristarchus,</strong></span> <span class='ocrx_word' id='word_1_183' title='bbox 2798 1173 3012 1238; x_wconf 87' lang='lat' dir='ltr'><strong>Demas,</strong></span> <span class='ocrx_word' id='word_1_184' title='bbox 3068 1174 3266 1242; x_wconf 83' lang='lat' dir='ltr'><strong>Lucas,</strong></span> <span class='ocrx_word' id='word_1_185' title='bbox 3321 1174 3577 1244; x_wconf 85' lang='lat' dir='ltr'><strong>adjutores</strong></span> <span class='ocrx_word' id='word_1_186' title='bbox 3619 1177 3722 1229; x_wconf 85' lang='lat' dir='ltr'><strong>mei.</strong></span> 
     </span>
    </p>
   </div>
   <div class='ocr_carea' id='block_1_22' title="bbox 2211 1260 3725 1338">
    <p class='ocr_par' dir='ltr' id='par_1_22' title="bbox 2211 1260 3725 1338">
     <span class='ocr_line' id='line_1_22' title="bbox 2211 1260 3725 1338; baseline 0.005 -24"><span class='ocrx_word' id='word_1_187' title='bbox 2211 1260 2402 1316; x_wconf 83' lang='lat' dir='ltr'><strong>Gratia</strong></span> <span class='ocrx_word' id='word_1_188' title='bbox 2438 1263 2654 1318; x_wconf 90' lang='lat' dir='ltr'><strong>Domini</strong></span> <span class='ocrx_word' id='word_1_189' title='bbox 2706 1267 2877 1320; x_wconf 76' lang='lat' dir='ltr'><strong>nostri</strong></span> <span class='ocrx_word' id='word_1_190' title='bbox 2907 1266 3039 1322; x_wconf 84' lang='lat' dir='ltr'><strong>Jesu</strong></span> <span class='ocrx_word' id='word_1_191' title='bbox 3066 1266 3276 1323; x_wconf 83' lang='lat' dir='ltr'><strong>Christi</strong></span> <span class='ocrx_word' id='word_1_192' title='bbox 3306 1283 3426 1322; x_wconf 88' lang='lat' dir='ltr'><strong>cum</strong></span> <span class='ocrx_word' id='word_1_193' title='bbox 3459 1268 3629 1338; x_wconf 86' lang='lat' dir='ltr'><strong>spiritu</strong></span> <span class='ocrx_word' id='word_1_194' title='bbox 3657 1285 3725 1322; x_wconf 79' lang='lat' dir='ltr'><strong>rc-</strong></span> 
     </span>
    </p>
   </div>
   <div class='ocr_carea' id='block_1_23' title="bbox 2217 1354 2664 1409">
    <p class='ocr_par' dir='ltr' id='par_1_23' title="bbox 2217 1354 2664 1409">
     <span class='ocr_line' id='line_1_23' title="bbox 2217 1354 2664 1409; baseline 0.009 -4"><span class='ocrx_word' id='word_1_195' title='bbox 2217 1361 2354 1406; x_wconf 91' lang='lat' dir='ltr'><strong>stro.</strong></span> <span class='ocrx_word' id='word_1_196' title='bbox 2466 1354 2664 1409; x_wconf 85' lang='lat' dir='ltr'><strong>Amen.</strong></span> 
     </span>
    </p>
   </div>
   <div class='ocr_carea' id='block_1_24' title="bbox 1367 1457 2934 1534">
    <p class='ocr_par' dir='ltr' id='par_1_24' title="bbox 1367 1457 2934 1534">
     <span class='ocr_line' id='line_1_24' title="bbox 1367 1457 2934 1534; baseline 0.01 -24"><span class='ocrx_word' id='word_1_197' title='bbox 1367 1457 1594 1528; x_wconf 70' lang='lat' dir='ltr'><strong>Explicit</strong></span> <span class='ocrx_word' id='word_1_198' title='bbox 1627 1457 1871 1529; x_wconf 80' lang='lat' dir='ltr'><strong>Epistola</strong></span> <span class='ocrx_word' id='word_1_199' title='bbox 1902 1460 1966 1514; x_wconf 85' lang='grc' dir='ltr'><strong>Β.</strong></span> <span class='ocrx_word' id='word_1_200' title='bbox 1999 1461 2160 1518; x_wconf 83' lang='lat' dir='ltr'><strong>Pauli</strong></span> <span class='ocrx_word' id='word_1_201' title='bbox 2183 1465 2418 1534; x_wconf 78' lang='lat' dir='ltr'><strong>Apostoli</strong></span> <span class='ocrx_word' id='word_1_202' title='bbox 2442 1472 2512 1524; x_wconf 83' lang='lat' dir='ltr'><strong>ad</strong></span> <span class='ocrx_word' id='word_1_203' title='bbox 2545 1470 2934 1526; x_wconf 82' lang='lat' dir='ltr'><strong>Philemonem.</strong></span> 
     </span>
    </p>
   </div>
   <div class='ocr_carea' id='block_1_25' title="bbox 596 1565 3726 1655">
    <p class='ocr_par' dir='ltr' id='par_1_25' title="bbox 596 1565 3726 1655">
     <span class='ocr_line' id='line_1_25' title="bbox 596 1565 3726 1655; baseline 0.006 -35"><span class='ocrx_word' id='word_1_204' title='bbox 596 1569 609 1596; x_wconf 88' lang='lat'>&#39;</span> <span class='ocrx_word' id='word_1_205' title='bbox 642 1565 815 1620; x_wconf 83' lang='lat' dir='ltr'><strong>Palat.</strong></span> <span class='ocrx_word' id='word_1_206' title='bbox 861 1580 988 1633; x_wconf 91' lang='lat' dir='ltr'><strong>ms.,</strong></span> <span class='ocrx_word' id='word_1_207' title='bbox 1024 1569 1221 1622; x_wconf 71' lang='lat' dir='ltr'><strong>uiscera</strong></span> <span class='ocrx_word' id='word_1_208' title='bbox 1247 1584 1364 1622; x_wconf 81' lang='lat' dir='ltr'><strong>mea</strong></span> <span class='ocrx_word' id='word_1_209' title='bbox 1387 1570 1441 1621; x_wconf 83' lang='lat' dir='ltr'><strong>in</strong></span> <span class='ocrx_word' id='word_1_210' title='bbox 1464 1567 1690 1624; x_wconf 75' lang='lat' dir='ltr'><strong>Christo.</strong></span> <span class='ocrx_word' id='word_1_211' title='bbox 1716 1571 1998 1639; x_wconf 80' lang='lat' dir='ltr'><strong>Conﬁdens</strong></span> <span class='ocrx_word' id='word_1_212' title='bbox 2020 1573 2324 1634; x_wconf 77' lang='lat' dir='ltr'><strong>obedientiw</strong></span> <span class='ocrx_word' id='word_1_213' title='bbox 2355 1591 2457 1635; x_wconf 70' lang='lat' dir='ltr'><strong>tua?</strong></span> <span class='ocrx_word' id='word_1_214' title='bbox 2505 1585 2734 1655; x_wconf 76' lang='lat' dir='ltr'><strong>scripsit,</strong></span> <span class='ocrx_word' id='word_1_215' title='bbox 2796 1595 2929 1648; x_wconf 89' lang='lat' dir='ltr'><strong>etc.,</strong></span> <span class='ocrx_word' id='word_1_216' title='bbox 2989 1586 3388 1642; x_wconf 90' lang='lat' dir='ltr'><strong>contentiosius</strong></span> <span class='ocrx_word' id='word_1_217' title='bbox 3444 1585 3504 1640; x_wconf 86' lang='lat' dir='ltr'><strong>ad</strong></span> <span class='ocrx_word' id='word_1_218' title='bbox 3534 1584 3726 1640; x_wconf 70' lang='lat' dir='ltr'><strong>Graecam</strong></span> 
     </span>
    </p>
   </div>
   <div class='ocr_carea' id='block_1_26' title="bbox 517 1643 786 1700">
    <p class='ocr_par' dir='ltr' id='par_1_26' title="bbox 517 1643 786 1700">
     <span class='ocr_line' id='line_1_26' title="bbox 517 1643 786 1700; baseline 0.004 -10"><span class='ocrx_word' id='word_1_219' title='bbox 517 1643 786 1700; x_wconf 65' lang='lat' dir='ltr'><strong>litteram.</strong></span> 
     </span>
    </p>
   </div>
   <div class='ocr_carea' id='block_1_27' title="bbox 545 1766 2422 1809">
    <p class='ocr_par' dir='ltr' id='par_1_27' title="bbox 545 1766 2422 1809">
     <span class='ocr_line' id='line_1_27' title="bbox 545 1766 2422 1809; baseline 0.002 -12"><span class='ocrx_word' id='word_1_220' title='bbox 545 1766 2422 1809; x_wconf 40' lang='grc' dir='ltr'><strong>’Μ</strong></span> 
     </span>
    </p>
   </div>
   <div class='ocr_carea' id='block_1_28' title="bbox 2396 1764 3724 1794">
    <p class='ocr_par' dir='ltr' id='par_1_28' title="bbox 2396 1764 3724 1794">
     <span class='ocr_line' id='line_1_28' title="bbox 2396 1764 3724 1794; baseline 0 0"><span class='ocrx_word' id='word_1_221' title='bbox 2396 1764 3724 1794; x_wconf 44' lang='grc' dir='ltr'>Μ</span> 
     </span>
    </p>
   </div>
   <div class='ocr_carea' id='block_1_29' title="bbox 2421 1792 3724 1816">
    <p class='ocr_par' dir='ltr' id='par_1_29' title="bbox 2421 1792 3724 1816">
     <span class='ocr_line' id='line_1_29' title="bbox 2421 1792 3724 1816; baseline 0.003 -7"><span class='ocrx_word' id='word_1_222' title='bbox 2421 1792 3724 1816; x_wconf 49' lang='grc' dir='ltr'><em>Ἦ</em></span> 
     </span>
    </p>
   </div>
   <div class='ocr_carea' id='block_1_30' title="bbox 1244 1921 3049 2040">
    <p class='ocr_par' dir='ltr' id='par_1_30' title="bbox 1244 1921 3049 2040">
     <span class='ocr_line' id='line_1_30' title="bbox 1244 1921 3049 2040; baseline 0.001 -2"><span class='ocrx_word' id='word_1_223' title='bbox 1244 1925 1420 2038; x_wconf 80' lang='grc' dir='ltr'><strong>Β.</strong></span> <span class='ocrx_word' id='word_1_224' title='bbox 1499 1921 2065 2038; x_wconf 73' lang='lat' dir='ltr'><strong>PAULI</strong></span> <span class='ocrx_word' id='word_1_225' title='bbox 2141 1923 3049 2040; x_wconf 76' lang='lat' dir='ltr'><strong>APOSTOLI</strong></span> 
     </span>
    </p>
   </div>
   <div class='ocr_carea' id='block_1_31' title="bbox 2005 2135 2298 2199">
    <p class='ocr_par' dir='ltr' id='par_1_31' title="bbox 2005 2135 2298 2199">
     <span class='ocr_line' id='line_1_31' title="bbox 2005 2135 2298 2199; baseline -0.003 -1"><span class='ocrx_word' id='word_1_226' title='bbox 2005 2135 2298 2199; x_wconf 81' lang='lat' dir='ltr'><strong>INCIPIT</strong></span> 
     </span>
    </p>
   </div>
   <div class='ocr_carea' id='block_1_32' title="bbox 756 2315 2121 2510">
    <p class='ocr_par' dir='ltr' id='par_1_32' title="bbox 756 2315 2116 2500">
     <span class='ocr_line' id='line_1_32' title="bbox 756 2315 2116 2500; baseline 0.004 -10"><span class='ocrx_word' id='word_1_227' title='bbox 756 2315 1845 2500; x_wconf 84' lang='lat' dir='ltr'><strong>EPISTOLA</strong></span> <span class='ocrx_word' id='word_1_228' title='bbox 1979 2321 2116 2496; x_wconf 91' lang='lat' dir='ltr'><strong>A</strong></span> 
     </span>
    </p>
   </div>
   <div class='ocr_carea' id='block_1_33' title="bbox 2206 2315 3558 2510">
    <p class='ocr_par' dir='ltr' id='par_1_33' title="bbox 2206 2324 3558 2510">
     <span class='ocr_line' id='line_1_33' title="bbox 2206 2324 3558 2510; baseline 0.008 -17"><span class='ocrx_word' id='word_1_229' title='bbox 2206 2324 2291 2494; x_wconf 63' lang='lat'><strong>)&#39;</strong></span> <span class='ocrx_word' id='word_1_230' title='bbox 2419 2325 3558 2510; x_wconf 64' lang='grc' dir='ltr'><strong>ΗΕΒΒᾸΕΟΞ.</strong></span> 
     </span>
    </p>
   </div>
   <div class='ocr_carea' id='block_1_34' title="bbox 591 2728 2183 2806">
    <p class='ocr_par' dir='ltr' id='par_1_34' title="bbox 591 2728 2183 2806">
     <span class='ocr_line' id='line_1_34' title="bbox 591 2728 2183 2806; baseline 0.005 -18"><span class='ocrx_word' id='word_1_231' title='bbox 591 2728 746 2804; x_wconf 79' lang='grc' dir='ltr'><strong>[ϐαρ.</strong></span> <span class='ocrx_word' id='word_1_232' title='bbox 781 2729 848 2806; x_wconf 92' lang='grc'><strong>1.]</strong></span> <span class='ocrx_word' id='word_1_233' title='bbox 873 2733 1250 2801; x_wconf 77' lang='lat' dir='ltr'><strong>Multifariam,</strong></span> <span class='ocrx_word' id='word_1_234' title='bbox 1280 2735 1572 2806; x_wconf 85' lang='lat' dir='ltr'><strong>multisque</strong></span> <span class='ocrx_word' id='word_1_235' title='bbox 1604 2738 1779 2792; x_wconf 87' lang='lat' dir='ltr'><strong>modis</strong></span> <span class='ocrx_word' id='word_1_236' title='bbox 1800 2737 1932 2792; x_wconf 88' lang='lat' dir='ltr'><strong>olim</strong></span> <span class='ocrx_word' id='word_1_237' title='bbox 1959 2739 2105 2792; x_wconf 81' lang='lat' dir='ltr'><strong>Deus</strong></span> <span class='ocrx_word' id='word_1_238' title='bbox 2143 2741 2183 2796; x_wconf 82' lang='grc' dir='ltr'><strong>Β</strong></span> 
     </span>
    </p>
   </div>
   <div class='ocr_carea' id='block_1_35' title="bbox 517 2823 2096 2900">
    <p class='ocr_par' dir='ltr' id='par_1_35' title="bbox 517 2823 2096 2900">
     <span class='ocr_line' id='line_1_35' title="bbox 517 2823 2096 2900; baseline 0.003 -23"><span class='ocrx_word' id='word_1_239' title='bbox 517 2823 749 2894; x_wconf 88' lang='lat' dir='ltr'><strong>loquens</strong></span> <span class='ocrx_word' id='word_1_240' title='bbox 780 2828 1031 2896; x_wconf 83' lang='lat' dir='ltr'><strong>patribus</strong></span> <span class='ocrx_word' id='word_1_241' title='bbox 1077 2829 1130 2882; x_wconf 92' lang='lat' dir='ltr'><strong>in</strong></span> <span class='ocrx_word' id='word_1_242' title='bbox 1163 2828 1465 2898; x_wconf 88' lang='lat' dir='ltr'><strong>prophetis,</strong></span> <span class='ocrx_word' id='word_1_243' title='bbox 1505 2829 1806 2886; x_wconf 86' lang='lat' dir='ltr'><strong>novissime</strong></span> <span class='ocrx_word' id='word_1_244' title='bbox 1837 2829 1962 2900; x_wconf 73' lang='lat' dir='ltr'><strong>(ma.</strong></span> <span class='ocrx_word' id='word_1_245' title='bbox 1997 2844 2096 2883; x_wconf 81' lang='lat' dir='ltr'><strong>no-</strong></span> 
     </span>
    </p>
   </div>
   <div class='ocr_carea' id='block_1_36' title="bbox 518 2917 2093 2988">
    <p class='ocr_par' dir='ltr' id='par_1_36' title="bbox 518 2917 2093 2988">
     <span class='ocr_line' id='line_1_36' title="bbox 518 2917 2093 2988; baseline 0.003 -19"><span class='ocrx_word' id='word_1_246' title='bbox 518 2918 782 2988; x_wconf 75' lang='lat' dir='ltr'><strong>vissimis)</strong></span> <span class='ocrx_word' id='word_1_247' title='bbox 841 2919 1034 2974; x_wconf 87' lang='lat' dir='ltr'><strong>diebus</strong></span> <span class='ocrx_word' id='word_1_248' title='bbox 1067 2918 1190 2974; x_wconf 84' lang='lat' dir='ltr'><strong>istis</strong></span> <span class='ocrx_word' id='word_1_249' title='bbox 1245 2921 1466 2976; x_wconf 89' lang='lat' dir='ltr'><strong>loeutus</strong></span> <span class='ocrx_word' id='word_1_250' title='bbox 1492 2929 1579 2976; x_wconf 87' lang='lat' dir='ltr'><strong>est</strong></span> <span class='ocrx_word' id='word_1_251' title='bbox 1628 2921 1785 2975; x_wconf 88' lang='lat' dir='ltr'><strong>nobis</strong></span> <span class='ocrx_word' id='word_1_252' title='bbox 1833 2923 1886 2974; x_wconf 92' lang='lat' dir='ltr'><strong>in</strong></span> <span class='ocrx_word' id='word_1_253' title='bbox 1931 2917 2093 2984; x_wconf 86' lang='lat' dir='ltr'><strong>Filio,</strong></span> 
     </span>
    </p>
   </div>
   <div class='ocr_carea' id='block_1_37' title="bbox 515 3011 2096 3082">
    <p class='ocr_par' dir='ltr' id='par_1_37' title="bbox 515 3011 2096 3082">
     <span class='ocr_line' id='line_1_37' title="bbox 515 3011 2096 3082; baseline 0.003 -20"><span class='ocrx_word' id='word_1_254' title='bbox 515 3025 676 3078; x_wconf 87' lang='lat' dir='ltr'><strong>quem</strong></span> <span class='ocrx_word' id='word_1_255' title='bbox 703 3011 987 3066; x_wconf 85' lang='lat' dir='ltr'><strong>constituit</strong></span> <span class='ocrx_word' id='word_1_256' title='bbox 1036 3012 1305 3067; x_wconf 72' lang='lat' dir='ltr'><strong>hmredem</strong></span> <span class='ocrx_word' id='word_1_257' title='bbox 1357 3011 1765 3077; x_wconf 77' lang='lat' dir='ltr'><strong>universorum,</strong></span> <span class='ocrx_word' id='word_1_258' title='bbox 1809 3026 1906 3081; x_wconf 90' lang='lat' dir='ltr'><strong>per</strong></span> <span class='ocrx_word' id='word_1_259' title='bbox 1935 3026 2096 3082; x_wconf 88' lang='lat' dir='ltr'><strong>quem</strong></span> 
     </span>
    </p>
   </div>
   <div class='ocr_carea' id='block_1_38' title="bbox 515 3103 2100 3176">
    <p class='ocr_par' dir='ltr' id='par_1_38' title="bbox 515 3103 2100 3176">
     <span class='ocr_line' id='line_1_38' title="bbox 515 3103 2100 3176; baseline 0.004 -21"><span class='ocrx_word' id='word_1_260' title='bbox 515 3103 648 3159; x_wconf 79' lang='lat' dir='ltr'><strong>fecit</strong></span> <span class='ocrx_word' id='word_1_261' title='bbox 697 3113 753 3158; x_wconf 89' lang='lat' dir='ltr'><strong>et</strong></span> <span class='ocrx_word' id='word_1_262' title='bbox 797 3105 1019 3161; x_wconf 64' lang='lat' dir='ltr'><strong>saecula.</strong></span> <span class='ocrx_word' id='word_1_263' title='bbox 1073 3104 1178 3170; x_wconf 88' lang='lat' dir='ltr'><strong>Qui</strong></span> <span class='ocrx_word' id='word_1_264' title='bbox 1227 3121 1351 3161; x_wconf 91' lang='lat' dir='ltr'><strong>cum</strong></span> <span class='ocrx_word' id='word_1_265' title='bbox 1393 3106 1466 3162; x_wconf 89' lang='lat' dir='ltr'><strong>sit</strong></span> <span class='ocrx_word' id='word_1_266' title='bbox 1514 3106 1774 3176; x_wconf 85' lang='lat' dir='ltr'><strong>splendor</strong></span> <span class='ocrx_word' id='word_1_267' title='bbox 1806 3106 2015 3176; x_wconf 82' lang='lat' dir='ltr'><strong>gloriae,</strong></span> <span class='ocrx_word' id='word_1_268' title='bbox 2043 3114 2100 3162; x_wconf 75' lang='lat' dir='ltr'><strong>et</strong></span> 
     </span>
    </p>
   </div>
   <div class='ocr_carea' id='block_1_39' title="bbox 517 3192 2098 3267">
    <p class='ocr_par' dir='ltr' id='par_1_39' title="bbox 517 3192 2098 3267">
     <span class='ocr_line' id='line_1_39' title="bbox 517 3192 2098 3267; baseline 0.001 -18"><span class='ocrx_word' id='word_1_269' title='bbox 517 3192 687 3263; x_wconf 52' lang='lat' dir='ltr'><strong>ﬁgura</strong></span> <span class='ocrx_word' id='word_1_270' title='bbox 714 3195 1029 3250; x_wconf 63' lang='lat' dir='ltr'><strong>substantiae</strong></span> <span class='ocrx_word' id='word_1_271' title='bbox 1052 3196 1192 3266; x_wconf 89' lang='lat' dir='ltr'><strong>ejus,</strong></span> <span class='ocrx_word' id='word_1_272' title='bbox 1227 3207 1561 3267; x_wconf 82' lang='lat' dir='ltr'><strong>portansque</strong></span> <span class='ocrx_word' id='word_1_273' title='bbox 1585 3198 1768 3252; x_wconf 87' lang='lat' dir='ltr'><strong>omnia</strong></span> <span class='ocrx_word' id='word_1_274' title='bbox 1793 3196 1962 3253; x_wconf 87' lang='lat' dir='ltr'><strong>verbo</strong></span> <span class='ocrx_word' id='word_1_275' title='bbox 1986 3198 2098 3252; x_wconf 85' lang='lat' dir='ltr'><strong>vir-</strong></span> 
     </span>
    </p>
   </div>
   <div class='ocr_carea' id='block_1_40' title="bbox 519 3285 2093 3357">
    <p class='ocr_par' dir='ltr' id='par_1_40' title="bbox 519 3285 2093 3357">
     <span class='ocr_line' id='line_1_40' title="bbox 519 3285 2093 3357; baseline 0.004 -20"><span class='ocrx_word' id='word_1_276' title='bbox 519 3285 652 3339; x_wconf 93' lang='lat' dir='ltr'><strong>tutis</strong></span> <span class='ocrx_word' id='word_1_277' title='bbox 682 3300 817 3352; x_wconf 55' lang='lat' dir='ltr'><strong>sum,</strong></span> <span class='ocrx_word' id='word_1_278' title='bbox 851 3287 1231 3355; x_wconf 80' lang='lat' dir='ltr'><strong>purgationem</strong></span> <span class='ocrx_word' id='word_1_279' title='bbox 1272 3297 1618 3357; x_wconf 88' lang='lat' dir='ltr'><strong>peccatorum</strong></span> <span class='ocrx_word' id='word_1_280' title='bbox 1653 3289 1883 3352; x_wconf 76' lang='lat' dir='ltr'><strong>iaciens,</strong></span> <span class='ocrx_word' id='word_1_281' title='bbox 1911 3289 2050 3343; x_wconf 86' lang='lat' dir='ltr'><strong>sedit</strong></span> <span class='ocrx_word' id='word_1_282' title='bbox 2078 3291 2093 3321; x_wconf 78' lang='grc'>⁸</span> 
     </span>
    </p>
   </div>
   <div class='ocr_carea' id='block_1_41' title="bbox 517 3375 2100 3448">
    <p class='ocr_par' dir='ltr' id='par_1_41' title="bbox 517 3375 2100 3448">
     <span class='ocr_line' id='line_1_41' title="bbox 517 3375 2100 3448; baseline 0.004 -20"><span class='ocrx_word' id='word_1_283' title='bbox 517 3377 586 3430; x_wconf 89' lang='lat' dir='ltr'><strong>ad</strong></span> <span class='ocrx_word' id='word_1_284' title='bbox 627 3375 909 3431; x_wconf 82' lang='lat' dir='ltr'><strong>dexteram</strong></span> <span class='ocrx_word' id='word_1_285' title='bbox 946 3377 1247 3448; x_wconf 83' lang='lat' dir='ltr'><strong>majestatis</strong></span> <span class='ocrx_word' id='word_1_286' title='bbox 1293 3379 1345 3432; x_wconf 89' lang='lat' dir='ltr'><strong>in</strong></span> <span class='ocrx_word' id='word_1_287' title='bbox 1389 3380 1621 3435; x_wconf 79' lang='lat' dir='ltr'><strong>excelsis</strong></span> <span class='ocrx_word' id='word_1_288' title='bbox 1657 3397 1670 3434; x_wconf 92' lang='lat'>:</span> <span class='ocrx_word' id='word_1_289' title='bbox 1705 3389 1856 3434; x_wconf 90' lang='lat' dir='ltr'><strong>tanto</strong></span> <span class='ocrx_word' id='word_1_290' title='bbox 1906 3379 2100 3435; x_wconf 90' lang='lat' dir='ltr'><strong>melior</strong></span> 
     </span>
    </p>
   </div>
   <div class='ocr_carea' id='block_1_42' title="bbox 518 3467 2095 3542">
    <p class='ocr_par' dir='ltr' id='par_1_42' title="bbox 518 3467 2095 3542">
     <span class='ocr_line' id='line_1_42' title="bbox 518 3467 2095 3542; baseline 0.006 -24"><span class='ocrx_word' id='word_1_291' title='bbox 518 3467 726 3537; x_wconf 74' lang='lat' dir='ltr'><strong>angelis</strong></span> <span class='ocrx_word' id='word_1_292' title='bbox 750 3467 993 3532; x_wconf 82' lang='lat' dir='ltr'><strong>ell‘ectus,</strong></span> <span class='ocrx_word' id='word_1_293' title='bbox 1019 3479 1224 3537; x_wconf 87' lang='lat' dir='ltr'><strong>quanto</strong></span> <span class='ocrx_word' id='word_1_294' title='bbox 1251 3470 1597 3527; x_wconf 85' lang='lat' dir='ltr'><strong>difl&#39;ereutius</strong></span> <span class='ocrx_word' id='word_1_295' title='bbox 1623 3487 1733 3542; x_wconf 74' lang='lat' dir='ltr'><strong>prae</strong></span> <span class='ocrx_word' id='word_1_296' title='bbox 1770 3473 1876 3527; x_wconf 89' lang='lat' dir='ltr'><strong>illis</strong></span> <span class='ocrx_word' id='word_1_297' title='bbox 1899 3488 2095 3528; x_wconf 92' lang='lat' dir='ltr'><strong>nomen</strong></span> 
     </span>
    </p>
   </div>
   <div class='ocr_carea' id='block_1_43' title="bbox 517 3560 2096 3637">
    <p class='ocr_par' dir='ltr' id='par_1_43' title="bbox 517 3560 2096 3637">
     <span class='ocr_line' id='line_1_43' title="bbox 517 3560 2096 3637; baseline 0.006 -25"><span class='ocrx_word' id='word_1_298' title='bbox 517 3560 878 3616; x_wconf 71' lang='lat' dir='ltr'><strong>luercditatit.</strong></span> <span class='ocrx_word' id='word_1_299' title='bbox 912 3561 1010 3616; x_wconf 89' lang='lat' dir='ltr'><strong>Cui</strong></span> <span class='ocrx_word' id='word_1_300' title='bbox 1041 3563 1187 3616; x_wconf 89' lang='lat' dir='ltr'><strong>enim</strong></span> <span class='ocrx_word' id='word_1_301' title='bbox 1221 3564 1356 3618; x_wconf 82' lang='lat' dir='ltr'><strong>dixit</strong></span> <span class='ocrx_word' id='word_1_302' title='bbox 1402 3565 1696 3633; x_wconf 84' lang='lat' dir='ltr'><strong>aliquando</strong></span> <span class='ocrx_word' id='word_1_303' title='bbox 1733 3566 2046 3637; x_wconf 83' lang='lat' dir='ltr'><strong>angelorum</strong></span> <span class='ocrx_word' id='word_1_304' title='bbox 2081 3584 2096 3621; x_wconf 86' lang='lat'>:</span> 
     </span>
    </p>
   </div>
   <div class='ocr_carea' id='block_1_44' title="bbox 517 3650 2096 3726">
    <p class='ocr_par' dir='ltr' id='par_1_44' title="bbox 517 3650 2096 3726">
     <span class='ocr_line' id='line_1_44' title="bbox 517 3650 2096 3726; baseline 0.006 -22"><span class='ocrx_word' id='word_1_305' title='bbox 517 3650 687 3705; x_wconf 86' lang='lat' dir='ltr'><strong>Filius</strong></span> <span class='ocrx_word' id='word_1_306' title='bbox 723 3667 875 3707; x_wconf 89' lang='lat' dir='ltr'><strong>meus</strong></span> <span class='ocrx_word' id='word_1_307' title='bbox 909 3666 968 3706; x_wconf 87' lang='lat' dir='ltr'><strong>es</strong></span> <span class='ocrx_word' id='word_1_308' title='bbox 999 3660 1077 3719; x_wconf 91' lang='lat' dir='ltr'><strong>tu,</strong></span> <span class='ocrx_word' id='word_1_309' title='bbox 1107 3668 1207 3724; x_wconf 88' lang='lat' dir='ltr'><strong>ego</strong></span> <span class='ocrx_word' id='word_1_310' title='bbox 1239 3655 1396 3710; x_wconf 85' lang='lat' dir='ltr'><strong>hodie</strong></span> <span class='ocrx_word' id='word_1_311' title='bbox 1427 3657 1586 3726; x_wconf 82' lang='lat' dir='ltr'><strong>genui</strong></span> <span class='ocrx_word' id='word_1_312' title='bbox 1623 3657 1714 3711; x_wconf 89' lang='lat' dir='ltr'><strong>te?</strong></span> <span class='ocrx_word' id='word_1_313' title='bbox 1736 3657 1800 3710; x_wconf 87' lang='lat' dir='ltr'><strong>Et</strong></span> <span class='ocrx_word' id='word_1_314' title='bbox 1832 3673 2050 3713; x_wconf 92' lang='lat' dir='ltr'><strong>rursum</strong></span> <span class='ocrx_word' id='word_1_315' title='bbox 2079 3677 2096 3714; x_wconf 85' lang='lat'><strong>:</strong></span> 
     </span>
    </p>
   </div>
   <div class='ocr_carea' id='block_1_45' title="bbox 519 3743 2100 3817">
    <p class='ocr_par' dir='ltr' id='par_1_45' title="bbox 519 3743 2100 3817">
     <span class='ocr_line' id='line_1_45' title="bbox 519 3743 2100 3817; baseline 0.006 -20"><span class='ocrx_word' id='word_1_316' title='bbox 519 3743 632 3812; x_wconf 76' lang='lat' dir='ltr'><strong>Ego</strong></span> <span class='ocrx_word' id='word_1_317' title='bbox 658 3759 751 3797; x_wconf 86' lang='lat' dir='ltr'><strong>ero</strong></span> <span class='ocrx_word' id='word_1_318' title='bbox 785 3744 855 3797; x_wconf 91' lang='lat' dir='ltr'><strong>illi</strong></span> <span class='ocrx_word' id='word_1_319' title='bbox 882 3746 935 3798; x_wconf 91' lang='lat' dir='ltr'><strong>in</strong></span> <span class='ocrx_word' id='word_1_320' title='bbox 968 3757 1203 3814; x_wconf 87' lang='lat' dir='ltr'><strong>patrem,</strong></span> <span class='ocrx_word' id='word_1_321' title='bbox 1233 3756 1288 3801; x_wconf 91' lang='lat' dir='ltr'><strong>et</strong></span> <span class='ocrx_word' id='word_1_322' title='bbox 1325 3749 1439 3817; x_wconf 88' lang='lat' dir='ltr'><strong>ipse</strong></span> <span class='ocrx_word' id='word_1_323' title='bbox 1467 3749 1570 3804; x_wconf 85' lang='lat' dir='ltr'><strong>erit</strong></span> <span class='ocrx_word' id='word_1_324' title='bbox 1617 3750 1752 3804; x_wconf 90' lang='lat' dir='ltr'><strong>mihi</strong></span> <span class='ocrx_word' id='word_1_325' title='bbox 1805 3750 1857 3804; x_wconf 93' lang='lat' dir='ltr'><strong>in</strong></span> <span class='ocrx_word' id='word_1_326' title='bbox 1888 3750 2100 3806; x_wconf 77' lang='lat' dir='ltr'><strong>filium?</strong></span> 
     </span>
    </p>
   </div>
   <div class='ocr_carea' id='block_1_46' title="bbox 519 3831 2096 3910">
    <p class='ocr_par' dir='ltr' id='par_1_46' title="bbox 519 3831 2096 3910">
     <span class='ocr_line' id='line_1_46' title="bbox 519 3831 2096 3910; baseline 0.006 -26"><span class='ocrx_word' id='word_1_327' title='bbox 519 3831 587 3884; x_wconf 83' lang='lat' dir='ltr'><strong>Et</strong></span> <span class='ocrx_word' id='word_1_328' title='bbox 617 3850 740 3888; x_wconf 88' lang='lat' dir='ltr'><strong>cum</strong></span> <span class='ocrx_word' id='word_1_329' title='bbox 777 3834 971 3888; x_wconf 88' lang='lat' dir='ltr'><strong>iterum</strong></span> <span class='ocrx_word' id='word_1_330' title='bbox 1009 3835 1309 3892; x_wconf 88' lang='lat' dir='ltr'><strong>introducit</strong></span> <span class='ocrx_word' id='word_1_331' title='bbox 1354 3839 1773 3910; x_wconf 78' lang='lat' dir='ltr'><strong>primogenitum</strong></span> <span class='ocrx_word' id='word_1_332' title='bbox 1821 3843 1872 3895; x_wconf 91' lang='lat' dir='ltr'><strong>in</strong></span> <span class='ocrx_word' id='word_1_333' title='bbox 1907 3841 2096 3896; x_wconf 85' lang='lat' dir='ltr'><strong>orbem</strong></span> 
     </span>
    </p>
   </div>
   <div class='ocr_carea' id='block_1_47' title="bbox 522 3924 2098 4000">
    <p class='ocr_par' dir='ltr' id='par_1_47' title="bbox 522 3924 2098 4000">
     <span class='ocr_line' id='line_1_47' title="bbox 522 3924 2098 4000; baseline 0.006 -26"><span class='ocrx_word' id='word_1_334' title='bbox 522 3933 706 3983; x_wconf 63' lang='lat' dir='ltr'><strong>terrae,</strong></span> <span class='ocrx_word' id='word_1_335' title='bbox 734 3925 864 3977; x_wconf 87' lang='lat' dir='ltr'><strong>dicit</strong></span> <span class='ocrx_word' id='word_1_336' title='bbox 896 3942 910 3976; x_wconf 71' lang='grc' dir='ltr'>ε</span> <span class='ocrx_word' id='word_1_337' title='bbox 945 3924 1004 3978; x_wconf 83' lang='lat' dir='ltr'><strong>Et</strong></span> <span class='ocrx_word' id='word_1_338' title='bbox 1038 3926 1262 3979; x_wconf 83' lang='lat' dir='ltr'><strong>adorent</strong></span> <span class='ocrx_word' id='word_1_339' title='bbox 1290 3942 1411 3980; x_wconf 91' lang='lat' dir='ltr'><strong>eum</strong></span> <span class='ocrx_word' id='word_1_340' title='bbox 1449 3943 1642 3984; x_wconf 88' lang='lat' dir='ltr'><strong>omnes</strong></span> <span class='ocrx_word' id='word_1_341' title='bbox 1672 3933 1845 4000; x_wconf 80' lang='lat' dir='ltr'><strong>angeli</strong></span> <span class='ocrx_word' id='word_1_342' title='bbox 1882 3929 1998 3985; x_wconf 69' lang='lat' dir='ltr'><strong>“ei.</strong></span> <span class='ocrx_word' id='word_1_343' title='bbox 2032 3931 2098 3984; x_wconf 86' lang='lat' dir='ltr'><strong>Et</strong></span> 
     </span>
    </p>
   </div>
   <div class='ocr_carea' id='block_1_48' title="bbox 521 4015 2100 4091">
    <p class='ocr_par' dir='ltr' id='par_1_48' title="bbox 521 4015 2100 4091">
     <span class='ocr_line' id='line_1_48' title="bbox 521 4015 2100 4091; baseline 0.007 -28"><span class='ocrx_word' id='word_1_344' title='bbox 521 4015 585 4064; x_wconf 77' lang='lat' dir='ltr'><strong>ad</strong></span> <span class='ocrx_word' id='word_1_345' title='bbox 610 4015 831 4080; x_wconf 80' lang='lat' dir='ltr'><strong>angelos</strong></span> <span class='ocrx_word' id='word_1_346' title='bbox 861 4015 1077 4084; x_wconf 85' lang='lat' dir='ltr'><strong>quidem</strong></span> <span class='ocrx_word' id='word_1_347' title='bbox 1112 4016 1239 4070; x_wconf 84' lang='lat' dir='ltr'><strong>dicit</strong></span> <span class='ocrx_word' id='word_1_348' title='bbox 1267 4035 1280 4070; x_wconf 89' lang='lat'><strong>:</strong></span> <span class='ocrx_word' id='word_1_349' title='bbox 1309 4017 1407 4083; x_wconf 84' lang='lat' dir='ltr'><strong>Qui</strong></span> <span class='ocrx_word' id='word_1_350' title='bbox 1435 4017 1561 4072; x_wconf 83' lang='lat' dir='ltr'><strong>facit</strong></span> <span class='ocrx_word' id='word_1_351' title='bbox 1595 4021 1818 4087; x_wconf 84' lang='lat' dir='ltr'><strong>angelos</strong></span> <span class='ocrx_word' id='word_1_352' title='bbox 1844 4037 1969 4075; x_wconf 89' lang='lat' dir='ltr'><strong>suos</strong></span> <span class='ocrx_word' id='word_1_353' title='bbox 1991 4022 2100 4091; x_wconf 89' lang='lat' dir='ltr'><strong>spi-</strong></span> 
     </span>
    </p>
   </div>
   <div class='ocr_carea' id='block_1_49' title="bbox 523 4108 2096 4180">
    <p class='ocr_par' dir='ltr' id='par_1_49' title="bbox 523 4108 2096 4180">
     <span class='ocr_line' id='line_1_49' title="bbox 523 4108 2096 4180; baseline 0.006 -22"><span class='ocrx_word' id='word_1_354' title='bbox 523 4109 681 4170; x_wconf 81' lang='lat' dir='ltr'><strong>ritus,</strong></span> <span class='ocrx_word' id='word_1_355' title='bbox 711 4117 764 4160; x_wconf 79' lang='lat' dir='ltr'><strong>ct</strong></span> <span class='ocrx_word' id='word_1_356' title='bbox 801 4108 1082 4162; x_wconf 76' lang='lat' dir='ltr'><strong>ministres</strong></span> <span class='ocrx_word' id='word_1_357' title='bbox 1114 4125 1256 4163; x_wconf 81' lang='lat' dir='ltr'><strong>suos</strong></span> <span class='ocrx_word' id='word_1_358' title='bbox 1285 4108 1556 4164; x_wconf 79' lang='lat' dir='ltr'><strong>ﬂammam</strong></span> <span class='ocrx_word' id='word_1_359' title='bbox 1592 4111 1748 4180; x_wconf 78' lang='lat' dir='ltr'><strong>ignis.</strong></span> <span class='ocrx_word' id='word_1_360' title='bbox 1792 4112 1870 4166; x_wconf 81' lang='lat' dir='ltr'><strong>Ad</strong></span> <span class='ocrx_word' id='word_1_361' title='bbox 1903 4111 2096 4166; x_wconf 83' lang='lat' dir='ltr'><strong>Filium</strong></span> 
     </span>
    </p>
   </div>
   <div class='ocr_carea' id='block_1_50' title="bbox 523 4198 2101 4269">
    <p class='ocr_par' dir='ltr' id='par_1_50' title="bbox 523 4198 2101 4269">
     <span class='ocr_line' id='line_1_50' title="bbox 523 4198 2101 4269; baseline 0.004 -19"><span class='ocrx_word' id='word_1_362' title='bbox 523 4212 699 4252; x_wconf 83' lang='lat' dir='ltr'><strong>autent</strong></span> <span class='ocrx_word' id='word_1_363' title='bbox 730 4217 744 4252; x_wconf 89' lang='lat'><strong>:</strong></span> <span class='ocrx_word' id='word_1_364' title='bbox 779 4198 1033 4255; x_wconf 66' lang='lat' dir='ltr'><strong>Tir-renus</strong></span> <span class='ocrx_word' id='word_1_365' title='bbox 1082 4213 1226 4268; x_wconf 84' lang='lat' dir='ltr'><strong>tuus,</strong></span> <span class='ocrx_word' id='word_1_366' title='bbox 1282 4202 1446 4267; x_wconf 87' lang='lat' dir='ltr'><strong>Deus,</strong></span> <span class='ocrx_word' id='word_1_367' title='bbox 1487 4203 1538 4254; x_wconf 93' lang='lat' dir='ltr'><strong>in</strong></span> <span class='ocrx_word' id='word_1_368' title='bbox 1587 4204 1840 4258; x_wconf 71' lang='lat' dir='ltr'><strong>sarculum</strong></span> <span class='ocrx_word' id='word_1_369' title='bbox 1893 4205 2101 4269; x_wconf 67' lang='lat' dir='ltr'><strong>steculi,</strong></span> 
     </span>
    </p>
   </div>
   <div class='ocr_carea' id='block_1_51' title="bbox 522 4293 2102 4364">
    <p class='ocr_par' dir='ltr' id='par_1_51' title="bbox 522 4293 2102 4364">
     <span class='ocr_line' id='line_1_51' title="bbox 522 4293 2102 4364; baseline 0.006 -22"><span class='ocrx_word' id='word_1_370' title='bbox 522 4295 673 4360; x_wconf 62' lang='lat' dir='ltr'><strong>virga</strong></span> <span class='ocrx_word' id='word_1_371' title='bbox 703 4293 1002 4361; x_wconf 78' lang='lat' dir='ltr'><strong>:equitatis,</strong></span> <span class='ocrx_word' id='word_1_372' title='bbox 1032 4294 1178 4364; x_wconf 79' lang='lat' dir='ltr'><strong>virga</strong></span> <span class='ocrx_word' id='word_1_373' title='bbox 1222 4296 1369 4363; x_wconf 81' lang='lat' dir='ltr'><strong>regni</strong></span> <span class='ocrx_word' id='word_1_374' title='bbox 1399 4295 1498 4348; x_wconf 91' lang='lat' dir='ltr'><strong>tui.</strong></span> <span class='ocrx_word' id='word_1_375' title='bbox 1547 4295 1785 4349; x_wconf 75' lang='lat' dir='ltr'><strong>Dilcxisti</strong></span> <span class='ocrx_word' id='word_1_376' title='bbox 1812 4297 2102 4364; x_wconf 87' lang='lat' dir='ltr'><strong>justitiam,</strong></span> 
     </span>
    </p>
   </div>
   <div class='ocr_carea' id='block_1_52' title="bbox 521 4386 2104 4456">
    <p class='ocr_par' dir='ltr' id='par_1_52' title="bbox 521 4386 2104 4456">
     <span class='ocr_line' id='line_1_52' title="bbox 521 4386 2104 4456; baseline 0.003 -18"><span class='ocrx_word' id='word_1_377' title='bbox 521 4395 577 4438; x_wconf 75' lang='lat' dir='ltr'><strong>ct</strong></span> <span class='ocrx_word' id='word_1_378' title='bbox 598 4387 758 4438; x_wconf 82' lang='lat' dir='ltr'><strong>odisti</strong></span> <span class='ocrx_word' id='word_1_379' title='bbox 789 4386 1134 4455; x_wconf 78' lang='lat' dir='ltr'><strong>iniquitatem</strong></span> <span class='ocrx_word' id='word_1_380' title='bbox 1167 4403 1180 4441; x_wconf 89' lang='lat'><strong>:</strong></span> <span class='ocrx_word' id='word_1_381' title='bbox 1207 4396 1489 4456; x_wconf 80' lang='lat' dir='ltr'><strong>propterea</strong></span> <span class='ocrx_word' id='word_1_382' title='bbox 1519 4391 1675 4440; x_wconf 83' lang='lat' dir='ltr'><strong>unxit</strong></span> <span class='ocrx_word' id='word_1_383' title='bbox 1700 4400 1748 4441; x_wconf 90' lang='lat' dir='ltr'><strong>te</strong></span> <span class='ocrx_word' id='word_1_384' title='bbox 1771 4389 1934 4453; x_wconf 90' lang='lat' dir='ltr'><strong>Deus,</strong></span> <span class='ocrx_word' id='word_1_385' title='bbox 1965 4389 2104 4443; x_wconf 87' lang='lat' dir='ltr'><strong>Dens</strong></span> 
     </span>
    </p>
   </div>
   <div class='ocr_carea' id='block_1_53' title="bbox 529 4481 2100 4554">
    <p class='ocr_par' dir='ltr' id='par_1_53' title="bbox 529 4481 2100 4554">
     <span class='ocr_line' id='line_1_53' title="bbox 529 4481 2100 4554; baseline 0.004 -23"><span class='ocrx_word' id='word_1_386' title='bbox 529 4493 674 4545; x_wconf 83' lang='lat' dir='ltr'><strong>Inus,</strong></span> <span class='ocrx_word' id='word_1_387' title='bbox 715 4481 836 4536; x_wconf 85' lang='lat' dir='ltr'><strong>oleo</strong></span> <span class='ocrx_word' id='word_1_388' title='bbox 871 4482 1251 4536; x_wconf 76' lang='lat' dir='ltr'><strong>exsultationis</strong></span> <span class='ocrx_word' id='word_1_389' title='bbox 1283 4499 1391 4550; x_wconf 70' lang='lat' dir='ltr'><strong>prae</strong></span> <span class='ocrx_word' id='word_1_390' title='bbox 1419 4483 1775 4554; x_wconf 86' lang='lat' dir='ltr'><strong>participibus</strong></span> <span class='ocrx_word' id='word_1_391' title='bbox 1814 4485 1940 4538; x_wconf 89' lang='lat' dir='ltr'><strong>tuis.</strong></span> <span class='ocrx_word' id='word_1_392' title='bbox 1984 4484 2049 4538; x_wconf 84' lang='lat' dir='ltr'><strong>Et</strong></span> <span class='ocrx_word' id='word_1_393' title='bbox 2085 4498 2100 4536; x_wconf 88' lang='lat'><strong>:</strong></span> 
     </span>
    </p>
   </div>
   <div class='ocr_carea' id='block_1_54' title="bbox 529 4572 2105 4645">
    <p class='ocr_par' dir='ltr' id='par_1_54' title="bbox 529 4572 2105 4645">
     <span class='ocr_line' id='line_1_54' title="bbox 529 4572 2105 4645; baseline 0.003 -20"><span class='ocrx_word' id='word_1_394' title='bbox 529 4572 608 4625; x_wconf 81' lang='lat' dir='ltr'><strong>Tu</strong></span> <span class='ocrx_word' id='word_1_395' title='bbox 644 4573 697 4626; x_wconf 91' lang='lat' dir='ltr'><strong>in</strong></span> <span class='ocrx_word' id='word_1_396' title='bbox 738 4573 1027 4643; x_wconf 88' lang='lat' dir='ltr'><strong>principio,</strong></span> <span class='ocrx_word' id='word_1_397' title='bbox 1060 4575 1310 4638; x_wconf 83' lang='lat' dir='ltr'><strong>Domine,</strong></span> <span class='ocrx_word' id='word_1_398' title='bbox 1339 4585 1540 4630; x_wconf 83' lang='lat' dir='ltr'><strong>terram</strong></span> <span class='ocrx_word' id='word_1_399' title='bbox 1576 4576 1816 4631; x_wconf 82' lang='lat' dir='ltr'><strong>fundasti</strong></span> <span class='ocrx_word' id='word_1_400' title='bbox 1851 4586 1944 4631; x_wconf 84' lang='lat' dir='ltr'><strong>:et</strong></span> <span class='ocrx_word' id='word_1_401' title='bbox 1976 4591 2105 4645; x_wconf 88' lang='lat' dir='ltr'><strong>ope-</strong></span> 
     </span>
    </p>
   </div>
   <div class='ocr_carea' id='block_1_55' title="bbox 528 4667 2104 4737">
    <p class='ocr_par' dir='ltr' id='par_1_55' title="bbox 528 4667 2104 4737">
     <span class='ocr_line' id='line_1_55' title="bbox 528 4667 2104 4737; baseline 0.006 -22"><span class='ocrx_word' id='word_1_402' title='bbox 528 4683 581 4716; x_wconf 84' lang='lat' dir='ltr'><strong>ra</strong></span> <span class='ocrx_word' id='word_1_403' title='bbox 627 4681 882 4718; x_wconf 85' lang='lat' dir='ltr'><strong>manuum</strong></span> <span class='ocrx_word' id='word_1_404' title='bbox 942 4675 1156 4718; x_wconf 86' lang='lat' dir='ltr'><strong>tuarum</strong></span> <span class='ocrx_word' id='word_1_405' title='bbox 1211 4668 1512 4722; x_wconf 72' lang='lat' dir='ltr'><strong>suntcmli.</strong></span> <span class='ocrx_word' id='word_1_406' title='bbox 1561 4667 1667 4736; x_wconf 87' lang='lat' dir='ltr'><strong>Ipsi</strong></span> <span class='ocrx_word' id='word_1_407' title='bbox 1719 4669 1996 4737; x_wconf 85' lang='lat' dir='ltr'><strong>peribunt,</strong></span> <span class='ocrx_word' id='word_1_408' title='bbox 2049 4680 2104 4724; x_wconf 90' lang='lat' dir='ltr'><strong>tu</strong></span> 
     </span>
    </p>
   </div>
   <div class='ocr_carea' id='block_1_56' title="bbox 524 4756 2105 4824">
    <p class='ocr_par' dir='ltr' id='par_1_56' title="bbox 524 4756 2105 4824">
     <span class='ocr_line' id='line_1_56' title="bbox 524 4756 2105 4824; baseline 0.005 -15"><span class='ocrx_word' id='word_1_409' title='bbox 524 4766 706 4810; x_wconf 84' lang='lat' dir='ltr'><strong>autem</strong></span> <span class='ocrx_word' id='word_1_410' title='bbox 729 4756 1097 4824; x_wconf 83' lang='lat' dir='ltr'><strong>permanebis,</strong></span> <span class='ocrx_word' id='word_1_411' title='bbox 1123 4765 1384 4813; x_wconf 88' lang='lat' dir='ltr'><strong>etomnes</strong></span> <span class='ocrx_word' id='word_1_412' title='bbox 1413 4769 1471 4812; x_wconf 88' lang='grc' dir='ltr'><strong>ιιι</strong></span> <span class='ocrx_word' id='word_1_413' title='bbox 1490 4761 1872 4814; x_wconf 80' lang='lat' dir='ltr'><strong>vestimentum</strong></span> <span class='ocrx_word' id='word_1_414' title='bbox 1896 4773 2105 4816; x_wconf 84' lang='lat' dir='ltr'><strong>vetera-</strong></span> 
     </span>
    </p>
   </div>
   <div class='ocr_carea' id='block_1_57' title="bbox 526 4851 2107 4919">
    <p class='ocr_par' dir='ltr' id='par_1_57' title="bbox 526 4851 2107 4919">
     <span class='ocr_line' id='line_1_57' title="bbox 526 4851 2107 4919; baseline 0.006 -18"><span class='ocrx_word' id='word_1_415' title='bbox 526 4858 683 4902; x_wconf 81' lang='lat' dir='ltr'><strong>seeut</strong></span> <span class='ocrx_word' id='word_1_416' title='bbox 715 4867 728 4903; x_wconf 92' lang='lat'><strong>:</strong></span> <span class='ocrx_word' id='word_1_417' title='bbox 762 4861 814 4903; x_wconf 92' lang='lat' dir='ltr'><strong>ct</strong></span> <span class='ocrx_word' id='word_1_418' title='bbox 863 4854 1008 4904; x_wconf 79' lang='lat' dir='ltr'><strong>velut</strong></span> <span class='ocrx_word' id='word_1_419' title='bbox 1052 4851 1309 4905; x_wconf 84' lang='lat' dir='ltr'><strong>amictum</strong></span> <span class='ocrx_word' id='word_1_420' title='bbox 1362 4854 1596 4907; x_wconf 87' lang='lat' dir='ltr'><strong>mutabis</strong></span> <span class='ocrx_word' id='word_1_421' title='bbox 1621 4853 1641 4882; x_wconf 82' lang='lat'><strong>’</strong></span> <span class='ocrx_word' id='word_1_422' title='bbox 1676 4867 1793 4919; x_wconf 91' lang='lat' dir='ltr'><strong>eos,</strong></span> <span class='ocrx_word' id='word_1_423' title='bbox 1843 4865 1898 4908; x_wconf 89' lang='lat' dir='ltr'><strong>et</strong></span> <span class='ocrx_word' id='word_1_424' title='bbox 1933 4864 2107 4909; x_wconf 74' lang='lat' dir='ltr'><strong>mnta-</strong></span> 
     </span>
    </p>
   </div>
   <div class='ocr_carea' id='block_1_58' title="bbox 527 4943 2102 5013">
    <p class='ocr_par' dir='ltr' id='par_1_58' title="bbox 527 4943 2102 5013">
     <span class='ocr_line' id='line_1_58' title="bbox 527 4943 2102 5013; baseline 0.004 -19"><span class='ocrx_word' id='word_1_425' title='bbox 527 4943 854 4996; x_wconf 83' lang='lat' dir='ltr'><strong>bunturle</strong></span> <span class='ocrx_word' id='word_1_426' title='bbox 891 4951 1070 4996; x_wconf 90' lang='lat' dir='ltr'><strong>autem</strong></span> <span class='ocrx_word' id='word_1_427' title='bbox 1115 4945 1252 4996; x_wconf 88' lang='lat' dir='ltr'><strong>idem</strong></span> <span class='ocrx_word' id='word_1_428' title='bbox 1317 4943 1429 5013; x_wconf 82' lang='lat' dir='ltr'><strong>ipse</strong></span> <span class='ocrx_word' id='word_1_429' title='bbox 1460 4959 1543 5010; x_wconf 89' lang='lat' dir='ltr'><strong>es,</strong></span> <span class='ocrx_word' id='word_1_430' title='bbox 1596 4954 1651 4998; x_wconf 92' lang='lat' dir='ltr'><strong>et</strong></span> <span class='ocrx_word' id='word_1_431' title='bbox 1681 4949 1809 5000; x_wconf 90' lang='lat' dir='ltr'><strong>anni</strong></span> <span class='ocrx_word' id='word_1_432' title='bbox 1865 4948 1940 5002; x_wconf 90' lang='lat' dir='ltr'><strong>tui</strong></span> <span class='ocrx_word' id='word_1_433' title='bbox 1995 4964 2102 5002; x_wconf 81' lang='lat' dir='ltr'><strong>non</strong></span> 
     </span>
    </p>
   </div>
   <div class='ocr_carea' id='block_1_59' title="bbox 526 5035 2106 5110">
    <p class='ocr_par' dir='ltr' id='par_1_59' title="bbox 526 5035 2106 5110">
     <span class='ocr_line' id='line_1_59' title="bbox 526 5035 2106 5110; baseline 0.004 -22"><span class='ocrx_word' id='word_1_434' title='bbox 526 5035 802 5090; x_wconf 80' lang='lat' dir='ltr'><strong>deficient.</strong></span> <span class='ocrx_word' id='word_1_435' title='bbox 833 5036 912 5088; x_wconf 81' lang='lat' dir='ltr'><strong>Ad</strong></span> <span class='ocrx_word' id='word_1_436' title='bbox 945 5049 1102 5104; x_wconf 88' lang='lat' dir='ltr'><strong>quem</strong></span> <span class='ocrx_word' id='word_1_437' title='bbox 1135 5044 1318 5090; x_wconf 83' lang='lat' dir='ltr'><strong>autem</strong></span> <span class='ocrx_word' id='word_1_438' title='bbox 1350 5037 1662 5104; x_wconf 78' lang='lat' dir='ltr'><strong>angelorum</strong></span> <span class='ocrx_word' id='word_1_439' title='bbox 1697 5038 1832 5093; x_wconf 79' lang='lat' dir='ltr'><strong>dixit</strong></span> <span class='ocrx_word' id='word_1_440' title='bbox 1862 5040 2106 5110; x_wconf 84' lang='lat' dir='ltr'><strong>aliquan-</strong></span> 
     </span>
    </p>
   </div>
   <div class='ocr_carea' id='block_1_60' title="bbox 526 5128 2106 5200">
    <p class='ocr_par' dir='ltr' id='par_1_60' title="bbox 526 5128 2106 5200">
     <span class='ocr_line' id='line_1_60' title="bbox 526 5128 2106 5200; baseline 0.003 -18"><span class='ocrx_word' id='word_1_441' title='bbox 526 5129 595 5183; x_wconf 88' lang='lat' dir='ltr'><strong>do</strong></span> <span class='ocrx_word' id='word_1_442' title='bbox 625 5147 640 5184; x_wconf 89' lang='lat'><strong>:</strong></span> <span class='ocrx_word' id='word_1_443' title='bbox 675 5128 812 5182; x_wconf 83' lang='lat' dir='ltr'><strong>Sede</strong></span> <span class='ocrx_word' id='word_1_444' title='bbox 846 5143 874 5180; x_wconf 88' lang='lat' dir='ltr'><strong>a</strong></span> <span class='ocrx_word' id='word_1_445' title='bbox 899 5128 1105 5182; x_wconf 74' lang='lat' dir='ltr'><strong>dextris</strong></span> <span class='ocrx_word' id='word_1_446' title='bbox 1137 5129 1293 5194; x_wconf 88' lang='lat' dir='ltr'><strong>meis,</strong></span> <span class='ocrx_word' id='word_1_447' title='bbox 1320 5130 1673 5200; x_wconf 85' lang='lat' dir='ltr'><strong>quoadusque</strong></span> <span class='ocrx_word' id='word_1_448' title='bbox 1704 5147 1898 5200; x_wconf 90' lang='lat' dir='ltr'><strong>ponam</strong></span> <span class='ocrx_word' id='word_1_449' title='bbox 1926 5133 2106 5187; x_wconf 86' lang='lat' dir='ltr'><strong>inimi-</strong></span> 
     </span>
    </p>
   </div>
   <div class='ocr_carea' id='block_1_61' title="bbox 524 5220 2109 5290">
    <p class='ocr_par' dir='ltr' id='par_1_61' title="bbox 524 5220 2109 5290">
     <span class='ocr_line' id='line_1_61' title="bbox 524 5220 2109 5290; baseline 0.004 -17"><span class='ocrx_word' id='word_1_450' title='bbox 524 5237 619 5274; x_wconf 77' lang='lat' dir='ltr'><strong>cos</strong></span> <span class='ocrx_word' id='word_1_451' title='bbox 656 5228 779 5275; x_wconf 86' lang='lat' dir='ltr'><strong>tuos</strong></span> <span class='ocrx_word' id='word_1_452' title='bbox 813 5220 1108 5275; x_wconf 85' lang='lat' dir='ltr'><strong>scabellum</strong></span> <span class='ocrx_word' id='word_1_453' title='bbox 1149 5221 1345 5290; x_wconf 86' lang='lat' dir='ltr'><strong>pedum</strong></span> <span class='ocrx_word' id='word_1_454' title='bbox 1392 5223 1650 5279; x_wconf 81' lang='lat' dir='ltr'><strong>tuorum?</strong></span> <span class='ocrx_word' id='word_1_455' title='bbox 1682 5223 1871 5277; x_wconf 83' lang='lat' dir='ltr'><strong>Nonne</strong></span> <span class='ocrx_word' id='word_1_456' title='bbox 1914 5240 2109 5279; x_wconf 84' lang='lat' dir='ltr'><strong>omnes</strong></span> 
     </span>
    </p>
   </div>
   <div class='ocr_carea' id='block_1_62' title="bbox 527 5312 2100 5380">
    <p class='ocr_par' dir='ltr' id='par_1_62' title="bbox 527 5312 2100 5380">
     <span class='ocr_line' id='line_1_62' title="bbox 527 5312 2100 5380; baseline 0 -14"><span class='ocrx_word' id='word_1_457' title='bbox 527 5322 653 5366; x_wconf 72' lang='lat' dir='ltr'><strong>suut</strong></span> <span class='ocrx_word' id='word_1_458' title='bbox 683 5312 1134 5366; x_wconf 86' lang='lat' dir='ltr'><strong>administratorii</strong></span> <span class='ocrx_word' id='word_1_459' title='bbox 1179 5312 1404 5380; x_wconf 88' lang='lat' dir='ltr'><strong>spiritus</strong></span> <span class='ocrx_word' id='word_1_460' title='bbox 1457 5315 1506 5366; x_wconf 92' lang='lat' dir='ltr'><strong>iu</strong></span> <span class='ocrx_word' id='word_1_461' title='bbox 1555 5314 1917 5368; x_wconf 79' lang='lat' dir='ltr'><strong>ministerium</strong></span> <span class='ocrx_word' id='word_1_462' title='bbox 1952 5316 2100 5368; x_wconf 84' lang='lat' dir='ltr'><strong>missi</strong></span> 
     </span>
    </p>
   </div>
   <div class='ocr_carea' id='block_1_63' title="bbox 522 5405 1958 5476">
    <p class='ocr_par' dir='ltr' id='par_1_63' title="bbox 522 5405 1958 5476">
     <span class='ocr_line' id='line_1_63' title="bbox 522 5405 1958 5476; baseline 0.004 -23"><span class='ocrx_word' id='word_1_463' title='bbox 522 5413 746 5475; x_wconf 84' lang='lat' dir='ltr'><strong>propter</strong></span> <span class='ocrx_word' id='word_1_464' title='bbox 782 5421 878 5460; x_wconf 87' lang='lat' dir='ltr'><strong>eos</strong></span> <span class='ocrx_word' id='word_1_465' title='bbox 937 5405 1029 5475; x_wconf 90' lang='lat' dir='ltr'><strong>qui</strong></span> <span class='ocrx_word' id='word_1_466' title='bbox 1077 5405 1445 5461; x_wconf 60' lang='lat' dir='ltr'><strong>hareditatem</strong></span> <span class='ocrx_word' id='word_1_467' title='bbox 1481 5407 1701 5476; x_wconf 86' lang='lat' dir='ltr'><strong>capient</strong></span> <span class='ocrx_word' id='word_1_468' title='bbox 1730 5407 1958 5462; x_wconf 87' lang='lat' dir='ltr'><strong>salutis?</strong></span> 
     </span>
    </p>
   </div>
   <div class='ocr_carea' id='block_1_64' title="bbox 596 5541 2100 5610">
    <p class='ocr_par' dir='ltr' id='par_1_64' title="bbox 596 5541 2100 5610">
     <span class='ocr_line' id='line_1_64' title="bbox 596 5541 2100 5610; baseline 0.003 -15"><span class='ocrx_word' id='word_1_469' title='bbox 596 5543 608 5571; x_wconf 90' lang='grc'>¹</span> <span class='ocrx_word' id='word_1_470' title='bbox 647 5541 846 5595; x_wconf 67' lang='lat' dir='ltr'><strong>Vitiose</strong></span> <span class='ocrx_word' id='word_1_471' title='bbox 890 5542 1153 5610; x_wconf 78' lang='lat' dir='ltr'><strong>scripIUm</strong></span> <span class='ocrx_word' id='word_1_472' title='bbox 1191 5542 1242 5596; x_wconf 90' lang='lat' dir='ltr'><strong>in</strong></span> <span class='ocrx_word' id='word_1_473' title='bbox 1274 5541 1568 5596; x_wconf 65' lang='lat' dir='ltr'><strong>Martianasi</strong></span> <span class='ocrx_word' id='word_1_474' title='bbox 1620 5543 1857 5597; x_wconf 87' lang='lat' dir='ltr'><strong>editione</strong></span> <span class='ocrx_word' id='word_1_475' title='bbox 1891 5543 2100 5599; x_wconf 84' lang='lat' dir='ltr'><strong>duobus</strong></span> 
     </span>
    </p>
   </div>
   <div class='ocr_carea' id='block_1_65' title="bbox 521 5612 1572 5681">
    <p class='ocr_par' dir='ltr' id='par_1_65' title="bbox 521 5612 1572 5681">
     <span class='ocr_line' id='line_1_65' title="bbox 521 5612 1572 5681; baseline 0.002 -17"><span class='ocrx_word' id='word_1_476' title='bbox 521 5614 723 5675; x_wconf 74' lang='lat' dir='ltr'><strong>verbis,</strong></span> <span class='ocrx_word' id='word_1_477' title='bbox 755 5612 845 5664; x_wconf 78' lang='lat' dir='ltr'><strong>sed</strong></span> <span class='ocrx_word' id='word_1_478' title='bbox 869 5622 938 5674; x_wconf 84' lang='lat' dir='ltr'><strong>et,</strong></span> <span class='ocrx_word' id='word_1_479' title='bbox 973 5629 1070 5681; x_wconf 92' lang='lat' dir='ltr'><strong>pro</strong></span> <span class='ocrx_word' id='word_1_480' title='bbox 1095 5613 1252 5674; x_wconf 82' lang='lat' dir='ltr'><strong>sedit.</strong></span> <span class='ocrx_word' id='word_1_481' title='bbox 1286 5624 1381 5666; x_wconf 90' lang='lat' dir='ltr'><strong>aut</strong></span> <span class='ocrx_word' id='word_1_482' title='bbox 1409 5618 1572 5668; x_wconf 75' lang='lat' dir='ltr'><strong>sedet.</strong></span> 
     </span>
    </p>
   </div>
   <div class='ocr_carea' id='block_1_66' title="bbox 529 5681 2099 5803">
    <p class='ocr_par' dir='ltr' id='par_1_66' title="bbox 529 5681 2099 5803">
     <span class='ocr_line' id='line_1_66' title="bbox 529 5681 2099 5803; baseline 0.009 -74"><span class='ocrx_word' id='word_1_483' title='bbox 529 5685 617 5803; x_wconf 43' lang='grc' dir='ltr'><strong>εξ</strong></span> <span class='ocrx_word' id='word_1_484' title='bbox 642 5681 710 5766; x_wconf 45' lang='lat' dir='ltr'><strong>&#39;lrn</strong></span> <span class='ocrx_word' id='word_1_485' title='bbox 741 5681 913 5735; x_wconf 80' lang='lat' dir='ltr'><strong>Palat.</strong></span> <span class='ocrx_word' id='word_1_486' title='bbox 949 5699 1074 5749; x_wconf 88' lang='lat' dir='ltr'><strong>ms.,</strong></span> <span class='ocrx_word' id='word_1_487' title='bbox 1115 5685 1364 5748; x_wconf 73' lang='lat' dir='ltr'><strong>involves,</strong></span> <span class='ocrx_word' id='word_1_488' title='bbox 1400 5694 1452 5738; x_wconf 89' lang='lat' dir='ltr'><strong>ct</strong></span> <span class='ocrx_word' id='word_1_489' title='bbox 1496 5684 1684 5739; x_wconf 66' lang='lat' dir='ltr'><strong>Grmcc</strong></span> <span class='ocrx_word' id='word_1_490' title='bbox 1731 5685 1925 5752; x_wconf 72' lang='grc' dir='ltr'><strong>ἑλίξεις</strong></span> <span class='ocrx_word' id='word_1_491' title='bbox 1953 5727 1966 5751; x_wconf 90' lang='lat'><strong>,</strong></span> <span class='ocrx_word' id='word_1_492' title='bbox 2001 5703 2099 5756; x_wconf 81' lang='lat' dir='ltr'><strong>pro</strong></span> 
     </span>
     <span class='ocr_line' id='line_1_67' title="bbox 555 5767 795 5803; baseline 0.021 -5"><span class='ocrx_word' id='word_1_493' title='bbox 555 5767 795 5803; x_wconf 56' lang='lat' dir='ltr'><strong>manu.</strong></span> 
     </span>
    </p>
   </div>
   <div class='ocr_carea' id='block_1_67' title="bbox 555 5767 795 5814">
    <p class='ocr_par' dir='ltr' id='par_1_67' title="bbox 555 5767 795 5814">
     <span class='ocr_line' id='line_1_68' title="bbox 555 5767 795 5814; baseline 0.029 -16"><span class='ocrx_word' id='word_1_494' title='bbox 555 5767 716 5814; x_wconf 54' lang='grc' dir='ltr'><strong>[Μιαςε</strong></span> <span class='ocrx_word' id='word_1_495' title='bbox 728 5769 795 5814; x_wconf 79' lang='grc' dir='ltr'>ις.</span> 
     </span>
    </p>
   </div>
   <div class='ocr_carea' id='block_1_68' title="bbox 2285 2735 3736 2811">
    <p class='ocr_par' dir='ltr' id='par_1_68' title="bbox 2285 2735 3736 2811">
     <span class='ocr_line' id='line_1_69' title="bbox 2285 2735 3736 2811; baseline -0.001 -18"><span class='ocrx_word' id='word_1_496' title='bbox 2285 2737 2440 2807; x_wconf 78' lang='lat' dir='ltr'><strong>(Cap.</strong></span> <span class='ocrx_word' id='word_1_497' title='bbox 2483 2735 2572 2806; x_wconf 88' lang='lat' dir='ltr'><strong>Il.)</strong></span> <span class='ocrx_word' id='word_1_498' title='bbox 2606 2737 2896 2802; x_wconf 83' lang='lat' dir='ltr'><strong>Propterea</strong></span> <span class='ocrx_word' id='word_1_499' title='bbox 2929 2739 3301 2794; x_wconf 83' lang='lat' dir='ltr'><strong>abundantius</strong></span> <span class='ocrx_word' id='word_1_500' title='bbox 3349 2745 3552 2811; x_wconf 80' lang='lat' dir='ltr'><strong>oportet</strong></span> <span class='ocrx_word' id='word_1_501' title='bbox 3579 2737 3736 2793; x_wconf 78' lang='lat' dir='ltr'><strong>obser-</strong></span> 
     </span>
    </p>
   </div>
   <div class='ocr_carea' id='block_1_69' title="bbox 2199 2831 3734 2902">
    <p class='ocr_par' dir='ltr' id='par_1_69' title="bbox 2199 2831 3734 2902">
     <span class='ocr_line' id='line_1_70' title="bbox 2199 2831 3734 2902; baseline -0.001 -18"><span class='ocrx_word' id='word_1_502' title='bbox 2199 2845 2329 2886; x_wconf 88' lang='lat' dir='ltr'><strong>vare</strong></span> <span class='ocrx_word' id='word_1_503' title='bbox 2362 2845 2460 2886; x_wconf 88' lang='lat' dir='ltr'><strong>nos</strong></span> <span class='ocrx_word' id='word_1_504' title='bbox 2499 2847 2560 2883; x_wconf 89' lang='lat' dir='ltr'><strong>ea</strong></span> <span class='ocrx_word' id='word_1_505' title='bbox 2590 2846 2713 2899; x_wconf 73' lang='lat' dir='ltr'><strong>quae</strong></span> <span class='ocrx_word' id='word_1_506' title='bbox 2739 2831 3070 2894; x_wconf 73' lang='lat' dir='ltr'><strong>audivimus,</strong></span> <span class='ocrx_word' id='word_1_507' title='bbox 3107 2848 3172 2888; x_wconf 94' lang='lat' dir='ltr'><strong>ne</strong></span> <span class='ocrx_word' id='word_1_508' title='bbox 3197 2833 3356 2888; x_wconf 80' lang='lat' dir='ltr'><strong>forte</strong></span> <span class='ocrx_word' id='word_1_509' title='bbox 3379 2832 3734 2902; x_wconf 85' lang='lat' dir='ltr'><strong>perellluamus.’</strong></span> 
     </span>
    </p>
   </div>
   <div class='ocr_carea' id='block_1_70' title="bbox 2197 2924 3735 2992">
    <p class='ocr_par' dir='ltr' id='par_1_70' title="bbox 2197 2924 3735 2992">
     <span class='ocr_line' id='line_1_71' title="bbox 2197 2924 3735 2992; baseline -0.002 -14"><span class='ocrx_word' id='word_1_510' title='bbox 2197 2924 2254 2978; x_wconf 81' lang='lat' dir='ltr'><strong>Si</strong></span> <span class='ocrx_word' id='word_1_511' title='bbox 2288 2924 2433 2978; x_wconf 91' lang='lat' dir='ltr'><strong>enim</strong></span> <span class='ocrx_word' id='word_1_512' title='bbox 2463 2924 2554 2992; x_wconf 87' lang='lat' dir='ltr'><strong>qui</strong></span> <span class='ocrx_word' id='word_1_513' title='bbox 2579 2939 2674 2992; x_wconf 91' lang='lat' dir='ltr'><strong>per</strong></span> <span class='ocrx_word' id='word_1_514' title='bbox 2700 2924 2922 2992; x_wconf 75' lang='lat' dir='ltr'><strong>angelos</strong></span> <span class='ocrx_word' id='word_1_515' title='bbox 2946 2925 3126 2980; x_wconf 90' lang='lat' dir='ltr'><strong>dictus</strong></span> <span class='ocrx_word' id='word_1_516' title='bbox 3152 2936 3237 2981; x_wconf 88' lang='lat' dir='ltr'><strong>est</strong></span> <span class='ocrx_word' id='word_1_517' title='bbox 3269 2942 3469 2991; x_wconf 82' lang='lat' dir='ltr'><strong>sermo,</strong></span> <span class='ocrx_word' id='word_1_518' title='bbox 3499 2926 3651 2980; x_wconf 87' lang='lat' dir='ltr'><strong>factus</strong></span> <span class='ocrx_word' id='word_1_519' title='bbox 3669 2931 3735 2980; x_wconf 81' lang='lat' dir='ltr'><strong>est</strong></span> 
     </span>
    </p>
   </div>
   <div class='ocr_carea' id='block_1_71' title="bbox 2200 3013 3739 3086">
    <p class='ocr_par' dir='ltr' id='par_1_71' title="bbox 2200 3013 3739 3086">
     <span class='ocr_line' id='line_1_72' title="bbox 2200 3013 3739 3086; baseline -0.001 -16"><span class='ocrx_word' id='word_1_520' title='bbox 2200 3017 2412 3080; x_wconf 76' lang='lat' dir='ltr'><strong>lit-ntus,</strong></span> <span class='ocrx_word' id='word_1_521' title='bbox 2450 3025 2506 3070; x_wconf 90' lang='lat' dir='ltr'><strong>et</strong></span> <span class='ocrx_word' id='word_1_522' title='bbox 2536 3016 2718 3071; x_wconf 81' lang='lat' dir='ltr'><strong>omnis</strong></span> <span class='ocrx_word' id='word_1_523' title='bbox 2743 3017 3134 3086; x_wconf 69' lang='lat' dir='ltr'><strong>prazvaricatio</strong></span> <span class='ocrx_word' id='word_1_524' title='bbox 3172 3029 3228 3074; x_wconf 89' lang='lat' dir='ltr'><strong>et</strong></span> <span class='ocrx_word' id='word_1_525' title='bbox 3275 3013 3623 3074; x_wconf 77' lang='lat' dir='ltr'><strong>inebedieutia</strong></span> <span class='ocrx_word' id='word_1_526' title='bbox 3667 3032 3739 3069; x_wconf 82' lang='lat' dir='ltr'><strong>ac-</strong></span> 
     </span>
    </p>
   </div>
   <div class='ocr_carea' id='block_1_72' title="bbox 2200 3107 3738 3182">
    <p class='ocr_par' dir='ltr' id='par_1_72' title="bbox 2200 3107 3738 3182">
     <span class='ocr_line' id='line_1_73' title="bbox 2200 3107 3738 3182; baseline -0.001 -20"><span class='ocrx_word' id='word_1_527' title='bbox 2200 3107 2344 3177; x_wconf 86' lang='lat' dir='ltr'><strong>cepit</strong></span> <span class='ocrx_word' id='word_1_528' title='bbox 2362 3108 2566 3178; x_wconf 84' lang='lat' dir='ltr'><strong>justam</strong></span> <span class='ocrx_word' id='word_1_529' title='bbox 2595 3111 2861 3165; x_wconf 86' lang='lat' dir='ltr'><strong>mercedis</strong></span> <span class='ocrx_word' id='word_1_530' title='bbox 2890 3110 3310 3166; x_wconf 86' lang='lat' dir='ltr'><strong>retributionem</strong></span> <span class='ocrx_word' id='word_1_531' title='bbox 3341 3128 3356 3178; x_wconf 93' lang='lat'><strong>;</strong></span> <span class='ocrx_word' id='word_1_532' title='bbox 3389 3112 3738 3182; x_wconf 28' lang='lat' dir='ltr'><strong>quomodo‘ues</strong></span> 
     </span>
    </p>
   </div>
   <div class='ocr_carea' id='block_1_73' title="bbox 2199 3200 3738 3271">
    <p class='ocr_par' dir='ltr' id='par_1_73' title="bbox 2199 3200 3738 3271">
     <span class='ocr_line' id='line_1_74' title="bbox 2199 3200 3738 3271; baseline -0.001 -16"><span class='ocrx_word' id='word_1_533' title='bbox 2199 3200 2542 3267; x_wconf 69' lang='lat' dir='ltr'><strong>etl&#39;ugiemus,</strong></span> <span class='ocrx_word' id='word_1_534' title='bbox 2573 3203 2618 3256; x_wconf 90' lang='lat' dir='ltr'><strong>si</strong></span> <span class='ocrx_word' id='word_1_535' title='bbox 2654 3210 2861 3256; x_wconf 86' lang='lat' dir='ltr'><strong>tantam</strong></span> <span class='ocrx_word' id='word_1_536' title='bbox 2910 3203 3316 3271; x_wconf 78' lang='lat' dir='ltr'><strong>neglexerimus</strong></span> <span class='ocrx_word' id='word_1_537' title='bbox 3363 3205 3622 3259; x_wconf 73' lang='lat' dir='ltr'><strong>salutent?</strong></span> <span class='ocrx_word' id='word_1_538' title='bbox 3645 3215 3738 3270; x_wconf 65' lang='lat' dir='ltr'><strong>qua</strong></span> 
     </span>
    </p>
   </div>
   <div class='ocr_carea' id='block_1_74' title="bbox 2200 3294 3732 3365">
    <p class='ocr_par' dir='ltr' id='par_1_74' title="bbox 2200 3294 3732 3365">
     <span class='ocr_line' id='line_1_75' title="bbox 2200 3294 3732 3365; baseline -0.001 -20"><span class='ocrx_word' id='word_1_539' title='bbox 2200 3308 2320 3346; x_wconf 91' lang='lat' dir='ltr'><strong>cum</strong></span> <span class='ocrx_word' id='word_1_540' title='bbox 2362 3295 2572 3348; x_wconf 90' lang='lat' dir='ltr'><strong>initium</strong></span> <span class='ocrx_word' id='word_1_541' title='bbox 2604 3294 2906 3362; x_wconf 83' lang='lat' dir='ltr'><strong>accepisset</strong></span> <span class='ocrx_word' id='word_1_542' title='bbox 2936 3297 3183 3350; x_wconf 85' lang='lat' dir='ltr'><strong>enarrari</strong></span> <span class='ocrx_word' id='word_1_543' title='bbox 3238 3313 3339 3365; x_wconf 85' lang='lat' dir='ltr'><strong>per</strong></span> <span class='ocrx_word' id='word_1_544' title='bbox 3375 3297 3658 3355; x_wconf 88' lang='lat' dir='ltr'><strong>Dominum,</strong></span> <span class='ocrx_word' id='word_1_545' title='bbox 3683 3294 3732 3345; x_wconf 83' lang='lat' dir='ltr'><strong>a&#39;u</strong></span> 
     </span>
    </p>
   </div>
   <div class='ocr_carea' id='block_1_75' title="bbox 2199 3385 3738 3459">
    <p class='ocr_par' dir='ltr' id='par_1_75' title="bbox 2199 3385 3738 3459">
     <span class='ocr_line' id='line_1_76' title="bbox 2199 3385 3738 3459; baseline -0.002 -20"><span class='ocrx_word' id='word_1_546' title='bbox 2199 3387 2301 3450; x_wconf 87' lang='lat' dir='ltr'><strong>eis,</strong></span> <span class='ocrx_word' id='word_1_547' title='bbox 2328 3385 2418 3454; x_wconf 89' lang='lat' dir='ltr'><strong>qui</strong></span> <span class='ocrx_word' id='word_1_548' title='bbox 2439 3387 2750 3450; x_wconf 85' lang='lat' dir='ltr'><strong>audierunt,</strong></span> <span class='ocrx_word' id='word_1_549' title='bbox 2774 3387 2826 3439; x_wconf 90' lang='lat' dir='ltr'><strong>in</strong></span> <span class='ocrx_word' id='word_1_550' title='bbox 2853 3401 2952 3442; x_wconf 88' lang='lat' dir='ltr'><strong>nos</strong></span> <span class='ocrx_word' id='word_1_551' title='bbox 2978 3391 3100 3458; x_wconf 75' lang='lat' dir='ltr'><strong>(ms.</strong></span> <span class='ocrx_word' id='word_1_552' title='bbox 3128 3389 3308 3459; x_wconf 88' lang='lat' dir='ltr'><strong>nobis)</strong></span> <span class='ocrx_word' id='word_1_553' title='bbox 3331 3389 3630 3443; x_wconf 81' lang='lat' dir='ltr'><strong>confirmata</strong></span> <span class='ocrx_word' id='word_1_554' title='bbox 3657 3396 3738 3448; x_wconf 82' lang='lat' dir='ltr'><strong>est,</strong></span> 
     </span>
    </p>
   </div>
   <div class='ocr_carea' id='block_1_76' title="bbox 2201 3475 3739 3546">
    <p class='ocr_par' dir='ltr' id='par_1_76' title="bbox 2201 3475 3739 3546">
     <span class='ocr_line' id='line_1_77' title="bbox 2201 3475 3739 3546; baseline -0.004 -16"><span class='ocrx_word' id='word_1_555' title='bbox 2201 3485 2544 3531; x_wconf 87' lang='lat' dir='ltr'><strong>contestante</strong></span> <span class='ocrx_word' id='word_1_556' title='bbox 2575 3475 2682 3530; x_wconf 84' lang='lat' dir='ltr'><strong>Deo</strong></span> <span class='ocrx_word' id='word_1_557' title='bbox 2714 3476 2887 3544; x_wconf 85' lang='lat' dir='ltr'><strong>signis</strong></span> <span class='ocrx_word' id='word_1_558' title='bbox 2917 3485 2972 3530; x_wconf 90' lang='lat' dir='ltr'><strong>et</strong></span> <span class='ocrx_word' id='word_1_559' title='bbox 3013 3479 3310 3546; x_wconf 86' lang='lat' dir='ltr'><strong>portemis,</strong></span> <span class='ocrx_word' id='word_1_560' title='bbox 3365 3488 3418 3532; x_wconf 92' lang='lat' dir='ltr'><strong>et</strong></span> <span class='ocrx_word' id='word_1_561' title='bbox 3472 3477 3623 3530; x_wconf 90' lang='lat' dir='ltr'><strong>variis</strong></span> <span class='ocrx_word' id='word_1_562' title='bbox 3651 3475 3739 3525; x_wconf 81' lang='lat' dir='ltr'><strong>vir-</strong></span> 
     </span>
    </p>
   </div>
   <div class='ocr_carea' id='block_1_77' title="bbox 2203 3567 3739 3636">
    <p class='ocr_par' dir='ltr' id='par_1_77' title="bbox 2203 3567 3739 3636">
     <span class='ocr_line' id='line_1_78' title="bbox 2203 3567 3739 3636; baseline -0.003 -15"><span class='ocrx_word' id='word_1_563' title='bbox 2203 3569 2426 3634; x_wconf 86' lang='lat' dir='ltr'><strong>tutibus,</strong></span> <span class='ocrx_word' id='word_1_564' title='bbox 2457 3580 2510 3623; x_wconf 90' lang='lat' dir='ltr'><strong>et</strong></span> <span class='ocrx_word' id='word_1_565' title='bbox 2560 3567 2798 3636; x_wconf 89' lang='lat' dir='ltr'><strong>Spiritus</strong></span> <span class='ocrx_word' id='word_1_566' title='bbox 2844 3570 3018 3624; x_wconf 86' lang='lat' dir='ltr'><strong>sancti</strong></span> <span class='ocrx_word' id='word_1_567' title='bbox 3070 3570 3550 3624; x_wconf 83' lang='lat' dir='ltr'><strong>distributionibus</strong></span> <span class='ocrx_word' id='word_1_568' title='bbox 3581 3583 3739 3620; x_wconf 82' lang='lat' dir='ltr'><strong>secun-</strong></span> 
     </span>
    </p>
   </div>
   <div class='ocr_carea' id='block_1_78' title="bbox 2201 3658 3738 3736">
    <p class='ocr_par' dir='ltr' id='par_1_78' title="bbox 2201 3658 3738 3736">
     <span class='ocr_line' id='line_1_79' title="bbox 2201 3658 3738 3736; baseline -0.005 -23"><span class='ocrx_word' id='word_1_569' title='bbox 2201 3662 2331 3714; x_wconf 87' lang='lat' dir='ltr'><strong>duru</strong></span> <span class='ocrx_word' id='word_1_570' title='bbox 2383 3675 2536 3716; x_wconf 81' lang='lat' dir='ltr'><strong>suam</strong></span> <span class='ocrx_word' id='word_1_571' title='bbox 2567 3663 2924 3716; x_wconf 87' lang='lat' dir='ltr'><strong>voluntatem.</strong></span> <span class='ocrx_word' id='word_1_572' title='bbox 2952 3660 3071 3717; x_wconf 85' lang='lat' dir='ltr'><strong>Non</strong></span> <span class='ocrx_word' id='word_1_573' title='bbox 3126 3663 3274 3716; x_wconf 85' lang='lat' dir='ltr'><strong>enim</strong></span> <span class='ocrx_word' id='word_1_574' title='bbox 3314 3663 3520 3728; x_wconf 72' lang='lat' dir='ltr'><strong>angelis</strong></span> <span class='ocrx_word' id='word_1_575' title='bbox 3541 3658 3738 3736; x_wconf 75' lang='lat' dir='ltr'><strong>subjecit</strong></span> 
     </span>
    </p>
   </div>
   <div class='ocr_carea' id='block_1_79' title="bbox 2201 3751 3746 3823">
    <p class='ocr_par' dir='ltr' id='par_1_79' title="bbox 2201 3751 3746 3823">
     <span class='ocr_line' id='line_1_80' title="bbox 2201 3751 3746 3823; baseline -0.003 -17"><span class='ocrx_word' id='word_1_576' title='bbox 2201 3754 2345 3807; x_wconf 87' lang='lat' dir='ltr'><strong>Deus</strong></span> <span class='ocrx_word' id='word_1_577' title='bbox 2367 3755 2553 3807; x_wconf 86' lang='lat' dir='ltr'><strong>orbem</strong></span> <span class='ocrx_word' id='word_1_578' title='bbox 2589 3762 2748 3806; x_wconf 67' lang='lat' dir='ltr'><strong>terrae</strong></span> <span class='ocrx_word' id='word_1_579' title='bbox 2781 3752 3036 3805; x_wconf 84' lang='lat' dir='ltr'><strong>futurum</strong></span> <span class='ocrx_word' id='word_1_580' title='bbox 3055 3752 3120 3806; x_wconf 87' lang='lat' dir='ltr'><strong>de</strong></span> <span class='ocrx_word' id='word_1_581' title='bbox 3138 3767 3244 3821; x_wconf 88' lang='lat' dir='ltr'><strong>quo</strong></span> <span class='ocrx_word' id='word_1_582' title='bbox 3274 3753 3571 3823; x_wconf 85' lang='lat' dir='ltr'><strong>loquimur.</strong></span> <span class='ocrx_word' id='word_1_583' title='bbox 3590 3751 3746 3804; x_wconf 70' lang='lat' dir='ltr'><strong>Tcsm-</strong></span> 
     </span>
    </p>
   </div>
   <div class='ocr_carea' id='block_1_80' title="bbox 2203 3837 3745 3913">
    <p class='ocr_par' dir='ltr' id='par_1_80' title="bbox 2203 3837 3745 3913">
     <span class='ocr_line' id='line_1_81' title="bbox 2203 3837 3745 3913; baseline -0.005 -16"><span class='ocrx_word' id='word_1_584' title='bbox 2203 3853 2289 3898; x_wconf 90' lang='lat' dir='ltr'><strong>tus</strong></span> <span class='ocrx_word' id='word_1_585' title='bbox 2317 3853 2400 3899; x_wconf 88' lang='lat' dir='ltr'><strong>est</strong></span> <span class='ocrx_word' id='word_1_586' title='bbox 2428 3851 2608 3898; x_wconf 87' lang='lat' dir='ltr'><strong>autem</strong></span> <span class='ocrx_word' id='word_1_587' title='bbox 2647 3844 2700 3896; x_wconf 88' lang='lat' dir='ltr'><strong>in</strong></span> <span class='ocrx_word' id='word_1_588' title='bbox 2741 3843 2976 3912; x_wconf 89' lang='lat' dir='ltr'><strong>quodam</strong></span> <span class='ocrx_word' id='word_1_589' title='bbox 3017 3843 3137 3897; x_wconf 91' lang='lat' dir='ltr'><strong>loco</strong></span> <span class='ocrx_word' id='word_1_590' title='bbox 3169 3845 3317 3913; x_wconf 85' lang='lat' dir='ltr'><strong>quis,</strong></span> <span class='ocrx_word' id='word_1_591' title='bbox 3349 3841 3576 3898; x_wconf 80' lang='lat' dir='ltr'><strong>dicens&#39;</strong></span> <span class='ocrx_word' id='word_1_592' title='bbox 3599 3861 3610 3894; x_wconf 94' lang='lat'><strong>:</strong></span> <span class='ocrx_word' id='word_1_593' title='bbox 3632 3837 3745 3905; x_wconf 84' lang='lat' dir='ltr'><strong>Quid</strong></span> 
     </span>
    </p>
   </div>
   <div class='ocr_carea' id='block_1_81' title="bbox 2201 3933 3746 4008">
    <p class='ocr_par' dir='ltr' id='par_1_81' title="bbox 2201 3933 3746 4008">
     <span class='ocr_line' id='line_1_82' title="bbox 2201 3933 3746 4008; baseline -0.004 -17"><span class='ocrx_word' id='word_1_594' title='bbox 2201 3938 2495 4003; x_wconf 62' lang='lat' dir='ltr'><strong>esthomo,</strong></span> <span class='ocrx_word' id='word_1_595' title='bbox 2527 3938 2670 4006; x_wconf 88' lang='lat' dir='ltr'><strong>quod</strong></span> <span class='ocrx_word' id='word_1_596' title='bbox 2703 3953 2914 3993; x_wconf 88' lang='lat' dir='ltr'><strong>memor</strong></span> <span class='ocrx_word' id='word_1_597' title='bbox 2943 3952 3003 3992; x_wconf 86' lang='lat' dir='ltr'><strong>es</strong></span> <span class='ocrx_word' id='word_1_598' title='bbox 3029 3941 3172 4008; x_wconf 90' lang='lat' dir='ltr'><strong>ejus,</strong></span> <span class='ocrx_word' id='word_1_599' title='bbox 3206 3949 3303 3993; x_wconf 86' lang='lat' dir='ltr'><strong>aut</strong></span> <span class='ocrx_word' id='word_1_600' title='bbox 3358 3938 3498 3991; x_wconf 81' lang='lat' dir='ltr'><strong>filius</strong></span> <span class='ocrx_word' id='word_1_601' title='bbox 3524 3933 3746 3992; x_wconf 84' lang='lat' dir='ltr'><strong>hominis.</strong></span> 
     </span>
    </p>
   </div>
   <div class='ocr_carea' id='block_1_82' title="bbox 2203 4023 3750 4100">
    <p class='ocr_par' dir='ltr' id='par_1_82' title="bbox 2203 4023 3750 4100">
     <span class='ocr_line' id='line_1_83' title="bbox 2203 4023 3750 4100; baseline -0.005 -20"><span class='ocrx_word' id='word_1_602' title='bbox 2203 4030 2460 4098; x_wconf 87' lang='lat' dir='ltr'><strong>quoniam</strong></span> <span class='ocrx_word' id='word_1_603' title='bbox 2500 4029 2685 4082; x_wconf 85' lang='lat' dir='ltr'><strong>visitas</strong></span> <span class='ocrx_word' id='word_1_604' title='bbox 2704 4030 2865 4083; x_wconf 87' lang='lat' dir='ltr'><strong>eum?</strong></span> <span class='ocrx_word' id='word_1_605' title='bbox 2898 4029 3137 4083; x_wconf 82' lang='lat' dir='ltr'><strong>Minuisti</strong></span> <span class='ocrx_word' id='word_1_606' title='bbox 3170 4044 3300 4083; x_wconf 92' lang='lat' dir='ltr'><strong>eum</strong></span> <span class='ocrx_word' id='word_1_607' title='bbox 3331 4029 3492 4100; x_wconf 90' lang='lat' dir='ltr'><strong>paulo</strong></span> <span class='ocrx_word' id='word_1_608' title='bbox 3519 4023 3750 4080; x_wconf 80' lang='lat' dir='ltr'><strong>miuus&#39;ab</strong></span> 
     </span>
    </p>
   </div>
   <div class='ocr_carea' id='block_1_83' title="bbox 2207 4119 3754 4190">
    <p class='ocr_par' dir='ltr' id='par_1_83' title="bbox 2207 4119 3754 4190">
     <span class='ocr_line' id='line_1_84' title="bbox 2207 4119 3754 4190; baseline -0.006 -17"><span class='ocrx_word' id='word_1_609' title='bbox 2207 4119 2455 4190; x_wconf 82' lang='lat' dir='ltr'><strong>angelis;</strong></span> <span class='ocrx_word' id='word_1_610' title='bbox 2490 4119 2662 4188; x_wconf 86' lang='lat' dir='ltr'><strong>gloria</strong></span> <span class='ocrx_word' id='word_1_611' title='bbox 2696 4131 2752 4174; x_wconf 88' lang='lat' dir='ltr'><strong>et</strong></span> <span class='ocrx_word' id='word_1_612' title='bbox 2797 4121 3004 4175; x_wconf 88' lang='lat' dir='ltr'><strong>honore</strong></span> <span class='ocrx_word' id='word_1_613' title='bbox 3049 4121 3340 4175; x_wconf 89' lang='lat' dir='ltr'><strong>coronasti-</strong></span> <span class='ocrx_word' id='word_1_614' title='bbox 3381 4132 3537 4184; x_wconf 78' lang='lat' dir='ltr'><strong>euut;</strong></span> <span class='ocrx_word' id='word_1_615' title='bbox 3571 4127 3618 4171; x_wconf 89' lang='lat' dir='ltr'><strong>et</strong></span> <span class='ocrx_word' id='word_1_616' title='bbox 3649 4128 3754 4168; x_wconf 67' lang='lat' dir='ltr'><strong>con-</strong></span> 
     </span>
    </p>
   </div>
   <div class='ocr_carea' id='block_1_84' title="bbox 2207 4207 3753 4281">
    <p class='ocr_par' dir='ltr' id='par_1_84' title="bbox 2207 4207 3753 4281">
     <span class='ocr_line' id='line_1_85' title="bbox 2207 4207 3753 4281; baseline -0.005 -14"><span class='ocrx_word' id='word_1_617' title='bbox 2207 4213 2432 4267; x_wconf 87' lang='lat' dir='ltr'><strong>stituisti</strong></span> <span class='ocrx_word' id='word_1_618' title='bbox 2463 4227 2588 4266; x_wconf 91' lang='lat' dir='ltr'><strong>eum</strong></span> <span class='ocrx_word' id='word_1_619' title='bbox 2617 4227 2782 4280; x_wconf 86' lang='lat' dir='ltr'><strong>super</strong></span> <span class='ocrx_word' id='word_1_620' title='bbox 2804 4226 2969 4281; x_wconf 82' lang='lat' dir='ltr'><strong>Opera</strong></span> <span class='ocrx_word' id='word_1_621' title='bbox 3017 4223 3278 4266; x_wconf 89' lang='lat' dir='ltr'><strong>manuum</strong></span> <span class='ocrx_word' id='word_1_622' title='bbox 3324 4224 3562 4265; x_wconf 82' lang='lat' dir='ltr'><strong>tuarum.</strong></span> <span class='ocrx_word' id='word_1_623' title='bbox 3587 4207 3753 4262; x_wconf 72' lang='lat' dir='ltr'><strong>Omnia</strong></span> 
     </span>
    </p>
   </div>
   <div class='ocr_carea' id='block_1_85' title="bbox 2207 4298 3753 4374">
    <p class='ocr_par' dir='ltr' id='par_1_85' title="bbox 2207 4298 3753 4374">
     <span class='ocr_line' id='line_1_86' title="bbox 2207 4298 3753 4374; baseline -0.006 -16"><span class='ocrx_word' id='word_1_624' title='bbox 2207 4304 2483 4374; x_wconf 86' lang='lat' dir='ltr'><strong>subjecisti</strong></span> <span class='ocrx_word' id='word_1_625' title='bbox 2518 4304 2621 4358; x_wconf 82' lang='lat' dir='ltr'><strong>sub</strong></span> <span class='ocrx_word' id='word_1_626' title='bbox 2655 4305 2882 4372; x_wconf 85' lang='lat' dir='ltr'><strong>pedibus</strong></span> <span class='ocrx_word' id='word_1_627' title='bbox 2905 4305 3046 4373; x_wconf 83' lang='lat' dir='ltr'><strong>ejus.</strong></span> <span class='ocrx_word' id='word_1_628' title='bbox 3083 4304 3141 4357; x_wconf 90' lang='lat' dir='ltr'><strong>lu</strong></span> <span class='ocrx_word' id='word_1_629' title='bbox 3162 4319 3228 4357; x_wconf 92' lang='lat' dir='ltr'><strong>eo</strong></span> <span class='ocrx_word' id='word_1_630' title='bbox 3262 4305 3417 4358; x_wconf 90' lang='lat' dir='ltr'><strong>enim</strong></span> <span class='ocrx_word' id='word_1_631' title='bbox 3448 4303 3584 4371; x_wconf 89' lang='lat' dir='ltr'><strong>quod</strong></span> <span class='ocrx_word' id='word_1_632' title='bbox 3601 4298 3753 4352; x_wconf 78' lang='lat' dir='ltr'><strong>omnia</strong></span> 
     </span>
    </p>
   </div>
   <div class='ocr_carea' id='block_1_86' title="bbox 2206 4389 3753 4463">
    <p class='ocr_par' dir='ltr' id='par_1_86' title="bbox 2206 4389 3753 4463">
     <span class='ocr_line' id='line_1_87' title="bbox 2206 4389 3753 4463; baseline -0.005 -13"><span class='ocrx_word' id='word_1_633' title='bbox 2206 4396 2252 4450; x_wconf 93' lang='lat' dir='ltr'><strong>ei</strong></span> <span class='ocrx_word' id='word_1_634' title='bbox 2286 4395 2536 4462; x_wconf 80' lang='lat' dir='ltr'><strong>subjecit,</strong></span> <span class='ocrx_word' id='word_1_635' title='bbox 2596 4395 2730 4448; x_wconf 91' lang='lat' dir='ltr'><strong>nihil</strong></span> <span class='ocrx_word' id='word_1_636' title='bbox 2768 4396 2973 4449; x_wconf 88' lang='lat' dir='ltr'><strong>dimisit</strong></span> <span class='ocrx_word' id='word_1_637' title='bbox 3009 4411 3118 4449; x_wconf 90' lang='lat' dir='ltr'><strong>non</strong></span> <span class='ocrx_word' id='word_1_638' title='bbox 3168 4395 3487 4463; x_wconf 86' lang='lat' dir='ltr'><strong>subjectum</strong></span> <span class='ocrx_word' id='word_1_639' title='bbox 3537 4389 3753 4445; x_wconf 73' lang='lat' dir='ltr'><strong>eLNuuc</strong></span> 
     </span>
    </p>
   </div>
   <div class='ocr_carea' id='block_1_87' title="bbox 2207 4484 3756 4554">
    <p class='ocr_par' dir='ltr' id='par_1_87' title="bbox 2207 4484 3756 4554">
     <span class='ocr_line' id='line_1_88' title="bbox 2207 4484 3756 4554; baseline -0.006 -12"><span class='ocrx_word' id='word_1_640' title='bbox 2207 4500 2387 4542; x_wconf 90' lang='lat' dir='ltr'><strong>autem</strong></span> <span class='ocrx_word' id='word_1_641' title='bbox 2423 4489 2649 4543; x_wconf 83' lang='lat' dir='ltr'><strong>necdum</strong></span> <span class='ocrx_word' id='word_1_642' title='bbox 2686 4488 2929 4542; x_wconf 79' lang='lat' dir='ltr'><strong>videmus</strong></span> <span class='ocrx_word' id='word_1_643' title='bbox 2955 4487 3137 4542; x_wconf 88' lang='lat' dir='ltr'><strong>omnia</strong></span> <span class='ocrx_word' id='word_1_644' title='bbox 3161 4488 3411 4554; x_wconf 87' lang='lat' dir='ltr'><strong>subjecta</strong></span> <span class='ocrx_word' id='word_1_645' title='bbox 3443 4487 3514 4541; x_wconf 88' lang='lat' dir='ltr'><strong>ei.</strong></span> <span class='ocrx_word' id='word_1_646' title='bbox 3536 4484 3656 4540; x_wconf 82' lang='lat' dir='ltr'><strong>Eum</strong></span> <span class='ocrx_word' id='word_1_647' title='bbox 3682 4497 3756 4533; x_wconf 87' lang='lat' dir='ltr'><strong>au-</strong></span> 
     </span>
    </p>
   </div>
   <div class='ocr_carea' id='block_1_88' title="bbox 2208 4577 3754 4650">
    <p class='ocr_par' dir='ltr' id='par_1_88' title="bbox 2208 4577 3754 4650">
     <span class='ocr_line' id='line_1_89' title="bbox 2208 4577 3754 4650; baseline -0.008 -14"><span class='ocrx_word' id='word_1_648' title='bbox 2208 4592 2338 4647; x_wconf 68' lang='lat' dir='ltr'><strong>tem,</strong></span> <span class='ocrx_word' id='word_1_649' title='bbox 2357 4583 2448 4650; x_wconf 90' lang='lat' dir='ltr'><strong>qui</strong></span> <span class='ocrx_word' id='word_1_650' title='bbox 2481 4580 2691 4634; x_wconf 86' lang='lat' dir='ltr'><strong>modico</strong></span> <span class='ocrx_word' id='word_1_651' title='bbox 2707 4595 2870 4649; x_wconf 89' lang='lat' dir='ltr'><strong>quam</strong></span> <span class='ocrx_word' id='word_1_652' title='bbox 2892 4581 3066 4649; x_wconf 88' lang='lat' dir='ltr'><strong>angeli</strong></span> <span class='ocrx_word' id='word_1_653' title='bbox 3089 4580 3397 4634; x_wconf 88' lang='lat' dir='ltr'><strong>minoratus</strong></span> <span class='ocrx_word' id='word_1_654' title='bbox 3423 4590 3526 4640; x_wconf 89' lang='lat' dir='ltr'><strong>est,</strong></span> <span class='ocrx_word' id='word_1_655' title='bbox 3545 4577 3754 4631; x_wconf 82' lang='lat' dir='ltr'><strong>videmus</strong></span> 
     </span>
    </p>
   </div>
   <div class='ocr_carea' id='block_1_89' title="bbox 2207 4663 3752 4743">
    <p class='ocr_par' dir='ltr' id='par_1_89' title="bbox 2207 4663 3752 4743">
     <span class='ocr_line' id='line_1_90' title="bbox 2207 4663 3752 4743; baseline -0.006 -16"><span class='ocrx_word' id='word_1_656' title='bbox 2207 4673 2414 4736; x_wconf 78' lang='lat' dir='ltr'><strong>Iesum,</strong></span> <span class='ocrx_word' id='word_1_657' title='bbox 2446 4683 2668 4743; x_wconf 87' lang='lat' dir='ltr'><strong>propter</strong></span> <span class='ocrx_word' id='word_1_658' title='bbox 2693 4663 3000 4742; x_wconf 80' lang='lat' dir='ltr'><strong>passidnem</strong></span> <span class='ocrx_word' id='word_1_659' title='bbox 3036 4672 3247 4735; x_wconf 85' lang='lat' dir='ltr'><strong>mortis,</strong></span> <span class='ocrx_word' id='word_1_660' title='bbox 3287 4672 3468 4742; x_wconf 86' lang='lat' dir='ltr'><strong>gloria</strong></span> <span class='ocrx_word' id='word_1_661' title='bbox 3501 4679 3554 4725; x_wconf 89' lang='lat' dir='ltr'><strong>et</strong></span> <span class='ocrx_word' id='word_1_662' title='bbox 3580 4669 3752 4722; x_wconf 84' lang='lat' dir='ltr'><strong>honore</strong></span> 
     </span>
    </p>
   </div>
   <div class='ocr_carea' id='block_1_90' title="bbox 2208 4764 3752 4834">
    <p class='ocr_par' dir='ltr' id='par_1_90' title="bbox 2208 4764 3752 4834">
     <span class='ocr_line' id='line_1_91' title="bbox 2208 4764 3752 4834; baseline -0.007 -14"><span class='ocrx_word' id='word_1_663' title='bbox 2208 4775 2526 4821; x_wconf 86' lang='lat' dir='ltr'><strong>coronatum</strong></span> <span class='ocrx_word' id='word_1_664' title='bbox 2557 4782 2573 4822; x_wconf 84' lang='lat'><strong>;</strong></span> <span class='ocrx_word' id='word_1_665' title='bbox 2604 4774 2661 4818; x_wconf 94' lang='lat' dir='ltr'><strong>ut</strong></span> <span class='ocrx_word' id='word_1_666' title='bbox 2703 4764 2878 4834; x_wconf 87' lang='lat' dir='ltr'><strong>gratia</strong></span> <span class='ocrx_word' id='word_1_667' title='bbox 2917 4764 3034 4830; x_wconf 87' lang='lat' dir='ltr'><strong>Dei,</strong></span> <span class='ocrx_word' id='word_1_668' title='bbox 3090 4777 3188 4830; x_wconf 91' lang='lat' dir='ltr'><strong>pro</strong></span> <span class='ocrx_word' id='word_1_669' title='bbox 3234 4766 3504 4818; x_wconf 88' lang='lat' dir='ltr'><strong>omnibus</strong></span> <span class='ocrx_word' id='word_1_670' title='bbox 3548 4766 3752 4833; x_wconf 74' lang='lat' dir='ltr'><strong>gustaret</strong></span> 
     </span>
    </p>
   </div>
   <div class='ocr_carea' id='block_1_91' title="bbox 2211 4851 3754 4926">
    <p class='ocr_par' dir='ltr' id='par_1_91' title="bbox 2211 4851 3754 4926">
     <span class='ocr_line' id='line_1_92' title="bbox 2211 4851 3754 4926; baseline -0.008 -13"><span class='ocrx_word' id='word_1_671' title='bbox 2211 4869 2458 4913; x_wconf 86' lang='lat' dir='ltr'><strong>mortem.</strong></span> <span class='ocrx_word' id='word_1_672' title='bbox 2493 4857 2728 4912; x_wconf 86' lang='lat' dir='ltr'><strong>Decebat</strong></span> <span class='ocrx_word' id='word_1_673' title='bbox 2745 4857 2888 4911; x_wconf 88' lang='lat' dir='ltr'><strong>enim</strong></span> <span class='ocrx_word' id='word_1_674' title='bbox 2908 4871 3053 4921; x_wconf 89' lang='lat' dir='ltr'><strong>cum,</strong></span> <span class='ocrx_word' id='word_1_675' title='bbox 3079 4866 3305 4925; x_wconf 85' lang='lat' dir='ltr'><strong>pr0pter</strong></span> <span class='ocrx_word' id='word_1_676' title='bbox 3325 4871 3495 4926; x_wconf 89' lang='lat' dir='ltr'><strong>quem</strong></span> <span class='ocrx_word' id='word_1_677' title='bbox 3517 4851 3754 4913; x_wconf 84' lang='lat' dir='ltr'><strong>omnia,et</strong></span> 
     </span>
    </p>
   </div>
   <div class='ocr_carea' id='block_1_92' title="bbox 2208 4945 3754 5022">
    <p class='ocr_par' dir='ltr' id='par_1_92' title="bbox 2208 4945 3754 5022">
     <span class='ocr_line' id='line_1_93' title="bbox 2208 4945 3754 5022; baseline -0.008 -16"><span class='ocrx_word' id='word_1_678' title='bbox 2208 4968 2305 5022; x_wconf 90' lang='lat' dir='ltr'><strong>per</strong></span> <span class='ocrx_word' id='word_1_679' title='bbox 2327 4967 2486 5020; x_wconf 86' lang='lat' dir='ltr'><strong>quem</strong></span> <span class='ocrx_word' id='word_1_680' title='bbox 2509 4950 2712 5011; x_wconf 84' lang='lat' dir='ltr'><strong>omnia,</strong></span> <span class='ocrx_word' id='word_1_681' title='bbox 2733 4949 2821 5018; x_wconf 88' lang='lat' dir='ltr'><strong>qui</strong></span> <span class='ocrx_word' id='word_1_682' title='bbox 2844 4948 3042 5003; x_wconf 84' lang='lat' dir='ltr'><strong>multos</strong></span> <span class='ocrx_word' id='word_1_683' title='bbox 3060 4948 3198 5005; x_wconf 83' lang='lat' dir='ltr'><strong>filios</strong></span> <span class='ocrx_word' id='word_1_684' title='bbox 3219 4950 3273 5002; x_wconf 92' lang='lat' dir='ltr'><strong>in</strong></span> <span class='ocrx_word' id='word_1_685' title='bbox 3301 4950 3530 5018; x_wconf 86' lang='lat' dir='ltr'><strong>gloriam</strong></span> <span class='ocrx_word' id='word_1_686' title='bbox 3554 4945 3754 5000; x_wconf 82' lang='lat' dir='ltr'><strong>adduxe-</strong></span> 
     </span>
    </p>
   </div>
   <div class='ocr_carea' id='block_1_93' title="bbox 2208 5042 3752 5111">
    <p class='ocr_par' dir='ltr' id='par_1_93' title="bbox 2208 5042 3752 5111">
     <span class='ocr_line' id='line_1_94' title="bbox 2208 5042 3752 5111; baseline -0.006 -11"><span class='ocrx_word' id='word_1_687' title='bbox 2208 5054 2315 5107; x_wconf 91' lang='lat' dir='ltr'><strong>rat,</strong></span> <span class='ocrx_word' id='word_1_688' title='bbox 2335 5055 2611 5097; x_wconf 88' lang='lat' dir='ltr'><strong>auctorem</strong></span> <span class='ocrx_word' id='word_1_689' title='bbox 2642 5042 2831 5096; x_wconf 90' lang='lat' dir='ltr'><strong>salutis</strong></span> <span class='ocrx_word' id='word_1_690' title='bbox 2857 5055 3042 5093; x_wconf 90' lang='lat' dir='ltr'><strong>eorum</strong></span> <span class='ocrx_word' id='word_1_691' title='bbox 3074 5056 3168 5110; x_wconf 90' lang='lat' dir='ltr'><strong>per</strong></span> <span class='ocrx_word' id='word_1_692' title='bbox 3188 5042 3510 5111; x_wconf 84' lang='lat' dir='ltr'><strong>passionem</strong></span> <span class='ocrx_word' id='word_1_693' title='bbox 3535 5048 3752 5094; x_wconf 86' lang='lat' dir='ltr'><strong>consum-</strong></span> 
     </span>
    </p>
   </div>
   <div class='ocr_carea' id='block_1_94' title="bbox 2209 5131 3750 5204">
    <p class='ocr_par' dir='ltr' id='par_1_94' title="bbox 2209 5131 3750 5204">
     <span class='ocr_line' id='line_1_95' title="bbox 2209 5131 3750 5204; baseline -0.005 -12"><span class='ocrx_word' id='word_1_694' title='bbox 2209 5152 2376 5192; x_wconf 89' lang='lat' dir='ltr'><strong>mare.</strong></span> <span class='ocrx_word' id='word_1_695' title='bbox 2406 5137 2508 5202; x_wconf 85' lang='lat' dir='ltr'><strong>Qui</strong></span> <span class='ocrx_word' id='word_1_696' title='bbox 2543 5134 2686 5188; x_wconf 90' lang='lat' dir='ltr'><strong>enim</strong></span> <span class='ocrx_word' id='word_1_697' title='bbox 2735 5133 3058 5198; x_wconf 85' lang='lat' dir='ltr'><strong>sanctificat,</strong></span> <span class='ocrx_word' id='word_1_698' title='bbox 3113 5143 3167 5187; x_wconf 91' lang='lat' dir='ltr'><strong>et</strong></span> <span class='ocrx_word' id='word_1_699' title='bbox 3211 5134 3307 5204; x_wconf 86' lang='lat' dir='ltr'><strong>qui</strong></span> <span class='ocrx_word' id='word_1_700' title='bbox 3347 5131 3750 5187; x_wconf 81' lang='lat' dir='ltr'><strong>sanctificantur.</strong></span> 
     </span>
    </p>
   </div>
   <div class='ocr_carea' id='block_1_95' title="bbox 2208 5219 3757 5295">
    <p class='ocr_par' dir='ltr' id='par_1_95' title="bbox 2208 5219 3757 5295">
     <span class='ocr_line' id='line_1_96' title="bbox 2208 5219 3757 5295; baseline -0.008 -12"><span class='ocrx_word' id='word_1_701' title='bbox 2208 5247 2271 5284; x_wconf 87' lang='lat' dir='ltr'><strong>ex</strong></span> <span class='ocrx_word' id='word_1_702' title='bbox 2308 5243 2418 5282; x_wconf 90' lang='lat' dir='ltr'><strong>uno</strong></span> <span class='ocrx_word' id='word_1_703' title='bbox 2441 5241 2649 5282; x_wconf 88' lang='lat' dir='ltr'><strong>omnes.</strong></span> <span class='ocrx_word' id='word_1_704' title='bbox 2676 5225 2904 5294; x_wconf 84' lang='lat' dir='ltr'><strong>Propter</strong></span> <span class='ocrx_word' id='word_1_705' title='bbox 2929 5241 3090 5295; x_wconf 86' lang='lat' dir='ltr'><strong>quam</strong></span> <span class='ocrx_word' id='word_1_706' title='bbox 3115 5241 3346 5280; x_wconf 89' lang='lat' dir='ltr'><strong>causam</strong></span> <span class='ocrx_word' id='word_1_707' title='bbox 3369 5241 3480 5281; x_wconf 93' lang='lat' dir='ltr'><strong>non</strong></span> <span class='ocrx_word' id='word_1_708' title='bbox 3503 5219 3757 5282; x_wconf 85' lang='lat' dir='ltr'><strong>confundi-</strong></span> 
     </span>
    </p>
   </div>
   <div class='ocr_carea' id='block_1_96' title="bbox 2211 5315 3753 5380">
    <p class='ocr_par' dir='ltr' id='par_1_96' title="bbox 2211 5315 3753 5380">
     <span class='ocr_line' id='line_1_97' title="bbox 2211 5315 3753 5380; baseline -0.007 -8"><span class='ocrx_word' id='word_1_709' title='bbox 2211 5331 2299 5372; x_wconf 86' lang='lat' dir='ltr'><strong>tur</strong></span> <span class='ocrx_word' id='word_1_710' title='bbox 2335 5318 2532 5371; x_wconf 87' lang='lat' dir='ltr'><strong>fratres</strong></span> <span class='ocrx_word' id='word_1_711' title='bbox 2579 5331 2674 5371; x_wconf 89' lang='lat' dir='ltr'><strong>eos</strong></span> <span class='ocrx_word' id='word_1_712' title='bbox 2728 5329 2940 5380; x_wconf 85' lang='lat' dir='ltr'><strong>vocare,</strong></span> <span class='ocrx_word' id='word_1_713' title='bbox 2970 5315 3547 5371; x_wconf 67' lang='lat' dir='ltr'><strong>dicens:Nnntiabo‘</strong></span> <span class='ocrx_word' id='word_1_714' title='bbox 3590 5326 3753 5368; x_wconf 82' lang='lat' dir='ltr'><strong>nomen</strong></span> 
     </span>
    </p>
   </div>
   <div class='ocr_carea' id='block_1_97' title="bbox 2215 5407 3750 5464">
    <p class='ocr_par' dir='ltr' id='par_1_97' title="bbox 2215 5407 3750 5464">
     <span class='ocr_line' id='line_1_98' title="bbox 2215 5407 3750 5464; baseline -0.008 0"><span class='ocrx_word' id='word_1_715' title='bbox 2215 5421 2364 5464; x_wconf 89' lang='lat' dir='ltr'><strong>tuum</strong></span> <span class='ocrx_word' id='word_1_716' title='bbox 2399 5409 2660 5463; x_wconf 74' lang='lat' dir='ltr'><strong>fratribus</strong></span> <span class='ocrx_word' id='word_1_717' title='bbox 2691 5409 2828 5463; x_wconf 87' lang='lat' dir='ltr'><strong>meis</strong></span> <span class='ocrx_word' id='word_1_718' title='bbox 2858 5409 2946 5463; x_wconf 90' lang='lat' dir='ltr'><strong>:in</strong></span> <span class='ocrx_word' id='word_1_719' title='bbox 2973 5408 3148 5464; x_wconf 87' lang='lat' dir='ltr'><strong>medio</strong></span> <span class='ocrx_word' id='word_1_720' title='bbox 3168 5408 3437 5464; x_wconf 60' lang='lat' dir='ltr'><strong>Ecclesia</strong></span> <span class='ocrx_word' id='word_1_721' title='bbox 3458 5407 3673 5461; x_wconf 81' lang='lat' dir='ltr'><strong>laudabo</strong></span> <span class='ocrx_word' id='word_1_722' title='bbox 3691 5411 3750 5454; x_wconf 89' lang='lat' dir='ltr'><strong>te.</strong></span> 
     </span>
    </p>
   </div>
   <div class='ocr_carea' id='block_1_98' title="bbox 2282 5543 3606 5615">
    <p class='ocr_par' dir='ltr' id='par_1_98' title="bbox 2282 5543 3606 5615">
     <span class='ocr_line' id='line_1_99' title="bbox 2282 5543 3606 5615; baseline -0.005 -15"><span class='ocrx_word' id='word_1_723' title='bbox 2282 5553 2302 5580; x_wconf 84' lang='grc'>³</span> <span class='ocrx_word' id='word_1_724' title='bbox 2335 5545 2478 5601; x_wconf 82' lang='lat' dir='ltr'><strong>Idem</strong></span> <span class='ocrx_word' id='word_1_725' title='bbox 2512 5563 2638 5610; x_wconf 84' lang='lat' dir='ltr'><strong>ms.,</strong></span> <span class='ocrx_word' id='word_1_726' title='bbox 2672 5545 2887 5615; x_wconf 84' lang='lat' dir='ltr'><strong>quidam</strong></span> <span class='ocrx_word' id='word_1_727' title='bbox 2920 5545 3136 5615; x_wconf 79' lang='lat' dir='ltr'><strong>dicens;</strong></span> <span class='ocrx_word' id='word_1_728' title='bbox 3167 5544 3262 5599; x_wconf 78' lang='lat' dir='ltr'><strong>Gr.</strong></span> <span class='ocrx_word' id='word_1_729' title='bbox 3291 5545 3381 5604; x_wconf 73' lang='grc' dir='ltr'><strong>τῖς</strong></span> <span class='ocrx_word' id='word_1_730' title='bbox 3414 5543 3606 5615; x_wconf 57' lang='grc' dir='ltr'><strong>λέγων,</strong></span> 
     </span>
    </p>
   </div>
   <div class='ocr_carea' id='block_1_99' title="bbox 2283 5613 3763 5683">
    <p class='ocr_par' dir='ltr' id='par_1_99' title="bbox 2283 5613 3763 5683">
     <span class='ocr_line' id='line_1_100' title="bbox 2283 5613 3763 5683; baseline -0.008 -12"><span class='ocrx_word' id='word_1_731' title='bbox 2283 5618 2304 5646; x_wconf 67' lang='grc'><strong>⁸</strong></span> <span class='ocrx_word' id='word_1_732' title='bbox 2337 5619 2507 5670; x_wconf 80' lang='lat' dir='ltr'><strong>Aliter</strong></span> <span class='ocrx_word' id='word_1_733' title='bbox 2565 5613 2706 5670; x_wconf 80' lang='lat' dir='ltr'><strong>idem</strong></span> <span class='ocrx_word' id='word_1_734' title='bbox 2766 5634 2890 5674; x_wconf 85' lang='lat' dir='ltr'><strong>ms.,</strong></span> <span class='ocrx_word' id='word_1_735' title='bbox 2928 5613 3200 5677; x_wconf 79' lang='lat' dir='ltr'><strong>Narrabo,</strong></span> <span class='ocrx_word' id='word_1_736' title='bbox 3253 5618 3355 5683; x_wconf 86' lang='lat' dir='ltr'><strong>qui</strong></span> <span class='ocrx_word' id='word_1_737' title='bbox 3403 5625 3459 5671; x_wconf 87' lang='lat' dir='ltr'><strong>et</strong></span> <span class='ocrx_word' id='word_1_738' title='bbox 3489 5613 3636 5683; x_wconf 83' lang='lat' dir='ltr'><strong>paulo</strong></span> <span class='ocrx_word' id='word_1_739' title='bbox 3659 5613 3763 5674; x_wconf 78' lang='lat' dir='ltr'><strong>post</strong></span> 
     </span>
    </p>
   </div>
   <div class='ocr_carea' id='block_1_100' title="bbox 2210 5682 3764 5759">
    <p class='ocr_par' dir='ltr' id='par_1_100' title="bbox 2210 5682 3764 5759">
     <span class='ocr_line' id='line_1_101' title="bbox 2210 5682 3764 5759; baseline -0.002 -18"><span class='ocrx_word' id='word_1_740' title='bbox 2210 5703 2510 5759; x_wconf 83' lang='lat' dir='ltr'><strong>pronomen</strong></span> <span class='ocrx_word' id='word_1_741' title='bbox 2541 5691 2663 5751; x_wconf 81' lang='lat' dir='ltr'><strong>mei,</strong></span> <span class='ocrx_word' id='word_1_742' title='bbox 2711 5687 2798 5740; x_wconf 86' lang='lat' dir='ltr'><strong>ubi</strong></span> <span class='ocrx_word' id='word_1_743' title='bbox 2838 5688 3035 5741; x_wconf 82' lang='lat' dir='ltr'><strong>dicitur</strong></span> <span class='ocrx_word' id='word_1_744' title='bbox 3055 5688 3204 5759; x_wconf 80' lang='lat' dir='ltr'><strong>pueri</strong></span> <span class='ocrx_word' id='word_1_745' title='bbox 3251 5682 3388 5751; x_wconf 70' lang='lat' dir='ltr'><strong>uoci,</strong></span> <span class='ocrx_word' id='word_1_746' title='bbox 3443 5682 3561 5740; x_wconf 87' lang='lat' dir='ltr'><strong>cum</strong></span> <span class='ocrx_word' id='word_1_747' title='bbox 3599 5682 3764 5737; x_wconf 62' lang='grc' dir='ltr'><strong>ϐινεεο</strong></span> 
     </span>
    </p>
   </div>
   <div class='ocr_carea' id='block_1_101' title="bbox 2211 5758 2750 5828">
    <p class='ocr_par' dir='ltr' id='par_1_101' title="bbox 2211 5758 2750 5828">
     <span class='ocr_line' id='line_1_102' title="bbox 2211 5758 2750 5828; baseline -0.011 -13"><span class='ocrx_word' id='word_1_748' title='bbox 2211 5758 2502 5828; x_wconf 70' lang='lat' dir='ltr'><strong>exetnplari</strong></span> <span class='ocrx_word' id='word_1_749' title='bbox 2542 5761 2750 5824; x_wconf 67' lang='lat' dir='ltr'><strong>reticet,</strong></span> 
     </span>
    </p>
   </div>
  </div>
