3946 6170
224 278 336 340 853

1251 278 1306 337 S.
1356 277 1582 336 PAULI
1626 276 1844 336 EPIST
1905 277 2005 337 AD
2044 278 2448 339 HEBR.’EOS.

3380 275 3490 341 85-5

225 396 288 448 Et
323 401 518 450 verum
545 413 559 450 :
585 394 695 463 Ego
720 408 818 446 ero
841 393 1012 447 fidens
1055 393 1106 445 in
1136 408 1280 446 eum.
1310 391 1374 446 Et
1399 393 1598 448 iterum
1629 410 1644 450 :
1673 394 1813 447 Ecce
1843 396 1885 451 A
1918 392 1984 448 iis
2012 397 2102 462 qui
2128 395 2439 450 audierunt.
2475 390 3006 462 Ingredietnurenim
3036 390 3087 444 in
3114 392 3373 458 requiem,
3399 394 3486 460 qni

224 505 346 556 ego,
375 498 421 540 et
459 487 609 557 pueri
641 485 767 551 mei,
799 499 937 554 quos
960 483 1109 538 dedit
1145 484 1276 554 mihi
1313 485 1473 540 Deus.
1504 485 1639 550 Quia
1673 497 1802 552 ergo

223 581 375 648 pueri
409 580 949 634 communicaverunt
991 579 1141 631 carni
1184 587 1238 632 et
1271 578 1549 648 sanguini,
1578 589 1634 632 et
1687 577 1804 648 ipse

221 667 479 720 similiter
501 667 839 736 participavit
860 666 1096 729 eisdem;
1126 675 1183 720 ιιι
1201 680 1292 732 per
1313 677 1541 720 mortem
1562 667 1804 722 destrue-

223 770 306 813 ret
330 775 455 811 eum
512 759 601 827 qui
634 758 866 812 habebat
897 757 1086 813 mortis
1117 757 1425 826 imperium,
1460 756 1512 811 id
1541 768 1624 811 est
1683 758 1804 812 dia-

223 851 450 911 bolum;
515 862 570 903 et
630 850 887 904 liberaret
922 864 1039 915 eos,
1090 849 1180 917 qui
1228 848 1424 904 timore
1465 849 1657 904 mortis
1711 863 1808 918 per

227 948 402 993 totam
441 940 608 992 vitam
635 938 858 993 obnoxii
882 947 1039 991 erant
1070 938 1337 993 servituti.
1359 937 1634 1007 Nusquam
1663 939 1806 994 enim

228 1028 460 1099 angelos
513 1029 894 1098 apprehendit,
955 1030 1050 1084 sed
1106 1043 1293 1084 semen
1327 1030 1563 1085 Abrahae
1611 1046 1806 1101 appre-

229 1121 446 1176 hendit.
477 1119 635 1175 Unde
665 1120 867 1175 debuit
888 1135 981 1191 per
1029 1123 1212 1176 omnia
1266 1121 1528 1176 fratribus
1558 1123 1808 1189 similari,

230 1223 294 1264 ut
321 1213 637 1274 misericors
660 1210 839 1276 fieret,
872 1223 924 1264 et
954 1211 1128 1266 fidelis
1157 1212 1401 1281 pontifex
1429 1213 1493 1266 ad
1528 1212 1719 1280 Deum,
1753 1223 1813 1268 ttt

227 1304 612 1372 repropitiaret
637 1303 834 1358 delicta
860 1305 1064 1373 populi.
1103 1303 1158 1356 ln
1183 1319 1248 1357 eo
1273 1304 1439 1370 enim,
1473 1304 1526 1358 itt
1560 1320 1668 1372 quo
1693 1299 1816 1374 pas?

228 1409 329 1445 sus
357 1404 440 1447 cst
475 1392 592 1462 ipse
621 1403 676 1448 et
709 1401 967 1460 tentatus,
996 1403 1190 1462 potens
1217 1403 1300 1449 est
1332 1403 1407 1459 et,
1447 1393 1529 1449 eis
1563 1395 1655 1464 qui
1694 1406 1816 1449 ten-

232 1493 443 1545 tantur,
477 1485 750 1540 auxiliari.

313 1573 464 1641 (Cap.
486 1573 601 1644 lll.)
617 1575 790 1638 Uinle,
814 1575 1010 1631 fratres
1027 1578 1224 1643 sancti,
1252 1579 1556 1635 vocationis
1575 1579 1816 1636 cmlestis

233 1667 552 1733 participes.
573 1669 916 1722 considerate
940 1671 1242 1738 apostolum
1271 1679 1327 1725 et
1348 1671 1658 1740 pontificem
1683 1686 1816 1726 con-

236 1757 501 1819 fessionis
532 1771 734 1813 nostra:
760 1760 983 1828 Jesum;
1015 1763 1106 1829 qui
1145 1763 1317 1817 fidelis
1349 1772 1432 1818 est
1461 1766 1509 1818 ei
1568 1765 1660 1832 qui
1690 1764 1820 1820 fecit

236 1851 420 1914 illum,
456 1853 595 1906 sicut
614 1863 668 1906 et
688 1852 900 1924 Moyses
921 1855 972 1908 in
999 1855 1147 1908 omni
1176 1857 1334 1910 domo
1357 1857 1497 1926 ejus.
1525 1859 1822 1927 Amplioris

240 1945 393 1996 enim
427 1945 612 2009 gloria:
651 1947 755 2000 iste
805 1962 916 2015 prae
966 1947 1148 2017 Moyse
1192 1949 1402 2016 dignus
1449 1959 1535 2003 est
1579 1950 1821 2013 habitus,“

239 2049 457 2102 qttunlo
481 2039 799 2106 ampliorem
836 2045 1099 2094 honorem
1135 2041 1298 2094 habet
1344 2041 1559 2106 domus,
1597 2042 1688 2111 qui
1739 2041 1821 2096 fa-

243 2127 482 2180 bricavit
518 2129 690 2182 illam.
725 2130 916 2185 Omnis
943 2128 1180 2199 namque
1206 2133 1398 2186 domus
1433 2131 1728 2186 fabricatur
1758 2115 1826 2187 ab

245 2221 475 2289 aliquo;
537 2224 627 2291 qui
677 2234 856 2278 autem
916 2225 1098 2279 omnia
1153 2225 1385 2288 creavit,
1432 2225 1574 2280 Deus
1619 2235 1728 2280 est.
1762 2225 1828 2280 Ει

240 2307 464 2378 Moyses
491 2309 705 2378 quidem
738 2311 908 2366 fidelis
941 2322 1056 2365 erat
1089 2312 1144 2365 in
1186 2325 1298 2367 tcta
1333 2314 1495 2368 domo
1539 2312 1659 2382 ejus
1705 2324 1827 2368 tan-

245 2416 419 2467 quam
451 2401 706 2465 famulus,
741 2403 793 2456 in
820 2403 1190 2458 testimonium
1218 2417 1404 2457 eorum
1457 2420 1577 2472 quze
1600 2404 1830 2460 dicenda

247 2505 411 2546 erant
441 2510 460 2551 :
489 2496 738 2550 Christus
771 2511 899 2550 vero
955 2505 1213 2565 tanquam
1253 2499 1393 2552 filius
1417 2498 1468 2552 in
1500 2498 1663 2553 domo
1689 2514 1785 2553 sua
1812 2517 1826 2565 ;

247 2605 382 2655 qua:
415 2593 604 2640 domus
636 2605 828 2642 sumus
861 2605 980 2655 nos,
1015 2591 1058 2643 si
1092 2588 1368 2655 fiduciam,
1393 2601 1444 2645 et
1471 2591 1697 2660 gloriam
1717 2591 1852 2660 spei.

250 2697 432 2752 usque
469 2683 532 2736 ad
589 2685 772 2744 tinem,
825 2681 1032 2736 firmam
1091 2683 1442 2736 retineamus.
1491 2683 1833 2751 Quapropter

249 2779 396 2831 sicut
432 2777 555 2830 dicit
601 2776 838 2845 Spiritus
874 2785 1100 2830 sanctus
1133 2792 1146 2828 :
1183 2776 1352 2830 Hodie
1398 2776 1446 2830 si
1497 2791 1680 2830 vocem
1713 2777 1834 2847 ejus

249 2868 567 2926 audieritis,
602 2869 770 2920 nolite
822 2867 1088 2920 obdurare
1149 2867 1317 2920 corda
1370 2878 1575 2933 vestra,
1614 2867 1756 2923 sicut
1781 2870 1833 2922 iu

253 2960 683 3014 exacerbatione
709 2960 1007 3012 secundum
1034 2959 1170 3012 diem
1191 2959 1504 3013 tentationis
1523 2959 1834 3026 invdeserto,

1907 486 2244 542 credidimus
2273 504 2286 541 :
2322 485 2780 556 quemadmodum
2833 483 2970 538 dixit
3005 500 3018 536 :
3051 481 3199 538 Sicut
3222 483 3401 552 jnravi
3441 485 3492 536 in

1908 577 1989 631 ira
2023 593 2163 643 mea,
2189 579 2233 632 si
2269 577 2572 634 introibunt
2593 575 2646 630 in
2674 575 2917 645 requiem
2952 588 3126 628 meam
3155 591 3168 628 :
3193 583 3247 627 et
3271 575 3488 642 quidem

1907 671 2166 738 operibus
2188 669 2257 725 ab
2283 669 2624 724 institutione
2651 667 2838 723 mundi
2869 666 3146 734 perfectis.
3170 665 3314 720 Dixit
3341 668 3491 722 cutim

1912 763 1968 817 in
1997 765 2231 832 quodam
2286 762 2406 817 loco
2452 760 2521 816 de
2556 761 2645 816 die
2681 761 2911 829 septima
2965 760 3044 814 sic
3079 775 3095 818 :
3131 757 3194 813 Et
3227 761 3497 828 requievit

1912 856 2054 909 Deus
2082 857 2168 909 die
2217 855 2448 925 septima
2482 855 2552 909 ab
2588 852 2844 908 omnibus
2892 853 3148 922 Operibus
3181 853 3320 906 suis.
3349 851 3415 905 Et
3449 855 3500 906 in

1912 948 2015 1003 isto
2059 964 2273 1003 rursum
2310 962 2326 1002 :
2361 949 2417 1005 Si
2452 946 2758 1002 introibunt
2780 945 2834 998 in
2859 945 3098 1015 requiem
3132 960 3330 1000 meant.
3361 946 3503 1010 Quo-

1917 1041 2061 1093 niam
2083 1054 2212 1108 ergo
2268 1046 2525 1110 superest
2549 1038 2774 1092 introire
2796 1036 3060 1108 quosdam
3090 1038 3141 1088 in
3173 1036 3345 1098 illam,
3365 1048 3418 1088 et
3444 1037 3500 1097 ii,

1916 1125 2114 1200 Quibus
2145 1132 2424 1199 prioribus
2466 1129 2848 1185 annuntiatum
2873 1138 2976 1193 est,
3010 1144 3121 1182 non
3162 1128 3490 1181 introierunt

1915 1231 2139 1290 prepter
2161 1221 2595 1276 incredulitatem
2621 1237 2636 1275 :
2659 1222 2854 1274 iturum
2877 1219 3130 1274 terminat
3152 1219 3288 1270 dicm
3312 1235 3500 1286 quent-

1919 1315 2066 1380 dam,
2125 1313 2318 1379 llodie,
2369 1315 2422 1366 in
2483 1313 2651 1368 David
2683 1313 2937 1376 dicendo,
2981 1319 3100 1380 post
3133 1321 3342 1366 tantum
3369 1321 3505 1365 tem-

1919 1405 2084 1474 poris,
2119 1406 2261 1459 sicut
2298 1421 2461 1473 supra
2494 1406 2697 1460 dictum
2732 1414 2817 1459 est
2846 1420 2862 1460 '.
2889 1402 3058 1457 llodie
3094 1403 3138 1456 si
3174 1417 3358 1455 vocem
3383 1400 3502 1470 cjus

1921 1497 2231 1560 audieritis,
2258 1499 2423 1553 nolito
2449 1500 2720 1553 obdurare
2748 1476 3142 1552 corda'vestra.
3176 1493 3310 1568 Nam
3343 1494 3386 1548 si
3419 1494 3500 1547 eis

1920 1585 2079 1644 Jesus
2112 1591 2352 1659 requiem
2387 1590 2746 1658 praestitisset,
2770 1603 3044 1657 nunquam
3079 1587 3146 1641 de
3175 1585 3278 1638 alia
3325 1584 3514 1653 loque-

1927 1691 2094 1745 retur,
2129 1681 2380 1749 pOSthac,
2415 1681 2524 1735 die.
2579 1682 2764 1749 Itaque
2789 1679 3113 1748 relinquitur
3143 1678 3508 1732 sabbatismus

1925 1773 2125 1842 populo
2157 1771 2269 1825 Dei.
2296 1771 2399 1837 Qui
2434 1772 2574 1825 enim
2609 1772 2885 1840 ingressus
2909 1781 2988 1824 est
3023 1772 3072 1823 in
3100 1769 3337 1838 requiem
3363 1770 3506 1836 ejus.

1921 1864 2084 1919 etiam
2117 1865 2233 1934 ipse
2266 1865 2530 1934 requievit
2564 1865 2631 1918 ab
2661 1864 2919 1933 operibus
2961 1865 3098 1927 suis,
3150 1865 3298 1916 sicut
3331 1879 3358 1914 a
3392 1863 3505 1914 suis

1924 1957 2085 2034 Deus.
2121 1955 2461 2011 Festinamus
2489 1956 2915 2025 ergoingrediin
2951 1955 3368 2030 illam'retp‘iiem
3406 1961 3508 2009 :t:t

1925 2064 1994 2102 ne
2024 2049 2075 2102 in
2108 2048 2341 2118 idipsnm
2376 2049 2498 2117 quis
2519 2047 2719 2102 incidat
2750 2047 3149 2101 incredulitatis
3171 2045 3504 2114 exemplum.

1931 2140 2094 2194 Vivus
2125 2150 2207 2195 est
2235 2139 2378 2194 enim
2411 2153 2592 2193 sermo
2629 2137 2745 2200 Dei,
2782 2149 2834 2192 et
2885 2137 3099 2204 efficax,
3153 2147 3208 2190 et
3257 2148 3506 2203 penetro.

1927 2230 2086 2286 bilior
2114 2231 2263 2284 omni
2297 2232 2476 2300 gladio
2506 2231 2729 2300 ancipiti
2763 2248 2778 2284 :
2810 2241 2864 2285 et
2889 2231 3202 2300 pertingens
3237 2241 3408 2298 usq-nc
3442 2229 3508 2277 ad

1929 2322 2253 2377 divisionem
2284 2323 2481 2375 anima:
2512 2336 2577 2374 ac
2605 2321 2858 2388 spiritus,
2919 2332 3240 2388 compagtun
3293 2330 3511 2383 (pioque

1932 2431 1996 2470 ac
2028 2415 2407 2477 “led'luarum.
2443 2425 2498 2469 ει
2527 2414 2797 2468 discretor
2827 2411 3219 2481 cogitationum
3251 2417 3304 2462 et
3332 2409 3510 2460 intru-

1934 2509 2140 2562 tionum
2169 2508 2371 2561 cordis.
2409 2507 2474 2561 Et
2510 2523 2613 2559 non
2646 2516 2730 2559 est
2775 2505 2881 2558 ulla
2927 2514 3176 2557 creatura
3216 2499 3506 2553 invisibili;

1935 2602 1988 2654 itt
2017 2608 2308 2669 conspectu
2335 2599 2461 2670 ejus
2494 2615 2507 2650 :
2545 2599 2727 2650 omnia
2785 2608 2964 2648 autem
3023 2595 3162 2646 nuda
3221 2602 3274 2644 ct
3325 2601 3509 2657 aperta

1937 2704 2062 2747 sunt
2090 2695 2262 2747 oculis
2298 2692 2433 2759 ejus,
2473 2692 2538 2742 ad
2575 2705 2734 2758 quem
2781 2688 2946 2740 nobis
2995 2699 3195 2739 sermo.
3243 2682 3514 2736 llabcntt-s

1938 2799 2067 2852 ergo
2117 2783 2426 2849 pontificetn
2481 2796 2764 2847 magnum,
2816 2779 2906 2848 qui
2960 2777 3264 2846 penetravit
3322 2776 3512 2835 ςωιιιμ,

1939 2873 2122 2930 Jesum
2153 2873 2345 2928 Filium
2404 2873 2494 2927 Dei
2535 2893 2549 2928 ;
2609 2883 2890 2925 teneamus
2944 2869 3361 2923 confessionem.
3399 2864 3514 2918 Non

1941 2967 2086 3021 enim
2126 2965 2387 3019 habemus
2415 2965 2751 3034 pontificem,
2790 2963 2882 3033 qui
2939 2978 3046 3014 non
3085 2963 3250 3028 possit
3283 2959 3515 3025 compati

256 3053 356 3106 ubi
390 3061 738 3106 tentaverunt
775 3067 859 3105 me
901 3060 1084 3119 patres
1119 3050 1320 3114 vestri;
1359 3052 1724 3120 probaverunt
1780 3060 1837 3108 et
1864 3078 1908 3138 ο
1943 3056 2355 3110 infirmitatibus
2407 3056 2647 3120 nostris;
2687 3063 2954 3110 tentatum
2993 3063 3174 3106 autem
3205 3067 3299 3120 per
3333 3055 3510 3102 omnia

253 3147 519 3200 viderunt
571 3159 736 3213 opera
801 3161 914 3198 mea
965 3143 1320 3212 quadraginta
1373 3146 1553 3200 annis.
1611 3146 1839 3211 Propter

256 3243 405 3309 quod
433 3239 678 3292 infensus
709 3238 782 3291 fui
811 3237 1141 3306 generationi
1177 3237 1324 3300 huic,
1352 3250 1403 3290 et
1428 3238 1538 3293 dixi
1571 3255 1586 3296 :
1614 3239 1842 3310 Semper

257 3342 450 3386 errant
471 3333 654 3387 corde.
680 3332 784 3400 ipsi
804 3344 979 3385 autem
1001 3347 1106 3383 non
1131 3341 1501 3400 cognoverunt
1527 3332 1641 3387 vias
1667 3346 1838 3398 meas,

260 3429 407 3480 sicut
433 3429 448 3457 ¹
483 3426 661 3493 juravi
702 3427 753 3477 in
789 3425 866 3478 ira
897 3439 1014 3476 mea
1049 3440 1064 3477 :
1099 3424 1154 3476 Si
1186 3423 1488 3478 introibunt
1512 3425 1563 3479 in
1599 3425 1838 3494 requiem

264 3537 468 3573 meam.
497 3517 703 3581 Vidctc,
734 3518 951 3580 fratres,
976 3532 1043 3570 ne
1067 3516 1204 3570 forte
1224 3516 1293 3569 sit
1320 3517 1370 3568 in
1393 3516 1575 3586 aliquo
1598 3529 1838 3572 vestrum

265 3633 361 3668 cor
390 3615 596 3667 malum
629 3610 1044 3672 incredulitatis,
1081 3609 1393 3663 discedendi
1443 3626 1470 3662 a
1522 3611 1626 3665 Deo
1663 3613 1786 3666 vivo
1825 3627 1842 3669 ;

267 3710 363 3761 sed
427 3701 789 3755 adhortamini
855 3699 1213 3766 vosmetipsos
1270 3716 1362 3768 per
1414 3701 1657 3769 singulos
1704 3703 1840 3766 dics,

268 3799 450 3848 donec
484 3793 643 3846 hodie
679 3791 1112 3859 cngttotttittatur,
1146 3799 1203 3840 ut
1248 3805 1353 3842 non
1392 3789 1691 3843 obduretur
1721 3791 1846 3860 quis

269 3909 332 3944 ex
372 3887 527 3939 Vultis
579 3887 786 3939 fallacia
839 3884 1070 3952 peccati.
1125 3881 1422 3952 Participcs
1457 3883 1601 3936 enim
1643 3881 1845 3936 Christi

270 3981 455 4034 effecti
501 3993 724 4041 sumus;
776 3975 819 4028 si
872 3983 1051 4028 tamen
1100 3973 1310 4025 initium
1364 3973 1682 4028 substantia)
1729 3974 1846 4044 ejus

275 4089 455 4143 usque
487 4074 552 4125 ad
585 4071 744 4124 finem
784 4069 994 4121 ﬁrmum
1030 4067 1381 4120 retineamus.
1413 4066 1546 4119 Dum
1594 4066 1793 4121 dicitur
1833 4085 1844 4121 :

275 4166 456 4219 Hodie
506 4161 552 4214 si
593 4173 781 4213 vocem
839 4156 956 4226 ejus
1000 4154 1316 4219 audieritis,
1367 4156 1533 4209 nolitc
1580 4157 1850 4211 obdurare

275 4257 442 4307 corda
478 4261 677 4312 vestra,
712 4248 1166 4316 quentadrmnlum
1197 4247 1248 4298 in
1292 4246 1379 4298 illa
1411 4248 1844 4301 cxaccrbationc.

275 4343 512 4409 Quidam
562 4339 704 4391 enim
751 4337 1033 4390 audientes
1087 4335 1567 4400 exacerbavernnt,
1602 4337 1692 4388 sed
1745 4355 1850 4390 non

1945 3163 2046 3219 pro
2104 3148 2463 3218 similitudine
2521 3149 2728 3217 abSque
2782 3154 3024 3217 peccato.
3075 3146 3346 3199 Adeamus
3387 3158 3518 3209 ergo

1945 3255 2066 3295 cum
2103 3241 2298 3296 fiducia
2338 3242 2404 3296 ad
2438 3242 2692 3295 thronum
2727 3233 2915 3308 gratia:
2943 3252 2968 3293 ε·
2994 3248 3051 3290 ut
3087 3223 3515 3289 miscricordiam

1944 3347 2368 3402 coasequatnur,
2428 3341 2482 3387 ct
2535 3331 2767 3402 gratiam
2829 3331 3170 3384 inveniamus
3223 3329 3275 3384 in
3321 3327 3520 3402 auxilio

1946 3401 2278 3494 opportuno.
2547 3401 2554 3402 ί
3453 3401 3472 3410 ’

2018 3513 2178 3585 (Cap.
2213 3513 2299 3583 V.)
2329 3514 2519 3569 Omnis
2551 3529 2783 3580 namque
2828 3511 3064 3581 pontifex
3110 3529 3174 3566 cx
3213 3511 3527 3564 hominibus

1949 3617 2262 3674 assumptus
2309 3620 2407 3673 pro
2437 3604 2752 3658 hominibus
2802 3603 3158 3655 constituitur
3191 3604 3240 3653 in
3275 3603 3338 3653 iis
3410 3618 3527 3669 quas

1949 3708 2074 3752 sunt
2128 3697 2191 3750 ad
2249 3697 2438 3761 Deum,
2476 3707 2531 3748 ιιι
2565 3698 2757 3750 offerat
2794 3695 2935 3749 dona
3007 3705 3059 3748 ct
3123 3694 3394 3748 sacriliria
3430 3711 3527 3758 pro

1950 3792 2190 3862 peccatis
2243 3807 2260 3844 :
2323 3791 2414 3859 qui
2463 3789 2755 3842 condolcrc
2803 3788 2970 3856 possit
3015 3787 3080 3840 iis
3123 3787 3217 3856 qui
3256 3787 3524 3854 ignorant,

1951 3890 2006 3936 et
2033 3882 2260 3936 erranta
2295 3899 2310 3938 ;
2345 3881 2604 3950 quoniam
2641 3889 2693 3931 et
2750 3878 2866 3945 ipse
2917 3876 3284 3929 circumdatus
3323 3888 3401 3927 est
3441 3874 3523 3923 in-

1956 3973 2241 4039 firmitate;
2298 3983 2352 4027 ct
2390 3983 2677 4042 propterea
2729 3969 2912 4033 debet,
2944 3969 3396 4037 quetuadmmlttut
3430 3983 3525 4032 pro

1954 4065 2171 4135 populo,
2200 4065 2274 4118 ita
2304 4066 2467 4117 etiam
2496 4075 2549 4117 ct
2582 4079 2677 4131 pro
2707 4065 3004 4128 semetipso
3053 4059 3246 4113 uilizrre
3276 4077 3370 4127 pro
3404 4075 3529 4127 pec-

1956 4157 2118 4212 catis.
2153 4155 2261 4210 Nec
2308 4157 2594 4225 ottisqttatu
2623 4157 2791 4208 sumit
2843 4154 2942 4206 sibi
2983 4152 3266 4217 honorent,
3295 4150 3386 4203 scd
3443 4166 3529 4216 qui

1957 4262 2182 4305 voratur
2222 4269 2251 4303 ει
2315 4252 2442 4311 lico,
2499 4259 2755 4315 tanquam
2809 4249 3013 4299 Aaron.
3053 4244 3143 4297 E-ic
3199 4253 3251 4295 et
3283 4241 3536 4295 Christus

1961 4359 2063 4396 non
2119 4344 2467 4409 semetipsum
2528 4337 2868 4401 clarificmit,
2931 4348 2990 4389 ut
3050 4335 3286 4404 pontifex
3343 4335 3533 4386 finrrt:

275 4437 548 4495 universi,
583 4431 673 4500 qui
711 4428 932 4497 profecti
967 4437 1093 4482 sunt
1122 4444 1185 4481 ex
1213 4427 1449 4496 [Egypto
1485 4445 1580 4497 per
1609 4429 1851 4504 Moysen.
1887 4424 1931 4478 D
1959 4435 2053 4489 sed
2086 4436 2175 4504 qui
2238 4434 2455 4488 locutus
2512 4443 2595 4485 est
2642 4431 2708 4483 ad
2763 4445 2886 4482 eum
2921 4442 2935 4481 :
2979 4428 3147 4481 Filius
3181 4443 3330 4478 meus
3365 4443 3422 4480 cs
3455 4436 3533 4493 tn,

273 4530 490 4594 Quibus
552 4535 729 4578 autem
785 4521 1036 4575 infensus
1093 4531 1176 4574 est
1232 4523 1588 4590 quadraginta
1653 4524 1855 4577 annis?

273 4621 473 4673 Nonne
525 4617 667 4678 illis,
715 4615 806 4684 qui
857 4621 1244 4683 peccaverunt,
1300 4629 1528 4679 qttortt-n
1588 4611 1851 4666 cadavera

277 4720 554 4780 prostrata
579 4717 699 4762 sunt
727 4706 779 4758 in
802 4705 1058 4759 deserto?
1079 4702 1286 4768 Quibus
1311 4715 1490 4754 autem
1518 4703 1717 4771 juravit
1745 4721 1852 4757 non

275 4802 510 4856 introire
546 4799 600 4851 in
640 4797 880 4866 requiem
919 4795 1112 4864 ipsius,
1162 4794 1261 4846 nisi
1302 4793 1410 4846 illis
1448 4794 1541 4862 qui
1586 4795 1852 4847 increduli

276 4893 536 4947 fuerunt?
567 4889 629 4943 Et
658 4889 924 4952 videmus,
959 4887 1087 4955 quia
1122 4899 1224 4938 non
1259 4895 1554 4955 potuerunt
1580 4873 1853 4941 introire"

271 4998 505 5056 pmpter
547 4982 1010 5037 incredulitatem.

353 5079 510 5144 (Cap.
547 5075 658 5144 ιν.)
691 5073 1005 5128 Timeamus
1038 5085 1190 5139 ergo,
1229 5085 1295 5122 ne
1325 5069 1485 5131 forte,
1521 5071 1708 5125 relicta
1739 5071 1857 5137 pol-

271 5172 580 5224 licitatione
609 5164 914 5221 introeundi
952 5165 1003 5216 in
1052 5164 1290 5231 requiem
1351 5163 1489 5230 ejus,
1515 5164 1859 5217 enstimctur

266 5263 480 5330 aliqpis
516 5275 579 5313 ex
613 5257 772 5310 vobis
798 5257 1007 5310 deesse.
1046 5253 1255 5307 Etenim
1279 5265 1333 5307 et
1363 5255 1517 5309 nobis
1552 5256 1858 5308 ttuntiatum

267 5367 384 5416 9‘1,
439 5350 894 5420 quemadmodum
933 5355 984 5402 et
1017 5347 1126 5401 illis
1157 5361 1172 5399 ε
1202 5349 1295 5401 sed
1351 5361 1454 5400 non
1519 5347 1713 5413 profuit
1755 5348 1860 5403 illis

269 5466 462 5503 surum
493 5447 730 5503 auditus,
756 5459 860 5494 non
892 5442 1159 5496 admistus
1185 5442 1308 5508 (ms.
1345 5442 1622 5509 adntistio)
1648 5442 1769 5496 fidei
1795 5458 1860 5497 ex

356 5587 569 5636 ‘Jnxta
601 5581 822 5635 Graecos
868 5581 1068 5650 aliquot
1122 5581 1308 5644 libros,
1352 5582 1540 5650 quibus
1598 5581 1649 5634 iu
1689 5581 1858 5637 l’alat.

271 5675 384 5709 ms.
419 5655 616 5718 legitur
647 5667 743 5718 pro
765 5656 917 5703 sicut.

354 5729 372 5756 '
409 5724 580 5778 Addzt
639 5721 913 5777 Palatinus
946 5739 1044 5779 tus.
1106 5740 1171 5780 ex
1213 5722 1458 5781 infcriori
1493 5734 1775 5794 contextu,
1811 5727 1860 5779 in

1958 4544 2056 4595 ego
2091 4527 2248 4579 hodie
2284 4526 2442 4593 genui
2480 4534 2548 4577 te.
2597 4521 3066 4589 Quemadmmlum
3109 4530 3161 4572 ct
3193 4519 3242 4572 in
3277 4520 3381 4572 alio
3422 4519 3536 4569 loco

1959 4617 2090 4671 dicit
2114 4632 2126 4667 :
2152 4614 2232 4668 Tu
2253 4632 2310 4668 cs
2329 4614 2587 4670 sat-crdos
2606 4616 2656 4666 itt
2684 4622 2946 4667 ιηιιτιιιιιιιι
2967 4611 3264 4665 secundum
3291 4612 3539 4662 ordinent

1962 4708 2378 4762 Melchisedech.
2405 4706 2504 4773 Qui
2540 4707 2592 4759 itt
2626 4705 2819 4760 diebus
2836 4705 3018 4758 carnis
3038 4720 3170 4764 suas,
3196 4717 3383 4772 prectrs
3412 4718 3540 4769 sup-

1962 4801 2393 4871 plicationesqttc
2443 4799 2509 4852 ad
2544 4814 2664 4851 eum
2733 4799 2823 4866 qui
2882 4797 3054 4864 possit
3119 4797 3270 4848 illum
3331 4797 3540 4848 salvum

1963 4894 2142 4947 faCere
2181 4909 2210 4945 a
2274 4901 2467 4955 morte,
2523 4907 2643 4944 cum
2678 4890 2916 4941 clamore
2974 4888 3151 4940 valido
3195 4898 3248 4940 et
3287 4889 3542 4950 lact-vinis

1963 4987 2222 5045 offerens,
2253 4984 2541 5037 exauditus
2567 4990 2648 5034 cst
2695 4996 2792 5050 pro
2826 4995 2922 5033 stta
2965 4981 3288 5032 reverentia.
3329 4978 3392 5031 Et
3423 4981 3540 5045 qui-

1964 5078 2084 5131 dem
2148 5092 2270 5130 cum
2331 5087 2474 5130 esset
2531 5073 2700 5127 Filius
2745 5073 2862 5134 Dei,
2923 5071 3117 5125 didicit
3172 5088 3233 5124 cx
3289 5073 3372 5132 iis,
3424 5087 3541 5136 qua:

1967 5184 2162 5238 passus
2189 5178 2291 5232 est,
2353 5166 2751 5226 obedientiam;
2785 5177 2839 5218 ct
2885 5175 3318 5224 consmnmatus,
3363 5163 3537 5215 factus

1967 5271 2053 5317 est
2090 5261 2345 5313 omnibus
2397 5259 2902 5328 obtemperantibus
2959 5260 3083 5318 sibi,
3125 5272 3283 5309 causa
3343 5253 3536 5306 saltt'is

1967 5367 2201 5419 aeternae,
2236 5354 2536 5423 appellatus
2587 5369 2612 5405 a
2652 5354 2757 5406 Deo
2803 5351 3038 5421 pontifex
3083 5349 3233 5415 juxta
3283 5347 3530 5400 ordinent

1967 5448 2382 5502 Melchisedech.
2433 5445 2506 5497 De
2537 5461 2642 5516 quo
2674 5447 2829 5499 nobis
2873 5445 3089 5514 grandis
3141 5457 3340 5505 sermo,
3373 5449 3423 5494 ct
3454 5442 3538 5491 iu~

1971 5583 2199 5639 requiem
2226 5581 2387 5643 ipsius
2415 5621 2427 5631 .
2460 5596 2579 5644 ιιιιίιε
2618 5593 2794 5632 tamen
2833 5578 2992 5632 verba
3043 5591 3214 5645 ncqttc
3256 5577 3308 5630 in
3346 5576 3535 5632 Graeco

1971 5653 2257 5713 cxcittplari
2297 5650 2584 5704 habentur.

2045 5722 2062 5750 ³
2101 5720 2154 5772 ltt
2192 5721 2436 5774 l'alatitto
2473 5736 2602 5785 ttts.,
2631 5720 2716 5787 qui
2747 5719 3054 5787 ignorantes
3100 5731 3270 5787 erant,
3301 5731 3406 5777 trlc.
