3946 6170
396 1278 423 1322 '.’/

477 386 581 447 8:35

1361 395 1419 455 S.
1457 395 1905 459 IIIERONYMI
1952 398 2216 461 DIVlNA
2257 397 2782 459 BlBLlOTliECA.

3598 398 3694 463 856

470 501 893 568 irtcrpretahilis
935 503 1000 556 ad
1045 504 1327 559 dicendum
1374 509 1679 578 :quoniam
1736 511 2034 566 imbecilles

2166 534 2170 566 l
2202 514 2348 568 ca'de
2375 528 2587 582 regum,
2616 523 2669 567 et
2706 512 2974 567 benedixit
3005 512 3057 568 ei
3084 530 3097 566 :
3132 511 3215 567 cui
3246 521 3299 569 et
3326 514 3561 567 decimas
3586 529 3695 566 om-

470 592 596 645 facti
640 594 770 645 estis
830 595 895 646 ad
923 595 1270 650 amliemlmn.
1324 599 1535 655 Etenim
1591 618 1711 657 cum
1763 604 2032 659 deberetis

471 683 713 746 magistri
744 698 860 737 esse
914 693 1137 753 propter
1169 695 1403 757 tempus,
1446 706 1661 746 rursum
1696 693 1946 764 indigetis
1978 704 2035 747 ut

473 775 920 838 ves'doceamini,
949 792 1069 844 qua:
1121 780 1230 832 sint
1267 780 1530 836 elementa
1564 784 1771 837 exordii
1824 799 2033 839 sermo-

468 878 598 915 num
638 864 761 927 Dei;
799 875 848 918 et
880 865 1003 919 facti
1038 868 1170 921 eSIis
1215 871 1410 938 quibus
1448 870 1584 926 lacte
1615 888 1749 941 opus
1793 874 1883 938 sit,
1925 888 2033 927 non

472 956 644 1007 solido
672 956 812 1011 cibo.
851 956 1041 1011 Omnis
1083 961 1223 1013 enim
1289 965 1378 1032 qui
1428 964 1580 1018 lactis
1629 974 1709 1018 est
1744 964 2034 1034 particeps,

470 1061 667 1115 expers
699 1056 779 1100 est
806 1052 1073 1104 sermonis
1109 1052 1227 1121 (ms.
1273 1055 1399 1108 add.
1434 1055 1511 1125 et)
1544 1055 1767 1125 justitire
1796 1073 1810 1110 :
1845 1070 2039 1123 parvu-

470 1139 554 1193 lus
584 1140 728 1193 enim
765 1151 868 1196 est.
902 1142 1271 1199 Perfectornm
1306 1157 1484 1201 autem
1515 1156 1599 1202 est
1625 1147 1830 1201 solidus
1861 1146 2035 1212 cibus,

404 1227 423 1302 ζ,
469 1245 680 1297 eorum,
730 1234 818 1302 qui
873 1250 971 1302 pro
1022 1239 1416 1292 consuetudine
1459 1239 1793 1292 exercitatos
1836 1236 2039 1291 habent

468 1338 663 1378 sensus
704 1327 767 1378 a-l
806 1328 1188 1383 discretionem
1221 1331 1343 1385 boni
1377 1346 1439 1384 ac
1469 1332 1617 1386 mali.

544 1417 704 1487 [ϐαρ.
733 1417 844 1489 VL]
879 1418 1193 1489 Quaproper
1222 1422 1642 1477 intermittentes
1677 1420 2039 1475 inchoationis

472 1506 676 1563 CitriSli
695 1524 1023 1577 sermonem,
1048 1513 1111 1564 ad
1128 1513 1444 1579 perfectiora
1476 1511 1599 1584 [ms.
1626 1512 2038 1582 perfectioncm|

472 1600 736 1663 terantur,
768 1617 873 1657 non
908 1618 1120 1657 rursum
1143 1605 1408 1675 jacientes
1428 1603 1833 1658 fundamentum
1864 1586 2040 1672 ptent-

473 1694 655 1747 tentia:
682 1695 749 1746 ab
771 1696 1023 1763 operibus
1054 1698 1302 1759 mortuis,
1328 1710 1381 1750 et
1407 1697 1510 1751 tida
1548 1696 1562 1727 ⁸
1600 1697 1664 1748 ad
1698 1696 1885 1760 Deum,
1914 1696 2043 1765 bap-

473 1787 753 1840 tistnatum
795 1787 1055 1843 doctrina:
1087 1788 1448 1857 impositionis
1487 1804 1703 1858 quoque
1741 1803 1998 1841 manuum
2024 1828 2040 1852 ,

2141 604 2297 659 nium
2320 602 2507 657 divisit
2529 603 2799 658 Abraham
2835 618 2850 657 :
2879 604 3111 672 primum
3145 604 3360 670 quidem
3403 603 3493 673 qui
3532 606 3697 657 inter-

2138 703 2378 762 pretatur
2414 707 2503 746 rex
2525 693 2786 763 iustitiae:
2826 694 3020 748 deinde
3052 705 3234 747 autem
3275 705 3328 747 et
3377 709 3466 747 rex
3502 694 3697 758 Saletn,

2138 785 2282 855 quod
2306 795 2388 839 est
2435 800 2532 844 rex
2565 786 2732 854 pacis.
2756 785 2873 840 sine
2900 794 3072 853 patre,
3099 784 3215 838 sine
3245 795 3441 851 matre,
3475 788 3592 840 sine
3618 802 3701 853 ge-

2140 877 2407 946 nealogia,
2441 891 2617 944 neque
2670 876 2880 929 initittm
2923 877 3156 942 dierum,
3194 893 3367 945 neque
3397 879 3559 951 tinem
3589 879 3701 930 vitrc

2140 968 2266 1039 (ms.
2299 980 2402 1021 ταί.
2443 967 2585 1041 vitae]
2614 967 2839 1031 habens,
2873 968 3197 1022 assimilatus
3219 980 3396 1022 autem
3430 969 3567 1022 Filio
3596 969 3699 1031 Dei,

2142 1071 2328 1115 manet
2373 1061 2628 1115 sacerdos
2684 1061 2738 1115 in
2802 1071 3144 1130 perpetuum.
3199 1061 3482 1117 Intuemini
3530 1073 3701 1117 autem

2142 1161 2373 1217 quantus
2405 1152 2471 1205 sit
2513 1153 2621 1215 hic,
2659 1154 2742 1206 cui
2778 1164 2834 1208 et
2862 1155 3100 1208 decimas
3126 1155 3270 1207 dedit
3312 1156 3378 1208 de
3412 1157 3697 1221 prmeipuis

2140 1245 2409 1297 Abraham
2447 1245 2786 1312 patriarcha.
2820 1246 2885 1300 Et
2913 1247 3129 1313 quidem
3164 1248 3229 1301 de
3289 1248 3414 1301 ﬁliis
3442 1246 3574 1301 Levi
3630 1264 3706 1301 sa—

2142 1335 2441 1390 cerdotium
2469 1336 2825 1405 accipientes,
2872 1338 3184 1391 mandatum
3223 1337 3423 1392 habent
3472 1340 3707 1393 decimas

2142 1441 2356 1481 sumere
2381 1440 2411 1480 a
2434 1426 2634 1496 popqu
2666 1429 2965 1482 secundmn
3000 1428 3197 1498 legem,
3235 1429 3288 1482 id
3328 1439 3415 1483 est
3468 1446 3496 1483 a
3530 1428 3708 1482 fratri-

2141 1518 2244 1571 bus
2270 1520 2765 1587 sniszqnanquam
2828 1528 2881 1575 et
2929 1520 3032 1590 ipsi
3093 1522 3344 1576 exierunt
3398 1523 3464 1576 de
3516 1522 3707 1575 lumbis

2142 1608 2392 1663 Abrahae.
2424 1608 2593 1677 Cujus
2647 1620 2824 1663 autem
2856 1610 3135 1677 generatio
3177 1627 3281 1664 non
3331 1610 3711 1665 adnumeratur

2144 1701 2196 1754 in
2227 1701 2328 1763 eis,
2362 1702 2598 1755 decimas
2624 1702 2851 1770 sumpsit
2884 1702 2949 1754 ab
2982 1702 3275 1763 Abraham,
3318 1712 3372 1755 et
3404 1703 3574 1765 hunc,
3628 1703 3708 1769 qui

2148 1789 2377 1843 habebat
2412 1791 2879 1856 repromissiones,
2917 1791 3216 1846 benedixit.
3246 1790 3375 1846 Sine
3402 1786 3733 1862 ulla-autem'

472 1894 538 1933 ac
573 1879 989 1933 resurrectionis
1021 1891 1377 1945 mortuorum,
1415 1890 1471 1933 et
1498 1881 1685 1950 jndieii
1734 1881 1943 1934 a-terni.
1979 1881 2044 1934 Et
2078 1867 2117 1921 Β
2146 1880 2597 1943 contradictione,
2637 1881 2781 1950 quod
2822 1884 3003 1936 minus
3030 1891 3133 1945 est,
3177 1898 3204 1934 a
3241 1883 3465 1937 meliore
3498 1882 3709 1935 benedi-

476 1974 580 2026 hoc
606 1972 893 2039 faciemus,
917 1972 960 2026 si
1002 1974 1215 2043 quidem
1254 1974 1563 2043 permiserit
1590 1973 1750 2027 Deus.
1786 1972 2047 2042 lmpossi-

476 2070 584 2123 bile
611 2079 693 2124 est
723 2068 866 2123 enim
922 2083 1017 2124 eos
1044 2068 1134 2139 qui
1160 2067 1324 2123 semel
1360 2079 1482 2123 sum
1520 2068 1827 2134 illuminati,
1864 2076 2048 2137 gusta-

477 2171 675 2216 verunt
708 2162 869 2215 etiam
918 2163 1116 2218 donum
1167 2163 1421 2225 caeleste,
1458 2170 1512 2215 et
1564 2161 1855 2228 participes
1918 2158 2047 2214 {acti

479 2261 607 2305 sunt
637 2252 872 2320 Spiritus
905 2252 1103 2315 saneti,
1154 2260 1507 2321 gustaverunt
1560 2250 1910 2304 nihilominus
1948 2251 2049 2303 bo-

481 2360 608 2397 num
645 2342 736 2397 Dei
766 2344 1015 2411 verbum,
1042 2344 1375 2414 virtutesque
1396 2343 1575 2397 smculi
1605 2343 2056 2412 venturi,etpro-

480 2436 617 2504 lapsi
650 2447 795 2496 sunt,
826 2451 1014 2490 rursus
1038 2438 1287 2489 reum-ari
1309 2438 1374 2489 ad
1409 2437 1805 2505 prenitentiam,
1837 2450 2052 2489 rursum

483 2528 866 2597 crnciﬁgentes
906 2528 1254 2596 sibimetipsis
1309 2529 1504 2582 Filium
1565 2530 1676 2588 Dei.
1715 2540 1767 2582 et
1819 2526 2054 2582 ostentui

489 2620 773 2675 habentes.
804 2618 974 2674 Terra
1036 2620 1182 2673 enim
1234 2635 1372 2689 sa'pe
1426 2621 1725 2674 venientem
1789 2635 1950 2688 super
1998 2633 2057 2673 se

487 2714 681 2767 bibens
713 2712 964 2777 imbrem,
993 2720 1047 2767 ct
1098 2727 1367 2782 generans
1393 2710 1518 2782 [ινδ.
1569 2710 1906 2783 germinans]
1935 2710 2059 2764 her-

486 2806 605 2859 bam
631 2816 985 2875 opportunam
1013 2805 1117 2859 illis
1146 2819 1175 2859 a
1212 2805 1407 2874 quibus
1464 2805 1679 2870 colitur,
1738 2804 1932 2872 accipit
1966 2804 2058 2857 be-

486 2899 848 2953 nedictionem
882 2913 911 2951 a
946 2898 1077 2953 Deo.
1108 2897 1397 2953 Proferens
1428 2907 1607 2953 autem
1643 2899 1828 2966 spinas
1859 2911 1922 2951 ac
1952 2897 2055 2949 tri-

488 2992 670 3057 bulos,
698 2990 929 3061 reproba
976 2998 1082 3050 est.
1114 3001 1169 3045 et
1218 2991 1507 3047 maledicto
1558 2990 1847 3059 proxima:
1902 2989 2056 3058 cujus

490 3083 889 3136 consummatio
916 3084 966 3136 in
1000 3083 1455 3138 combustlonem.
1489 3081 1824 3138 Conﬁdimus
1875 3090 2053 3135 autem

2153 1970 2313 2025 citur.
2349 1970 2417 2025 Et
2460 1968 2548 2023 hic
2574 1970 2792 2037 quidem
2815 2007 2829 2031 ,
2858 1970 3101 2026 decimas
3131 1972 3429 2026 m0rieotes
3476 1971 3713 2025 homines

2153 2063 2423 2132 accipiunt
2453 2079 2465 2118 :
2507 2062 2575 2115 ibi
2610 2072 2787 2117 autem
2823 2074 3179 2128 contestatur,
3217 2066 3338 2132 quia
3366 2066 3524 2120 vivit.
3552 2065 3614 2119 Et
3644 2066 3717 2133 (ut

2156 2155 2229 2209 ita
2257 2157 2459 2209 dictum
2491 2154 2584 2221 sit)
2619 2169 2713 2224 per
2759 2155 3031 2209 Abraham
3052 2197 3067 2219 ,
3096 2166 3149 2211 et
3177 2156 3327 2223 Levi,
3358 2157 3449 2226 qui
3489 2157 3713 2211 decimas

2156 2241 2389 2312 accepit.
2420 2242 2721 2297 decimatns
2744 2251 2828 2297 est
2855 2258 2869 2297 :
2901 2242 3082 2296 adhuc
3113 2243 3258 2297 enim
3309 2243 3361 2295 in
3403 2243 3604 2296 lumbis
3635 2258 3719 2307 pa-

2159 2333 2256 2387 tris
2278 2341 2415 2399 erat,
2447 2334 2664 2400 quando
2702 2332 2941 2387 obviavit
2971 2334 3021 2388 ei
3052 2335 3477 2388 Melchisedech.
3515 2335 3571 2387 Si
3602 2346 3719 2403 ergo

2162 2427 2558 2481 consummatio
2599 2440 2694 2494 per
2718 2428 3086 2481 sacerdotium
3135 2427 3435 2480 L°vilicunt
3461 2436 3583 2480 erat
3611 2425 3717 2495 (po.

2164 2522 2322 2587 pulus
2353 2518 2494 2571 enim
2525 2518 2626 2572 sub
2647 2518 2765 2588 ipso
2788 2518 2954 2585 legem
2982 2518 3241 2588 accepit),
3270 2518 3401 2586 quid
3432 2520 3609 2573 adhuc
3638 2533 3721 2569 nc-

2163 2609 2460 2665 cessarium
2507 2609 2647 2674 fuit,
2689 2610 2985 2664 secundum
3037 2610 3284 2665 ordinem
3339 2608 3723 2664 Melchisedech

2162 2703 2327 2754 alium
2360 2715 2584 2771 surgere
2630 2700 2993 2766 sacerdotem,
3023 2710 3076 2755 et
3109 2717 3217 2756 non
3244 2701 3547 2755 secundum
3580 2699 3719 2755 ordi-

2162 2810 2283 2849 nem
2309 2796 2488 2849 Aaron
2507 2794 2616 2849 dici
2638 2794 2660 2847 ?
2679 2792 2970 2850 Translato
2994 2794 3135 2849 enim
3154 2794 3488 2860 sacerdotio,
3515 2808 3726 2847 necesse

2162 2898 2267 2951 est,
2301 2895 2363 2939 ttt
2394 2894 2448 2939 et
2478 2885 2611 2955 legis
2643 2886 2933 2940 translatio
2964 2887 3077 2939 tiat.
3100 2886 3157 2940 In
3198 2902 3306 2955 quo
3334 2887 3477 2940 enim
3514 2886 3627 2940 haec
3650 2886 3727 2937 di-

2161 2986 2379 3043 cuntur,
2406 2976 2474 3031 de
2499 2977 2604 3030 alia
2637 2976 2775 3031 tribu
2809 2986 2914 3041 est,
2939 2978 3002 3034 de
3020 2993 3127 3047 qua
3147 2978 3326 3032 nullus
3356 2978 3516 3031 altari
3542 2989 3729 3046 prrsto

2162 3068 2287 3125 fuit.
2325 3069 2665 3125 Manifestum
2696 3078 2777 3124 est
2803 3070 2946 3125 enim
2979 3074 3122 3140 quod
3154 3085 3216 3124 es
3272 3068 3407 3122 Juda
3461 3080 3615 3122 ortus
3666 3068 3731 3120 sit

489 3175 557 3229 de
583 3175 759 3238 vobis,
786 3173 1151 3241 dilectissimi,
1185 3175 1430 3241 meliora,
1457 3184 1509 3230 et
1559 3174 1821 3229 viciniora
1855 3173 2016 3228 saluti
2042 3187 2056 3225 :
2090 3198 2134 3258 ϐ
2166 3162 2429 3217 Dominus
2460 3171 2680 3215 noster:
2711 3162 2762 3214 ilt
2794 3176 2895 3229 qua
2933 3162 3074 3215 tribu
3106 3159 3236 3214 nihil
3266 3162 3331 3215 de
3362 3160 3732 3214 sacerdotibus

495 3268 710 3321 tametsi
750 3267 820 3319 ita
857 3266 1149 3335 loquimur.
1178 3266 1293 3320 Non
1350 3268 1492 3320 enim
1534 3268 1767 3337 injustus
1801 3265 1964 3331 Deus,
2006 3274 2064 3318 ut

489 3358 841 3412 obliviscatur
871 3357 1051 3424 operis
1074 3358 1260 3422 vestri,
1284 3365 1339 3413 et
1367 3358 1668 3412 dilectionis
1689 3372 1851 3426 quam
1881 3365 2063 3413 osten-

492 3450 646 3504 dis‘tis
698 3450 750 3503 in
803 3449 1023 3504 nomine
1052 3449 1245 3519 ipsius,
1301 3450 1393 3519 qui
1456 3450 1804 3504 ministrastis
1835 3451 2065 3514 sanctis,

492 3554 546 3597 et
583 3542 927 3597 ministratis.
958 3542 1220 3612 Cupimus
1267 3554 1447 3597 autem
1497 3558 1937 3613 unumquemque
1968 3557 2060 3596 ve-

495 3649 665 3690 strum
697 3636 942 3691 eamdem
976 3643 1251 3690 ostentare
1299 3637 1714 3691 sollicitudinem
1766 3637 1831 3690 ad
1879 3635 2065 3703 exple-

496 3728 694 3781 tionem
722 3728 832 3796 spei
869 3742 1040 3797 usque
1065 3727 1115 3781 in
1158 3728 1350 3784 tinem:
1384 3738 1442 3782 ut
1486 3742 1592 3784 non
1624 3743 1817 3797 segnes
1867 3728 2071 3785 cilicia-

496 3817 650 3882 mini,
677 3833 864 3872 verum
898 3817 1201 3873 imitatores
1220 3832 1407 3872 eorum
1460 3819 1550 3889 qui
1584 3818 1688 3873 [ide
1720 3829 1773 3874 et
1806 3816 2064 3886 patientia

501 3910 901 3964 luereditabunt
930 3910 1338 3980 promissiones.
1386 3911 1615 3966 Abrahze
1650 3924 1883 3978 namque
1943 3924 2069 3978 pro-

504 4006 725 4057 mittens
763 4001 922 4066 Deus,
950 4003 1205 4071 quoniam
1241 4002 1511 4056 neminem
1546 4002 1753 4067 habuit,
1782 4017 1879 4071 per
1907 4016 2069 4071 quem

493 4094 727 4162 juraret,
759 4093 1042 4161 majorem,
1069 4095 1272 4164 juravit
1301 4110 1395 4163 per
1419 4095 1799 4161 semetipsum,
1836 4093 2024 4150 dicens
2053 4113 2067 4147 :

500 4184 612 4239 Nisi
641 4185 967 4241 benedicens
1007 4186 1324 4241 benedicam
1357 4196 1430 4251 te,
1466 4194 1519 4241 et
1547 4184 1912 4255 multiplicans
1936 4184 2074 4238 mul-

503 4274 756 4343 tiplicabo
788 4284 863 4329 te.
899 4276 961 4330 Et
1014 4276 1092 4330 sic
1149 4276 1526 4345 longanimiter
1579 4275 1801 4340 ferens,
1845 4276 2073 4345 adeptus

499 4378 583 4422 est
619 4369 1115 4437 repromissionem.
1156 4368 1412 4423 Homines
1459 4369 1603 4421 enim
1655 4382 1751 4436 per
1811 4368 2071 4437 majorem

500 4461 581 4514 sui
614 4460 801 4528 jurant
832 4475 847 4516 :
886 4469 939 4512 et
970 4459 1151 4515 omnis
1181 4460 1569 4513 controversiae
1600 4473 1788 4513 eorum
1828 4460 1969 4520 linis,
2003 4459 2069 4512 ad

2168 3255 2376 3328 Moyses
2401 3254 2616 3309 locutus
2654 3261 2755 3309 est.
2796 3255 2859 3307 Et
2905 3253 3137 3323 amplius
3162 3254 3338 3307 adhuc
3392 3252 3728 3306 manifestum

2165 3355 2270 3407 est,
2290 3345 2332 3398 si
2361 3345 2660 3399 secundum
2682 3344 3094 3399 similitudinem
3124 3343 3528 3400 Melchisedech
3552 3359 3729 3399 exsur-

2167 3448 2254 3509 gat
2280 3438 2421 3493 alius
2453 3439 2735 3504 sacerdos,
2767 3437 2859 3508 qui
2895 3454 3012 3514 non.
3034 3438 3327 3494 secundum
3369 3440 3546 3503 legem
3589 3452 3734 3489 man-

2169 3530 2278 3582 dati
2298 3529 2531 3583 carnalis
2555 3529 2729 3585 factus
2751 3539 2854 3590 est.
2883 3529 2977 3583 sed
3009 3530 3303 3585 secundum
3334 3530 3592 3583 virtutem
3626 3530 3734 3580 vita:

2171 3622 2502 3679 insolubilis.
2534 3622 2881 3677 Contestatur
2898 3622 3040 3677 enim
3070 3636 3088 3681 :
3121 3620 3385 3687 Quoniam
3408 3631 3464 3675 tu
3485 3637 3547 3676 es
3568 3636 3736 3675 sacer-

2168 3713 2268 3767 dos
2289 3717 2339 3767 in
2370 3721 2655 3777 aeternum,
2688 3714 2985 3769 secundum
3016 3713 3263 3767 ordinem
3318 3711 3733 3767 Melchisedech.

2173 3802 2503 3872 Reprobatio
2532 3803 2750 3872 quidem
2805 3805 2862 3858 iit
2898 3804 3256 3872 praecedentis
3292 3803 3560 3865 mandati,
3628 3817 3741 3869 pro-

2173 3906 2292 3964 pter
2314 3895 2682 3949 iniirmitatem
2711 3896 2828 3966 ejus
2855 3905 2908 3950 et
2940 3896 3282 3949 inutilitatem
3306 3911 3322 3952 :
3344 3895 3478 3949 nihil
3512 3896 3655 3949 enim
3680 3894 3740 3946 ad

2175 3986 2475 4056 perfectum
2507 3988 2730 4042 adduxit
2760 3989 2869 4053 lex,
2929 3988 3262 4041 introductio
3315 4002 3448 4041 vero
3510 3985 3744 4042 melioris

2181 4082 2318 4155 spei,
2349 4095 2447 4148 per
2475 4095 2633 4149 quam
2664 4080 3033 4149 proximamus
3068 4080 3133 4132 ad
3159 4079 3355 4132 Deum.
3395 4077 3459 4132 Et
3484 4089 3739 4146 quantum

2174 4183 2259 4227 est
2298 4188 2404 4227 non
2446 4172 2561 4225 sine
2588 4171 2941 4241 jurejurando
2969 4171 3081 4239 (alii
3132 4170 3348 4238 quidem
3380 4170 3501 4222 sine
3534 4168 3743 4237 jureju-

2180 4264 2350 4319 rando
2374 4263 2689 4319 sacerdotes
2727 4262 2856 4318 facti
2889 4270 3060 4328 sunt;
3094 4262 3183 4316 hic
3211 4272 3391 4315 autem
3424 4274 3559 4314 cum
3585 4252 3749 4325 'jure-

2175 4356 2429 4426 jurando,
2453 4370 2548 4421 per
2570 4369 2691 4408 eum
2728 4354 2817 4424 qui
2838 4354 2973 4407 dixit
3005 4354 3073 4409 ad
3108 4354 3297 4408 illum:
3329 4352 3547 4407 Juravit
3576 4349 3750 4417 Domi-

2182 4463 2300 4513 nus,
2334 4458 2517 4503 etnon
2543 4446 2825 4516 paenitebit
2846 4462 2968 4501 eum
2996 4462 3011 4505 ;
3047 4456 3101 4501 tu
3136 4460 3194 4501 es
3222 4444 3483 4499 sacerdos
3516 4445 3568 4497 in
3599 4453 3750 4496 reter-

500 4551 998 4613 ¢:outtrmationcm,
1034 4549 1526 4618 estjuramenlum.
1558 4551 1617 4603 In
1650 4564 1760 4619 quo
1790 4550 2074 4603 abundan-
2107 4544 2152 4600 ι)
2183 4540 2338 4608 llum)
2375 4541 2641 4593 inlanlltm
2680 4538 2919 4593 melioris
2953 4537 3260 4593 lcSIamenli
3288 4552 3535 4606 εροηεοι-
3588 4536 3755 4589 iam”

502 4646 611 4696 tius
640 4643 828 4697 volens
852 4642 995 4695 Dens
1022 4642 1309 4695 ostendere
1333 4641 1735 4711 pollicitationis
1760 4642 2067 4697 ltazredibus

503 4735 936 4788 immobilitatem
959 4733 1168 4787 consilii
1192 4733 1297 4797 sui,
1319 4734 1643 4802 interposuit
1661 4733 2035 4803 jusjurandum
2058 4751 2074 4787 :

507 4834 565 4878 ut
593 4839 687 4893 per
721 4824 857 4877 duas
908 4839 993 4878 res
1018 4824 1351 4888 immobiles,
1389 4826 1585 4893 quibus
1611 4824 1951 4892 impossibile
1994 4834 2078 4879 est

508 4917 725 4971 mentiri
756 4916 947 4981 Deum,
976 4917 1330 4973 fortissimum
1357 4919 1608 4971 solatium
1636 4917 1955 4979 habeamus,
1984 4918 2074 4986 qui

505 5008 845 5078 cOufugimus
890 5009 955 5063 ad
988 5010 1271 5063 tenendam
1314 5010 1644 5078 propositam
1686 5025 1834 5080 spem
1864 5026 1879 5067 ς
1915 5024 2078 5078 quam

505 5105 647 5156 sicut
685 5102 978 5155 anchoram
1004 5102 1266 5157 habemus
1297 5103 1491 5157 animm
1524 5112 1693 5156 tutam
1738 5118 1799 5154 ac
1844 5103 2074 5162 tirmam,

505 5208 558 5250 ct
616 5198 954 5251 incedentem
1001 5210 1169 5266 usque
1211 5196 1276 5249 ad
1310 5197 1570 5251 interiora
1604 5194 1942 5249 voluminis:
1984 5193 2076 5246 ubi

506 5304 812 5354 prrccursor
839 5302 939 5357 pro
972 5287 1128 5341 nobis
1152 5286 1397 5341 introivit
1429 5284 1586 5341 .lesus
1610 5325 1625 5351 ,
1658 5285 1956 5341 secundum
1992 5298 2081 5337 or-

503 5379 683 5432 dinem
711 5376 1104 5431 Melchisedecb
1133 5374 1369 5444 pontifex
1405 5374 1577 5427 factus
1615 5375 1668 5429 in
1718 5384 2004 5428 aeternum.

576 5468 739 5540 {Cap.
775 5469 909 5540 Vll.]
952 5466 1051 5522 llic
1078 5467 1225 5521 enim
1251 5466 1671 5529 Melchisedech,
1724 5481 1817 5520 rex
1858 5465 2032 5518 Salem
2063 5505 2078 5525 ,

506 5564 760 5618 sacerdos
786 5562 877 5617 Dei
903 5561 1124 5627 summi,
1152 5560 1241 5629 qui
1281 5558 1516 5613 obviavit
1554 5559 1784 5612 Abrahae
1832 5572 2081 5625 regresso

583 5762 594 5789 ¹
636 5757 808 5811 Palat.
860 5758 1104 5824 ms.,sed
1139 5758 1285 5828 ﬁdei,
1344 5756 1563 5826 propius
1619 5755 1804 5811 (ἓτερςο
1866 5759 1951 5809 καιῖ
1995 5758 2083 5808 πί·

516 5846 705 5890 στεως.

2183 4630 2455 4687 estJesus.
2485 4630 2552 4684 Et
2578 4630 2667 4685 alii
2699 4630 2914 4700 quidem
2948 4629 3132 4699 plures
3167 4628 3293 4682 facti
3341 4636 3471 4681 sunt
3510 4626 3754 4681 sacerdo-

2184 4737 2286 4786 tes,
2316 4722 2518 4777 idcirco
2548 4722 2691 4790 quod
2721 4730 2897 4775 morte
2930 4720 3357 4789 prohiberentur
3390 4731 3749 4786 permanere:

2184 4818 2272 4872 hic
2303 4824 2479 4869 autem
2516 4830 2580 4869 eo
2607 4813 2747 4882 quod
2782 4820 2995 4865 maneat
3054 4813 3106 4865 in
3156 4818 3446 4874 aeternum,
3475 4810 3755 4878 sempiter-

2187 4925 2314 4963 num
2349 4910 2510 4963 habet
2540 4907 2927 4962 sacerdotium.
2966 4903 3119 4958 Unde
3145 4912 3201 4958 et
3229 4903 3443 4957 salvare
3474 4903 3532 4956 in
3571 4914 3754 4971 perpe—

2194 5010 2345 5053 tuum
2390 5008 2564 5067 potest
2592 4997 2919 5052 accedentes
2950 5011 3047 5064 per
3078 4995 3428 5062 semetipsum
3458 4995 3530 5047 ad
3559 4996 3755 5048 Deum:

2187 5107 2402 5160 semper
2429 5091 2616 5144 vivens
2643 5094 2707 5143 ad
2738 5089 3191 5156 interpellandum
3226 5103 3323 5155 pro
3352 5086 3515 5140 nobis
3539 5089 3582 5140 ³.
3615 5083 3754 5139 Talis

2185 5183 2331 5237 enim
2356 5182 2579 5237 decebat
2603 5191 2659 5234 ut
2692 5181 2844 5235 nobis
2872 5189 3015 5234 esset
3040 5178 3304 5248 pontifex,
3332 5188 3589 5239 sanctus,
3615 5180 3757 5230 inno-

2188 5292 2341 5342 cens,
2374 5274 2706 5344 impollutus,
2732 5282 3045 5344 Segregatus
3070 5288 3099 5327 a
3140 5272 3524 5339 peccatoribus
3545 5312 3560 5332 ,
3592 5281 3648 5324 et
3673 5282 3758 5323 cx-

2188 5367 2388 5421 celsior
2414 5366 2566 5421 coalis
2629 5364 2835 5419 lactus:
2868 5365 2959 5433 qui
3009 5379 3115 5416 non
3175 5363 3338 5416 habet
3383 5364 3761 5417 necessitatem

2190 5460 2453 5525 quotidie,
2489 5457 2942 5529 quemadmodum
2983 5455 3323 5516 sacerdotes,
3351 5456 3507 5521 prius
3536 5470 3636 5523 pro
3656 5450 3762 5505 suis

2190 5549 2403 5604 delictis
2429 5548 2633 5602 hostias
2661 5544 2876 5609 oti'erre,
2914 5544 3106 5598 deinde
3138 5558 3233 5613 pro
3265 5544 3441 5613 pepuli
3466 5562 3480 5596 :
3506 5546 3763 5598 hocenim

2263 5758 2279 5787 ²
2311 5750 2541 5808 Pucl'crt
2572 5765 2664 5817 pro
2691 5748 2785 5811 eis,
2823 5764 2943 5803 cum
2981 5746 3164 5803 (ἰηιςο
3192 5745 3331 5817 ὑπὲρ
3363 5742 3573 5810 αὐτῶν,
3607 5741 3763 5796 Pala-

2195 5827 2341 5879 tinus
2383 5837 2592 5893 quoque
2624 5836 2724 5872 ms.
