3946 6170
285 325 402 387 837

1314 326 1373 384 S.
1419 324 1643 384 PAULI
1693 321 1939 382 EPIST.
1996 324 2096 381 AD
2140 326 2532 391 [IEBR.£OS.

3436 333 3540 397 878

289 434 419 489 fecit
456 432 643 493 semel,
678 430 917 501 seipsum
950 431 1074 503 [ηις.
1110 433 1189 502 Se]
1215 431 1512 486 offerendo.
1573 432 1682 487 Lex
1720 435 1862 488 enim
1890 428 1942 486 Α
1971 433 2206 487 nondum
2247 440 2590 506 propalalam
2630 454 2751 494 esse
2805 449 3116 494 sanctorum
3154 442 3291 493 viam
3314 481 3329 504 ,
3370 441 3545 494 adhuc

286 526 542 581 homines
572 525 858 581 constituit
894 527 1205 579 sacerdotes
1253 526 1619 581 infirmitatem
1656 526 1865 580 baben-

289 628 414 672 tes:
441 632 621 670 Sermo
650 626 831 669 autem
860 615 1243 684 jtirisjurandi,
1269 619 1359 685 qui
1408 628 1528 687 post
1554 618 1725 688 legem
1760 632 1866 688 cst,

290 706 488 760 Filium
511 706 563 758 in
593 715 856 758 internum
888 705 1211 773 perfectum.

368 797 519 868 ἶσαρ.
552 796 716 869 Vlll.j
755 796 1061 866 Capitulum
1097 808 1275 851 autem
1313 813 1477 868 Super
1511 816 1571 853 ea
1604 816 1721 869 quae
1786 800 1865 853 di-

287 903 496 949 cuntur
520 910 531 945 :
556 891 741 945 Talem
772 892 1032 945 habemus
1064 893 1394 959 pontificem.
1428 893 1519 961 qtti
1543 894 1788 947 consedit
1817 895 1868 946 in

290 986 520 1039 dextera
556 983 699 1037 sedis
730 982 1115 1049 magnitudinis
1146 984 1199 1037 in
1233 985 1385 1037 cmlis
1431 982 1554 1055 [τηε.
1589 984 1871 1054 excelsis],

289 1085 611 1131 sanctorum
650 1074 919 1135 minister,
950 1084 1001 1127 et
1029 1074 1358 1128 tabernaculi
1392 1077 1531 1141 veri,
1571 1078 1715 1144 quod
1757 1076 1873 1128 fixit

295 1169 580 1229 Dominus,
618 1176 799 1221 etnon
857 1167 1036 1220 homo.
1070 1167 1260 1222 Omnis
1314 1169 1456 1221 enim
1514 1168 1754 1237 pontifex
1805 1169 1870 1221 ad

290 1260 632 1315 oﬂerendum
660 1274 882 1313 munera
947 1254 1244 1315 et‘bostias
1275 1264 1633 1315 constituitur
1668 1281 1680 1315 :
1730 1262 1875 1316 unde

291 1367 523 1405 necesse
557 1362 639 1403 est
675 1361 726 1403 et
761 1351 906 1405 hunc
932 1352 1131 1405 habere
1185 1349 1387 1419 aliquid
1447 1352 1587 1419 quod
1626 1351 1812 1405 oﬂ'crat
1855 1370 1867 1403 :

289 1442 339 1494 si
374 1456 505 1509 ergo
538 1452 681 1496 esset
705 1456 867 1508 super
898 1450 1124 1503 terram,
1150 1456 1246 1495 nec
1270 1452 1411 1495 esset
1443 1443 1872 1497 saecriloszcnm

289 1539 479 1583 essent
510 1530 600 1598 qui
634 1528 895 1583 offerrent
922 1531 1216 1583 secundum
1255 1530 1424 1599 legero
1482 1546 1704 1584 munera
1732 1570 1747 1593 ,
1781 1531 1871 1599 qtti

289 1621 594 1689 exemplari
636 1630 689 1675 et
725 1622 931 1676 umbra:
980 1622 1293 1676 deserviunt
1348 1623 1673 1676 cmlestium.
1722 1620 1874 1675 Sicut

290 1728 624 1781 responsum
648 1722 729 1767 est
752 1712 941 1778 Moysi,
967 1727 1087 1765 cum
1114 1724 1518 1767 consummaret
1549 1716 1871 1767 tabernacu-

291 1806 446 1859 lum:
480 1802 616 1856 Vide
650 1804 873 1873 (inquit)
909 1804 1086 1856 omnia
1127 1803 1290 1857 facito
1338 1806 1635 1857 secundum
1686 1820 1873 1858 exem-

297 1897 420 1964 plar
476 1896 621 1963 quod
658 1895 748 1949 tibi
776 1906 1056 1948 ostensum
1087 1904 1168 1948 est
1195 1896 1246 1948 in
1289 1905 1489 1949 monte.
1514 1895 1664 1950 Nunc
1694 1907 1869 1949 autem

296 1987 496 2042 melius
527 1989 752 2040 sortitus
777 1996 856 2041 est
880 1987 1268 2050 ministerium,
1300 1997 1501 2055 quanto
1544 1998 1599 2042 et
1635 1989 1873 2043 melioris

297 2079 611 2134 testamenti
647 2078 911 2131 mediator
943 2088 1048 2142 est,
1083 2078 1225 2147 quod
1256 2078 1308 2132 in
1343 2079 1657 2134 melioribus
1684 2096 1876 2149 repro-

298 2169 653 2223 missionibus
686 2169 959 2222 sancitum
994 2178 1100 2223 est.
1138 2167 1271 2221 Nam
1310 2168 1354 2222 si
1382 2169 1510 2222 illud
1544 2170 1693 2238 prius
1717 2171 1875 2239 culpa

296 2270 585 2315 vacasset:
621 2275 726 2313 non
773 2261 957 2328 utique
1002 2261 1227 2313 secundi
1279 2260 1429 2317 locus
1486 2260 1873 2330 inquireretur.

296 2352 627 2421 \‘ituperans
666 2352 807 2403 enim
842 2367 937 2405 eos
969 2351 1133 2423 dicit:
1165 2351 1307 2405 Ecce
1338 2351 1456 2405 dies
1490 2352 1727 2415 venient,
1747 2352 1878 2404 dicit

296 2445 563 2499 Dominus
589 2442 689 2497 :Et
716 2445 1107 2496 consummabo
1140 2456 1305 2512 super
1337 2442 1553 2495 domum
1586 2442 1748 2496 Israel
1775 2482 1789 2505 ,
1824 2451 1879 2496 et

295 2550 465 2603 Super
498 2533 714 2587 domum
749 2529 909 2597 Juda,
935 2541 1317 2585 testamentum
1352 2549 1582 2586 novum:
1638 2548 1743 2585 non
1788 2548 1877 2586 se-

298 2622 541 2676 cundum
571 2631 978 2687 testamentum,
1014 2621 1159 2691 quod
1201 2621 1303 2676 feci
1358 2623 1605 2692 patribus
1664 2637 1899 2698 eorum,

301 2715 359 2771 in
417 2714 505 2768 die
534 2730 637 2783 qua
672 2715 1002 2783 apprehendi
1037 2729 1254 2768 manmn
1282 2724 1570 2775 eorum,ut
1592 2714 1876 2768 educerem

305 2806 434 2862 illos
470 2808 535 2858 de
563 2814 705 2858 terra
734 2805 988 2875 Egypﬁ:
1027 2807 1282 2876 quoniam
1320 2806 1419 2873 ipsi
1472 2820 1576 2858 tton
1630 2820 1881 2873 perman-

302 2896 515 2950 seriut’
540 2898 591 2950 in
617 2907 941 2954 testamento
975 2913 1116 2958 meo,
1145 2909 1194 2950 et
1228 2912 1327 2966 ego
1359 2896 1568 2966 neglexi
1601 2910 1715 2956 eos,
1751 2895 1882 2950 dicit

310 2988 595 3041 Dominus.
650 2985 789 3057 Quia
820 2988 920 3041 hoe
953 2998 1036 3041 est
1072 2997 1454 3041 testamentum
1500 2988 1642 3056 quod
1700 2987 1882 3049 disiio-

1903 1759 1947 1817 Β

1974 530 2155 593 priore
2190 529 2539 585 tabernaculo
2571 532 2805 585 habente
2855 542 3081 593 statum,
3117 548 3234 599 qua:
3290 533 3541 597 parabula

1975 628 2057 672 εει
2087 621 2344 683 temporis
2385 622 2672 677 instantis:
2703 623 2856 691 juxta
2882 634 3046 691 quam
3081 638 3301 675 munera
3358 634 3410 673 ct
3453 624 3547 672 lio-

1975 709 2091 763 δῑίεεξ
2122 708 2444 771 olle-runtur,
2466 727 2582 781 qure
2608 728 2714 765 non
2743 711 3131 779 possuntjuxta
3156 711 3546 763 CtlHSt'lellllﬂlll

1974 801 2274 867 perfectum
2314 799 2488 854 facere
2520 803 2866 865 servientem,
2904 802 3244 857 solummodo
3276 802 3329 852 in
3384 802 3543 862 cibis,

1974 903 2022 943 et
2058 891 2108 941 in
2145 890 2378 958 potibus,
2407 903 2459 945 et
2500 894 2665 946 variis
2701 892 3118 957 baptismatibus
3142 931 3156 953 ,
3211 902 3264 944 et
3312 891 3545 958 justitiis

1975 982 2155 1035 Carnis
2186 998 2355 1051 usque
2383 984 2447 1035 ad
2486 992 2692 1052 tempus
2712 984 3061 1037 corrCCtionis
3085 983 3369 1051 impositis.
3388 982 3546 1037 Chri-

1976 1084 2089 1126 stus
2115 1084 2291 1127 autem
2321 1077 2584 1127 assistens
2619 1074 2856 1143 pontifex
2916 1075 3215 1127 futurorum
3258 1075 3546 1138 bonorum,

1978 1179 2071 1230 per
2104 1163 2332 1230 amplius
2362 1174 2413 1217 et
2444 1164 2731 1231 perfectius
2767 1164 3176 1217 tabernaculum
3224 1181 3327 1216 non
3383 1180 3543 1216 manu

1977 1255 2199 1317 factum,
2236 1256 2283 1307 id
2311 1270 2388 1308 ρει
2444 1272 2547 1308 uozt
2579 1254 2740 1323 hujus
2760 1257 3089 1319 creationis;
3126 1271 3296 1323 neque
3317 1273 3409 1324 per
3426 1272 3552 1309 san-

1974 1350 2188 1417 guinem
2223 1348 2493 1400 hircorum
2528 1358 2617 1400 aut
2652 1348 2963 1410 vitulorum,
3004 1347 3097 1400 sed
3129 1364 3221 1416 per
3267 1349 3542 1415 proprium

1974 1444 2306 1508 Sanguinem,
2342 1441 2773 1495 introivitsemel
2825 1442 2877 1495 in
2926 1439 3146 1504 Sancta,
3192 1451 3394 1494 aeterna
3448 1455 3546 1493 rc—

1975 1531 2283 1598 demptione
2313 1532 2557 1584 inventa.
2592 1531 2645 1584 Si
2682 1532 2824 1585 enim
2886 1532 3109 1600 sanguis
3164 1531 3438 1584 hircorum
3488 1540 3544 1584 et

1976 1630 2274 1687 taurorum,
2303 1633 2355 1675 et
2388 1623 2524 1676 cinis
2557 1623 2731 1676 vitula:
2764 1638 3041 1690 aspersus,
3081 1623 3392 1690 inquinatos
3422 1639 3547 1675 san-

1976 1713 2179 1767 etilicat
2219 1715 2283 1766 ad
2336 1715 2770 1769 emundationem
2826 1717 3056 1770 carnis:
3120 1727 3323 1784 quanto
3380 1717 3554 1783 magis

1976 1804 2192 1871 sanguis
2226 1796 2448 1869 Christi,
2482 1807 2571 1873 qui
2611 1820 2705 1872 per
2736 1804 2996 1873 Spiritum
3031 1816 3283 1861 sanctum
3352 1817 3553 1859 semet-

1978 1893 2149 1962 ipsum
2190 1894 2385 1948 obtulit
2442 1898 2846 1951 immaculatum
2905 1898 3036 1962 Deo,
3065 1900 3378 1953 emundabit
3422 1913 3557 1951 cor;-

1975 1985 2258 2037 scientiam
2298 2000 2536 2039 nostram
2566 1989 2632 2039 ab
2669 1989 2923 2055 operibus
2945 1991 3195 2052 mortuis,
3220 1992 3282 2042 ad
3302 1991 3550 2044 servien-

1975 2074 2101 2128 dttnt
2136 2076 2241 2128 Deo
2266 2078 2494 2131 viventi!
2532 2079 2591 2129 Et
2622 2078 2740 2132 ideo
2767 2078 2893 2133 Novi
2923 2079 3253 2135 Testamenli
3288 2081 3554 2134 mediator

1976 2173 2079 2224 est.
2105 2175 2159 2218 ut
2196 2178 2364 2220 morte
2392 2168 2784 2229 intercedente,
2822 2172 2871 2223 in
2908 2173 3331 2238 redemptionem
3357 2187 3545 2224 earum

1984 2253 2112 2319 fma.
2152 2257 2491 2329 earumdem]
2526 2260 3051 2325 prwvaricationum,
3086 2278 3206 2330 quae
3257 2275 3411 2316 erant
3453 2265 3554 2315 sub

1980 2345 2151 2399 Priori
2183 2347 2552 2411 Testamento,
2604 2351 3079 2417 repromissiouem
3121 2355 3412 2420 accipiant,
3457 2353 3551 2420 qui

1978 2432 2153 2486 vocati
2183 2445 2306 2488 sunt
2337 2443 2554 2488 mternre
2576 2437 2926 2492 hrcreditatis.
2962 2440 3057 2494 Ubi
3090 2443 3231 2494 enim
3268 2453 3557 2494 testamen-

1978 2532 2089 2577 tum
2130 2536 2234 2586 est,
2256 2541 2400 2580 mors
2429 2542 2647 2582 necesse
2673 2538 2753 2581 est
2788 2530 3085 2585 intercedat
3119 2534 3414 2586 tettatoris.
3442 2532 3553 2585 Te-

1978 2624 2305 2668 stamentum
2343 2616 2485 2669 enim
2522 2618 2574 2670 in
2598 2621 2825 2673 mortuis
2849 2622 3230 2675 conlirmatum
3264 2634 3344 2676 est
3379 2638 3393 2677 :
3425 2623 3557 2676 alio-

1980 2706 2109 2774 quin
2130 2707 2364 2761 nondum
2408 2710 2569 2775 valet,
2602 2712 2727 2762 dum
2748 2711 2877 2764 vivit
2900 2713 2986 2779 qui
3012 2723 3237 2767 testatus
3268 2724 3372 2768 est.
3400 2713 3554 2769 Unde

1982 2812 2081 2850 nec
2119 2800 2349 2865 primum
2378 2800 2592 2867 quidem
2628 2802 2746 2855 sine
2780 2805 3045 2871 sanguine
3082 2804 3388 2858 dedicatum
3443 2813 3550 2857 est.

1981 2889 2143 2944 Lecto
2168 2894 2312 2945 enim
2347 2892 2490 2945 omni
2546 2894 2799 2947 mandato
2831 2895 2967 2962 legis
3001 2910 3028 2947 a
3067 2894 3247 2966 Moyse
3297 2895 3551 2949 universo

1983 2984 2200 3054 populo,
2227 2985 2498 3054 accipiens
2516 2985 2830 3054 sanguinem
2861 2986 3152 3039 vitulorum
3178 2997 3231 3040 et
3254 2987 3550 3049 hircorum,
3636 2980 3639 2981 ν

305 3096 433 3135 nam
474 3081 654 3134 domui
701 3080 863 3133 Israel
899 3088 1018 3148 past
1068 3078 1186 3133 dies
1215 3078 1359 3142 illos,
1394 3078 1525 3131 dicit
1580 3078 1952 3142 Dominus:c
1985 3092 2106 3132 cum
2142 3092 2300 3145 aqua,
2338 3088 2390 3129 et
2445 3077 2563 3130 lana
2610 3077 2883 3141 coccinea,
2924 3089 2977 3130 et
3038 3079 3300 3147 hySSOpo,
3368 3078 3545 3145 ipsum

306 3171 495 3224 [laudo
525 3168 673 3236 leges
704 3186 850 3223 ineas
881 3171 933 3223 in
964 3180 1196 3223 mentem
1244 3184 1437 3223 eorum
1467 3207 1481 3233 ,
1516 3178 1568 3222 et
1614 3169 1666 3222 in
1716 3171 1883 3224 corde

303 3279 496 3317 eorum
527 3262 927 3330 superscribam
959 3275 1091 3316 eas:
1125 3269 1177 3314 et
1230 3275 1324 3313 ero
1363 3259 1443 3314 eis
1498 3260 1548 3313 in
1606 3258 1794 3321 Deum,
1833 3268 1887 3312 et

305 3357 405 3425 ipsi
432 3366 595 3409 erunt
626 3354 756 3407 mihi
794 3355 846 3407 in
883 3355 1139 3422 populum
1168 3369 1181 3417 ;
1216 3362 1270 3407 et
1306 3368 1411 3407 non
1457 3350 1679 3407 docebit
1711 3365 1883 3403 unus.

303 3452 541 3519 quisque
570 3449 870 3516 proximum
903 3462 1083 3511 suum,
1120 3454 1175 3499 et
1218 3445 1604 3515 unusquisque
1661 3442 1883 3497 fratrem

304 3558 487 3607 suum,
523 3540 713 3595 dicens
738 3553 754 3593 :
785 3537 1063 3607 Cagnosce
1078 3537 1361 3593 Dominum
1387 3553 1402 3593 :
1424 3536 1678 3606 quoniam
1694 3548 1886 3588 omnes

305 3638 483 3689 scient
514 3648 599 3687 me
628 3649 656 3686 a
682 3634 888 3685 minore
912 3646 1085 3699 usque
1116 3630 1181 3684 ad
1212 3629 1472 3699 majorem
1503 3642 1729 3682 eorum:
1762 3626 1885 3696 quia

306 3726 577 3797 prapitius
605 3739 700 3779 ero
722 3723 1096 3793 iniquitatibus
1118 3736 1329 3783 eorum,
1352 3729 1404 3773 et
1429 3731 1771 3790 peccatorum
1797 3732 1890 3773 eo-

308 3834 433 3871 rum
490 3818 603 3886 jam
633 3831 735 3869 non
769 3816 1128 3867 memorabor.
1156 3811 1394 3866 Dicendo
1434 3820 1614 3865 autem
1666 3824 1885 3874 novum,

304 3908 578 3961 reiciavit
609 3908 778 3976 prius.
796 3904 951 3972 Quod
1007 3916 1188 3960 autem
1243 3904 1584 3974 antiquatnr,
1627 3912 1684 3957 et
1724 3917 1886 3957 sene-

304 4002 439 4061 scit,
473 4015 640 4069 prope
682 4000 958 4051 interitum
984 4011 1088 4053 esu

382 4092 543 4166 [ϐαρ.
581 4088 697 4160 IX]
731 4089 1165 4157 llabnitquldem
1201 4098 1251 4142 et
1283 4089 1431 4157 prius
1468 4086 1887 4157 jitstilicationes

304 4190 566 4247 cultum,
595 4194 649 4237 et
675 4186 934 4237 Sanctum
961 4184 1243 4235 maculare.
1279 4178 1711 4233 Tabernaculum
1744 4177 1885 4229 enim

304 4280 518 4333 factum
556 4284 637 4327 est
670 4276 926 4344 primum,
963 4273 1017 4327 in
1053 4288 1159 4342 quo
1218 4279 1376 4325 erant
1431 4270 1777 4330 candelabra,
1833 4276 1888 4320 et

307 4383 528 4429 mensa,
561 4376 615 4420 et
649 4365 950 4434 propositio
980 4379 1207 4431 panum,
1240 4379 1358 4433 quae
1389 4360 1509 4433 [ma
1534 4358 1700 4431 quod]
1755 4359 1888 4412 dici-

306 4470 399 4513 tur
433 4460 655 4512 Sancta.
698 4454 822 4511 Post
856 4456 1217 4509 velamentum
1252 4464 1430 4507 autem
1472 4450 1771 4505 secundum
1815 4458 1893 4502 ta-

305 4550 694 4614 bernaculum,
732 4552 874 4619 quod
906 4550 1107 4604 dicitur
1128 4548 1327 4601 Sancta
1388 4556 1699 4602 sanctorum
1730 4561 1746 4600 :
1792 4562 1890 4599 att-

306 4658 467 4696 reum
500 4641 708 4694 habens
735 4640 1091 4701 thuribulum,
1129 4648 1182 4692 et
1235 4652 1419 4692 arcam
1448 4638 1753 4691 testamenti
1789 4636 1895 4689 cir-

306 4742 646 4786 cumtectam
689 4745 753 4783 ex
785 4730 934 4783 omni
972 4740 1124 4799 parte
1149 4744 1304 4793 auro,
1329 4728 1381 4782 in
1415 4744 1519 4795 qua
1553 4743 1685 4781 urna
1730 4741 1890 4779 aurea

311 4826 529 4879 habens
559 4839 786 4883 manna,
824 4832 879 4875 et
907 4825 1055 4892 virga
1086 4823 1264 4877 Aaron
1318 4836 1441 4891 qum
1472 4820 1804 4879 frondnerat.
1840 4827 1896 4873 et

314 4918 518 4972 tabula:
550 4915 883 4977 testamenti,
920 4928 1193 4982 superque
1244 4928 1362 4965 eam
1399 4921 1555 4967 erant
1613 4910 1890 4964 cherubim

312 5011 502 5081 gloria
579 5007 960 5060 oliumhrantia
1037 5003 1520 5075 propitiatorium:
1584 5002 1651 5057 de
1698 5002 1897 5070 quibus

312 5118 423 5155 non
454 5110 541 5153 cst
570 5099 728 5151 modo
760 5098 1049 5150 dicendurm
1100 5111 1197 5164 per
1254 5096 1485 5162 singula.
1519 5092 1612 5147 llis
1652 5107 1781 5145 vero
1822 5093 1894 5144 ita

311 5192 657 5260 compositis,
696 5190 747 5242 in
780 5190 945 5257 priori
1003 5188 1223 5257 quidem
1272 5185 1623 5240 tabernaculo
1681 5198 1897 5250 semper

315 5285 619 5337 introibant
656 5283 986 5342 sacerdotes,
1012 5279 1409 5333 sacrificiorum
1439 5277 1610 5331 omcia
1640 5291 1898 5328 consum.

314 5388 569 5431 tuantes:
606 5378 661 5430 in
694 5374 933 5430 secundo
966 5384 1148 5427 autem
1204 5371 1371 5426 semel
1434 5370 1486 5423 in
1540 5384 1684 5422 anno
1748 5368 1896 5422 solus

314 5467 590 5538 pontifex,
620 5482 725 5519 non
756 5467 874 5519 sine
906 5464 1186 5533 sanguine,
1221 5478 1381 5533 quem
1408 5460 1569 5515 olTert
1601 5474 1698 5529 pro
1723 5475 1817 5513 sua
1843 5468 1898 5513 et

314 5560 506 5631 pepuli
542 5558 875 5627 ignorantia:
912 5558 1012 5610 hoc
1039 5557 1383 5626 signiﬁcante
1422 5553 1628 5623 Spiritu
1681 5565 1892 5612 sancto,

1923 4415 1966 4467 D

1986 3183 2202 3238 quoque
2228 3168 2446 3230 librum,
2475 3178 2527 3222 et
2550 3184 2763 3222 omnem
2788 3171 3037 3237 populum
3061 3172 3310 3239 aspersit,
3329 3173 3513 3225 dicens
3540 3186 3558 3225 :

1989 3258 2087 3313 Hic
2116 3259 2337 3328 sanguis
2362 3261 2693 3323 leslamenti,
2720 3263 2861 3329 quod
2882 3262 3157 3315 mandavit
3186 3264 3251 3316 ad
3280 3279 3374 3318 vos
3396 3262 3555 3317 Deus.

1989 3347 2166 3404 Etiam
2196 3350 2606 3405 tabernaculum
2639 3361 2690 3405 et
2715 3353 2895 3405 omnia
2931 3368 3059 3407 vasa
3102 3354 3388 3409 ministerii
3435 3371 3563 3407 san-

1989 3445 2151 3515 gnine
2174 3444 2426 3498 similiter
2453 3443 2708 3511 aspersit.
2744 3442 2803 3496 Et
2842 3444 3021 3497 omnia
3054 3460 3189 3512 pene
3211 3446 3262 3498 in
3297 3446 3563 3514 sanguine

1988 3535 2283 3589 secundum
2325 3534 2491 3604 legem
2520 3535 2881 3586 inundantur:
2918 3545 2972 3588 et
3001 3535 3120 3588 sine
3145 3537 3429 3603 sanguinis
3479 3537 3563 3588 ef-

1990 3627 2200 3682 fusione
2247 3640 2353 3679 non
2413 3625 2470 3679 fit
2518 3625 2788 3679 remissio.
2827 3626 3061 3680 Necesse
3084 3636 3166 3680 est
3205 3643 3334 3697 ergo
3378 3643 3565 3682 exeni-

1990 3718 2155 3788 plaria
2191 3716 2404 3786 quidem
2438 3715 2740 3771 caelestium
2776 3715 2859 3770 his
2898 3717 3147 3770 mundari
3181 3735 3195 3771 :
3234 3718 3349 3784 ipsa
3379 3733 3558 3773 autem

1989 3808 2229 3863 caelestia
2266 3807 2583 3862 melioribus
2613 3807 2806 3860 hostiis
2832 3823 2993 3876 quam
3035 3808 3183 3863 istis.
3206 3808 3322 3863 Non
3342 3811 3485 3863 enim
3508 3812 3560 3863 iu

1994 3897 2303 3952 manufacta
2338 3908 2526 3952 saneta
2580 3896 2701 3969 [ηις.
2762 3899 3062 3953 mauifactis
3115 3899 3341 3972 sanctis]
3400 3900 3561 3955 Jesus

1992 3992 2256 4056 introivit,
2295 3992 2629 4057 exemplaria
2662 4006 2954 4046 verorum:
2990 3991 3085 4045 sed
3144 3993 3196 4045 in
3227 3993 3401 4061 ipsum
3443 4009 3554 4046 coa-

1994 4082 2123 4146 lum,
2151 4091 2206 4134 ut
2233 4092 2490 4151 appareat
2527 4098 2670 4136 nunc
2716 4083 2881 4136 vultui
2918 4083 3007 4137 Dei
3041 4098 3140 4153 pro
3168 4084 3334 4136 urbis.
3370 4080 3553 4153 Neque

1994 4185 2052 4227 ut
2084 4189 2227 4244 saepe
2265 4175 2455 4228 oll'crat
2488 4177 2862 4243 semetipsum,
2892 4176 3347 4246 quemadmodum
3382 4177 3561 4245 ponti—

1994 4267 2078 4321 fex
2116 4269 2275 4321 intrat
2304 4268 2353 4320 in
2404 4268 2605 4321 Sancta
2640 4284 2733 4337 per
2756 4268 2993 4337 singulos
3019 4285 3189 4324 annos
3218 4268 3268 4320 in
3298 4268 3563 4337 sanguine

1996 4361 2212 4415 alieno:
2246 4360 2482 4429 alioquin
2519 4362 2801 4429 oportebat
2828 4376 2945 4415 cum
2981 4359 3292 4430 frequenter
3327 4360 3433 4428 pati
3498 4363 3565 4413 ab

1995 4453 2206 4521 origine
2234 4452 2454 4505 mundi:
2490 4468 2634 4508 nunc
2664 4463 2843 4506 autem
2899 4451 3066 4507 semel
3103 4454 3171 4516 in
3219 4465 3569 4507 consumma.

1998 4543 2145 4598 tione
2175 4542 2523 4603 smculorum,
2560 4543 2626 4596 ad
2665 4542 3067 4597 destitutionem
3090 4543 3323 4611 peccati,
3349 4557 3444 4611 per
3478 4541 3575 4594 lio-

1997 4634 2155 4689 SIiam
2201 4648 2351 4687 suam
2403 4634 2672 4702 apparuit.
2714 4633 2775 4686 Et
2811 4632 3276 4703 quemadmodum
3305 4641 3567 4686 statutum

1997 4737 2082 4781 est
2117 4726 2427 4781 hominibus
2460 4725 2626 4779 semel
2692 4728 2850 4792 mori,
2898 4736 3015 4795 post
3053 4727 3153 4779 hoc
3212 4738 3393 4779 autem
3432 4726 3579 4793 judi-

1999 4820 2170 4874 cium:
2208 4819 2288 4873 sic
2320 4830 2374 4872 et
2404 4816 2654 4873 Christus
2678 4821 2843 4874 semel
2899 4820 3114 4875 oblatus
3139 4832 3219 4875 est
3248 4821 3315 4873 ad
3374 4821 3573 4872 inulto-

2002 4928 2120 4966 rum
2154 4911 2524 4967 exhauricnda
2557 4922 2776 4979 peccata
2803 4932 2817 4977 ;
2845 4914 3079 4967 secundo
3099 4915 3216 4966 sine
3236 4925 3457 4982 peccato
3489 4930 3581 4979 ap-

2001 5003 2208 5071 parebit
2233 5003 2679 5067 exspectantibus
2704 5017 2786 5067 se,
2816 5004 2865 5056 in
2900 5004 3155 5057 salutem.

2073 5092 2231 5165 [Cap.
2270 5092 2361 5165 Χ.]
2408 5092 2665 5147 Umbram
2703 5096 2845 5149 enim
2891 5097 3097 5149 habens
3139 5096 3219 5149 lex
3270 5097 3575 5149 futurorum

2006 5188 2293 5247 bonorum,
2318 5202 2422 5239 non
2453 5187 2623 5254 ipsam
2649 5188 2937 5255 imaginem
2978 5204 3178 5249 rerum,
3206 5205 3296 5254 per
3334 5190 3574 5249 singu'os

2000 5292 2169 5330 annos
2191 5277 2395 5331 eisdem
2424 5277 2554 5347 ipsis
2576 5276 2769 5333 hostiis
2817 5294 2952 5348 quas
2987 5278 3217 5332 oll‘cruut
3253 5279 3575 5331 indesinen-

2005 5380 2103 5432 ter,
2134 5383 2410 5437 nunquam
2437 5378 2617 5437 potest
2669 5372 2991 5424 accedentes
3044 5369 3308 5438 peifcctos
3349 5369 3527 5422 facere
3554 5409 3570 5434 ,

2002 5460 2237 5528 alioquin
2264 5469 2565 5513 cessassent
2595 5458 2778 5513 offerri
2805 5477 2819 5514 :
2851 5460 2971 5514 ideo
3004 5463 3145 5527 quod
3178 5459 3382 5513 nullam
3413 5460 3580 5514 liabe—

2006 5558 2128 5604 rent
2181 5550 2322 5603 ultra
2378 5550 2769 5604 conscientiam
2826 5548 3055 5621 peccati,
3116 5550 3356 5604 cultores
3407 5545 3582 5607 semel

392 5744 410 5779 ί
437 5743 496 5803 ιη
518 5745 705 5803 codem
728 5762 853 5812 ms.,
883 5765 980 5801 non
1002 5758 1398 5815 permanserint!
1434 5760 1555 5801 cum
1577 5743 1765 5806 Grazco
1797 5743 1881 5797 oin

1993 5743 2234 5813 ἑμεινᾳν.
