3946 6170
454 223 558 282 8’9

1345 226 1409 284 s.
1458 226 1896 286 ttlEltONYMl
1943 231 2200 293 DIVINA
2249 230 2774 302 BIBLIOTHECA,
3587 250 3677 309 8.60.

441 333 676 381 n-undati
707 347 718 382 :
773 333 864 385 sed
912 334 964 387 itt
1007 334 1138 400 ipsis
1181 337 1630 390 cotuntemoratio
1663 349 2009 404 peccatorum
2043 343 2092 402 Α
2124 359 2376 414 maguum
2401 360 2675 405 certamen
2708 355 3048 411 sustinuistis
3075 357 3411 423 passionum,
3435 367 3489 412 et
3517 361 3569 411 iu
3607 362 3676 414 al.

440 440 532 488 per
561 425 798 489 singulos
849 443 1019 481 annos
1066 429 1144 481 tit.
1191 428 1528 495 linpossibile
1574 431 1718 485 enim
1763 445 1841 486 est
1884 434 2007 504 (ms.

439 515 576 574 erat)
629 517 894 580 sanguine
924 526 1204 571 taurorum
1231 529 1281 574 et
1327 521 1602 574 hircorum
1647 522 1847 577 auferri
1879 541 2008 591 pec.

437 616 558 657 cata
635 607 759 659 Ideo
807 594 1116 678 ingrediens
1163 615 1420 666 mundum
1452 610 1901 671 dieitzfiostiam
1956 630 2011 674 et

436 698 764 752 oblationem
817 696 1084 757 noluisti:
1143 720 1337 772 corpus
1379 715 1558 759 atttem
1591 712 1782 774 aptasti
1829 711 2008 768 mihi:

437 790 872 845 holoeautomata
919 792 937 825 ί
972 811 1068 863 pro
1120 810 1469 860 peceatonon
1521 800 1616 854 tibi
1665 803 2007 871 placuerunt.

435 881 584 933 'l‘onc
606 883 712 934 dixi
747 901 763 941 :
803 884 939 939 Ecce
991 888 1146 941 venio
1172 907 1186 943 :
1213 889 1266 942 in
1299 891 1609 959 capitelihri
1639 897 1900 962 scriptum
1929 908 2011 955 est

433 974 500 1024 de
535 990 655 1028 me:
692 975 756 1029 Ut
791 977 984 1032 laeiam
1011 982 1133 1046 (ms.
1176 985 1454 1046 tacerem),
1489 986 1649 1052 Deus,
1676 991 2006 1047 voluntatem

434 1075 603 1119 lnam.
641 1067 900 1136 Superius
924 1073 1142 1128 dicens:
1176 1076 1309 1139 Quia
1343 1077 1572 1139 hostias,
1608 1093 1659 1134 et
1687 1082 2006 1144 oblationes,

433 1171 484 1210 et
527 1160 964 1216 halm-automata
1009 1181 1108 1232 pro
1131 1178 1352 1233 peccato
1382 1168 1628 1231 noluisti,
1667 1189 1765 1225 nee.
1810 1175 2004 1242 placita

433 1265 550 1304 sunt
576 1254 691 1312 tibi.
718 1273 835 1321 quae
860 1259 1154 1311 secundum
1174 1261 1341 1325 legem
1363 1262 1682 1325 offeruntur,
1712 1281 1838 1321 tune.
1859 1271 1962 1323 divi
1988 1289 2004 1329 :

434 1344 571 1397 Ecce.
597 1349 772 1414 venio,
809 1359 864 1401 ιιι
898 1349 1117 1414 faciam,
1149 1350 1311 1416 Deus,
1336 1355 1667 1408 Voluntatem
1693 1365 1838 1410 tuam
1866 1375 1878 1410 :
1906 1377 2003 1414 au-

435 1438 536 1489 fert
569 1441 829 1504 primum,
866 1453 918 1494 ιιι
952 1459 1188 1512 sequens
1227 1456 1447 1500 statuat.
1487 1447 1543 1499 ln
1578 1464 1679 1508 qna
1737 1451 2007 1506 voluntate

433 1533 758 1585 sanctiﬁcati
814 1551 1001 1589 sumus
1057 1555 1152 1603 per
1188 1539 1516 1594 oblationem
1585 1547 1833 1611 corporis
1879 1545 2003 1599 Jesu

432 1623 634 1675 Christi
669 1629 834 1679 semel
873 1628 992 1696 (ms.
1025 1631 1076 1681 in
1109 1632 1317 1697 semel).
1369 1633 1428 1684 Et
1458 1637 1635 1688 omnis
1667 1638 1880 1700 quidem
1913 1655 2002 1690 sa-

431 1719 623 1768 cerdos
679 1730 874 1778 nrzesto
913 1729 994 1775 est
1037 1725 1279 1789 quotidie
1321 1725 1658 1790 ministram,
1709 1740 1758 1778 et
1789 1730 2001 1781 easdem
2039 1706 2079 1759 Β

429 1825 572 1866 same
626 1810 858 1864 otTerens
892 1814 1118 1882 hostias,
1159 1831 1279 1884 qutc.
1335 1832 1606 1886 nunquam
1644 1833 1866 1888 possunt
1911 1839 2006 1875 an-

432 1902 573 1955 ferre
621 1916 886 1972 peccata:
941 1910 1028 1963 hic
1063 1923 1244 1963 autem
1280 1927 1442 1965 uuam
1486 1928 1582 1980 pro
1633 1917 1870 1980 peccatis
1917 1919 2004 1972 of.

431 1997 619 2053 ferens
685 2002 940 2064 hostiam,
988 2004 1040 2055 in
1073 2005 1460 2072 sempiternum
1507 2010 1656 2062 sedet
1693 2011 1744 2063 in
1779 2012 2001 2067 dextera

437 2087 551 2147 Dei,
591 2089 656 2143 de
693 2102 891 2142 etetero
924 2105 1252 2160 exspectans
1279 2095 1449 2149 donec
1485 2110 1757 2164 ponantur
1800 2101 2000 2155 inimici

431 2179 551 2240 eius
602 2183 896 2236 seabellum
927 2187 1125 2252 pedum
1175 2187 1312 2247 ejus.
1354 2185 1470 2239 Una
1527 2189 1668 2240 enim
1705 2189 1998 2254 oblatione,

429 2275 824 2325 consummavit
850 2273 903 2327 in
935 2274 1323 2342 sempiternum
1378 2275 1772 2330 sanetiticatos.
1801 2276 2003 2332 Conte-

429 2377 607 2420 statur
667 2377 846 2420 autem
909 2385 1005 2420 nos
1053 2381 1106 2420 et
1137 2369 1370 2433 Spiritus
1416 2380 1657 2424 Sanctus.
1707 2368 1998 2439 Postquam

426 2462 568 2510 enim
629 2460 809 2514 dixit:
850 2461 960 2512 Hoc
989 2470 1166 2513 autem
1209 2469 1607 2517 testamentum.
1643 2465 1784 2528 quod
1835 2473 1999 2516 testa-

425 2552 523 2601 bor
567 2553 631 2603 ad
664 2551 787 2606 illos
826 2562 948 2617 post
978 2553 1093 2606 dies
1130 2554 1270 2617 illos,
1321 2554 1450 2607 dicit
1480 2556 1775 2609 Dominus:
1815 2555 2000 2610 Dando

427 2642 574 2709 leges
604 2658 752 2697 meas
792 2644 844 2697 in
883 2646 1138 2699 cordibus
1167 2661 1377 2709 eorum,
1413 2656 1467 2698 et
1505 2648 1555 2698 in
1603 2649 1876 2702 mentibus
1903 2665 1997 2703 eo—

429 2751 547 2787 rttm
581 2737 978 2803 superscribam
1005 2752 1140 2794 eas:
1172 2748 1225 2791 et
1255 2748 1620 2804 peccatorum,
1659 2749 1712 2794 et
1745 2739 1999 2802 iniquita-

429 2837 540 2881 tum
592 2845 777 2882 eorum
817 2829 927 2894 jam
961 2846 1070 2883 non
1105 2830 1438 2886 recordabar
1465 2832 1721 2897 amplius.
1769 2832 1867 2888 Ubi
1903 2850 1999 2886 an-

422 2929 529 2971 tem
569 2921 760 2974 horttm
790 2923 1062 2985 remissio,
1089 2922 1200 2990 jam
1255 2939 1360 2978 non
1391 2933 1469 2978 est
1487 2924 1701 2992 __oldatio
1736 2942 1834 2992 pro
1863 2943 1996 2995 pec-

2125 453 2237 494 tero
2271 444 2509 508 quidem,
2538 449 2843 514 opprobriis
2897 459 2944 502 et
2977 451 3420 505 tribulationibus
3468 464 3677 517 Spreta-

2114 527 2292 582 culum
2349 532 2515 587 facti:
2557 535 2607 586 in
2642 535 2811 591 altero
2853 549 3056 602 autem,
3097 541 3228 596 socii
3257 542 3439 595 taliter
3464 557 3673 596 conver-

2114 619 2345 672 santium
2395 623 2590 677 etl‘ecti.
2624 624 2756 680 Nam
2811 638 2864 681 et
2921 633 3120 684 vinctis
3151 633 3419 699 compassi
3450 635 3604 695 estis,
3634 646 3676 686 et

2113 712 2360 778 rapinam
2411 716 2677 770 bonorum
2713 728 3014 774 vestrorum
3045 738 3166 776 cum
3198 724 3392 792 gaudio
3416 728 3675 793 suscepis-

2115 802 2203 866 tis,
2238 817 2627 871 cognoscentes
2665 825 2764 863 vos
2811 811 3012 867 habere
3043 813 3326 869 meliorem
3380 826 3434 869 et
3461 834 3676 872 manen-

2113 903 2218 949 tem
2259 897 2640 954 substantiam.
2684 901 2865 956 Nolite
2899 903 3081 971 itaque
3115 906 3365 960 amittere
3413 908 3676 962 confiden-

2113 987 2241 1040 tiam
2270 999 2529 1053 vestram,
2557 1006 2675 1058 quae
2699 1008 2948 1062 magnam
2976 996 3139 1050 habet
3164 999 3673 1055 remunerationem.

2111 1077 2374 1132 Patientia
2406 1082 2548 1136 enim
2579 1085 2732 1139 vobis
2763 1086 3068 1140 necessaria
3106 1098 3189 1140 est
3220 1106 3234 1141 :
3260 1099 3318 1142 ut
3348 1089 3671 1147 voluntatem

2114 1168 2202 1222 Dei
2231 1170 2514 1234 facientes,
2545 1176 2838 1242 reponetis
2865 1179 3302 1245 promissionem.
3328 1181 3518 1235 Adhuc
3538 1187 3671 1236 enim

2111 1263 2378 1316 modicum
2432 1265 2844 1332 aliquantulum,
2897 1270 2987 1333 qtti
3037 1279 3294 1324 venturus
3324 1280 3425 1335 est,
3483 1277 3672 1338 veniet,

2109 1362 2163 1406 et
2212 1370 2318 1407 non
2354 1356 2610 1412 tardabit.
2639 1358 2826 1414 Justus
2856 1371 3034 1414 autem
3070 1379 3221 1416 meus
3261 1379 3324 1418 ex
3363 1365 3464 1418 title
3509 1368 3672 1424 vivit:

2109 1448 2252 1508 quod
2303 1447 2346 1501 si
2389 1449 2717 1502 subtraxerit
2777 1465 2834 1503 se
2894 1467 3001 1505 non
3045 1454 3494 1518 placebitanimaa
3527 1475 3671 1514 meae.

2107 1534 2216 1591 Nos
2248 1548 2427 1591 autem
2473 1558 2578 1595 non
2605 1558 2792 1596 smnus
2824 1542 3209 1599 subtractiouis
3259 1547 3351 1601 tilii
3411 1549 3464 1603 in
3503 1553 3674 1618 perdi-

2112 1633 2333 1694 tionem,
2367 1636 2457 1685 sel
2497 1635 2615 1688 fidei
2646 1637 2694 1688 in
2729 1638 3152 1703 acquisitionem
3179 1641 3395 1696 anitum.

2181 1725 2333 1796 {Cat}.
2360 1725 2478 1798 XL]
2505 1727 2590 1781 Est
2625 1739 2801 1780 autem
2836 1730 2967 1784 tich
2996 1733 3388 1800 sperandaruttt
3415 1736 3672 1790 substan-

2109 1821 2181 1871 tia
2221 1834 2422 1881 rerum,
2473 1830 2852 1881 argumentum
2905 1837 3011 1874 non
3050 1827 3448 1890 apparentium.
3487 1827 3544 1881 lu
3587 1830 3671 1881 hac

2107 1905 2251 1958 enim
2289 1906 2658 1962 testimonium
2690 1911 2966 1964 consecuti
3000 1921 3128 1966 sont
3162 1929 3338 1968 senes.
3378 1915 3506 1968 Fide
3531 1919 3668 1970 intel-

2107 1996 2324 2067 ligimus
2349 2008 2528 2066 aptata
2577 2015 2697 2055 esse
2729 2003 2924 2057 smettla
2953 2006 3120 2057 verbo
3149 2002 3269 2069 Dei,
3308 2015 3365 2058 ut
3395 2020 3459 2061 ex
3495 2006 3670 2061 invisi-

2107 2088 2306 2144 bilibus
2358 2091 2591 2147 visibilia
2662 2093 2875 2147 ti--rent.
2927 2095 3058 2151 Fide
3109 2096 3398 2165 plurimam
3449 2099 3670 2154 hostiam

2106 2181 2261 2244 Abel,
2303 2198 2461 2250 quam
2496 2183 2653 2247 Cain,
2706 2186 2902 2239 obtulit
2929 2185 3063 2251 Deo,
3098 2204 3194 2256 per
3241 2203 3403 2255 quam
3437 2194 3669 2245 testimo-

2109 2275 2257 2329 niom
2294 2288 2624 2334 consecutus
2655 2288 2734 2332 est
2773 2294 2895 2333 esse
2923 2279 3124 2345 justus,
3159 2283 3536 2337 testimonium
3567 2301 3663 2348 per-

2104 2367 2324 2423 bibcnte
2371 2370 2690 2424 muneribus
2723 2373 2841 2436 ejus
2866 2371 2978 2425 Deo
3032 2390 3046 2426 :
3082 2383 3135 2427 et
3172 2390 3266 2443 per
3293 2374 3441 2428 illam
3487 2376 3674 2430 derint.

2103 2471 2223 2515 ctus
2255 2461 2431 2516 adhuc
2474 2465 2730 2532 loquitur.
2758 2463 2891 2517 Fide
2922 2464 3140 2520 llenoch
3177 2468 3472 2524 translatus
3487 2481 3672 2532 est,ne

2103 2552 2315 2607 videret
2356 2571 2608 2618 mortem,
2634 2566 2688 2609 et
2717 2572 2820 2608 nou
2854 2557 3249 2621 inveniebatur,
3284 2560 3409 2628 quia
3441 2571 3670 2624 transui;

2105 2642 2164 2696 lit
2213 2643 2360 2697 illum
2397 2646 2576 2700 Deus:
2614 2657 2739 2700 ante
2789 2648 3200 2702 translationem
3249 2651 3392 2704 enim
3439 2653 3674 2705 testium-

2104 2736 2247 2787 nium
2285 2737 2466 2790 Itahnit
2497 2739 2763 2805 placuisse
2802 2740 2930 2795 Deo.
2965 2741 3094 2797 Sine
3122 2743 3224 2799 title
3257 2752 3437 2797 autem
3476 2743 3674 2810 impos-

2101 2826 2258 2880 sibile
2288 2839 2371 2880 est
2408 2829 2623 2896 placere
2652 2831 2781 2885 Deo.
2811 2831 3051 2888 Credere
3082 2834 3226 2888 enim
3269 2845 3490 2902 Oportet
3521 2850 3672 2887 arce-

2101 2919 2318 2972 dentetu
2351 2923 2417 2976 ad
2450 2923 2637 2986 Deum,
2674 2927 2796 2990 quia
2821 2935 2924 2989 est,
2956 2937 3010 2982 et
3070 2929 3473 2996 inquirentibus
3506 2948 3564 2986 se
3587 2947 3668 2984 re-

423 3022 564 3066 catn.
599 3011 876 3068 Habentes
909 3016 1110 3080 itaque,
1150 3015 1366 3083 fratres,
1408 3018 1658 3070 fiduciam
1689 3019 1740 3072 in
1771 3019 1992 3073 introitu

2103 3023 2417 3069 muneratur
2463 3017 2556 3070 sit.
2610 3017 2738 3070 Fide
2784 3017 2917 3077 Noe.
2961 3035 3222 3084 responso
3257 3032 3486 3090 accepto
3521 3025 3585 3075 de
3611 3024 3672 3075 iis

421 3113 734 3158 sanctorum
784 3108 838 3161 in
872 3110 1134 3168 santzuine
1159 3110 1384 3168 Christi.
1422 3126 1582 3179 quam
1636 3111 1870 3166 initiavit
1900 3128 1994 3164 no-

421 3196 506 3248 bis
538 3200 676 3249 viam
722 3213 938 3262 novam,
971 3209 1026 3252 et
1066 3199 1334 3253 viventem
1380 3215 1476 3269 per
1515 3201 1780 3264 velamen,
1810 3203 1861 3254 id
1888 3213 1992 3268 est,

421 3307 636 3343 taruem
685 3306 860 3348 suam.
905 3297 961 3342 et
1013 3292 1350 3347 sacerdotem
1395 3309 1648 3361 magnum
1705 3311 1866 3360 super
1898 3299 1994 3350 do-

423 3402 568 3438 tnttm
609 3387 736 3438 Dei:
789 3387 1110 3440 accedamus
1143 3403 1261 3441 eum
1289 3403 1419 3443 vero
1453 3390 1618 3442 corde
1666 3391 1720 3446 in
1762 3392 1994 3458 plenitu-

421 3481 546 3530 dive
608 3479 751 3542 fidei,
815 3478 1022 3540 aspersi
1066 3480 1227 3534 corda
1259 3496 1288 3535 a
1343 3481 1676 3536 conscientia
1735 3483 1896 3545 mala,
1939 3494 1995 3540 et

418 3570 583 3624 abluti
621 3586 816 3635 corpus
869 3586 1005 3640 aqua
1045 3572 1267 3636 munda,
1327 3583 1607 3626 teneamus
1634 3577 1746 3640 Spei
1796 3586 1993 3632 nostrae

413 3662 817 3714 confessionem
870 3662 1307 3717 indeclinabilem
1361 3664 1556 3726 (ﬁdelis
1594 3668 1739 3720 enim
1785 3671 1989 3737 estqui

418 3752 775 3814 rem-omisit),
827 3761 881 3804 et
924 3753 1334 3806 consideremus
1367 3755 1596 3808 invicem
1630 3757 1680 3809 itt
1731 3773 1992 3825 provoca-

413 3840 613 3894 tionem
657 3841 938 3896 cltaritatis
1005 3852 1059 3898 ct
1083 3844 1347 3896 bonorum
1377 3860 1598 3913 operum
1631 3864 1644 3904 :
1693 3864 1796 3902 tton
1830 3850 1991 3904 dese-

411 3940 597 3983 ventes
632 3932 1010 3986 collectionem
1068 3945 1332 3998 nostram,
1390 3937 1531 3990 sicut
1575 3941 1990 3995 consuetudinis

413 4033 490 4074 est
536 4023 856 4084 quihusdam
913 4028 1050 4078 :sed
1105 4026 1470 4087 consolantes,
1519 4040 1575 4082 et
1629 4037 1780 4082 tanto
1821 4033 1988 4098 magis

415 4119 618 4168 quanto
668 4111 911 4164 videritis
943 4115 1645 4182 appropinquantemdiem.
1675 4120 1988 4177 Voluntarie

411 4196 555 4246 enim
590 4200 940 4262 peccantibus
968 4200 1123 4254 ttobis
1152 4213 1273 4271 post
1302 4214 1582 4273 acceptam
1609 4208 1858 4263 notitiam
1901 4226 1989 4265 ve-

407 4287 610 4350 ritatis,
665 4289 770 4357 jam
831 4306 936 4344 nou
992 4291 1320 4363 relinquitur
1360 4312 1459 4364 pro
1492 4301 1726 4367 peccatis
1761 4303 1935 4357 hostia
1969 4322 1981 4358 :

2101 3121 2220 3172 qua:
2256 3107 2430 3161 adhuc
2461 3123 2566 3161 non
2592 3109 2940 3176 videbantur,
2967 3121 3219 3166 metuens
3253 3117 3463 3179 aptavit
3496 3130 3669 3166 arcam

2099 3196 2152 3250 in
2186 3196 2412 3250 salutem
2458 3199 2651 3252 domus
2681 3214 2815 3260 stne,
2851 3217 2945 3265 per
2991 3218 3156 3271 quam
3187 3205 3472 3257 damnavit
3524 3222 3672 3256 mun-

2095 3290 2262 3342 dum:
2297 3300 2347 3344 et
2373 3289 2617 3356 justitiaa,
2655 3307 2774 3358 quze
2821 3309 2915 3358 per
2945 3293 2974 3346 ti
3003 3296 3101 3347 tem
3129 3309 3230 3359 ρει,
3269 3296 3440 3349 lucres
3475 3309 3559 3350 est
3596 3301 3667 3345 in-

2097 3384 2338 3439 stituttts.
2382 3383 2510 3436 Fide.
2542 3385 2630 3452 qui
2663 3397 2892 3440 vocatur
2925 3388 3220 3452 Abt-altam,
3253 3390 3488 3442 abi-divit
3524 3395 3575 3442 in
3598 3395 3669 3443 lu-

2095 3492 2217 3530 cum
2264 3477 2434 3541 exire,
2460 3492 2622 3546 quem
2650 3489 2976 3546 accepturus
3002 3491 3116 3533 erat
3153 3483 3204 3533 in
3260 3482 3668 3538 bmrettitatmn;

2095 3581 2151 3625 et
2176 3573 2327 3637 exiit,
2378 3574 2626 3628 nesciens
2661 3588 2770 3641 quo
2818 3575 2942 3628 iret.
2976 3574 3105 3627 Fide
3142 3575 3462 3630 demoratus
3509 3589 3590 3628 est
3620 3580 3666 3627 in

2097 3675 2238 3717 terra
2283 3667 2742 3732 repromissionis,
2773 3668 3124 3734 tanquam_iu
3156 3669 3354 3729 aliena,
3387 3669 3436 3721 in
3473 3673 3667 3721 casulis

2094 3753 2408 3812 habitando,
2440 3771 2562 3808 cum
2614 3757 2762 3810 Isaac
2791 3769 2838 3810 et
2867 3757 3039 3812 Jacob
3075 3759 3453 3814 eolta‘redibus
3486 3776 3670 3827 repro-

2093 3847 2370 3901 missionis
2404 3848 2674 3916 cjusdem.
2718 3849 3072 3917 EttSpectabat
3110 3853 3257 3906 enim
3307 3852 3661 3905 fundamenta

2093 3937 2375 3991 habentem
2397 3940 2668 3993 civitatem
2691 3959 2705 3995 :
2731 3942 2885 4004 cujus
2917 3943 3108 3996 artifex
3140 3952 3193 3996 et
3220 3943 3468 3996 conditor
3499 3945 3663 3996 Deus.

2094 4027 2220 4080 Fide.
2244 4040 2296 4082 et
2328 4031 2439 4098 ipsa
2475 4031 2606 4085 Sara
2642 4033 2844 4086 sterilis
2875 4036 3130 4089 virtutem
3167 4035 3219 4088 itt
3250 4040 3660 4101 conceptionem

2089 4122 2316 4174 seminis
2343 4125 2576 4189 accepit,
2622 4126 2784 4176 etiam
2819 4138 3016 4193 praeter
3044 4135 3258 4194 tempus
3291 4131 3503 4182 aetatis:
3541 4145 3673 4194 quo-

2091 4215 2234 4267 niam
2274 4215 2486 4269 fidelem
2521 4217 2756 4271 credidit
2783 4233 2901 4272 esse
2957 4235 3081 4272 eunt
3129 4221 3218 4286 qui
3255 4223 3668 4286 repromiserat.

2091 4305 2316 4373 Pr0pter
2350 4308 2492 4374 quod
2525 4319 2578 4359 et
2612 4309 2677 4361 ab
2706 4325 2812 4361 uno
2839 4309 2940 4362 orti
2981 4322 3106 4363 sunt
3142 4321 3213 4381 (et
3253 4313 3351 4364 hoc
3390 4311 3671 4378 emortuo)

405 4380 670 4436 terribilis
729 4393 912 4436 autem
969 4387 1214 4452 qtttcdau
1271 4394 1612 4459 exspectatio
1655 4393 1866 4459 indicii,
1929 4407 1982 4451 et
2019 4371 2059 4424 υ
2091 4410 2345 4468 tanquam
2369 4400 2546 4454 sidera
2564 4403 2684 4455 οωιὶ
2711 4402 2762 4455 itt
2790 4403 3293 4468 multitudinem,et
3315 4406 3454 4458 sient
3484 4422 3671 4470 arena,

411 4471 553 4536 ignis
581 4475 880 4539 tctuulatio,
914 4491 1033 4544 quae
1082 4492 1468 4548 consumptum
1501 4495 1585 4538 e-t
1614 4487 1978 4542 adversarios.

407 4566 620 4618 irritam
652 4569 771 4630 quis
818 4568 1020 4622 faciens
1046 4571 1212 4638 legem
1244 4574 1432 4643 Moysi,
1469 4578 1587 4629 sine.
1628 4578 1730 4631 ulla
1756 4582 1980 4634 misera-

411 4657 554 4707 Iintm
603 4659 808 4710 duobus
862 4660 943 4712 vel
996 4662 1168 4715 tribus
1217 4666 1743 4722 tcslilmsutoritur:
1781 4681 1982 4738 quanto

410 4748 583 4812 magis
629 4751 830 4812 putatis
881 4750 1151 4806 detetiora
1186 4758 1378 4808 mereri
1401 4759 1696 4826 supplicia,
1751 4765 1841 4828 qni
1896 4764 1985 4817 Fi-

406 4837 535 4888 liotn
591 4836 679 4890 l.).-i
726 4842 1151 4906 conculcavcrit,
1212 4853 1265 4897 et
1297 4850 1618 4916 sanguinein
1671 4856 1978 4907 testamenti

345 4987 353 5016 ὁ
406 4930 668 4995 pollutum
716 4931 953 4995 duxerit,
999 4934 1050 4987 in
1085 4952 1189 5003 quo
1238 4939 1609 4994 sanctitieatus
1661 4952 1762 5005 est,
1789 4956 1841 4998 et
1871 4947 1978 5014 spi-

343 5021 352 5096 ρ
410 5021 535 5073 ritni
571 5023 756 5087 gratim
785 5029 1169 5081 contumeliam
1206 5031 1424 5085 fecerit!
1464 5033 1681 5088 Scimus
1715 5039 1854 5089 enim
1887 5041 1975 5107 qtti

406 5111 542 5166 dixit
575 5131 588 5167 :
618 5113 744 5168 Mihi
783 5117 1042 5182 vindicta,
1076 5133 1129 5174 et
1158 5138 1256 5191 ego
1289 5126 1607 5180 retribuam.
1639 5126 1705 5180 Et
1740 5128 1931 5182 iJerutn
1962 5147 1976 5186 :

400 5205 537 5269 Quia
592 5208 858 5276 jutlicabit
903 5212 1159 5269 Dominus
1201 5218 1454 5285 populum
1516 5235 1699 5275 suum.
1745 5221 1978 5278 Horreu-

401 5303 532 5354 duut
576 5315 658 5356 est
687 5306 922 5360 incidere
949 5307 1000 5359 in
1038 5325 1227 5364 manus
1261 5312 1349 5365 Dei
1395 5314 1644 5368 viventis.
1691 5314 1976 5371 Retttetuo-

407 5395 598 5450 tatnini
644 5408 823 5452 autem
865 5401 1123 5470 pristinos
1153 5402 1291 5472 dies,
1333 5405 1385 5458 in
1433 5407 1631 5475 quibus
1664 5407 1974 5476 illntninati,

2087 4507 2206 4558 quzc
2241 4501 2320 4546 est
2347 4494 2410 4544 ad
2437 4509 2586 4545 oram
2622 4495 2808 4553 maris,
2841 4496 3272 4554 innumerabilis.
3304 4495 3468 4551 .lutta
3509 4499 3670 4552 fidem

2088 4584 2330 4637 defuncti
2362 4595 2484 4636 sunt
2523 4600 2712 4638 omnes
2737 4587 2844 4648 isti,
2881 4603 2984 4639 nou
3017 4588 3252 4654 acceptis
3280 4589 3671 4656 reprottt55sio-

2088 4676 2268 4734 uibus,
2299 4675 2392 4730 sed
2425 4693 2450 4725 a
2481 4676 2636 4744 longe
2665 4694 2756 4731 eas
2786 4678 3135 4746 aspicientes,
3170 4687 3222 4732 et
3263 4681 3596 4739 salutantes,
3622 4689 3674 4731 et

2087 4770 2407 4821 confitentes
2439 4769 2562 4837 quia
2605 4770 2876 4838 peregrini
2928 4779 2982 4823 et
3033 4770 3274 4838 hospites
3332 4779 3461 4824 sunt.
3507 4785 3673 4837 Super

2088 4868 2310 4914 terram.
2356 4859 2456 4924 Qui
2509 4862 2649 4913 enim
2690 4861 2802 4913 ltmc
2838 4861 3047 4924 dicunt,
3109 4860 3416 4926 signiﬁcant
3459 4875 3525 4914 se
3575 4875 3674 4928 pa-

2089 4953 2247 5002 triam
2288 4950 2587 5018 inquirere.
2638 4952 2700 5004 Et
2727 4953 2772 5005 si
2815 4953 3037 5020 quidem
3073 4950 3242 5018 ipsius
3288 4952 3672 5006 meminissent

2086 5042 2152 5093 de
2195 5055 2299 5108 qua
2349 5037 2618 5107 exierunt,
2670 5042 2939 5096 habebant
2974 5043 3161 5112 utique
3214 5052 3429 5106 tempus
3485 5057 3670 5096 rever-

2086 5131 2231 5185 tendi
2261 5149 2275 5185 :
2310 5147 2453 5186 nunc
2487 5146 2665 5186 autem
2703 5135 2981 5187 meliorem
3012 5143 3294 5202 appetunt,
3331 5134 3380 5186 id
3413 5144 3504 5186 est
3559 5148 3669 5186 ra:-

2084 5225 2294 5280 lestetn.
2325 5225 2451 5278 ldeo
2491 5242 2601 5281 non
2620 5225 2968 5282 contunditur
3005 5227 3141 5280 Deus
3183 5227 3365 5281 vocari
3401 5227 3551 5279 Dens
3580 5241 3671 5277 eu-

2085 5335 2244 5370 rum:
2305 5321 2515 5388 paravit
2575 5321 2722 5373 enim
2771 5321 2880 5374 il!is
2938 5320 3234 5376 civitatein.
3279 5318 3410 5371 Fide
3467 5317 3670 5369 obtulit

2080 5410 2350 5466 Abraham
2385 5413 2562 5478 lsatc,
2587 5430 2705 5467 cum
2736 5423 3063 5476 tentaretur,
3113 5422 3164 5464 et
3207 5410 3554 5481 unigenitum
3591 5407 3668 5460 ef-

477 5604 489 5632 ¹
535 5601 723 5653 Yet-ius
766 5601 1290 5682 coniunctionem‘et
1342 5604 1617 5658 Palatinus
1645 5625 1743 5663 ms.
1778 5609 1961 5664 addit:

2101 5629 2207 5679 εει),
2261 5612 2354 5665 καὶ
2407 5613 2534 5682 περὶ
2587 5611 2862 5680 ἁμαρτίας
2893 5628 2906 5676 ;
2939 5626 3097 5680 quant
3125 5619 3177 5664 et.
3210 5608 3369 5677 paulo
3395 5617 3524 5674 post
3587 5608 3665 5658 te-

403 5672 638 5726 ctionetu
670 5673 842 5727 denuo
870 5674 1006 5728 idem
1035 5692 1156 5730 cum
1192 5674 1380 5730 Greco
1411 5690 1611 5731 servat.
