3946 6170
243 273 342 337 861

1267 273 1325 335 S.
1370 271 1599 333 PAULI
1642 271 1882 332 EPIST.
1944 274 2045 334 AD
2083 274 2483 335 HEBR/EOS.

3396 264 3504 329 862

244 382 472 447 ferebat,
513 383 604 452 qui
650 392 963 452 susceperat
1009 382 1502 450 repromissiones;
1561 383 1626 436 ad
1664 397 1822 448 quem
1854 387 1899 442 Α
1929 380 2032 436 Fili
2057 383 2150 447 mi,
2197 383 2303 437 noli
2340 381 2615 452 negligere
2661 377 3006 446 disciplinam
3042 375 3295 430 Domini:
3328 393 3504 442 neque

238 479 444 532 dictum
493 487 612 532 est:
649 467 786 541 Quia
831 477 882 530 iu
941 475 1088 530 Isaac
1115 477 1401 530 vocabitur
1437 475 1533 528 tibi
1585 489 1770 529 semen
1803 492 1816 528 :

239 570 521 624 arbitrans
565 568 692 637 quia
738 579 850 622 eta
900 569 1134 622 mortuis
1184 569 1450 622 suscitare
1499 577 1688 634 potens
1738 576 1822 621 est

239 659 419 716 Deus:
454 660 598 714 unde
641 674 764 713 eum
791 658 928 713 etin
979 659 1290 727 parabolam
1343 663 1570 728 accepit.
1597 659 1725 713 Fide
1767 669 1822 714 et

237 750 306 805 de
339 749 542 826 futuris
568 750 848 805 benedixit
881 748 1052 810 Isaac,
1087 746 1276 811 Iacob,
1301 759 1354 802 et
1384 749 1544 803 Esau.
1576 747 1706 802 Fide
1726 746 1818 801 Ja-

238 841 364 904 cob,
417 841 678 904 moriens,
713 842 952 911 singulos
991 839 1222 892 filiorum
1257 836 1457 908 Ioseph
1491 837 1815 892 benedixit:

238 947 296 990 et
329 935 573 989 adoravit
603 929 876 1002 fastigium
910 932 1075 1001 virgae
1123 932 1267 1002 ejus.
1301 931 1432 985 Fide
1461 928 1681 999 Ioseph,
1711 945 1823 982 mo-

240 1028 411 1090 riens,
466 1025 532 1080 de
598 1025 936 1094 profectione
987 1025 1225 1079 IiliOrum
1267 1023 1434 1078 Israel
1488 1033 1820 1076 memoratus

237 1127 344 1180 est,
373 1124 427 1169 et
454 1115 520 1169 de
552 1115 767 1169 ossibus
795 1116 910 1169 suis
955 1113 1263 1168 mandavit.
1300 1113 1432 1166 Fide
1461 1111 1694 1183 Moyses,
1728 1128 1825 1166 na-

243 1219 352 1270 tus,
394 1209 700 1261 occultatus
742 1217 826 1260 est
893 1207 1175 1260 mensibus
1221 1206 1398 1259 tribus
1432 1220 1458 1257 a
1506 1205 1822 1273 parentibus

239 1299 393 1362 Suis;
428 1313 494 1352 eo
521 1300 663 1368 quod
690 1298 955 1353 vidissent
986 1297 1288 1365 elegantem
1321 1293 1603 1360 infantem,
1634 1306 1689 1349 et
1717 1311 1818 1348 non

238 1392 544 1445 timuerunt
585 1389 725 1459 regis
749 1390 1007 1444 edictum.
1043 1387 1174 1442 Fide
1201 1387 1412 1458 Moyses
1452 1389 1671 1458 grandis
1740 1389 1819 1440 fa-

240 1496 370 1537 etus
398 1483 612 1552 negavit
667 1496 864 1536 seesse
902 1481 1071 1534 ﬁlium
1115 1480 1238 1534 filia:
1273 1480 1592 1546 Pharaonis,
1648 1480 1820 1548 magis

240 1577 452 1646 eligens
471 1574 631 1644 aﬂl‘gi
663 1589 783 1628 cum
807 1574 1004 1642 popqu
1031 1573 1145 1634 Dei,
1171 1587 1330 1640 quam
1363 1571 1671 1640 temporalis
1699 1586 1824 1639 pec-

244 1669 358 1722 cati
392 1668 590 1721 habere
608 1667 1032 1735 iucunditatem,
1061 1665 1297 1734 majores
1315 1665 1529 1718 divitias
1547 1665 1820 1718 aestimans

246 1759 508 1812 thesauro
554 1758 957 1828 A‘ngptiorum,
987 1755 1369 1824 improperiuni
1397 1754 1597 1809 Chris;i
1625 1772 1639 1808 :
1668 1757 1822 1823 aspi-

243 1851 424 1905 ciebat
452 1850 596 1902 enim
621 1851 675 1903 in
710 1851 1222 1902 remunerationem.
1250 1848 1380 1901 Fide
1400 1847 1614 1916 reliquit
1645 1847 1814 1918 [Egy-

245 1947 420 2008 ptum,
458 1954 563 1993 non
607 1941 814 1994 Veritus
844 1940 1245 1994 animositatem
1274 1941 1446 2008 regis:
1497 1939 1820 1993 invisibilem

244 2037 391 2086 enim
463 2041 720 2102 tanquam
766 2033 954 2087 videns
999 2031 1278 2086 sustinuit.
1356 2029 1488 2087 Fide
1531 2032 1823 2086 celebravit

249 2123 485 2186 Pascha,
528 2133 581 2179 et
611 2122 892 2192 sanguinis
937 2121 1303 2176 effusionem:
1347 2123 1530 2190 nequi
1576 2125 1825 2176 vastabat

249 2216 546 2285 primitiva,
578 2224 822 2284 tangeret
845 2229 957 2268 eos.
991 2213 1124 2268 Fide
1155 2214 1487 2268 transierunt
1512 2230 1660 2268 mare
1715 2215 1821 2268 Ru-

245 2307 406 2360 brum
448 2317 704 2374 tanquam
765 2321 862 2375 per
910 2305 1116 2358 aridam
1153 2316 1376 2366 terram,
1429 2304 1572 2372 quod
1613 2307 1821 2373 experti

245 2397 517 2468 Egyptii,
547 2398 792 2452 devorati
825 2407 968 2451 sunt.
1002 2396 1131 2451 Fide
1169 2398 1308 2450 muri
1344 2393 1561 2450 Iericho
1600 2414 1824 2451 corrue-

248 2503 402 2553 runt,
429 2491 658 2544 circuitu
683 2492 887 2544 dierum
914 2499 1140 2556 septem.
1174 2489 1306 2545 Fide
1348 2490 1532 2543 ltahab
1568 2491 1825 2544 meretrix

245 2596 360 2635 non
391 2582 551 2649 periit
586 2597 708 2634 cum
743 2583 1058 2649 incredulis,
1107 2582 1390 2649 excipiens
1441 2583 1828 2651 exploratores

245 2691 378 2729 cum
406 2689 559 2744 pace.
594 2675 660 2730 Et
695 2675 825 2743 quid
856 2674 1032 2729 adhuc
1059 2675 1284 2728 dicam?
1317 2675 1538 2729 Delii-iet
1567 2677 1708 2731 enim
1742 2690 1860 2729 me'

241 2774 466 2835 tempus
503 2779 847 2822 enarrantem
905 2770 970 2821 de
1020 2766 1262 2832 Gedeon,
1325 2767 1512 2834 Barac,
1575 2767 1825 2826 Samson.

242 2863 465 2931 Iephte,
498 2861 683 2926 David,
706 2861 946 2926 Samuel,
982 2871 1038 2915 et
1065 2861 1342 2930 prophetis
1369 2877 1384 2914 :
1424 2861 1515 2930 qui
1550 2875 1644 2929 per
1667 2859 1827 2913 fidem

245 2959 504 3011 vicerunt
534 2971 719 3025 regna,
751 2956 961 3024 operati
993 2964 1122 3010 sunt
1165 2955 1460 3023 justitiam,
1492 2955 1672 3023 adepti
1703 2963 1831 3010 sunt

1923 474 2189 542 fatigeris,
2242 473 2369 526 dum
2405 473 2472 527 ab
2511 487 2576 526 eo
2628 472 2895 538 argueris.
2945 471 3118 534 Quem
3150 471 3295 522 enim
3329 468 3507 535 diligit

1924 566 2206 628 Dominus,
2235 567 2500 634 castigat:
2546 563 2779 634 ﬂagellat
2833 573 3011 615 autem
3059 578 3274 616 onmem
3334 561 3504 613 filium

1923 673 2083 725 quem
2117 659 2308 726 recipit
2355 656 2478 730 [ηις.
2533 657 2784 725 recepit).
2833 654 2886 707 In
2927 653 3212 723 disciplina
3249 667 3502 719 persevc-

1925 755 2058 801 rate.
2113 747 2390 815 Tanquam
2441 746 2567 800 filiis
2604 747 2758 800 vobis
2807 744 2962 797 offert
3010 758 3070 796 διε
3150 744 3335 794 Dens:
3388 742 3507 808 q-is

1925 839 2068 892 enim
2104 838 2264 902 filius,
2317 853 2476 908 quem
2535 853 2644 890 non
2668 837 2895 904 corripit
2928 834 3123 902 pater?
3150 833 3300 897 Quod
3331 835 3375 883 si
3411 849 3509 883 rx-

1925 940 2003 979 tra
2035 928 2376 997 disciplinam
2430 927 2585 992 estis,
2641 927 2796 994 cujus
2856 926 3155 995 participes
3205 923 3333 977 facti
3381 935 3506 976 sunt

1922 1032 2169 1076 oiuncs:
2218 1035 2346 1089 ergo
2399 1018 2652 1082 adulteri,
2701 1029 2750 1073 et
2791 1034 2894 1070 non
2955 1016 3048 1069 lilii
3098 1016 3255 1068 estis.
3309 1013 3505 1065 Deinde

1921 1119 2105 1180 patres
2134 1110 2352 1178 quidem
2387 1111 2574 1164 carnis
2597 1120 2816 1170 nostras,
2844 1108 3150 1160 eruditores
3181 1105 3498 1162 habuimus,

1922 1215 1976 1255 et
2003 1201 2390 1254 reverebamur
2423 1214 2554 1254 eos:
2592 1215 2695 1254 non
2733 1198 2908 1251 multo
2943 1197 3115 1262 magis
3161 1197 3503 1261 obtempera.

1923 1293 2099 1346 bimus
2141 1291 2292 1345 Patri
2324 1293 2638 1360 Spirituum,
2679 1300 2734 1344 et
2763 1288 3055 1344 vivemus?
3086 1289 3148 1341 Et
3177 1287 3249 1339 illi
3282 1285 3501 1353 quidem

1925 1384 1976 1435 in
2016 1393 2256 1450 tempore
2295 1398 2593 1449 paucorum
2641 1382 2873 1447 dierum,
2909 1380 3206 1434 secundum
3257 1377 3507 1430 volunta-

1925 1484 2027 1528 tem
2059 1490 2212 1527 suam
2266 1473 2596 1527 erudiebant
2629 1487 2726 1526 nos
2753 1485 2772 1530 :
2797 1472 2885 1524 hic
2911 1479 3093 1528 autem
3132 1469 3199 1520 ad
3233 1468 3306 1530 id,
3358 1466 3504 1532 quod

1924 1565 2054 1618 utile
2099 1575 2183 1618 est
2211 1566 2263 1618 in
2308 1563 2617 1628 recipiendo
2667 1561 3161 1618 sanetiﬁcationem
3211 1556 3352 1625 ejus.
3378 1556 3508 1607 ()m-

1925 1659 2010 1710 nis
2043 1652 2219 1711 autem
2277 1657 2584 1724 disciplina,
2640 1657 2694 1710 in
2742 1653 2996 1722 praesenti
3040 1651 3258 1720 quidem
3296 1647 3507 1702 videtur

1926 1763 2029 1800 non
2061 1763 2178 1800 esse
2204 1748 2404 1815 gaudii,
2433 1749 2527 1802 sed
2574 1746 2836 1801 maeroris
2898 1761 2911 1799 :
2949 1753 3134 1813 postea
3179 1750 3358 1794 autem
3395 1739 3508 1791 fru-

1925 1851 2073 1894 ctum
2109 1841 2507 1908 paratissiuium
2533 1838 2656 1907 (ms.
2685 1835 3047 1906 potissimum)
3071 1831 3387 1886 exercitatis
3410 1845 3503 1898 per

1925 1948 2043 1987 eam
2083 1933 2526 2002 redditjustitim.
2561 1931 2789 2000 Propter
2819 1930 2982 1999 quod,
3007 1927 3262 2004 remissas
3289 1938 3520 1985 manus;

1925 2035 1980 2078 et
2007 2025 2180 2078 soluta
2224 2041 2394 2094 genua
2431 2024 2643 2092 erigite,
2677 2031 2731 2076 et
2763 2035 2979 2092 gressus
3018 2030 3194 2074 rectos
3223 2017 3382 2071 facite
3414 2031 3506 2082 pe-

1927 2119 2083 2174 dibus
2123 2121 2342 2182 ve'stris,
2378 2126 2435 2169 ut
2475 2132 2578 2170 nou
2609 2117 2921 2170 claudicans
2950 2112 3071 2181 quis
3103 2120 3271 2172 erret,
3324 2109 3505 2175 magis

1933 2222 2115 2266 autem
2147 2219 2389 2264 sanetur.
2439 2209 2632 2262 Pacem
2665 2206 2952 2276 sequimini
2981 2219 3104 2258 cum
3143 2201 3419 2262 ouinibus,
3452 2207 3510 2251 et

1932 2302 2378 2364 sanctimoniam,
2411 2301 2528 2354 sine
2554 2314 2657 2368 qua
2712 2312 2868 2353 nemo
2897 2296 3100 2349 videbit
3129 2293 3298 2347 Deum
3328 2308 3340 2343 :
3376 2306 3475 2341 ron
3495 2315 3510 2327 -

1931 2389 2273 2457 templantes,
2307 2405 2374 2442 ne
2401 2390 2524 2458 quis
2561 2388 2706 2442 desit
2746 2385 2937 2456 gratia:
2961 2383 3053 2438 Dei
3082 2399 3097 2438 ι
3135 2399 3200 2436 ne
3225 2396 3328 2450 qua
3360 2378 3510 2432 radix

1929 2480 2308 2534 amaritudinis
2348 2495 2566 2534 sursum
2627 2479 2942 2549 germinans
2990 2475 3270 2544 impediat,
3317 2482 3368 2526 et
3418 2485 3512 2539 per

1929 2572 2071 2626 illam
2111 2571 2467 2640 inquinentur
2523 2568 2698 2623 multi.
2753 2566 2827 2622 Ne
2871 2567 2994 2636 quis
3044 2565 3362 2627 fornicator,
3418 2569 3512 2611 aut

1929 2661 2216 2730 profanus,
2247 2669 2308 2714 ut
2336 2661 2474 2716 Esau
2504 2679 2518 2715 :
2547 2661 2642 2730 qui
2674 2670 2896 2731 propter
2929 2676 3088 2712 unam
3117 2671 3295 2710 eSi-am
3322 2654 3511 2707 vendi-

1929 2760 2006 2813 dit
2036 2757 2315 2826 primitiva
2364 2771 2485 2811 sua.
2523 2756 2730 2811 Scitote
2759 2756 2902 2808 enim
2949 2751 3206 2821 quoniam
3239 2757 3296 2801 et
3322 2759 3511 2816 postea

1938 2850 2166 2919 cupiens
2199 2849 2524 2904 haereditare
2548 2846 2998 2908 benedictionem,
3030 2841 3349 2911 reprobatus
3387 2847 3514 2891 est:

1931 2957 2039 2995 non
2097 2942 2242 2995 enim
2295 2940 2501 2996 invenit
2568 2938 2901 3007 pmuitcntize
2955 2936 3154 2996 locmu,
3202 2945 3517 3001 quanquam

244 3049 732 3117 repromissiones,
756 3049 1152 3102 obturavermit
1183 3063 1277 3101 ora
1309 3048 1549 3111 leonum,
1585 3049 1832 3101 extinxe-

1938 3047 2054 3085 cum
2091 3031 2348 3101 lacrymis
2383 3029 2704 3098 inquisisse:
2732 3042 2873 3081 eam.
2919 3023 3034 3079 Non
3073 3025 3217 3077 enim
3251 3022 3518 3075 accessis-

244 3158 370 3199 runt
414 3143 674 3214 impetum
723 3141 887 3211 ignis,
920 3140 1226 3210 eﬂugerunt
1257 3142 1427 3194 aciem
1455 3138 1640 3208 gladii,
1677 3155 1814 3194 con-

240 3234 537 3290 valuerunt
570 3232 638 3287 de
679 3231 1016 3294 infirmitate.
1051 3232 1220 3286 fortes
1258 3231 1385 3283 laeti
1418 3239 1543 3284 sunt
1573 3231 1625 3284 in
1662 3229 1825 3292 bello,

243 3338 436 3383 castra
501 3332 785 3379 verterunt
829 3335 1141 3378 exterarum
1172 3341 1185 3376 :
1221 3332 1549 3391 acceperunt
1577 3321 1835 3376 mulieres

244 3421 319 3474 de
352 3415 768 3473 resurrectione
801 3426 1049 3469 mortuos
1079 3430 1229 3468 suos.
1261 3413 1368 3466 Alii
1400 3423 1579 3465 autem
1610 3412 1834 3466 distenti

239 3524 402 3579 sunt,
436 3529 542 3566 non
571 3511 932 3579 suscipientes
983 3506 1433 3574 redemptionem,
1468 3513 1524 3556 ut
1560 3504 1834 3558 meliorem

243 3609 565 3662 invenirent
612 3603 1097 3660 resurrectionem.
1157 3598 1264 3652 Alii
1310 3611 1438 3652 vero
1499 3595 1730 3650 ludibria
1784 3604 1838 3648 et

243 3703 485 3757 verbera
518 3700 748 3768 experti,
781 3699 1000 3765 insuper
1027 3704 1080 3748 et
1115 3692 1324 3744 vincula
1359 3700 1413 3743 et
1446 3701 1722 3753 cnrceres,
1755 3685 1837 3738 la-

243 3796 427 3864 pidati
467 3802 618 3852 sunt,
648 3790 782 3844 secti
831 3798 979 3852 sunt,
1027 3787 1217 3840 tentati
1244 3793 1395 3848 sunt,
1447 3785 1500 3836 in
1555 3783 1887 3838 occisione‘

242 3886 420 3955 gladii
451 3883 645 3935 mortui
674 3893 836 3934 sunt:
875 3879 1213 3932 circuierttnt
1262 3879 1324 3929 in-
1367 3876 1600 3941 melotis,
1627 3875 1682 3928 in
1723 3876 1840 3944 pel-

241 3977 400 4029 libus
441 3974 698 4038 caprinis,
733 3980 974 4041 egentes,
1001 3969 1322 4038 augustiati,
1366 3966 1557 4020 afﬂicti
1589 3982 1604 4021 :
1647 3967 1843 4034 quibus

241 4071 460 4137 dignus
486 4081 594 4118 non
634 4074 754 4118 erat
775 4064 1007 4116 mundus
1042 4077 1056 4117 :
1090 4061 1140 4114 in
1162 4058 1548 4114 solitudinibus
1571 4065 1842 4123 errantes,

240 4164 301 4215 in
343 4160 659 4221 montibus,
693 4165 749 4210 et
783 4153 1080 4224 speluncis,
1118 4162 1172 4206 et
1196 4154 1246 4205 iu
1280 4150 1535 4205 cavernis
1566 4159 1746 4204 terrae.
1780 4148 1848 4202 Et

242 4257 303 4309 hi
337 4269 545 4309 omnes
588 4251 897 4305 testimonio
940 4247 1062 4302 fidei
1102 4246 1338 4316 probati,
1372 4259 1478 4298 non
1509 4249 1847 4311 acceperunt

242 4345 782 4412 repromissionem,
821 4341 931 4395 Deo
965 4356 1062 4410 pro
1083 4339 1242 4394 nobis
1285 4338 1478 4392 melius
1498 4336 1701 4404 aliquid
1720 4349 1846 4401 pro-

240 4441 506 4499 vidente,
537 4447 595 4489 ut
625 4452 729 4489 non
754 4436 874 4488 sine
905 4435 1060 4488 nobis
1099 4442 1636 4487 consummareutur.

320 4531 500 4602 [Cap.
529 4526 622 4580 XII
653 4529 670 4599 ι
701 4525 934 4594 Ideoque
954 4535 1006 4578 et
1037 4539 1139 4578 nos
1183 4533 1387 4577 tantam
1437 4520 1702 4574 habentes
1737 4518 1846 4571 im»

239 4618 508 4688 positam
533 4615 730 4668 nubem
789 4613 1028 4676 testium,
1063 4612 1391 4679 deponentes
1423 4626 1584 4664 omne
1615 4608 1846 4679 pondus,

237 4720 301 4766 et
333 4711 714 4762 circumstans
745 4719 842 4758 uos
897 4713 1199 4771 peccatum,
1231 4718 1330 4770 per
1377 4702 1695 4772 patientiam
1725 4713 1850 4754 cur—

242 4817 463 4856 ramus
481 4799 904 4867 ad'prOpositum
939 4796 1093 4849 nobis
1115 4805 1385 4848 certamen
1409 4809 1423 4847 :
1455 4793 1774 4860 aspicientes
1795 4791 1846 4843 in

236 4908 547 4952 auctorem
580 4893 720 4956 ﬁ-lci,
754 4902 806 4944 et
833 4901 1329 4944 consummatorum
1365 4885 1574 4950 Iesum,
1601 4885 1689 4954 qui
1722 4901 1848 4954 pro-

237 4987 450 5056 posito
486 4983 588 5037 sibi
634 4984 756 5052 (ms.
791 4982 888 5051 ibi)
922 4979 1120 5048 gaudio
1156 4980 1415 5034 sustinuit
1441 4992 1682 5039 crucem,
1715 4992 1849 5030 con-

238 5079 493 5136 fusione
519 5083 851 5143 contempta,
885 5069 1048 5143 atque
1084 5072 1138 5125 in
1191 5072 1410 5124 dextera
1449 5069 1597 5124 sedis
1637 5068 1728 5122 Dei
1763 5083 1849 5122 se-

236 5178 365 5227 det-
433 5168 756 5237 Recogitate
806 5168 953 5221 enim
991 5180 1138 5228 eum,
1171 5165 1265 5233 qui
1324 5163 1484 5216 talem
1538 5161 1792 5216 sustinuit
1823 5178 1850 5213 a

237 5259 654 5335 peccatoribus
698 5257 983 5311 adversum
1051 5254 1402 5322 semetipsum
1463 5251 1854 5307 contradictio-

238 5368 378 5408 nem
407 5367 427 5407 :
474 5360 536 5403 ut
579 5363 644 5402 ne
677 5347 995 5417 fatigemim,
1032 5346 1228 5399 animis
1263 5345 1458 5398 vestris
1507 5343 1849 5398 deﬁcientes.

239 5444 528 5502 Nondum
571 5440 714 5494 enim
747 5454 918 5507 usque
962 5439 1026 5492 ad
1067 5436 1383 5507 sanguinem
1431 5435 1730 5501 restitiStis,
1759 5437 1856 5488 ad-

241 5550 460 5592 versus
484 5542 766 5600 peccatum
797 5541 1159 5602 repugnantes
1186 5548 1199 5584 :
1225 5540 1276 5581 et
1302 5528 1453 5582 obliti
1494 5527 1626 5581 estis
1668 5543 1862 5583 conso-

241 5629 528 5689 lationis,
562 5642 680 5695 qua:
703 5626 858 5680 vobis
881 5636 1136 5693 tauquam
1169 5624 1294 5678 liliis
1346 5621 1608 5689 loquitur,
1635 5622 1858 5675 dicens:

1937 3125 2006 3177 tis
2032 3126 2097 3177 ad
2131 3123 2476 3178 tractabilem
2521 3131 2786 3186 montem,
2817 3128 2872 3174 et
2901 3117 3284 3174 accensibilem
3311 3115 3519 3181 ignem,

1933 3224 1987 3268 et
2016 3214 2311 3278 turbinem,
2365 3221 2420 3267 et
2466 3211 2781 3282 caliginem,
2827 3220 2882 3263 et
2909 3208 3223 3276 procellam,
3277 3213 3331 3259 et
3378 3204 3521 3255 tuba:

1935 3320 2152 3368 sonum,
2179 3314 2232 3359 et
2285 3319 2466 3358 vocem
2511 3303 2828 3366 verborum,
2865 3314 3025 3368 quam
3070 3297 3159 3366 qui
3211 3294 3519 3350 audierunt,
3598 3324 3607 3336 .

1935 3407 2333 3453 excusaverunt
2380 3413 2460 3457 se.
2502 3415 2566 3451 ne
2607 3398 2686 3450 eis
2719 3395 2875 3448 fieret
2927 3395 3171 3448 verbum.
3202 3389 3320 3444 Non
3373 3385 3516 3438 enim

1938 3489 2227 3560 portabant
2276 3489 2419 3558 quod
2472 3490 2797 3563 dicebatur:
2836 3488 2900 3540 Et
2943 3486 2986 3538 si
3053 3483 3221 3538 bestia
3284 3480 3522 3546 ιιειὶεςρξιὶι

1939 3591 2206 3644 montem,
2251 3582 2597 3650 lapidabitur.
2637 3579 2701 3631 Et
2748 3579 2820 3631 ita
2851 3576 3092 3630 terribile
3123 3581 3240 3626 erat
3270 3572 3410 3638 quod
3448 3569 3522 3621 vi—

1939 3676 2190 3730 debatur.
2217 3673 2427 3744 Moyses
2453 3673 2587 3725 dixit
2609 3689 2624 3726 :
2650 3670 2952 3723 Exterritus
2972 3682 3112 3730 sum,
3132 3675 3185 3719 et
3216 3664 3527 3717 ιτιιιηιιιηιη-

1941 3768 2064 3822 dus.
2099 3765 2205 3820 Sed
2240 3763 2550 3818 accessistis
2576 3763 2641 3815 ad
2671 3761 2802 3815 Sion
2833 3768 3098 3821 montem,
3142 3767 3196 3811 et
3243 3755 3526 3807 civitatem

1946 3861 2036 3912 Dei
2074 3857 2324 3918 viventis,
2372 3852 2672 3908 Jerusalem
2731 3851 3036 3912 caelestem,
3090 3857 3146 3900 et
3216 3848 3522 3899 multm-um

1948 3951 2181 4006 millium
2215 3947 2531 4017 angelorum
2570 3942 2956 4010 frequentiam,
2995 3950 3046 3992 et
3081 3936 3376 3990 Ecelesiam
3415 3934 3526 4000 pii-

1946 4047 2275 4104 mitivorum,
2307 4042 2396 4110 qui
2427 4037 2718 4105 conscripti
2751 4043 2875 4087 sunt
2912 4033 2964 4086 iu
2992 4030 3168 4094 uelis,
3216 4040 3267 4081 ct
3289 4027 3525 4093 judicent

1947 4137 2192 4194 omnium
2238 4133 2428 4196 Deum,
2461 4140 2516 4185 et
2555 4128 2780 4198 spiritus
2808 4125 3084 4192 iustorum
3134 4119 3526 4190 periei-totum,

1947 4241 2004 4285 et
2032 4225 2368 4283 Testamenti
2405 4223 2540 4276 Novi
2567 4221 2918 4275 mediatorem
2942 4215 3150 4277 Iesum,
3175 4222 3229 4265 et
3247 4209 3530 4278 sanguinis

1953 4319 2324 4388 aspersionem
2361 4315 2555 4369 melius
2577 4313 2892 4380 loquentem
2924 4322 3088 4375 quam
3122 4304 3276 4357 Abel.
3309 4300 3524 4363 Videte,

1880 4422 1924 4475 ο
1954 4428 2024 4468 ne
2056 4409 2312 4466 recusetis
2337 4408 2670 4476 loquentem.
2703 4403 2760 4458 Si
2788 4401 2934 4456 enim
2969 4399 3044 4454 illi
3069 4413 3172 4450 uou
3197 4395 3529 4464 elIugei-unt,

1954 4510 2270 4561 recusantes
2351 4514 2480 4553 eum
2544 4498 2636 4567 qui
2690 4511 2857 4564 super
2905 4502 3103 4546 terram
3159 4489 3532 4556 loquebatur:

1953 4598 2124 4650 multo
2163 4595 2338 4664 magis
2402 4606 2524 4655 nos,
2586 4588 2676 4656 qui
2710 4587 2777 4642 de
2812 4585 2967 4641 caelis
3025 4582 3338 4652 loquentem
3377 4579 3538 4631 nobis

1951 4688 2275 4742 avertimus:
2305 4685 2474 4754 Cuius
2512 4697 2614 4736 vox
2643 4680 2814 4736 movit
2845 4689 3042 4731 terram
3073 4686 3221 4737 tunc,
3269 4685 3413 4726 uuue
3440 4688 3536 4722 au-

1954 4794 2062 4836 tem
2082 4779 2432 4850 reprouiittit,
2471 4773 2920 4829 dicens:Adhuc
2941 4769 3134 4828 semel.
3191 4777 3246 4821 et
3269 4782 3368 4836 ego
3419 4783 3538 4817 mo-

1952 4875 2088 4929 vebo
2119 4889 2222 4926 non
2263 4872 2436 4926 solum
2495 4879 2716 4930 terram,
2763 4865 2855 4919 sed
2897 4873 2952 4918 et
3000 4863 3224 4915 coelum.
3255 4858 3408 4924 Quod
3439 4873 3537 4908 au-

1956 4977 2087 5029 tem,
2115 4965 2306 5019 Adhuc
2334 4961 2524 5026 semel,
2562 4959 2731 5014 dicit:
2762 4957 3004 5010 declarat
3037 4953 3318 5006 mobilium
3351 4961 3535 5003 trans-

1958 5059 2214 5114 lationem
2294 5065 2550 5122 tauquam
2601 5052 2893 5108 factorum,
2943 5059 3000 5101 ut
3035 5057 3286 5099 maneant
3322 5059 3385 5096 ea
3419 5056 3540 5110 quae

1961 5161 2091 5205 sunt
2119 5147 2440 5202 immobilia.
2476 5146 2662 5214 Itaque
2679 5157 2904 5212 regnum
2934 5137 3209 5192 immobile
3233 5135 3538 5202 suscipien-

1959 5257 2062 5310 tes,
2095 5245 2356 5299 habemus
2403 5241 2681 5311 gratiam:
2735 5252 2829 5308 per
2869 5249 3032 5306 quam
3082 5233 3378 5287 serviamus
3427 5225 3538 5294 pla-

1962 5348 2152 5396 centes
2181 5338 2312 5401 Dco,
2341 5350 2466 5390 cum
2519 5343 2666 5386 lllClll
2705 5340 2760 5384 et
2791 5326 3118 5383 reverentia.
3151 5319 3359 5372 Etenim
3394 5315 3542 5370 Deus

1967 5444 2150 5486 noster
2183 5428 2324 5499 ignis
2359 5438 2688 5481 consumens
2719 5434 2825 5479 est.

2037 5521 2193 5590 (Cap.
2230 5519 2396 5590 XIII.)
2429 5518 2682 5572 Charitas
2717 5509 3074 5569 fraternitatis
3104 5515 3318 5561 maneat
3355 5504 3406 5556 in
3439 5519 3533 5551 vo-

1975 5617 2057 5672 bis
2094 5618 2128 5670 ¹.
2175 5615 2238 5667 Et
2275 5613 2693 5680 hospitalitatem
2741 5607 2907 5662 nolite
2935 5599 3227 5671 oblivisci,
3268 5617 3361 5670 per
3403 5599 3536 5650 lianc

324 5751 342 5780 ι
381 5740 636 5800 ὶτοευιξλε
662 5741 711 5793 in
743 5741 900 5807 vobis,
927 5740 1077 5808 juxta
1104 5741 1351 5798 Graecum
1379 5745 1600 5797 textum,
1645 5732 1922 5791 Palatinus
1959 5745 2058 5784 tus.
2101 5728 2333 5796 ignorat.
