3946 6170
422 319 529 381 83?]

1328 318 1388 378 S.
1432 314 1866 375 lllERONYMI
1916 314 2179 373 DIVINA
2226 316 2757 385 BIBLIOTHECA.
3547 326 3632 389 804

422 431 569 483 enim
611 430 889 483 latuerunt
931 432 1055 501 (ms.
1110 430 1452 498 placuerunt)
1503 434 1747 501 quidam,
1794 431 2001 500 angelis
2034 431 2072 483 Α
2108 431 2342 487 futuram
2392 434 2742 502 inquirimus.
2769 431 2874 488 Per
2904 436 3079 502 ipsum
3101 447 3231 500 ergo
3262 431 3535 489 oll'eramus
3553 438 3632 491 hu-

421 524 653 593 hcspitio
681 523 935 593 receptis.
973 523 1301 579 Mementote
1344 527 1671 590 vinclorum,
1734 537 1993 595 tanquant

420 616 579 668 simul
628 617 837 683 vincti;
886 626 942 669 et
977 616 1362 683 laborantium,
1409 627 1670 688 tanquam
1719 632 1772 673 et
1811 622 1908 688 ipsi
1940 622 1993 674 in

419 722 648 776 corpore
676 718 969 762 morantes.
1001 709 1328 764 llonmabile
1367 713 1693 765 connubium
1722 714 1773 765 in
1821 712 1995 766 omni-

422 797 547 863 bus,
581 806 632 849 et
665 801 852 853 thorns
887 799 1292 855 immaculatns.
1338 802 1722 857 Fornicatorcs
1756 805 1897 857 enim
1942 814 1997 858 et

420 888 702 943 adulteros
738 891 1004 958 judicabit
1032 892 1191 946 Dens.
1224 892 1347 946 Sitit
1380 911 1555 949 mores
1590 897 1707 950 sine
1742 883 2001 959 avaritia,

420 981 661 1031 contenti
686 984 1048 1046 praesentibus
1083 1002 1097 1038 :
1134 987 1247 1055 ipse
1276 988 1421 1040 enim
1455 988 1632 1041 dixit:
1675 986 1789 1039 Non
1827 999 1877 1041 te
1907 989 1996 1039 de-

421 1084 625 1131 seram,
672 1085 847 1140 neque
885 1075 1277 1144 derelinquam.
1315 1078 1394 1131 tta
1441 1088 1500 1131 ut
1532 1080 1868 1132 eootidenter
1914 1079 1993 1133 di-

421 1176 653 1215 camus:
710 1163 970 1221 Dominus
1014 1168 1144 1222 mihi
1192 1171 1439 1238 adjutor:
1485 1186 1587 1222 non
1626 1171 1832 1225 timebo
1866 1172 1995 1240 quid

420 1250 590 1305 faciat
612 1254 741 1307 mihi
778 1256 959 1310 homo.
991 1257 1314 1313 Mementote
1340 1262 1754 1328 praepositorum
1785 1273 1996 1316 vestro-

421 1358 563 1406 rum,
594 1345 685 1412 qui
724 1346 873 1401 vobis
896 1349 1058 1403 locuti
1083 1360 1212 1404 sunt
1236 1352 1455 1405 verbum
1488 1351 1577 1405 Dei
1606 1370 1618 1406 :
1654 1369 1883 1421 quorum
1915 1354 1997 1407 in-

422 1444 635 1488 tuentes
657 1437 860 1489 exitum
888 1442 1342 1505 conversationis,
1375 1444 1661 1498 imitamini
1691 1446 1871 1499 fidem.
1905 1444 1998 1498 Je-

420 1541 512 1577 sns
548 1526 798 1582 Christus
824 1530 963 1594 heri,
991 1543 1045 1585 et
1070 1534 1267 1587 hodie:
1300 1536 1415 1603 ipse
1446 1548 1498 1589 et
1528 1539 1579 1590 in
1609 1539 1823 1591 srecula.
1864 1538 1996 1593 Doce

424 1617 583 1670 trinis
621 1620 783 1672 variis
825 1632 875 1671 et
905 1624 1205 1690 peregrinis
1238 1627 1401 1681 nolite
1446 1629 1663 1683 abduci.
1720 1627 1993 1697 Optimum

2100 529 2260 583 stiam
2291 527 2464 581 laudis
2497 542 2711 595 semper
2760 526 2888 593 Deo,
2919 527 2971 581 id
3012 537 3095 581 est
3129 525 3361 580 fructum
3412 526 3631 585 labiorutn

2100 621 2473 674 cootltentium
2533 619 2738 672 nomini
2771 619 2909 687 ejus.
2962 618 3341 673 Beneﬁeentiaz
3388 628 3547 673 autem
3589 632 3633 674 et

2099 712 2503 767 communionis
2534 711 2699 765 nolite
2736 711 2985 766 oblivisci
3020 730 3033 765 :
3072 710 3274 765 talibus
3309 710 3449 764 enim
3475 713 3632 764 hostiis

2098 818 2445 877 promeretur
2500 806 2661 858 Deus.
2710 803 2940 858 Obedite
2993 804 3301 873 praepositis
3350 802 3548 865 vestris,
3592 812 3636 857 et

2098 899 2377 967 suhjacete
2403 900 2503 953 eis.
2539 897 2640 966 Ipsi
2667 898 2813 951 enim
2836 895 3180 965 pervigilant,
3224 895 3375 961 quasi
3408 894 3634 948 rationem

2100 1008 2195 1059 pro
2227 990 2513 1045 animabus
2550 990 2750 1044 vestris
2791 987 3079 1051 reddituri,
3115 995 3173 1039 ut
3203 1001 3325 1040 eum
3354 986 3533 1055 gaudio
3551 986 3634 1039 huc

2101 1083 2326 1147 far-iant,
2377 1093 2430 1136 et
2479 1098 2583 1135 non
2619 1092 2943 1150 gementes:
2991 1080 3094 1134 hoc
3123 1079 3268 1132 enim
3321 1092 3423 1130 n0n
3452 1075 3639 1144 expedit

2098 1176 2274 1228 vobis.
2306 1174 2471 1227 Orate
2516 1188 2615 1240 pro
2647 1172 2802 1225 nobis
2830 1189 2842 1224 :
2874 1170 3207 1225 conlidimus
3245 1169 3390 1221 enim
3421 1169 3531 1235 quia
3560 1167 3635 1221 bu-

2102 1284 2221 1321 nam
2265 1266 2654 1320 ccnscientiam
2708 1265 2974 1317 habemus
3012 1263 3063 1313 in
3118 1262 3375 1315 omnibus
3396 1263 3519 1312 bene
3550 1276 3638 1313 \o«

2099 1363 2272 1415 lentes
2302 1357 2639 1413 conversari.
2674 1355 2920 1424 Amplius
2946 1364 3126 1409 autem
3156 1355 3418 1422 deprecor
3444 1368 3528 1405 vos
3555 1353 3637 1406 hoc

2100 1450 2298 1510 facere,
2335 1460 2442 1513 quo
2492 1443 2725 1498 celerius
2784 1443 3045 1497 restituar
3086 1442 3263 1497 vobis.
3312 1442 3455 1495 Deus
3488 1454 3637 1495 autem

2100 1540 2269 1607 pacis,
2312 1537 2400 1604 qui
2455 1536 2643 1589 eduxit
2690 1534 2759 1588 de
2810 1533 3040 1587 mortuis
3088 1541 3361 1601 pastorem
3422 1549 3639 1601 magnum

2098 1631 2304 1691 ovitttn,
2358 1628 2411 1680 in
2456 1627 2721 1695 sanguine
2769 1625 3082 1679 testamenti
3125 1625 3337 1690 interni,
3385 1625 3642 1677 Dominum

421 1718 503 1758 Cal
532 1709 674 1760 enim
707 1712 879 1779 gratia
931 1716 1173 1766 stabilire
1197 1730 1314 1778 cor,
1348 1733 1453 1769 non
1495 1722 1638 1773 escis
1666 1737 1679 1773 :
1726 1736 1847 1782 qua:
1890 1736 1992 1773 non
2026 1754 2070 1810 Β
2102 1730 2341 1773 umtrum
2384 1717 2565 1771 Jesum
2594 1716 2890 1781 Christum,
2918 1724 3065 1783 aptet
3101 1729 3195 1768 vos
3233 1715 3287 1768 in
3323 1716 3467 1769 omni
3506 1716 3642 1777 bono,

423 1797 744 1863 proluerunt
803 1802 1211 1858 ambulantibus
1255 1806 1306 1858 in
1330 1808 1429 1861 eis.
1484 1806 1753 1863 Habemus
1799 1809 1991 1875 altare,

421 1892 487 1940 de
512 1905 620 1957 quo
650 1896 808 1945 edi-re
843 1911 947 1948 non
988 1897 1185 1949 habent
1216 1908 1561 1966 potestatein,
1593 1901 1685 1969 qui
1740 1905 1993 1955 taberna-

420 1983 542 2035 culo
580 1986 910 2044 deserviunt.
949 1988 1189 2055 Quorum
1225 1992 1367 2044 enim
1414 1994 1726 2047 animalium
1764 1997 1997 2051 infertur

418 2077 639 2145 salignis
666 2092 763 2145 pro
796 2093 1014 2142 peccato
1052 2082 1104 2135 in
1156 2084 1354 2137 Sancta
1402 2102 1495 2155 per
1524 2089 1863 2157 pontiﬁcem,
1900 2090 1998 2143 ho-

420 2181 540 2217 rum
577 2184 801 2237 corpora
826 2184 1138 2227 cremantur
1171 2187 1319 2229 extra
1350 2188 1552 2233 castra.
1592 2181 1819 2248 Propter
1849 2184 1993 2251 quod

418 2266 470 2307 ct
503 2255 676 2323 .lesns,
710 2271 767 2313 ut
798 2265 1170 2319 sanetiticaret
1221 2284 1317 2335 per
1354 2284 1509 2322 suum
1550 2275 1866 2340 sanguinem
1898 2290 1993 2343 po-

420 2347 626 2413 pulum,
683 2361 835 2405 extra
873 2364 1083 2422 portam
1136 2373 1324 2424 passus
1353 2369 1458 2414 est.
1512 2362 1780 2417 Exeamus
1830 2365 1996 2433 igitur

419 2439 485 2489 ad
516 2456 637 2493 eum
675 2454 829 2496 extra
879 2455 1079 2509 castra,
1114 2448 1506 2519 improperinm
1532 2454 1650 2523 ejus
1690 2467 1991 2523 portantes.

420 2528 536 2585 Non
565 2535 707 2588 enim
750 2537 1014 2594 habemus
1064 2542 1152 2596 hic
1199 2556 1506 2600 manentem
1553 2548 1850 2619 civitatein,
1899 2552 1993 2607 sed

2103 1822 2159 1866 ut
2199 1810 2410 1865 faciatis
2448 1809 2566 1877 ejus
2599 1808 2967 1863 voluntatem:
3006 1806 3216 1860 faciens
3255 1806 3308 1859 in
3341 1806 3492 1860 vobis
3526 1806 3647 1875 quod

2098 1906 2311 1974 placeat
2348 1918 2529 1957 eoram
2563 1916 2619 1955 se
2652 1916 2746 1968 per
2768 1899 2953 1953 Jesunt
2985 1898 3303 1953 Christum:
3334 1898 3425 1953 cui
3459 1909 3529 1952 est
3553 1899 3643 1966 glo-

2101 2000 2179 2053 ria
2214 2001 2266 2053 in
2298 1998 2492 2053 saecula
2519 1996 2862 2051 saeculorum.
2891 1995 3082 2047 Amen.
3137 1992 3289 2062 Rogo
3333 2001 3511 2045 autem
3548 2005 3648 2053 vos,

2100 2094 2319 2155 fratres,
2369 2099 2427 2142 ut
2483 2086 2756 2143 sufferatis
2790 2085 3017 2140 verbum
3063 2083 3271 2139 solatii.
3302 2083 3511 2139 Etenim
3542 2096 3649 2150 per-

2102 2184 2288 2253 paucis
2341 2180 2466 2254 ime.
2499 2177 2821 2250 praepaucis]
2879 2177 3072 2245 scripsi
3124 2177 3304 2231 vobis.
3354 2175 3651 2244 Cognoscite

2098 2279 2320 2333 fratrem
2356 2286 2602 2330 nostrum
2643 2272 2987 2327 Timotheum
3042 2271 3327 2326 ditttiSSttm
3359 2287 3375 2326 :
3416 2283 3528 2322 eum
3560 2282 3649 2335 quo

2098 2370 2167 2440 (si
2194 2368 2426 2423 celerius
2450 2365 2676 2433 venerit)
2703 2364 2895 2417 videbo
2923 2378 3039 2417 vos.
3061 2362 3307 2415 Salutate
3329 2375 3515 2413 omnes
3536 2375 3649 2426 prie-

2100 2461 2305 2530 positos
2337 2467 2570 2518 vestros,
2615 2468 2669 2510 et
2704 2470 2895 2509 omnes
2925 2463 3163 2509 sanctos.
3195 2451 3449 2507 Salutant
3481 2466 3568 2503 vos
3595 2450 3651 2501 de

2100 2553 2250 2609 Italia
2298 2552 2494 2604 fratres
2522 2549 2562 2600 ¹.
2589 2544 2774 2600 Gratia
2802 2560 2923 2599 cum
2971 2543 3226 2599 omnibus
3260 2543 3437 2598 vobis.
3478 2542 3646 2595 Anien.

1328 2665 1563 2731 Explicit
1586 2665 1833 2735 Epistola
1862 2669 1927 2725 Β.
1966 2672 2126 2727 Pauli
2147 2668 2373 2739 apostoli
2409 2665 2481 2718 ad
2505 2661 2775 2719 Hebrteos.

493 2778 510 2808 ¹
544 2777 748 2835 Nomen
797 2781 1017 2851 fratres,
1064 2785 1204 2853 quod
1244 2795 1298 2839 et
1334 2786 1385 2838 in
1420 2786 1610 2841 Graeco
1641 2796 1793 2844 textu
1831 2798 1993 2858 tacet,
2033 2791 2207 2848 Palat.
2232 2803 2445 2860 quoque
2480 2800 2582 2840 ms.
2619 2783 2857 2854 ignorat.

421 2996 619 3015 ——-—-.

418 3020 618 3035 Μ

628 2993 3649 3021 Mm

2776 3010 3341 3016 ________7

472 3226 1161 3319 PROLOGUS'
1258 3230 1722 3320 SEPTEM
1802 3225 2652 3320 EPISTOLARUM
2727 3219 3631 3315 CANONICARUM.

488 3557 603 3613 Ncn
641 3558 780 3614 idem
835 3558 971 3615 ordo
1005 3569 1089 3615 est
1145 3560 1285 3631 apud
1348 3560 1591 3628 Graecos,
1641 3562 1732 3631 qui
1783 3563 1993 3633 integre
2019 3569 2065 3631 α
2096 3569 2330 3630 septem,
2360 3572 2481 3629 qua:
2504 3556 2797 3613 Canonicte
2830 3564 3233 3625 nuncupantur,
3266 3553 3357 3623 qui
3388 3552 3441 3606 in
3476 3549 3668 3605 Latinis

418 3653 661 3721 sapiunt,
713 3658 767 3705 et
820 3650 977 3705 [idem
1016 3660 1219 3707 rectam
1268 3661 1570 3720 sectantur,
1627 3650 1991 3723 Epistolarum

492 3812 509 3842 ι
544 3807 855 3879 Hieronymi
874 3810 1015 3863 hunc
1034 3809 1313 3879 prologum
1338 3824 1443 3862 non
1476 3824 1619 3874 esse,
1642 3811 1735 3864 sed
1762 3812 1996 3870 hominis

420 3897 543 3934 cum
582 3882 857 3947 sequioris
895 3884 1063 3933 multo
1088 3884 1289 3943 aetatis,
1321 3890 1434 3933 tum
1464 3880 1709 3935 subsellii
1744 3897 1882 3950 pene
1908 3886 1997 3938 in-

424 3951 557 4009 limi,
610 3950 775 4004 certis
828 3951 964 4003 adeo
1023 3952 1358 4017 argumentis
1422 3954 1754 4005 recentiores
1816 3955 1994 4008 critici

423 4030 584 4089 atque
625 4018 737 4085 ipse
784 4019 946 4071 etiam
996 4018 1343 4072 Martiameus
1395 4021 1672 4085 evincunt,
1728 4024 1862 4076 utsi
1903 4025 1998 4078 de-

426 4088 733 4161 monstrare
762 4090 995 4161 idipsum
1017 4088 1268 4152 velimus,
1289 4101 1467 4141 actum
1496 4105 1655 4157 agere
1676 4092 1995 4161 videamur;

427 4160 628 4211 clamat
684 4160 831 4212 enim
891 4174 1020 4229 vero
1074 4166 1230 4229 tonis
1291 4161 1558 4213 orationis
1606 4171 1914 4229 contextus,
1965 4180 1997 4219 e

425 4229 866 4298 liieronymianis
903 4228 1113 4281 laciniis
1152 4230 1277 4283 hinc
1314 4229 1439 4283 inde
1474 4231 1612 4283 male
1646 4228 1999 4287 consarcina-

426 4308 515 4352 tus
555 4315 569 4352 :
626 4299 803 4368 stylus
835 4300 947 4367 ipse
1004 4300 1463 4369 incomptus,-ubi
1495 4299 1561 4353 de
1591 4315 1688 4353 suo
1749 4309 1997 4369 quaedam

424 4369 629 4422 Auctor
669 4366 987 4422 summa:
1050 4366 1205 4422 om
1254 4369 1562 4432 sententiai,
1608 4380 1661 4422 et
1695 4366 1999 4436 posteriora

423 4440 618 4493 sa'cula
649 4442 974 4509 redolentes,
1013 4450 1068 4489 tit
1103 4449 1189 4493 est
1220 4440 1393 4507 prima
1423 4440 1509 4491 illa
1544 4442 1609 4493 de
1639 4441 1835 4496 ordine
1871 4443 2001 4509 Epi-

420 4509 681 4561 stolarum
712 4509 852 4576 apud
887 4507 1122 4571 (ἐι-ωερε,
1155 4511 1243 4579 qui
1269 4510 1467 4578 integre
1492 4510 1729 4582 sapiunt,
1766 4520 1816 4563 et
1844 4507 2000 4582 ﬁdem

423 4591 617 4633 rectam
636 4590 923 4633 sectantur:
947 4594 1083 4632 nom
1097 4582 1257 4632 etiam
1276 4580 1555 4647 vocabula,
1576 4593 1633 4636 ut
1649 4598 1769 4636 eum
1789 4580 2005 4638 canoni-

421 4664 512 4701 ca:
535 4651 833 4718 nuncupari
854 4651 928 4702 ait
947 4649 1042 4701 has
1058 4647 1349 4717 Epistolas,
1365 4664 1499 4717 quas
1516 4654 1809 4705 catholicas
1826 4658 2002 4708 conti-

424 4734 543 4771 nuo
566 4718 924 4787 Hieronymus
947 4718 1102 4790 dixit,
1159 4718 1373 4790 aliaque
1408 4720 1705 4789 ejusmodi,
1727 4738 1846 4790 quae
1881 4724 2002 4777 lon-

421 4803 547 4851 gum
599 4798 681 4841 est
713 4788 989 4854 persequi,
1034 4798 1089 4840 et
1118 4803 1238 4854 qua:
1269 4788 1447 4842 habes
1496 4792 1548 4843 in
1590 4788 1760 4846 calce
1795 4793 1919 4847 libri
1970 4810 1998 4847 a

422 4856 773 4930 Benedictum
822 4856 1044 4930 Editore
1086 4854 1412 4930 Arel'u_t‘ata__:
1466 4862 1559 4913 sed
1607 4872 1661 4914 et
1724 4862 1933 4930 pridem
1967 4880 1994 4917 a

423 4928 697 4981 ltieltardo
719 4927 984 4990 Simonio,
1006 4925 1189 4981 Critic.
1216 4926 1349 4981 Novi
1371 4925 1867 4996 Testarnenti,iorn.
1894 4934 1993 4995 l,c.

423 4998 514 5071 18,
550 5007 606 5053 et
633 4998 682 5071 in
732 4997 1017 5071 itinerario
1053 5002 1111 5053 Ρ.
1178 4998 1420 5071 _Martene
1453 5013 1593 5066 part.
1642 5017 1701 5066 ti,
1740 5018 1859 5071 pag.
1904 5003 1990 5058 79.

418 5066 535 5122 Erit
564 5067 814 5137 proinde,
849 5069 933 5121 cui
968 5071 1140 5133 magis
1173 5069 1404 5123 fortasse
1432 5066 1753 5137 placuisset,
1774 5066 1993 5138 pénitus

420 5140 550 5193 hinc
577 5139 793 5210 rejici.__
814 5148 976 5206 atque
1023 5138 1166 5192 inter
1214 5144 1489 5207 supposita
1538 5144 1798 5210 scriptum
1848 5144 1991 5198 istud

420 5206 723 5263 amandari.
751 5206 954 5263 Verum
981 5224 1104 5262 cum
1131 5220 1183 5261 et
1217 5206 1347 5264 mss.
1378 5213 1577 5278 passim
1611 5206 1736 5266 illud
1762 5214 1995 5268 habeant

419 5293 558 5347 quos
610 5287 752 5334 inter
787 5288 841 5333 et
875 5281 1045 5333 nostri
1101 5293 1227 5333 mox
1256 5279 1533 5344 laudandi,
1578 5293 1631 5337 et
1666 5284 1995 5339 vetustiores

421 5350 693 5420 pleraeque
728 5364 917 5404 omnes
943 5348 1236 5403 Bibliorum
1269 5350 1555 5416 editiones,
1591 5364 1649 5405 ut
1682 5352 1995 5409 Norimber-

420 5422 605 5488 gensis
632 5424 755 5474 anni
786 5420 949 5487 M75,
990 5420 1187 5474 Veneta
1220 5434 1309 5471 an.
1349 5421 1508 5485 1198,
1541 5423 1865 5477 Basileensis
1898 5441 1992 5477 an.

423 5490 585 5561 1506,
621 5490 915 5545 Parisiens.
971 5508 1059 5545 an.
1114 5490 1271 5551 1565,
1308 5489 1428 5544 dine
1476 5493 1866 5561 Lugdunenses
1900 5510 1991 5551 an.

422 5560 566 5614 1520
620 5573 674 5615 et
717 5562 877 5626 1589,
910 5562 1173 5629 Antuerp.
1236 5561 1397 5623 1617,
1437 5560 1573 5626 eum,
1598 5567 1765 5618 satius
1818 5564 1990 5617 visum

424 5640 529 5695 est,
552 5635 878 5699 pra-itionito
910 5632 1163 5697 Lectore,
1186 5631 1451 5687 retinere.
1473 5630 1748 5701 Jamquod
1778 5642 1996 5688 nostros

422 5706 641 5755 codices
666 5713 899 5769 spectat,
939 5706 1113 5756 nullus
1140 5721 1166 5754 e
1202 5704 1370 5755 tribus
1400 5705 1638 5757 melioris
1675 5716 1834 5766 notar,
1856 5721 1992 5769 quos

424 5772 477 5823 in
519 5772 803 5826 consilium
860 5774 1225 5835 adtiiliuiitlus,
1280 5774 1587 5846 Hieronymi
1631 5790 1822 5831 nomen
1859 5790 1987 5844 prie

2093 3653 2375 3710 codicibus
2404 3644 2680 3707 inveniiur
2708 3665 2724 3705 ς
2750 3657 2830 3713 ut,
2855 3648 2978 3716 quia
3008 3646 3197 3719 illan.
3229 3645 3373 3715 quod
3401 3641 3551 3713 quia]
3576 3640 3663 3693 l‘e-

2098 3815 2205 3871 l'ert
2250 3815 2303 3869 in
2361 3808 2883 3881 inscriptione._Est
2934 3815 3149 3881 autemd
3178 3806 3390 3881 primus
3437 3801 3665 3881 caeteris.

2100 3893 2235 3950 quot
2260 3884 2519 3946 vidimus,
2539 3871 2859 3950 Iantiquior,
2909 3894 2977 3933 ex
3020 3871 3348 3950 bibliotheca
3385 3875 3525 3950 etim
3553 3871 3667 3950 _No-

2096 3940 2415 4017 riantulana,
2451 3940 2592 4006 nunc
2624 3940 2908 4005 S.'Crucis
2946 3951 2999 4002 in
3025 3946 3332 4017 Jerusalem
3365 3945 3437 4017 de
3478 3940 3613 3996 Urbe
3650 3951 3665 3992 ι

2099 4028 2237 4079 alter
2261 4016 2595 4077 Veronensis
2623 4021 2676 4073 in
2711 4018 3040 4073 bibliotheca
3078 4016 3328 4070 Fratrum
3367 4016 3672 4068 Observan-

2101 4096 2233 4149 tium
2276 4094 2333 4147 S.
2373 4090 2714 4151 Bernardini,
2762 4090 2851 4157 qui
2882 4089 3019 4141 liber
3066 4101 3187 4141 eum
3227 4083 3441 4159 Novum
3488 4080 3668 4159 Testa-

2103 4172 2350 4217 mentum
2431 4154 3223 4227 universumcomplectatur,
3293 4154 3673 4222 Apocalypsim

2103 4244 2415 4287 tamennon
2455 4230 2636 4285 habet.
2683 4227 2902 4283 Tettius
2949 4229 3090 4297 apud
3130 4241 3231 4280 nos
3258 4234 3383 4297 est,
3417 4232 3673 4297 quem-ex

2102 4316 2310 4358 musaao
2358 4300 2614 4370 quopiam
2664 4290 3049 4370 Mediolaiieiisi
3086 4290 3450 4370 accepimus.“
3492 4290 3678 4370 Sed-et

2103 4388 2245 4441 sirpe
2304 4360 2441 4426 alios
2473 4360 2841 4441 'ejuseeuiodi
2899 4383 3095 4435 magno
3140 4360 3368 4441 numero
3394 4363 3461 4441 in
3525 4360 3679 4441 Italia:

2106 4432 2449 4497 bibliothecis
2498 4432 2775 4494 olfendere
2807 4448 2914 4499 est,
2949 4432 3014 4491 ac
3045 4435 3343 4505 przesertim
3392 4432 3680 4505 Florentia:

2105 4516 2160 4567 in
2197 4511 2256 4565 S.
2284 4510 2475 4573 Marci,
2508 4520 2561 4563 et
2611 4508 3004 4572 Laurentiana,
3044 4504 3103 4561 ut
3128 4504 3369 4558 vicissim
3406 4504 3574 4573 alios.
3608 4509 3683 4549 ιλιι

2105 4584 2264 4636 tnetsi
2298 4572 2555 4642 rariores,
2578 4580 2667 4649 qui
2700 4578 2991 4631 audaciore
3011 4572 3684 4649 mendacioprarscrihunt

2107 4653 2334 4706 Hieron.
2372 4639 2608 4703 nomen.-
2638 4648 2895 4716 Dicemus
2947 4660 3046 4702 suo
3085 4646 3209 4716 loco,
3239 4639 3383 4716 intra
3428 4645 3501 4696 de
3536 4639 3679 4716 aliis,

2105 4723 2198 4790 qui
2222 4736 2344 4775 eum
2374 4719 2599 4790 Epistol.
2635 4715 2694 4772 S.
2728 4716 2957 4790 Joannis
2981 4714 3315 4790 versiculum
3340 4714 3416 4768 de
3445 4712 3683 4790 cmlesti-

2110 4782 2209 4845 lius
2269 4782 2619 4851 testimoniis,
2680 4787 2835 4857 cujus
2863 4785 3123 4840 aﬂ‘ereudi
3179 4785 3379 4857 gratia,
3438 4782 3682 4857 prailatio

2109 4861 2299 4915 istbtee
2348 4848 2614 4912 adornata
2655 4848 2763 4919 est:
2794 4858 2877 4909 vel
2906 4848 3207 4917 omittunt:
3243 4853 3324 4906 vel
3373 4848 3626 4905 nonnihil
3653 4863 3679 4897 ει

2024 4905 2078 4967 D
3274 4905 3406 4977 Hinc
3440 4922 3681 4999 interim

2100 4989 2275 5054 sutliei
2314 5009 2373 5053 nt
2400 4999 2722 5052 amolienda:
2753 4996 3075 5051 foedissimae
3097 4989 3681 5066 omniumcalumnix,

2101 5086 2208 5139 qua
2271 5069 2818 5139 FaustusﬂSoeinus,
2881 5067 3103 5139 nefaria:
3153 5080 3256 5139 suo
3322 5063 3392 5117 de
3459 5063 3685 5139 nomine

2099 5133 2263 5195 secta:
2294 5148 2477 5209 caput,
2519 5137 2746 5192 Hieron.
2802 5137 2975 5209 petiit,
3009 5137 3163 5204 quasi
3221 5150 3416 5209 verum
3458 5133 3687 5209 hujusce

2102 5212 2304 5280 prologi
2364 5206 2662 5263 Auctorem
2720 5225 2767 5280 :g
2801 5208 2947 5280 «Qui
3018 5221 3164 5280 cum,
3219 5206 3425 5280 inquit,
3496 5208 3685 5280 nactus

2100 5270 2502 5336 i‘orte'fuisset
2562 5270 3113 5348 exemplaraliquod,
3154 5277 3476 5348 autetiam
3536 5270 3685 5348 plura

2100 5351 2457 5421 exemplaria,
2500 5349 2554 5403 in
2576 5343 2815 5421 quibus
2836 5343 3097 5421 particula
3115 5347 3214 5421 illa
3245 5344 3511 5415 (triplicis
3539 5343 3683 5421 sciti-

2100 5430 2185 5475 cet
2217 5416 2538 5484 testimonii,
2572 5419 2766 5481 Patris,
2802 5416 2980 5480 Verbi,
3014 5426 3069 5469 et
3112 5416 3349 5486 Spiritus
3384 5416 3595 5486 sancti,
3632 5424 3681 5458 III

2099 5492 2239 5545 caelo
2287 5489 2625 5561 testantium)
2690 5491 2901 5559 adjecta
2960 5487 3157 5561 iuerat,
3204 5491 3479 5539 adversus
3529 5485 3683 5561 tidem

2101 5564 2333 5617 aliorum
2377 5554 2773 5629 exemplarium
2817 5569 2925 5611 tam
2965 5559 3282 5613 Latinorum
3325 5570 3499 5623 quam
3537 5554 3687 5607 Gras-

2100 5647 2294 5687 corum
2328 5633 2615 5685 lectionem
2659 5630 2936 5699 partienda:
2967 5629 3136 5693 illius,
3178 5638 3445 5695 tauquam
3469 5635 3683 5693 germa-

2104 5721 2225 5757 nam
2262 5705 2552 5756 defendere
2620 5715 2681 5754 ne
2739 5716 3054 5768 promovere
3099 5702 3280 5766 rmpit,
3332 5705 3685 5762 conquerens

2102 5775 2339 5842 publice,
2376 5789 2498 5828 cum
2538 5773 2688 5841 culpa
2720 5783 2769 5825 et
2802 5770 3393 5828 fraudeharctiwrum
3430 5771 3682 5821 abrasam
