3948 6174
222 376 332 440 873
1218 354 1279 424 Β.
1322 346 1589 420 ΙΛΕΟΒΙ
1626 350 1823 416 EPIS’l

1932 328 1999 411 ,Α
2041 344 2493 408 ρΑΤιιοιιοΑ.
2856 392 2859 395 ,
3374 322 3487 396 874

221 487 570 542 omittentes:
606 480 658 533 in
696 493 801 548 quo
835 476 1069 530 maxime
1096 484 1149 530 et
1174 475 1306 531 iich
1336 472 1614 529 Catholica
1640 469 1804 524 robo-
1838 477 1880 530 Α
1912 477 2017 518 tem
2050 462 2300 532 inquiris,
2335 472 2510 513 meam
2536 454 2770 548 quodam
2804 452 2961 507 modo
2988 455 3315 548 senectutem
3352 444 3490 548 iovis

224 589 399 641 ratur,
432 585 486 628 et
520 571 693 626 Patris
728 582 780 624 et
825 568 946 622 Filii
971 585 1032 624 ac
1063 568 1294 637 Spiritus
1327 566 1499 620 sancti
1529 580 1634 619 una
1669 562 1806 616 divi-

223 668 413 723 nitatis
438 661 744 719 substantia
772 661 1179 729 comprobatur.
1214 658 1269 713 ln
1293 660 1507 713 caeteris
1529 672 1659 711 vero
1690 654 1807 724 Epic

222 761 400 822 stolis,
463 765 729 826 quantum
801 764 1051 809 anostra
1113 754 1343 807 aliorum
1402 751 1567 806 distet
1616 748 1805 815 editio,

223 849 447 904 lectoris
473 846 768 915 prudentize
795 843 1132 914 derelinquo.
1158 843 1265 898 Sed
1301 851 1380 905 tu,
1418 842 1579 910 Virgo
1608 839 1807 894 Christi

223 942 606 1005 Eustochium,
634 938 761 993 dum
787 952 815 991 a
847 936 1248 1007 meimpensius
1282 935 1578 1005 Scriptura:
1609 935 1813 988 verita-

222 1121 599 1175 additamenta
629 1118 1003 1181 librariorum,
1038 1130 1134 1184 pro
1165 1122 1316 1169 textu
1352 1128 1513 1169 sacro
1534 1114 1691 1168 nobis
1715 1112 1812 1168 ob-

225 1191 477 1244 truderet
510 1188 754 1242 Ecclesia
823 1187 942 1251 Dei,
985 1187 1235 1239 columna
1293 1195 1348 1239 et
1402 1184 1810 1238 ﬁrmamentum

225 1260 477 1315 veritatis
517 1276 532 1325 ;
566 1261 616 1312 in
654 1260 718 1312 iis
754 1257 991 1310 maxime
1025 1254 1327 1324 Scriptura:
1364 1269 1559 1325 sacra:
1586 1263 1809 1325 sentene

229 1332 344 1396 iiis,
384 1321 528 1384 unde
562 1330 760 1397 pendet
786 1328 920 1382 tides
953 1321 1317 1397 sanctissima:
1349 1321 1679 1397 Trinitatis?
1701 1324 1807 1397 Sed

230 1392 519 1459 Ecclesite,
563 1392 769 1467 inquit.
814 1396 1114 1467 auctoritas
1173 1396 1334 1467 hodie
1384 1392 1551 1467 nobis
1615 1393 1811 1463 ingerit

228 1470 613 1525 testimonium
650 1463 823 1533 illud,
890 1478 948 1519 ut
1004 1465 1378 1519 antlienticam
1437 1463 1807 1533 Scripturam.

224 1541 400 1606 Quasi
437 1555 564 1593 vero
593 1540 773 1607 aliqua
808 1538 1060 1590 Ecclesia:
1093 1536 1294 1589 Christi
1347 1536 1649 1607 auctoritas
1690 1548 1809 1586 cor-

231 1605 502 1676 ruptelas,
560 1605 1030 1676 interpolatioues,
1088 1615 1145 1659 et
1197 1615 1391 1676 caetera
1459 1605 1808 1676 librariorum

229 1672 629 1743 additamenta,
663 1672 719 1731 iii
751 1678 972 1732 verbum
1010 1677 1100 1731 Dei
1133 1686 1189 1729 et
1228 1675 1281 1728 in
1312 1676 1632 1730 canonicam
1663 1672 1813 1727 Scri-

252 1860 423 1871 _—-—-

1910 557 2102 610 dorum
2128 553 2379 609 dentibus
2427 546 2819 602 corrodendam
2856 541 3123 612 exponis:
3155 539 3245 611 qui
3280 548 3364 627 me
3386 537 3487 593 tale

1911 647 2115 701 sarium
2200 649 2687 712 corruptoremque
2768 644 3079 690 sanctarum
3130 631 3493 702 pronuntiant

1912 738 2340 806 Scripturarum.
2375 732 2479 787 Sed
2530 746 2630 801 ego
2656 730 2709 784 in
2734 729 2827 784 tali
2850 742 3018 797 opere
3049 740 3148 780 nec
3169 724 3487 781 aemulorum

1914 844 2156 883 meorum
2187 825 2537 882 invidentiam
2572 823 2894 892 pertimesco
2926 838 2940 874 :
2983 833 3080 873 nec
3112 826 3313 873 sancta:
3341 814 3491 872 Serio

1913 931 2087 991 ptura:
2112 920 2390 974 veritatem
2419 914 2762 987 poscentibus
2791 912 3086 983 denegabo.

1914 1110 2128 1171 ptttram
2166 1099 2338 1171 possit
2369 1107 2714 1171 convertere.
2760 1092 3130 1171 Nihitdicitur
3173 1090 3430 1171 obtusins
3475 1106 3489 1154 ;

1914 1161 2051 1224 nihil
2091 1161 2400 1223 divinarum
2438 1168 2850 1237 Scripturarum
2874 1164 3011 1237 tidei
3049 1161 3479 1237 iiia_gis_exitiale.

1915 1240 2323 1321 Un.de_sanio.ra
2356 1233 2715 1321 apprecamur
2734 1233 3201 1321 COIISlll-D‘llmlilt'l‘l
3234 1233 3491 1312 litterato,

1915 1311 2010 1377 qui
2039 1302 2622 1377 obseqninm’putabat
2672 1320 2732 1361 se
2783 1304 3107 1379 praestitisse
3152 1302 3261 1379 Deo
3296 1305 3347 1379 in
3397 1315 3494 1379 sua

1919 1373 2162 1434 Historia
2195 1373 2715 1445 critica'Scriptura'
2744 1373 2912 1431 sacra:
2942 1389 2959 1427 .'
3009 1374 3110 1427 etsi
3169 1373 3491 1445 plurimaﬂin

1913 1451 2034 1519 eius
2060 1436 2937 1519 lucubrationibusreperiantur,
2968 1458 3089 1511 qua:
3117 1436 3364 1519 veterum
3398 1436 3490 1494 Pa-

1917 1512 2061 1574 trum
2109 1519 2455 1578 traditiones,
2492 1533 2553 1571 ac
2588 1512 2997 1584 scripturarum
3051 1512 3362 1568 convellant
3396 1524 3495 1564 au-

1914 1599 2247 1643 ctoritatem.
2290 1606 2305 1640 ι

467 1837 3487 1871 ___________________________________________.___________....

830 1980 831 1983 γ
924 2000 1093 2109 Β.
1168 1985 1841 2109 σΔαοΒι
1913 1982 2808 2105 Διόδιιηοιι

1725 2204 2017 2267 INCIPIT

609 2383 1693 2570 EPISTULA
1848 2376 3167 2563 CATHOLICA.

306 2823 472 2898 [ϐαρ.
516 2820 582 2893 1.]
620 2816 853 2875 Jacohus
878 2820 968 2875 Dei
984 2828 1037 2874 et
1072 2818 1284 2875 Domini
1316 2817 1631 2876 nostriJe‘su
1658 2819 1820 2875 Cbri-
1852 2832 1893 2887 Β
1927 2833 2049 2873 nius
2076 2817 2288 2871 initium
2320 2816 2538 2886 aliquod
2574 2824 2839 2873 creaturte
2893 2818 3033 2887 ejus.
3064 2817 3253 2886 Scitis,
3306 2812 3505 2876 fratres

238 2920 283 2971 ti
328 2930 541 2978 servus,
572 2912 860 2967 duodecim
897 2912 1170 2975 tribubus,
1198 2927 1319 2982 qua:
1352 2918 1481 2965 sunt
1518 2911 1572 2965 in
1602 2912 1814 2981 disper-

232 3012 417 3073 sione,
443 3008 700 3061 salutem.
733 3004 905 3059 Onme
942 3004 1199 3074 gaudium
1246 3004 1575 3069 existimate,
1626 3002 1825 3058 fratres

237 3102 374 3163 mei,
402 3112 523 3151 cum
561 3097 611 3149 in
646 3096 969 3150 tentationes
1005 3095 1188 3150 varias
1218 3094 1519 3150 incideritis
1547 3109 1562 3150 :
1591 3095 1825 3149 scientes

236 3192 393 3261 quod
425 3190 671 3259 probatio
726 3188 852 3242 lidei
912 3198 1111 3243 vestra:
1172 3189 1487 3257 patientiam
1540 3196 1824 3258 operatur.

240 3285 514 3338 Patientia
571 3291 754 3335 autem
816 3297 950 3351 opus
1002 3280 1305 3350 perfectum
1348 3281 1558 3336 habet:
1608 3292 1664 3335 ut
1702 3279 1826 3335 sitis

240 3375 473 3445 perfecti
506 3382 559 3427 et
596 3372 817 3442 integri,
850 3373 903 3426 in
939 3374 1088 3427 nullo
1117 3373 1459 3428 deﬁcientes.
1491 3372 1548 3427 Si
1583 3374 1705 3443 quis
1728 3387 1826 3427 au-

240 3480 356 3521 tem
391 3479 631 3520 vestrum
665 3465 873 3535 indiget
905 3465 1198 3533 sapientia,
1240 3466 1479 3534 postulet
1513 3468 1551 3519 a‘
1574 3466 1704 3533 Deo,
1728 3466 1823 3536 qui

240 3560 339 3612 dat
378 3559 630 3611 omnibus
657 3556 955 3616 atlinenter.
1013 3566 1067 3611 et
1100 3571 1204 3610 non
1243 3556 1595 3626 improperat,
1648 3566 1704 3610 et
1734 3558 1829 3610 dae

246 3651 400 3703 bitur
434 3651 508 3704 ei.
558 3649 798 3703 Postulet
860 3657 1042 3702 autem
1101 3649 1155 3702 in
1185 3649 1290 3704 fide
1346 3649 1481 3703 nihil
1519 3650 1825 3706 btesitans:

245 3744 342 3814 qui
375 3744 517 3795 enim
555 3742 798 3807 hazsitat,
840 3741 1037 3796 similis
1064 3751 1149 3797 est
1197 3741 1383 3797 tluctni
1443 3742 1632 3804 maris,
1675 3743 1766 3812 qui
1798 3757 1826 3796 a

245 3848 412 3887 vento
443 3845 709 3898 movetur,
754 3844 810 3888 et
861 3833 1265 3889 circumfertur.
1296 3834 1411 3889 Non
1443 3848 1573 3902 ergo
1596 3833 1829 3888 aestimet

250 3931 419 3983 homo
450 3929 538 3983 ille
564 3928 705 3996 quod
734 3928 968 3996 accipiat
1005 3926 1205 3996 aliquid
1239 3943 1266 3981 a
1305 3926 1561 3983 Domino.
1605 3925 1701 3981 Vir
1731 3928 1830 3981 du-

250 4022 373 4087 plex
409 4019 610 4081 animo,
648 4018 965 4073 inconstans
991 4027 1074 4071 est
1126 4019 1178 4071 in
1216 4020 1470 4073 omnibus
1524 4019 1629 4073 viis
1688 4019 1825 4072 suis.

246 4114 529 4165 tilorietnr
564 4120 744 4165 autem
779 4112 947 4165 frater
973 4111 1197 4165 humilis
1233 4111 1285 4164 iit
1328 4109 1662 4164 exultatione
1682 4124 1778 4164 sua
1810 4122 1823 4163 :

247 4206 406 4259 dives
442 4216 620 4258 autem
655 4205 707 4258 in
737 4203 1047 4258 humilitate
1097 4219 1218 4270 sua,
1255 4206 1511 4273 quoniam
1552 4204 1695 4257 sicut
1726 4201 1827 4256 llos
1856 4182 1897 4237 (ἶ

250 4299 361 4351 [ειιί
397 4297 668 4350 transibit.
720 4294 959 4351 Exortus
987 4305 1070 4350 est
1100 4300 1244 4350 enim
1293 4296 1373 4349 sol
1421 4310 1546 4349 cum
1612 4295 1830 4357 ardore,

246 4400 304 4443 et
335 4390 565 4441 aret'ecit
597 4389 802 4452 lentim,
860 4396 913 4441 et
953 4386 1051 4442 llos
1086 4387 1207 4459 ejus
1256 4387 1481 4450 decidit,
1540 4396 1594 4442 et
1659 4390 1828 4440 decor

250 4481 441 4533 vultus
463 4480 581 4547 ejus
615 4479 882 4547 deperiit:
919 4480 990 4533 ita
1018 4490 1071 4535 et
1105 4481 1257 4535 dives
1297 4481 1349 4534 in
1388 4480 1673 4533 itineribus
1720 4478 1833 4533 suis

248 4578 579 4623 inarcescet.
611 4569 811 4626 Beatus
849 4571 952 4637 vir,
1015 4572 1106 4640 qui
1167 4568 1359 4626 suffert
1415 4570 1773 4625 tentatinneni
1815 4586 1829 4623 :

248 4664 514 4732 quoniam
584 4678 709 4715 cum
748 4667 1011 4731 probatus
1050 4662 1237 4729 fuerit,
1284 4664 1519 4733 accipiet
1575 4678 1831 4717 coronam

250 4758 400 4819 vitae,
440 4770 600 4823 quam
629 4756 942 4824 repromisit
975 4754 1117 4809 Deus
1143 4756 1497 4825 diligentibus
1530 4771 1609 4810 se.
1639 4754 1832 4819 Nemo,

250 4865 379 4903 cum
413 4859 676 4911 tentatur,
714 4851 881 4911 dicat,
906 4850 1163 4918 qu0ninm
1187 4865 1219 4903 a
1256 4851 1360 4904 Deo
1388 4861 1623 4905 tentatur
1655 4853 1836 4921 ;.Deus

250 4943 401 4996 enim
438 4943 738 4994 intentatur
776 4942 1050 4996 malorum
1101 4954 1225 4999 est:
1261 4943 1376 5009 ipse
1428 4954 1609 4997 autem
1652 4944 1837 4997 nerui-

253 5048 379 5086 nem
417 5041 609 5085 tcntat.
648 5030 1039 5101 Unusquisque
1071 5049 1199 5087 vero
1255 5042 1492 5087 tentatur
1523 5050 1550 5086 a
1586 5035 1841 5103 concupi-

250 5126 463 5179 scentia
488 5140 583 5177 sua
616 5124 954 5189 abstractus,
996 5137 1049 5179 et
1105 5126 1340 5180 illectus.
1378 5125 1578 5179 Deinde
1640 5140 1839 5179 concu-

253 5218 519 5286 piscentia
541 5233 659 5269 cum
680 5218 1015 5285 conceperit,
1039 5220 1178 5286 parit
1200 5231 1485 5287 peccatum
1516 5228 1839 5286 :pecnatunt

256 5325 388 5360 vero
422 5322 543 5361 cum
572 5318 1009 5361 consmnmattnn
1062 5307 1246 5373 fuerit,
1295 5316 1520 5376 generat
1579 5317 1831 5363 mortem.

252 5400 437 5453 Nolite
474 5401 654 5467 itaque
685 5416 895 5465 errare,
919 5398 1116 5455 fratres
1142 5404 1245 5455 tnei
1277 5402 1639 5457 dilectissimi.
1667 5400 1841 5457 Omne

252 5500 445 5548 datum
480 5496 769 5563 Optimum,
799 5505 852 5550 et
879 5511 1041 5549 omne
1066 5497 1266 5551 donum
1294 5497 1620 5566 perlectum,
1639 5498 1834 5551 desur-

253 5602 375 5641 sum
404 5596 512 5651 est,
541 5590 886 5642 descendens
916 5604 943 5641 a
985 5589 1153 5644 Patre
1188 5590 1480 5652 luminum,
1508 5591 1650 5658 apud
1676 5606 1839 5660 quem

256 5695 366 5733 non
395 5691 478 5733 est
500 5683 906 5744 transmutatio.
928 5697 1027 5735 nec
1054 5682 1446 5737 vicissitudinis
1465 5683 1834 5739 obumbratio.

259 5772 585 5828 Volnntarie
616 5773 762 5824 enim
807 5774 991 5841 genuit
1022 5790 1122 5829 nos
1154 5778 1319 5831 verbo
1349 5776 1634 5841 'vcritatis,
1666 5786 1722 5830 ut
1760 5776 1835 5829 si-

545 5868 812 5931 ΡΑΤιωι..
860 5869 1072 5929 XXIX.

1928 2910 2295 2967 dilectissimi.
2334 2909 2417 2965 Sit
2449 2920 2630 2967 autem
2664 2913 2845 2967 omnis
2876 2912 3039 2968 homo
3090 2914 3247 2967 velox
3306 2916 3373 2969 ad
3408 2929 3505 2968 aue

1926 3003 2185 3057 diendum
2224 3017 2239 3067 ;
2280 3004 2468 3058 tardus
2493 3014 2675 3057 autem
2714 3005 2780 3058 ad
2809 3004 3160 3073 loquendum,
3213 3012 3267 3060 et
3313 3006 3504 3060 tardus

1927 3094 1995 3149 ad
2032 3095 2193 3149 iram.
2229 3093 2309 3148 Ira
2336 3096 2482 3149 enim
2513 3094 2921 3165 viri,justitiam
2950 3096 3044 3151 Dei
3074 3109 3181 3152 non
3223 3104 3502 3164 operatur.

1928 3188 2158 3255 Propter
2196 3189 2341 3257 quod
2392 3187 2714 3259 abjicientes
2746 3203 2963 3243 omnem
3020 3190 3420 3245 immunditiam
3453 3202 3506 3245 et

1929 3281 2321 3337 abundantiam
2356 3281 2605 3346 malitia,
2672 3282 2725 3336 iii
2789 3282 3206 3339 mansuetudine
3244 3284 3503 3350 Suscipite

1931 3375 2155 3430 insitum
2179 3377 2424 3441 verbum,
2446 3378 2587 3447 quod
2608 3385 2787 3446 potest
2811 3377 3020 3432 salvare
3038 3378 3251 3432 animas
3272 3385 3505 3433 vestras.

1932 3464 2115 3521 Estme
2162 3475 2345 3521 autem
2380 3468 2617 3522 lectores
2654 3468 2828 3532 verbi,
2856 3477 2911 3522 et
2947 3482 3052 3522 non
3080 3469 3361 3524 auditores
3392 3478 3513 3523 tan-

1931 3567 2069 3624 tum,
2098 3556 2345 3612 fallentes
2374 3559 2760 3627 vosmetipsos.
2794 3557 2931 3623 Quia
2959 3559 3003 3612 si
3035 3560 3159 3625 quis
3187 3560 3405 3613 auditor
3426 3568 3514 3614 est

1936 3650 2107 3715 verbi,
2137 3659 2193 3704 et
2227 3665 2331 3704 non
2367 3647 2567 3713 factor,
2598 3651 2682 3703 hit:
2718 3651 3128 3718 comparabitur
3182 3651 3300 3705 viro
3330 3651 3513 3706 consi-

1932 3741 2145 3794 deranti
2178 3740 2382 3793 vultum
2443 3740 2751 3795 nativitatis
2779 3755 2889 3795 sua:
2926 3742 2977 3795 in
3028 3741 3253 3811 speculo
3286 3756 3303 3799 :
3331 3743 3513 3797 consi-

1933 3831 2144 3886 deravit
2166 3832 2310 3885 enim
2351 3847 2432 3893 se.
2467 3843 2520 3885 et
2542 3831 2695 3898 abiit,
2728 3833 2987 3887 etstatim
3012 3834 3213 3889 oblitus
3232 3836 3515 3905 estqualis

1932 3924 2117 3979 fuerit.
2157 3923 2257 3989 Qui
2294 3935 2473 3979 autem
2510 3925 2848 3993 perspexerit
2884 3927 2937 3980 in
2990 3926 3160 3996 legem
3216 3926 3512 3998 perfectam

1934 4018 2232 4081 libertatis,
2267 4029 2322 4072 et
2357 4020 2720 4088 permanserit
2749 4020 2799 4073 iti
2855 4034 2945 4083 ea,
2985 4035 3093 4075 non
3126 4021 3344 4077 auditor
3373 4023 3516 4078 obli-

1934 4112 2118 4166 viosus
2146 4110 2345 4175 factus,
2370 4114 2464 4165 sed
2501 4112 2676 4166 factor
2703 4114 2884 4181 operis
2917 4130 2931 4166 :
2964 4114 3050 4167 hic
3079 4115 3273 4169 beatus
3316 4114 3372 4169 in
3427 4115 3511 4169 l'a—

1934 4215 2023 4261 cto
2058 4221 2161 4259 suo
2200 4206 2324 4259 erit.
2383 4203 2438 4258 Si
2477 4205 2598 4276 quis
2633 4216 2811 4267 autem
2870 4214 3024 4275 putat
3076 4221 3137 4262 se
3197 4209 3516 4279 religiosum

1936 4314 2076 4363 esse,
2114 4313 2222 4351 non
2276 4295 2565 4351 refrenaus
2600 4298 2837 4366 linguam
2876 4313 3056 4365 suam,
3094 4299 3191 4354 sed
3246 4300 3515 4355 seducens

1936 4405 2033 4443 cor
2075 4404 2257 4452 suum,
2296 4388 2457 4457 hujus
2497 4403 2628 4442 vana
2664 4398 2748 4443 est
2780 4388 2993 4458 religio.
3048 4388 3261 4459 Religio
3304 4390 3512 4445 munda

1937 4491 1994 4534 et
2034 4481 2380 4534 immaculata
2441 4482 2580 4547 apud
2638 4478 2806 4533 Deum
2841 4489 2896 4534 et
2934 4476 3174 4546 Patrem,
3236 4480 3348 4535 haec
3378 4488 3463 4535 est
3499 4497 3516 4535 :

1942 4570 2174 4626 Visitare
2204 4572 2435 4640 pupillos
2469 4581 2526 4624 et
2557 4572 2746 4625 viduas
2799 4570 2851 4623 in
2891 4569 3245 4627 tribulatione
3307 4586 3519 4634 eorum,

1936 4675 1989 4719 et
2021 4662 2428 4718 immaculatum
2465 4678 2522 4718 se
2556 4662 2830 4717 custodire
2862 4661 2933 4719 ab
2956 4664 3055 4718 hoc
3080 4662 3300 4719 saeculo.

2010 4755 2163 4826 [ϐαρ.
2193 4755 2288 4827 IL]
2322 4755 2540 4811 Fratres
2564 4756 2692 4821 mei,
2726 4754 2895 4811 nolite
2928 4756 2980 4809 in
3026 4770 3389 4826 personarum
3422 4769 3518 4810 ac-

1938 4849 2191 4919 ceptione
2222 4849 2425 4904 habere
2460 4849 2618 4903 fidem
2652 4848 2869 4902 Domini
2922 4850 3094 4903 nostri
3129 4848 3261 4905 Iesu
3315 4850 3521 4906 Christi

1939 4939 2144 5009 glorize.
2182 4939 2395 4993 Etenim
2434 4940 2477 4993 si
2510 4940 2782 4993 introierit
2818 4940 2873 4994 in
2925 4951 3253 4994 conventum
3282 4950 3520 4995 vestrum

1940 5033 2026 5085 vir
2065 5046 2287 5085 aureum
2322 5031 2580 5085 annulum
2617 5031 2825 5085 habens
2853 5032 2909 5084 in
2962 5040 3113 5086 veste
3142 5032 3398 5095 candida,
3435 5031 3521 5084 in-

1942 5123 2153 5177 troierit
2187 5133 2367 5175 autem
2399 5131 2452 5175 et
2485 5136 2690 5189 panper
2721 5121 2776 5176 in
2808 5122 3031 5176 sordido
3084 5123 3293 5187 habitu,
3324 5131 3381 5176 et
3437 5121 3519 5174 in-

1941 5216 2181 5271 tendatis
2223 5216 2275 5268 in
2312 5230 2432 5269 eum
2464 5218 2557 5285 qui
2593 5218 2820 5269 indutus
2857 5225 2942 5269 est
2974 5225 3125 5271 veste
3156 5214 3439 5285 praiclara,
3465 5223 3522 5265 et

1943 5309 2194 5365 dixeritis
2232 5308 2279 5361 ei
2317 5324 2331 5361 :
2366 5307 2446 5362 Tu
2486 5306 2617 5362 sede
2674 5307 2765 5362 hic
2800 5310 2979 5363 bene:
3049 5307 3270 5377 pauperi
3334 5314 3519 5359 autem

1943 5402 2138 5462 dignis
2176 5419 2190 5454 :
2237 5399 2317 5453 Tu
2345 5410 2429 5455 sta
2463 5401 2596 5467 illic,
2632 5412 2729 5455 aut
2750 5405 2877 5456 sede
2906 5402 3012 5455 sub
3057 5399 3290 5454 scabello
3323 5400 3525 5466 pedum

1946 5510 2235 5550 meorum:
2277 5510 2457 5548 nonne
2509 5495 2772 5564 thllCnliS
2836 5496 2977 5564 apud
3037 5492 3415 5562 vosmetipsos,
3466 5503 3524 5546 et

1951 5592 2074 5645 facti
2108 5591 2240 5644 estis
2265 5591 2481 5661 judices
2501 5592 2887 5661 cogitationum
2912 5590 3217 5657 iniquarutn
3243 5586 3266 5638 ?
3298 5585 3527 5649 Audite,

1948 5684 2147 5738 fratres
2181 5686 2284 5738 mei
2310 5684 2676 5747 dilectissimi,
2706 5698 2883 5736 nonne
2912 5681 3052 5737 Deus
3075 5681 3235 5751 elegit
3261 5692 3526 5750 pauperes

1949 5780 1999 5832 in
2029 5779 2129 5833 hoc
2162 5781 2383 5842 mundo,
2423 5778 2617 5831 divites
2655 5777 2705 5829 in
2768 5776 2870 5829 [ide
2906 5785 2960 5830 et
3022 5774 3269 5832 liaeredes
3342 5773 3530 5842 regni,

3004 5867 3082 5929 28
