3946 6170
488 275 607 344 ’875

495 401 639 469 quod
673 393 982 465 repromisit
1033 391 1174 446 Deus
1201 391 1556 460 diligentibus
1589 389 1686 444 se?
1728 388 1833 442 Vos
1882 395 2063 442 autem
2100 392 2140 446 Α
2174 397 2297 439 sunt
2330 402 2360 438 a
2396 397 2591 440 natura
2630 387 2865 440 humana
2907 402 2918 414 ·

496 484 883 544 exhonorastis
918 496 1232 552 pauperem.
1276 480 1463 533 Nonne
1493 478 1689 533 divites
1725 485 1823 549 per
1875 485 2065 549 puteu-

418 643 422 650 ,
497 586 625 637 tiam
651 581 962 651 opprimunt
989 592 1103 637 vos,
1137 575 1191 631 et
1217 576 1316 643 ipsi
1343 576 1568 630 trahunt
1593 590 1690 630 vos
1725 576 1790 628 τι]
1818 572 2070 644 judicia?

422 689 442 724 ί,
495 672 684 728 Nonne
709 671 807 738 ipsi
835 667 1221 737 blaspltemant
1249 667 1461 720 bonum
1487 680 1706 729 nomen,
1739 664 1882 732 quod
1912 664 2071 717 invo-

496 777 674 818 catum
707 773 790 816 est
847 775 1011 830 super
1044 777 1137 813 vos
1173 759 1197 810 ?
1230 758 1286 812 Si
1354 769 1532 812 tamen
1598 758 1769 826 legem
1809 755 2072 826 perlicitis

499 855 734 922 regalem
771 851 1064 907 seettndum
1113 851 1421 918 Scripturas
1451 865 1467 904 :
1500 847 1701 919 Diliges
1756 848 2066 917 proximum

499 961 649 998 tuum
678 946 820 998 sicut
854 943 1087 1010 teipsum
1127 959 1140 996 :
1171 940 1308 994 bene
1331 939 1508 994 facitis
1547 955 1561 992 :
1603 939 1648 992 si
1683 950 1860 994 autem
1881 954 2069 1006 perso-

500 1053 594 1090 nas
627 1035 897 1102 accipitis,
931 1043 1212 1103 peccatum
1243 1031 1568 1099 operamini,
1590 1029 1862 1101 redarguti
1898 1046 1926 1082 a
1953 1030 2070 1097 lege

496 1129 656 1194 quasi
698 1138 1156 1194 transgressmcs.
1210 1120 1536 1189 Quicunque
1571 1129 1753 1174 autem
1801 1120 2070 1175 totamle-

490 1237 610 1292 gem
645 1219 972 1279 servaverit,
1005 1216 1248 1271 oﬂeudat
1286 1226 1468 1268 autem
1507 1214 1561 1268 in
1604 1229 1735 1276 uno,
1771 1213 1948 1268 factus
1981 1220 2068 1267 est

493 1313 738 1366 ouinium
778 1324 922 1364 reus.
955 1308 1063 1375 Qui
1097 1308 1241 1361 enim
1301 1307 1456 1383 dixit,
1520 1304 1636 1360 Non
1669 1305 2059 1369 ttimchaberis,

491 1406 629 1459 dixit
658 1413 734 1469 et,
785 1402 901 1456 Non
933 1401 1185 1455 occides.
1246 1397 1402 1464 Quod
1431 1399 1478 1452 si
1511 1412 1619 1452 non
1679 1396 2064 1462 mreehaberis,

497 1499 721 1554 occides
752 1505 959 1557 autem,
1028 1493 1209 1548 factus
1247 1506 1310 1546 es
1363 1499 1739 1560 transgressor
1775 1489 1932 1559 legis.
1974 1487 2067 1545 Sic

496 1592 806 1663 loquimini,
843 1601 895 1643 et
926 1588 1004 1642 sic
1041 1587 1222 1648 facile,
1262 1585 1406 1638 sicut
1440 1597 1534 1653 per
1571 1584 1744 1652 legem
1794 1582 2067 1637 libertatis

493 1671 816 1752 incipientes
843 1679 1099 1750 judicari.
1124 1677 1398 1733 Judicium
1428 1675 1576 1728 enim
1605 1674 1724 1728 sine
1745 1673 2063 1727 misericor-

1389 275 1471 360 s.
1514 272 1948 333 tttttnom'ut
1996 267 2261 330 ιηγιΝΛ
2305 258 2832 332 BIBLIOTIIECA.
3634 269 3728 330 8t:-

2961 384 3191 455 linguam
3230 392 3409 438 autem
3432 385 3611 439 nullus
3639 386 3728 438 bu-

2177 479 2381 531 minum
2406 478 2629 532 domare
2658 487 2837 546 potest
2883 492 2898 530 :
2966 476 3268 545 inquietum
3315 477 3535 540 malum,
3589 478 3728 544 plrtta

2175 583 2384 624 veneno
2415 567 2716 623 mortifero.
2782 567 2838 621 ln
2886 569 3004 637 ipsa
3050 567 3420 622 benedicimus
3478 569 3645 623 Deum
3687 583 3728 623 ct

2173 659 2389 714 Patrem
2425 676 2438 715 :
2472 661 2605 714 etin
2649 660 2764 728 ipsa
2795 659 3172 714 tnaltdicimus
3233 659 3497 723 homines,
3528 661 3622 726 qui
3675 665 3730 712 ad

2171 752 2582 807 similitudinem
2621 752 2715 807 Dei
2749 751 2876 806 facti
2907 765 3055 806 sunt.
3083 750 3158 805 Ex
3183 754 3302 821 ipso
3362 768 3458 807 ore
3500 755 3730 820 procedit

2173 841 2502 905 benedictio,
2526 852 2580 896 et
2613 841 2947 896 maledictio.
2985 839 3100 896 Non
3122 851 3356 910 oportet,
3391 841 3588 896 fratres
3623 845 3731 902 mei.

2173 931 2286 986 hzcc
2304 933 2375 986 ita
2400 933 2536 987 fieri.
2563 931 2834 1002 Numquid
2866 934 2985 988 fons
3007 935 3072 988 de
3097 935 3286 989 eodem
3311 933 3578 988 foramine
3602 951 3732 987 enta-

2176 1025 2519 1088 natdulcem,
2550 1033 2606 1080 et
2643 1041 2887 1079 amaram
2945 1025 3192 1094 aquam?
3239 1025 3510 1096 Numquid
3570 1038 3731 1094 potest

2172 1114 2366 1170 fratres
2391 1117 2519 1182 mei,
2557 1117 2691 1171 licus
2722 1133 2854 1172 uvas
2879 1115 3080 1182 facere,
3129 1129 3220 1172 aut
3250 1118 3376 1173 vitis
3436 1118 3571 1172 ficus
3593 1118 3619 1171 ?
3656 1119 3729 1172 Sic

2173 1219 2351 1274 reque
2384 1205 2527 1260 salsa
2562 1206 2776 1260 dulcem
2804 1219 2983 1276 potest
3014 1207 3199 1262 facere
3254 1221 3470 1277 aquam.
3502 1209 3643 1274 Quis
3660 1224 3732 1261 sa-
3798 1255 3801 1260 .

2172 1296 2348 1361 piens,
2385 1304 2442 1349 et
2474 1296 2852 1364 discipliuatus
2879 1298 3024 1351 inter
3051 1312 3149 1353 vos
3167 1299 3193 1351 ἲ
3218 1297 3482 1353 Ostendat
3508 1315 3575 1352 ex
3610 1301 3731 1353 bini:

2170 1388 2589 1442 conversatione
2624 1391 3172 1458 Operationem‘suam
3204 1392 3260 1444 in
3329 1394 3731 1447 mansuetudine

2167 1479 2472 1548 sapientiae.
2499 1479 2654 1547 Quod
2692 1483 2738 1538 si
2771 1483 2948 1538 zelum
2989 1498 3236 1538 amarum
3269 1483 3497 1549 habetis,
3520 1497 3578 1537 et
3621 1502 3731 1539 cou-

2171 1573 2436 1627 tentiones
2458 1575 2569 1630 sint
2599 1575 2652 1628 in
2695 1575 2958 1630 cordibus
2981 1575 3178 1631 vestris
3228 1593 3244 1630 :
3275 1577 3444 1632 nolite
3497 1579 3728 1648 gloriari,

2168 1672 2222 1715 et
2247 1664 2532 1719 mendaces
2557 1677 2677 1720 esse
2700 1665 2965 1721 adversus
2992 1668 3275 1722 veritatem
3307 1706 3322 1720 .
3347 1667 3458 1723 Non
3483 1680 3573 1724 est
3600 1670 3728 1722 enim

490 1779 573 1830 diu
607 1776 704 1837 illi,
743 1774 833 1843 qui
867 1787 972 1827 nou
997 1773 1126 1825 fecit
1171 1767 1629 1831 misericordiam,
1700 1765 2069 1834 superexaltat
2100 1743 2143 1799 Β
2171 1751 2274 1806 ίειθ
2311 1755 2574 1822 Sapientia
2613 1754 2907 1810 άεευτειιιιι
2953 1757 3329 1812 descendens:
3367 1759 3460 1814 Sed
3502 1768 3730 1820 ferrem.

491 1881 668 1924 autem
713 1865 1084 1920 misericordia
1114 1862 1409 1932 judicium.
1456 1859 1595 1926 Quid
1632 1857 1892 1927 proderit,
1957 1858 2064 1911 fra-

496 1978 606 2015 tres
637 1960 763 2021 mei,
801 1959 846 2013 si
885 1957 1044 2010 fidem
1083 1955 1204 2022 quis
1234 1952 1383 2006 dicat
1405 1967 1464 2008 se
1523 1950 1747 2014 habere,
1775 1962 1939 2018 opera
1971 1964 2069 2003 au-

495 2069 602 2106 tem
661 2068 767 2104 non
806 2045 1054 2102 habeat?
1103 2042 1374 2112 Numquid
1428 2043 1626 2110 poterit
1674 2039 1806 2094 ﬁdes
1857 2038 2070 2094 salvare

492 2162 556 2194 eu
574 2162 620 2194 ιιι
643 2141 665 2193 ?
687 2142 744 2195 Si
768 2145 945 2192 autem
976 2138 1144 2190 frater
1164 2144 1217 2188 ct
1244 2148 1400 2189 soror
1417 2132 1543 2186 nudi
1571 2131 1700 2195 sint,
1721 2140 1774 2184 et
1793 2132 2068 2200 indigeant

495 2236 636 2286 \lCltl
661 2231 996 2302 quotidiauo,
1020 2227 1366 2280 dicatautem
1388 2222 1586 2291 aliquis
1623 2238 1687 2276 ex
1717 2223 1870 2277 vobis
1905 2223 2016 2277 illis
2051 2238 2067 2278 :

495 2328 571 2378 Ite
607 2327 658 2378 in
693 2337 846 2392 pace,
883 2316 1253 2374 calefacimini
1281 2323 1334 2369 et
1352 2313 1688 2368 saturamiui
1731 2331 1744 2368 :
1777 2328 1883 2366 non
1905 2313 2069 2367 dede-

494 2416 616 2470 ritis
654 2427 837 2467 autem
872 2412 973 2477 eis,
999 2424 1120 2480 qua:
1139 2407 1449 2463 necessaria
1491 2413 1620 2460 sunt
1648 2405 1894 2474 corpori,
1933 2404 2065 2474 quid

495 2507 735 2577 proderit
765 2508 788 2558 ?
821 2505 912 2559 Sic
939 2503 1165 2568 etﬁdes,
1195 2503 1240 2556 si
1269 2516 1375 2555 non
1406 2499 1816 2568 habeatopera,
1853 2508 2066 2551 mortua

494 2613 576 2657 est
607 2602 660 2656 in
687 2599 1003 2666 semetipsa.
1035 2595 1141 2649 Sed
1181 2595 1329 2648 dicet
1359 2592 1483 2662 quis
1513 2608 1527 2644 :
1564 2589 1644 2644 Tu
1677 2590 1838 2647 tidem
1872 2588 2062 2650 babes,

492 2707 546 2749 et
569 2709 669 2764 ego
697 2707 861 2762 opera
887 2691 1086 2744 habeo.
1123 2687 1366 2743 Ostende
1397 2684 1528 2738 mihi
1560 2683 1718 2738 fidem
1775 2695 1922 2736 tuam
1950 2683 2070 2736 sine

497 2787 754 2857 operibus
782 2801 798 2839 :
831 2793 885 2839 et
915 2797 1015 2852 ego
1048 2777 1335 2836 ostendam
1366 2777 1464 2832 tibi
1495 2790 1562 2831 ex
1588 2774 1848 2845 operibus
1906 2773 2068 2827 [idem

495 2895 691 2933 meam.
715 2875 798 2932 Tu
851 2876 1028 2931 credis
1065 2873 1328 2944 quoniam
1364 2884 1506 2924 unus
1565 2877 1653 2922 cst
1683 2865 1829 2920 Deus
1874 2881 1892 2916 :
1930 2866 2070 2920 bene

495 2971 667 3026 facis:
704 2979 756 3025 et
783 2971 1056 3022 dminones
1089 2965 1343 3028 credunt,
1378 2971 1432 3016 ct
1457 2961 1912 3016 contremiscunt.
1977 2957 2069 3012 Vis

495 3076 676 3120 autem
709 3063 874 3124 scire.
906 3075 938 3115 ο
977 3060 1140 3115 homo
1197 3057 1403 3121 inanis,
1461 3055 1716 3123 quoniam
1780 3052 1915 3107 tides
1948 3052 2068 3106 sine

491 3155 748 3224 operibus
770 3163 979 3207 mortua
1015 3149 1136 3205 est?
1158 3149 1432 3203 Abraham
1458 3156 1613 3216 pater
1643 3152 1856 3209 noster,
1885 3157 2067 3197 nonne

493 3263 556 3299 ex
606 3243 863 3314 operibus
889 3241 1226 3313 justiﬁcatus
1247 3247 1356 3300 est,
1425 3238 1668 3292 offerens
1703 3233 1854 3290 Isaac
1898 3234 2067 3287 tilium

491 3353 650 3393 suum
700 3348 860 3403 super
885 3330 1110 3386 altare?
1143 3327 1307 3384 Vides
1338 3328 1595 3398 quoniam
1633 3327 1767 3382 fides
1801 3340 2068 3396 coopera-

495 3432 651 3483 batur
677 3426 930 3495 operibus
966 3421 1151 3476 illius:
1176 3431 1230 3476 et
1261 3436 1326 3474 ex
1355 3419 1612 3490 operibus
1644 3418 1776 3474 tides
1800 3432 2063 3473 consum-

495 3534 634 3576 mata
665 3517 796 3574 est?
829 3515 892 3571 Et
916 3515 1160 3585 suppleta
1195 3521 1282 3569 est
1315 3512 1623 3579 Scriptura,
1655 3510 1846 3564 dicens
1877 3524 1894 3564 :
1933 3509 2067 3563 Cre-

490 3615 629 3668 didit
663 3611 942 3666 Abraham
978 3607 1112 3674 Deo,
1143 3615 1197 3660 et
1226 3611 1535 3674 reputatqu
1569 3612 1652 3656 est
1689 3601 1767 3655 illi
1803 3600 1869 3655 ad
1896 3600 2062 3669 justi-

492 3708 644 3769 tiam,
677 3714 729 3760 et
765 3703 974 3756 amicus
1038 3699 1130 3753 Dei
1169 3697 1476 3768 appellatus
1518 3703 1622 3748 est.
1692 3693 1901 3747 Videtis
1929 3708 2065 3760 quo-

494 3800 642 3852 niam
675 3812 740 3849 ex
771 3792 1024 3865 operibus
1054 3790 1385 3862 justil‘tcatur
1411 3789 1594 3850 homo,
1635 3795 1690 3838 et
1721 3801 1828 3840 non
1855 3799 1920 3837 ex
1955 3785 2060 3836 lide

492 3899 700 3941 tantum
738 3885 762 3936 ?
795 3884 1062 3938 Similiter
1087 3892 1142 3935 et
1173 3879 1363 3933 Rabab
1419 3877 1703 3941 meretrix,
1762 3890 1941 3930 nonue
1991 3889 2058 3927 ex

490 3980 742 4048 operibus
762 3977 1058 4047 justilicata
1090 3983 1198 4038 est,
1229 3971 1538 4040 suscipiens
1599 3968 1848 4031 nuntios,
1877 3974 1931 4021 et
1955 3967 2061 4019 alia

492 4073 574 4123 via
602 4069 828 4138 eiiciens
851 4067 874 4119 ?
895 4065 1050 4119 Sicut
1107 4063 1253 4116 enim
1284 4076 1484 4129 corpus
1516 4059 1634 4115 sine
1669 4057 1866 4127 Spiritu
1921 4071 2067 4110 mur-

491 4175 637 4214 luunt
668 4168 770 4231 est,
803 4159 872 4211 ita
900 4168 953 4212 et
989 4154 1120 4210 fides
1154 4155 1272 4207 sine
1305 4155 1563 4222 operibus
1595 4159 1810 4204 mortua
1844 4159 1950 4204 est.

503 4279 506 4282 -
560 4252 714 4324 [ϐαρ.
740 4248 855 4320 ιιι]
881 4248 1050 4304 Nolite
1075 4247 1253 4317 plures
1277 4245 1517 4314 magistri
1549 4243 1688 4308 fieri,
1711 4240 1905 4296 fratres
1932 4239 2062 4304 mei,

487 4353 723 4399 scientes
751 4342 1006 4411 quoniam
1030 4339 1208 4408 majus
1233 4337 1494 4405 judicium
1529 4333 1762 4390 sumitis.
1791 4331 1847 4386 ltt
1880 4332 2062 4385 multis

488 4441 633 4490 enim
665 4433 991 4488 offendimus
1019 4444 1230 4485 Omnes.
1261 4427 1317 4481 Si
1351 4428 1472 4495 quis
1494 4427 1544 4481 in
1576 4425 1738 4481 verbo
1760 4440 1864 4478 non
1900 4422 2071 4477 oil'cu-

487 4530 586 4596 dit,
630 4529 716 4582 hic
745 4522 1015 4594 perfectus
1034 4535 1119 4578 est
1148 4524 1248 4575 vir.
1300 4520 1484 4575 Potest
1536 4523 1699 4572 etiam
1745 4518 1901 4571 freno
1963 4516 2069 4568 cir-

487 4620 814 4672 cumducere
848 4625 1016 4670 totum
1046 4627 1268 4682 corpus.
1305 4609 1360 4664 Si
1404 4619 1586 4665 autem
1621 4608 1777 4677 equis
1830 4607 1981 4661 frena
2013 4608 2064 4658 in

489 4730 581 4764 ora
618 4712 885 4765 mittimus
930 4708 997 4762 ad
1047 4706 1502 4760 consentiendum
1569 4703 1768 4766 nobis,.
1805 4713 1859 4755 et
1909 4715 2066 4754 nume

489 4820 688 4874 corpus
720 4804 932 4856 illorum
969 4797 1430 4856 circumferimus.
1462 4794 1602 4848 Ecce
1636 4805 1691 4848 et
1723 4806 1907 4853 naves,
1940 4805 2064 4845 cum

490 4914 698 4966 magna:
732 4897 859 4959 sint,
891 4907 940 4948 et
974 4908 1001 4944 a
1033 4893 1213 4946 ventis
1244 4890 1437 4942 validis
1478 4890 1774 4951 minentur,
1828 4886 2062 4937 circum-

492 4991 742 5042 feruntur
771 5006 797 5039 a
843 4986 1051 5040 modico
1083 4982 1469 5054 gubernaculo,
1508 4982 1595 5034 ubi
1638 4981 1868 5048 impetus
1934 4980 2066 5030 diri-

488 5084 666 5151 gt-titis
721 5080 969 5132 \oltti-t'it.
1037 5079 1108 5128 Ita
1170 5088 1224 5128 et
1281 5075 1455 5142 lingua
1515 5072 1786 5125 modicum
1849 5071 2066 5138 quidem

495 5169 798 5224 membrum
825 5179 928 5227 est,
958 5175 1012 5216 et
1037 5181 1224 5233 magna
1259 5163 1482 5214 exultat.
1506 5160 1646 5220 Ecce
1671 5171 1910 5228 quantus
1936 5157 2070 5224 ignis

488 5277 658 5332 quam»
679 5275 926 5328 nmguam
960 5258 1150 5309 silvam
1186 5253 1426 5308 incendit
1456 5254 1468 5305 !
1504 5250 1570 5303 Et
1596 5252 1773 5320 lingua
1802 5249 1940 5324 ignis
1963 5259 2064 5315 est,

490 5352 815 5406 universitas
850 5346 1174 5416 iniquitatis.
1205 5343 1406 5412 l.iugua
1433 5342 1784 5394 conSIituitur
1815 5357 1866 5393 ιιι
1897 5356 2066 5393 mento

493 5446 602 5497 ιρι-ἰῇ
639 5444 864 5503 nostris,
919 5455 1040 5509 qua:
1113 5436 1349 5490 maculat
1415 5443 1582 5488 totum
1617 5448 1840 5500 corpus,
1889 5447 1940 5484 et
1993 5431 2082 5500 iu—l

484 5542 723 5589 tt.iii.tnat
753 5545 920 5586 rotam
959 5531 1254 5584 nativitatis
1291 5539 1514 5591 nostrae,
1561 5523 1897 5579 inflammata
1927 5539 1956 5576 a
1985 5541 2073 5592 ge-

485 5636 682 5682 mina.
719 5627 910 5681 Oumis
938 5625 1081 5678 enim
1113 5633 1304 5678 natura
1339 5620 1659 5682 bestiarum,
1681 5628 1735 5673 et
1763 5618 2070 5682 volucrum,

493 5735 544 5773 tt
578 5719 908 5785 serpentium
939 5759 951 5782 ,
978 5726 1028 5770 et
1064 5727 1385 5771 cmterorum
1424 5715 1734 5778 domantur,
1779 5719 1831 5765 et
1867 5712 2066 5764 domita

2175 1841 2452 1906 animalis,
2478 1843 2768 1900 diabolica.
2805 1843 2904 1899 Ubi
2934 1850 3078 1900 enim
3100 1848 3251 1902 zelus
3273 1856 3329 1902 et
3352 1849 3650 1914 contentio,
3673 1850 3730 1901 ibi

2173 1932 2556 1999 inconstantia,
2582 1943 2638 1990 et
2661 1951 2824 1990 omne
2851 1951 2989 2003 opus
3016 1951 3262 2006 pravum.
3287 1937 3420 2004 Qua:
3446 1949 3633 1994 autem
3649 1941 3730 1994 de-

2169 2037 2388 2077 sursum
2420 2033 2504 2079 est
2536 2025 2824 2094 sapientia,
2849 2027 3086 2096 primum
3119 2027 3338 2098 quidem
3400 2029 3596 2097 pudica
3641 2039 3730 2093 est,

2171 2113 2371 2170 deinde
2425 2116 2670 2186 paciﬁca,
2706 2119 3298 2184 modesta,suadtbilis,
3333 2120 3487 2175 bouis
3513 2135 3731 2176 consen-

2174 2207 2337 2272 tiens,
2375 2207 2534 2276 plena
2561 2207 2958 2274 misericordia,
2990 2220 3045 2264 et
3095 2209 3360 2266 fructibus
3403 2211 3582 2274 bonis,
3641 2229 3730 2265 non

2170 2295 2445 2364 judicans,
2477 2299 2597 2353 sine
2631 2299 3000 2359 simulatione.
3029 2301 3258 2358 Fructus
3295 2314 3470 2359 autem
3495 2303 3732 2372 iustitiae,

2175 2390 2228 2442 in
2267 2404 2398 2458 pace
2432 2393 2735 2446 seminatur
2762 2394 3086 2451 facientibus
3118 2409 3324 2464 pacem.

2245 2479 2398 2553 [Cap.
2426 2481 2545 2555 lV.]
2607 2483 2758 2539 Unde
2793 2487 2930 2540 bella
2963 2497 3018 2541 et
3045 2488 3166 2542 lites
3207 2487 3262 2541 in
3315 2487 3513 2543 vobis?
3560 2487 3734 2541 Nonne

2175 2573 2300 2628 hinc
2332 2577 2357 2626 ἲ
2385 2591 2450 2630 ει
2494 2578 2954 2647 concupiscentiis
2983 2581 3197 2641 vestris.
3255 2595 3377 2651 qu:-
3414 2582 3648 2636 militant
3689 2584 3732 2635 in

2176 2667 2434 2722 membris
2463 2669 2710 2722 vesuis?
2747 2670 3174 2740 Concupiscitis,
3206 2682 3262 2727 et
3323 2688 3427 2726 non
3477 2673 3688 2728 habetis
3720 2690 3734 2728 :

2171 2758 2439 2822 occiditis,
2475 2769 2528 2812 et
2560 2760 2774 2825 zelatis,
2809 2769 2866 2814 et
2898 2777 3007 2815 non
3043 2762 3271 2831 pmestis
3324 2764 3556 2833 adipisci
3586 2784 3604 2817 ε
3635 2766 3735 2816 liti-

2170 2849 2333 2920 gatis,
2368 2863 2421 2904 et
2453 2852 2808 2922 belligeratis,
2830 2864 2883 2908 et
2915 2870 3023 2908 non
3044 2855 3278 2921 habetis,
3329 2865 3552 2926 propter
3605 2859 3736 2926 quod

2175 2956 2282 2995 non
2316 2943 2621 3011 postulatis.
2659 2943 2874 3008 Pctitis,
2905 2956 2962 3000 et
3015 2961 3119 3000 non
3175 2948 3442 3017 accipitis,
3495 2963 3564 3002 eo
3606 2948 3735 3017 quc-it

2179 3035 2316 3088 male
2342 3037 2584 3103 petatis:
2635 3038 2769 3092 utin
2819 3039 3274 3107 concupiscentiis
3305 3044 3498 3096 vestris
3516 3041 3739 3095 insuma-

2175 3126 2266 3179 tis.
2301 3127 2567 3192 Adulteri,
2631 3131 2878 3195 nescitis,
2910 3132 3036 3200 quia
3073 3132 3310 3187 amicitia
3342 3131 3501 3202 hujus
3563 3133 3736 3186 mundi

2177 3215 2394 3272 inimica
2426 3229 2509 3274 est
2543 3221 2683 3275 Dei?
2712 3225 3035 3292 Quicunque
3081 3239 3212 3294 ergo
3261 3225 3489 3280 voluerit
3547 3228 3738 3280 amicus

2178 3325 2300 3365 esse
2323 3313 2507 3367 saeculi
2539 3313 2724 3384 hujus,
2773 3315 3027 3371 inimicus
3086 3317 3178 3372 Dei
3235 3319 3609 3374 constituitur.
3663 3323 3734 3372 Au

2179 3405 2378 3470 putatis
2404 3407 2529 3474 quia
2566 3405 2803 3460 inaniter
2848 3408 3128 3474 Scriptura
3158 3410 3305 3464 dicat
3335 3426 3353 3463 :
3388 3411 3468 3464 Ad
3499 3411 3733 3465 invidiam

2177 3496 2519 3563 concupiscit
2551 3499 2792 3567 spiritus,
2833 3501 2924 3568 qui
2981 3502 3186 3554 habitat
3221 3502 3276 3554 in
3331 3503 3536 3557 vobis?
3590 3502 3735 3570 Majo-

2183 3602 2294 3642 rcm
2331 3600 2510 3643 autem
2543 3590 2635 3644 dat
2665 3593 2913 3661 gratiam.
2941 3590 3169 3662 Propter
3213 3595 3358 3662 quod
3398 3595 3532 3650 dicit
3563 3609 3579 3648 :
3606 3593 3735 3647 Deus

2177 3680 2429 3750 superbis
2475 3683 2716 3747 resistit,
2768 3683 3065 3738 humilibus
3116 3696 3295 3740 autem
3354 3687 3448 3740 dat
3500 3689 3736 3757 gratiam.

2180 3773 2393 3828 Subditi
2425 3790 2555 3845 ergo
2582 3783 2757 3830 estote
2783 3777 2931 3830 Deo:
2970 3778 3212 3833 resistite
3264 3789 3447 3834 autem
3509 3779 3737 3840 diabolo,

2177 3876 2231 3920 ct
2264 3868 2430 3936 fugiet
2453 3884 2484 3922 a
2518 3868 2689 3924 vobis.
2725 3868 3170 3940 Appropinquale
3193 3869 3323 3938 Deo,
3363 3883 3420 3926 et
3465 3871 3740 3942 appropin-

2175 3961 2365 4029 quabit
2401 3961 2571 4016 vobis.
2597 3959 2898 4017 Emundate
2924 3979 3139 4028 manus,
3175 3973 3488 4033 peccatores
3514 3981 3528 4018 :
3553 3975 3604 4018 et
3647 3980 3740 4032 pu-

2177 4054 2384 4109 rilieate
2415 4055 2604 4118 Corda,
2637 4055 2883 4124 duplices
2912 4059 3117 4110 animo.
3143 4056 3325 4112 Miseri
3365 4068 3554 4124 estote,
3582 4067 3637 4113 et
3658 4059 3742 4110 lu-

2171 4161 2312 4216 gete,
2344 4147 2659 4217 ctplorate:
2689 4148 2830 4203 risus
2861 4157 3040 4204 vester
3065 4150 3117 4202 in
3148 4149 3353 4203 luctum
3379 4160 3738 4212 convertatur,

2170 4251 2225 4292 et
2256 4241 2512 4308 gaudium
2553 4239 2604 4293 in
2631 4255 2944 4296 mmrorem.
2965 4239 3335 4296 llumiliamini
3366 4244 3418 4296 in
3443 4255 3726 4311 conspectu

2175 4329 2748 4396 Domini,etexaltabit
2766 4346 2877 4386 vos.
2897 4331 3072 4388 Nolite
3092 4335 3379 4390 detrahere
3396 4336 3729 4393 alterutrum.

2103 4437 2146 4491 ι)
2177 4422 2397 4476 fratres.
2431 4422 2530 4487 Qui
2562 4423 2800 4477 detrahit
2847 4422 3022 4492 fratri,
3059 4435 3153 4480 aut
3188 4427 3276 4496 qui
3298 4427 3502 4496 judicat
3525 4425 3736 4479 fratri-nt

2170 4530 2353 4580 suum,
2404 4515 2637 4569 detrahit
2677 4516 2805 4586 legi,
2831 4527 2885 4571 et
2918 4517 3128 4588 judicat
3150 4520 3346 4590 legem.
3380 4519 3437 4574 Si
3459 4534 3627 4574 autem
3656 4523 3736 4584 ju—

2169 4609 2321 4660 dicas
2354 4606 2548 4676 legem,
2579 4624 2682 4662 non
2716 4625 2775 4662 es
2810 4608 2983 4663 factor
3013 4610 3169 4680 legis,
3227 4613 3321 4668 sed
3375 4613 3554 4683 judex.
3595 4609 3739 4665 Unus

2176 4710 2258 4751 est
2289 4699 2563 4766 legislator
2594 4701 2878 4770 etjudex,‘
2901 4703 2994 4772 qui
3021 4713 3202 4772 potest
3225 4707 3475 4774 perdere,
3522 4716 3571 4760 et
3613 4705 3737 4757 libe-

2178 4805 2319 4844 rare.
2349 4790 2424 4844 Tu
2478 4803 2656 4847 autem
2695 4797 2817 4864 quis
2841 4811 2924 4862 es,
2987 4796 3076 4866 qui
3133 4796 3346 4866 judicas
3402 4777 3737 4869 proximum?

2171 4880 2309 4935 Ecce
2339 4898 2482 4937 nunc
2533 4889 2624 4954 qui
2649 4885 2872 4941 dicitis:
2910 4885 3106 4954 Hodie,
3150 4897 3248 4942 aut
3279 4892 3517 4943 crastino
3551 4889 3731 4941 ibimus

2172 4970 2227 5024 itt
2265 4972 2408 5026 illam
2441 4974 2741 5042 civitatem,
2770 4984 2820 5029 et
2855 4975 3113 5032 faciemus
3151 4978 3224 5032 ibi
3255 4979 3473 5052 quidem
3521 4994 3728 5042 annum,

2175 5074 2230 5118 ct
2265 5065 2652 5132 mercabimur,
2687 5080 2742 5122 et
2768 5068 2981 5122 lucrum
3015 5067 3279 5124 faciemus
3310 5087 3325 5124 :
3358 5073 3448 5139 qui
3490 5073 3733 5141 ignoratis

2172 5156 2302 5226 quid
2331 5158 2436 5210 erit
2475 5158 2526 5211 in
2563 5161 2824 5216 crastino.
2855 5161 2985 5228 Quin
3035 5173 3118 5216 est
3166 5165 3311 5218 enim
3373 5165 3478 5219 vita
3527 5164 3736 5217 veStra?

2175 5265 2341 5320 vapor
2362 5260 2448 5306 est
2478 5252 2544 5306 ad
2578 5255 2850 5308 modicum
2887 5271 3106 5326 parens,
3133 5267 3188 5311 et
3219 5257 3472 5329 deinceps
3493 5259 3736 5312 extermi-

2175 5343 2415 5399 nabitur.
2453 5343 2561 5399 Pro
2592 5361 2658 5400 eo
2711 5358 2766 5402 ut
2799 5347 2994 5401 dicatis
3025 5364 3042 5400 :
3095 5349 3151 5402 Si
3184 5347 3445 5404 Dominus
3496 5350 3732 5415 voluerit,

2173 5444 2226 5486 et
2262 5451 2276 5490 :
2319 5435 2375 5487 Si
2403 5436 2719 5501 vixerimus,
2779 5436 3039 5492 faciemus
3094 5439 3215 5504 hoc,
3242 5450 3337 5495 aut
3388 5441 3534 5495 illud.
3581 5437 3740 5490 Nunc

2174 5537 2355 5578 autem
2384 5527 2666 5581 essultatis
2692 5528 2748 5581 in
2784 5528 3056 5597 superbiis
3083 5533 3302 5587 vestris.
3362 5529 3538 5586 Omnis
3557 5527 3740 5581 emul-

2175 5623 2307 5672 tatio
2335 5621 2478 5686 talis,
2508 5621 2741 5692 maligna
2770 5631 2872 5677 est.
2894 5620 3098 5676 Scienti
3133 5624 3297 5694 igitur
3326 5624 3514 5681 bonum
3537 5621 3740 5685 facere,

2175 5723 2229 5766 et
2260 5728 2364 5767 non
2401 5711 2643 5780 facienti,
2678 5723 2956 5783 peccatum
2987 5723 3068 5770 est
3093 5713 3187 5770 illi.
