3946 6170
205 316 305 383 871

1398 304 1473 375 Β.
1506 312 1737 372 PETRI
1784 309 2153 371 EPISTULA
2193 312 2240 372 i.

3349 312 3460 376 873

273 427 425 505 [Πομ.
468 428 560 500 v.1
600 425 756 498 Agite
794 432 959 489 nunc,
992 425 1208 489 divites,
1259 423 1469 493 plorate
1515 424 1787 477 ululantes
1823 434 1865 488 Α
1896 420 2276 476 Suﬂ‘erentiam
2300 419 2405 475 Job
2433 420 2680 486 audistis,
2705 432 2763 477 et
2789 420 2951 477 tinem
2987 412 3196 480 Domini
3231 428 3465 487 vidistis.

206 526 259 578 in
286 525 519 579 miseriis
549 523 767 585 vestris,
822 535 943 590 quae
1002 519 1294 573 advenient
1349 517 1520 572 vobis.
1577 516 1785 571 Divitiae

209 624 395 670 vestra:
451 614 773 684 putrefacta:
795 622 973 667 sunt:
1024 619 1079 664 et
1143 609 1468 665 vestimenta
1519 620 1696 662 vestra
1751 623 1781 661 a

206 705 363 759 tineis
399 713 645 758 comesta
675 712 827 758 sunt.
860 700 1065 755 Aurum
1106 710 1163 753 ct
1194 709 1480 766 argentum
1544 708 1785 752 vestrum

208 795 528 863 mruginavit
563 810 579 846 :
610 801 666 846 et
693 804 876 861 mrugo
911 804 1097 843 eorum
1134 789 1187 841 iu
1232 786 1597 841 testimOninm
1631 786 1786 839 vobis

207 885 330 948 erit,
364 893 419 937 et
452 881 803 937 manducabit
825 895 1023 935 carnes
1049 887 1257 933 vestras
1288 880 1430 931 sicut
1458 877 1615 946 ignis.
1640 877 1787 931 Thc-

203 977 521 1031 saurizastis
545 975 697 1029 vobis
725 975 860 1026 iram
894 973 952 1025 in
1006 970 1321 1025 novissimis
1370 968 1585 1023 diehus.
1651 968 1790 1022 Ecce

205 1084 413 1124 merces
447 1068 849 1137 operariorum,
885 1066 978 1134 qui
1016 1070 1360 1117 messuerunt
1395 1061 1642 1131 regiones
1693 1074 1788 1114 ve-

202 1166 373 1220 stras,
398 1172 521 1228 quae
548 1156 797 1209 fraudata
825 1163 912 1210 est
937 1168 966 1207 a
1004 1153 1181 1218 vobis,
1206 1152 1449 1207 clamat:
1479 1159 1533 1204 et
1582 1150 1790 1203 clamor

200 1263 394 1303 eorum
420 1248 474 1301 iu
504 1262 663 1301 aures
692 1245 905 1299 Domini
960 1243 1200 1298 Sabaoth
1254 1242 1519 1297 introivit.
1575 1242 1787 1312 Epulati

200 1342 339 1392 estis
371 1352 533 1405 snper
560 1346 788 1399 terram,
823 1347 879 1389 et
914 1335 969 1389 in
1005 1334 1235 1389 luxuriis
1288 1333 1574 1387 enutristis
1621 1336 1789 1387 corda

204 1442 418 1491 vestra,
449 1428 503 1480 in
540 1426 625 1480 die
653 1425 965 1479 occisionis.
1018 1421 1344 1485 Addixistis,
1398 1433 1457 1476 et
1504 1421 1788 1476 occidistis

198 1520 442 1589 justum,
462 1527 517 1571 et
544 1533 653 1569 non
690 1515 888 1570 restitit
913 1514 1083 1569 vobis.
1109 1512 1388 1567 Patientes
1416 1513 1787 1581 igiturestote,

206 1610 431 1670 t‘ratres,
471 1623 642 1676 usque
680 1608 745 1660 ad
774 1608 1067 1660 adventum
1102 1604 1339 1660 Domini.
1386 1604 1527 1660 Ecce
1554 1604 1788 1674 agricola

205 1710 496 1771 exspectat
519 1699 810 1768 pretiosum
834 1695 1075 1752 fructum
1112 1706 1292 1764 terrai,
1316 1697 1586 1765 patienter
1606 1696 1790 1752 ferens

1892 514 2149 583 quoniam
2204 512 2508 567 misericors
2573 513 2838 569 Dominus
2875 524 2985 578 est,
3039 525 3097 570 et
3149 517 3461 571 miseratur.

1894 605 2033 658 Ante
2061 604 2243 659 omnia
2266 614 2471 672 autem,
2493 604 2688 661 fratres
2713 614 2837 674 mei,
2867 606 3033 661 nolite
3058 606 3267 677 iurare.
3295 625 3470 676 uertite

1893 714 1991 768 per
2016 696 2243 760 coelum,
2275 711 2453 766 neque
2476 712 2575 765 per
2599 704 2823 764 terrain,
2872 713 3047 769 neque
3101 699 3247 754 aliud
3296 706 3471 770 quod-

1893 805 2109 859 cunque
2157 792 2551 861 juramentum.
2628 788 2713 845 Sit
2767 800 2948 846 autem
3008 805 3190 846 sermo
3250 806 3468 848 tester:

1894 879 2012 944 Est,
2037 888 2122 933 est
2156 897 2175 935 ι
2200 870 2340 944 Non,
2375 893 2520 933 non:
2556 889 2614 933 ut
2662 894 2768 932 non
2817 880 2919 934 sub
2949 878 3152 949 iudicio
3180 881 3467 939 decidatis.

1895 969 2170 1024 Tristatur
2195 970 2395 1039 aliquis
2428 969 2707 1024 vestrum?
2738 979 2875 1026 oret.
2909 970 3090 1040 Equo
3119 972 3301 1029 animo
3350 974 3470 1031 est?

1895 1061 2112 1132 psallat.
2145 1060 2459 1114 {inﬁrmatur
2486 1061 2606 1129 quis
2634 1061 2687 1115 in
2720 1061 2916 1116 vobis?
2970 1063 3192 1117 inducat
3234 1066 3467 1137 presby-

1896 1161 2043 1207 teros
2068 1151 2344 1216 Ecclesiae,
2377 1161 2431 1206 et
2462 1161 2620 1206 orent
2651 1166 2814 1221 super
2834 1167 2981 1219 eum,
3034 1164 3300 1226 ungcntes
3344 1172 3469 1213 eunt

1893 1245 2016 1298 oleo
2046 1244 2102 1296 in
2136 1244 2349 1297 nomine
2400 1242 2615 1297 Domini
2675 1254 2775 1298 :et
2830 1246 3007 1301 oratio
3068 1247 3191 1302 tidel
3246 1248 3474 1303 salvabit

1897 1333 2194 1398 inﬁrmum,
2219 1341 2277 1387 et
2299 1333 2575 1388 atleviabit
2608 1348 2731 1388 eum
2775 1334 3073 1391 Dominus:
3099 1345 3156 1393 et
3184 1339 3229 1393 si
3260 1339 3316 1393 in
3345 1354 3473 1409 pec-

1898 1426 2033 1480 catis
2058 1429 2149 1492 sit,
2184 1426 2531 1480 remittemur
2550 1425 2622 1481 ei.
2684 1427 3034 1483 Conﬁtcmini
3086 1443 3219 1502 ergo
3272 1431 3474 1489 alteru-

1898 1528 2042 1572 trum
2088 1530 2306 1589 peccata
2359 1528 2562 1585 vestra,
2615 1530 2673 1575 et
2712 1531 2866 1577 orate
2939 1538 3041 1594 pro
3103 1525 3362 1592 invicem,
3413 1537 3475 1583 ut

1897 1611 2474 1666 salt'etninizmuilum
2518 1611 2664 1666 enim
2756 1610 2898 1670 valet
2968 1615 3282 1686 deprecatio
3340 1618 3475 1690 justi

1898 1702 2139 1757 assidua.
2170 1698 2318 1757 Elias
2352 1701 2516 1756 homo
2544 1714 2661 1757 erat
2694 1707 2890 1760 similis
2942 1708 3102 1763 nobis
3159 1711 3471 1779 passibilis:

205 1793 387 1846 donec
413 1792 643 1860 accipiat
673 1802 1103 1859 temporaneum,
1133 1799 1189 1845 et
1216 1789 1542 1844 serotinum.
1570 1788 1790 1844 Patieu-
1824 1802 1866 1856 Β
1894 1802 1948 1847 et
1979 1793 2226 1847 oratione
2252 1794 2451 1860 oravit,
2492 1802 2683 1849 utnon
2719 1795 2933 1865 plueret
2963 1814 3127 1866 super
3167 1809 3397 1869 terram,
3421 1812 3477 1857 et

205 1894 299 1937 tes
332 1885 493 1955 igitur
524 1893 697 1938 estote
716 1893 770 1937 et
801 1897 917 1947 vos,
957 1892 1012 1936 et
1035 1882 1356 1937 confirmate
1389 1882 1554 1937 corda
1580 1893 1785 1946 vestra,

204 1978 469 2046 quoniam
500 1977 765 2030 adventus
803 1973 1016 2028 Domini
1071 1974 1550 2043 appropinquavit.
1614 1972 1792 2027 Nolite

210 2067 599 2134 ingemiscere,
628 2063 849 2127 fratres,
883 2062 938 2116 in
973 2062 1321 2128 alterutrum,
1382 2071 1443 2115 ut
1504 2074 1614 2114 non
1651 2059 1794 2130 judi-

205 2156 441 2210 ceruini.
478 2156 805 2225 Eecejudex
855 2164 981 2207 ante
1034 2151 1255 2221 ianuam
1309 2151 1540 2207 assistit.
1592 2151 1793 2205 Exem-

207 2248 365 2316 plum
422 2249 672 2316 accipite,
724 2245 942 2310 fratres,
991 2245 1174 2299 exitus
1237 2243 1385 2309 ntali,
1462 2244 1689 2310 laboris,
1740 2253 1800 2297 et

207 2338 519 2407 patientiae,
554 2337 866 2406 prophetas,
898 2333 989 2404 qui
1042 2334 1207 2389 locuti
1271 2342 1403 2389 sunt
1457 2333 1511 2387 in
1576 2332 1797 2387 nomine

209 2431 469 2485 Domini:
498 2431 635 2485 Ecce
662 2428 1035 2485 beatiﬁeamus
1073 2442 1193 2489 eos,
1234 2426 1330 2496 qui
1386 2426 1792 2481 sustinuerunt.

1900 1898 2005 1938 non
2032 1882 2167 1952 pluit
2190 1898 2361 1938 annos
2382 1891 2514 1950 tres,
2549 1896 2604 1940 et
2622 1901 2835 1943 menses
2866 1904 2981 1944 sex.
3004 1890 3241 1947 Rursum
3272 1894 3474 1959 oravit,

1898 1973 2169 2027 eternium
2218 1972 2369 2026 dedit
2421 1972 2683 2042 pluviam,
2708 1986 2764 2031 et
2809 1986 2951 2033 terra
3014 1981 3163 2035 dedit
3224 1982 3467 2038 fructum

1900 2076 2081 2117 suum.
2108 2058 2325 2117 Fratres
2342 2062 2471 2131 mei,
2510 2064 2557 2119 si
2588 2064 2715 2134 quis
2750 2081 2814 2122 ex
2848 2068 3001 2125 vobis
3027 2073 3293 2127 erraverit
3314 2090 3347 2127 a
3384 2088 3479 2129 ve-

1905 2152 2083 2219 ritate,
2107 2164 2165 2208 et
2183 2156 2507 2210 converterit
2530 2156 2655 2226 quis
2681 2172 2830 2223 eum,
2846 2161 2988 2215 scire
3021 2163 3198 2229 debet,
3216 2165 3477 2234 quoniam

1902 2246 1996 2315 qui
2029 2247 2272 2301 coorerti
2328 2244 2525 2302 fet-erit
2590 2258 2931 2317 peccatorettt
2994 2255 3065 2310 ab
3123 2268 3316 2311 errore
3378 2257 3480 2311 vit

1903 2352 2039 2403 suae,
2068 2338 2299 2394 salvabit
2322 2339 2561 2395 animam
2586 2340 2701 2410 ejus
2721 2357 2753 2395 a
2777 2352 2971 2409 morte,
2992 2347 3268 2416 etoperiet
3292 2348 3479 2403 multis

1906 2426 2149 2482 tudinem
2180 2440 2549 2497 peccatorum.

1148 2549 1385 2616 Explicit
1423 2548 1669 2618 Epistula
1698 2549 1973 2603 Catholica
2000 2548 2065 2602 Β.
2091 2549 2282 2603 Jacobi
2311 2552 2561 2621 apostoli.

1915 2735 3457 2760 mw

963 2902 1131 3012 Β.
1196 2900 1774 3010 PETRI
1846 2898 2747 3013 APOSTOLI

1706 3114 1998 3175 lNCiPI'I‘

695 3276 1977 3453 EPISTULA
2138 3270 3014 3454 PRIMA.

289 3656 473 3729 [Cap.
508 3651 591 3723 1.]
628 3652 818 3705 Petrus
840 3650 1117 3719 apostolus
1168 3647 1297 3705 Jcsu
1343 3649 1569 3717 Christi,
1617 3652 1805 3706 eiectis
1833 3662 1875 3731 (_;
1911 3665 2091 3708 tantes
2120 3656 2173 3707 in
2203 3654 2374 3725 quod,
2406 3654 2488 3708 vel
2523 3655 2688 3723 quate
2720 3662 2934 3722 tempus
2955 3654 3289 3727 signiﬁcaret
3315 3658 3371 3714 in
3399 3661 3482 3715 eis

206 3744 836 3812 advenisdispersionis
870 3741 1047 3806 Ponti,
1108 3741 1353 3806 Galatiae,
1422 3743 1806 3813 Cappadociae,

206 3846 392 3905 Agim,
426 3851 475 3894 et
532 3837 820 3907 Bithyniae,
904 3835 1203 3889 secundum
1264 3834 1665 3901 praescientiatn
1715 3834 1805 3888 Dei

208 3936 439 3997 Patris,
484 3933 536 3985 in
588 3927 1073 3984 sanetiticationem
1132 3924 1392 3993 Spiritus,
1445 3928 1495 3978 in
1546 3925 1808 3980 obedieno

202 4032 396 4087 tiam,
430 4035 481 4078 ct
506 4021 878 4090 aspersionem
907 4017 1186 4086 sanguinis
1238 4017 1365 4071 Jesu
1397 4016 1597 4071 Christi
1636 4017 1809 4072 :Gra-

201 4123 290 4173 tia
343 4117 495 4170 vobis
524 4125 574 4168 et
607 4129 714 4181 pax
752 4112 1161 4178 multiplicetur.
1198 4109 1525 4163 Benedictus
1580 4108 1722 4162 Deus
1756 4118 1810 4161 ct

196 4213 391 4264 Pater
427 4208 637 4259 Domini
667 4203 839 4257 nostri
898 4202 1026 4257 Jesu
1057 4201 1283 4264 Christi,
1353 4204 1445 4268 qui
1508 4201 1806 4255 secundum

194 4300 660 4356 ritisericordiam
695 4310 850 4350 suam
907 4308 1157 4359 magnam
1208 4293 1549 4361 regeneravit
1604 4308 1701 4346 nos
1756 4296 1806 4345 in

1914 3746 2149 3815 Spiritus
2187 3745 2385 3799 Christi
2436 3762 2451 3799 :
2490 3747 2859 3815 prmnuntians
2894 3760 3009 3813 eas,
3040 3763 3161 3817 quae
3214 3750 3269 3803 in
3320 3750 3487 3808 Chri-

1911 3848 1999 3893 sto
2016 3848 2165 3900 sunt,
2192 3838 2494 3907 passiones,
2538 3848 2590 3892 et
2648 3838 2983 3908 posteriores
3023 3840 3256 3907 glorias:
3284 3848 3484 3912 quibus

1914 3930 2213 3985 revelatum
2261 3938 2367 3992 est,
2454 3930 2582 3999 quia
2637 3944 2745 3984 non
2857 3930 3267 4002 sibimetipsis,
3333 3938 3489 3992 vobis

1911 4028 2089 4072 autem
2122 4018 2508 4072 ministrabant
2559 4034 2646 4083 ea,
2676 4034 2817 4088 quae,
2877 4036 3019 4074 nunc
3057 4021 3298 4076 nuntiata
3358 4036 3489 4079 sunt

1915 4109 2067 4162 vobis
2098 4124 2196 4177 per
2228 4122 2343 4170 eos,
2369 4110 2460 4176 qui
2512 4110 3021 4174 cvangelizavet'unt
3080 4112 3255 4175 vobis.
3277 4113 3483 4182 Spiritu

1912 4210 2103 4254 sancto
2145 4200 2311 4253 misso
2334 4203 2403 4254 de
2430 4201 2593 4264 calo,
2622 4201 2675 4255 in
2725 4217 2885 4269 quem
2941 4203 3254 4259 desiderant
3308 4204 3483 4273 angeli

1913 4292 2245 4359 pI'OSpiCCI'e.
2280 4286 2504 4359 Propter
2533 4292 2678 4359 quod
2704 4292 2966 4346 succincti
3030 4292 3243 4349 lumbos
3290 4297 3487 4349 mentis

186 4412 384 4463 spent
416 4394 615 4451 vivam,
674 4401 768 4457 per
834 4384 1292 4439 resurrectionem
1346 4381 1473 4437 Jesu
1513 4382 1716 4437 Christi
1745 4397 1806 4434 ex

186 4482 485 4542 mur-tuis,
520 4478 574 4531 in
600 4476 968 4529 hereditatem
1013 4472 1501 4541 incorruptibileni,
1531 4480 1587 4525 et
1626 4472 1811 4524 incon-

183 4576 600 4635 taminatant;
634 4578 681 4619 et
721 4564 1249 4626 ittttttarcescibiieut,
1309 4572 1694 4616 conservatam
1756 4561 1807 4613 in

179 4668 385 4721 cretis
412 4664 465 4712 in
513 4664 683 4723 vobis,
711 4658 800 4725 qui
844 4658 895 4709 in
928 4657 1124 4709 virtute
1165 4655 1258 4709 Dei
1306 4655 1651 4709 custodintini
1716 4671 1811 4721 per

176 4764 389 4813 [ide-nt
442 4754 495 4804 in
554 4750 809 4812 salutem,
865 4758 1110 4815 paratam
1172 4744 1404 4801 revelari
1465 4746 1518 4798 in
1564 4754 1810 4811 tempore
1914 4740 2126 4795 vocavit
2149 4750 2261 4799 vos,
2289 4739 2580 4804 Sanctum;
2613 4741 2781 4808 etipsi
2829 4741 3047 4794 inomni
3084 4744 3495 4798 conversatione

176 4848 554 4906 novissimo.
583 4840 639 4894 lu
678 4855 786 4909 quo
821 4837 1201 4893 exsultabitis:
1262 4838 1530 4891 modicum
1587 4853 1729 4891 nunc
1766 4840 1808 4892 s't
1913 4834 2086 4889 sancti
2118 4836 2269 4887 sitis:
2300 4836 2551 4896 quoniam
2586 4833 2847 4899 scriptum
2872 4843 2995 4886 est:
3062 4832 3252 4888 Sancti
3312 4838 3492 4902 eritis,

168 4947 452 5014 oportet
482 4934 789 4988 contristari
824 4934 874 4985 in
914 4932 1077 4985 variis
1115 4930 1537 4985 tcutationibus:
1573 4940 1628 4983 ttt
1682 4946 1811 4997 μω.
1845 4995 1884 5014 ἢ
1913 4929 2172 4995 quoniam
2200 4942 2303 4995 ego
2336 4920 2570 4977 Sanctus
2597 4938 2737 4975 sum.
2766 4914 2902 4976 Etsi
2963 4934 3175 4992 patrem
3224 4924 3495 4981 invocatis

171 4995 367 5089 1,;uo
414 5040 606 5080 vestne
642 5025 763 5078 lidei
798 5024 970 5076 multo
1002 5022 1287 5092 pretiosior
1319 5036 1452 5074 auro
1488 5021 1666 5089 (quod
1714 5037 1809 5089 per
1845 4995 1886 5047 θ
1914 5014 2175 5083 enm,qui
2208 5018 2326 5066 sine
2347 5013 2662 5077 acceptione
2680 5024 3031 5078 personarum
3066 5011 3275 5081 iudicat
3298 5028 3493 5068 secnu-

168 5133 411 5200 ignem
451 5117 1087 5189 probatur)inveniatur
1113 5120 1163 5166 in
1202 5114 1436 5179 laudem,
1468 5124 1521 5166 et
1556 5114 1807 5181 gloriam,
1922 5111 2044 5160 dum
2127 5104 2555 5174 uniuscujusque
2629 5119 2789 5172 opus.
2851 5104 2907 5157 in
2970 5106 3168 5159 timore
3225 5098 3491 5160 iaculatus

162 5196 232 5276 et
274 5222 601 5277 honorem,
636 5208 1037 5263 inrevelatinne
1059 5204 1182 5259 Jesu
1212 5206 1412 5259 Christi
1453 5221 1656 5274 :quem
1686 5220 1807 5259 cum
1922 5200 2082 5253 vestri
2114 5209 2353 5265 tempore
2410 5197 2829 5251 eont'ersatttini.
2887 5196 3133 5252 Scientes
3190 5196 3332 5265 quod
3380 5212 3488 5251 non

165 5327 303 5367 non
340 5302 631 5365 tuleritis,
661 5299 915 5368 diligitis,
959 5298 1011 5349 in
1040 5313 1197 5363 quem
1244 5310 1391 5349 nunc
1420 5306 1639 5364 quoque
1700 5311 1804 5347 nou
1914 5291 2365 5359 corruptibilibus
2396 5306 2526 5342 auro
2553 5290 2630 5343 te!
2663 5298 2886 5360 argento
2915 5289 3175 5358 redempti
3233 5288 3370 5343 estis
3423 5289 3492 5342 de

166 5406 484 5457 videntes
507 5392 1098 5449 creditiszcredentes
1131 5399 1305 5441 autem
1347 5386 1805 5440 exsultabitishe-
1921 5399 2053 5436 v.ma
2110 5397 2287 5436 vesmt
2353 5382 2770 5435 conversatione
2836 5393 3071 5451 paterna:
3138 5380 3488 5435 traditionis:

166 5499 309 5552 titia
361 5482 1186 5551 inenarrabili,etglorilieata.
1238 5479 1596 5547 Reportantcs
1650 5480 1808 5531 liuent
1918 5477 2013 5529 sed
2035 5476 2270 5544 pretioso
2295 5480 2556 5542 sanguine
2580 5476 2731 5544 quasi
2765 5466 3232 5542 agniimutaculatt
3260 5470 3489 5538 Christi,

164 5587 317 5644 ﬁdei
364 5588 605 5639 vestrm,
646 5576 879 5631 salutem
943 5574 1271 5626 animarum.
1331 5570 1405 5625 De
1468 5586 1569 5639 qua
1636 5574 1809 5623 salute
1916 5580 1973 5621 et
2012 5566 2809 5636 incontaminati:pt-meogititi
2845 5564 3058 5634 quidem
3120 5572 3245 5617 ante
3303 5566 3492 5620 mundi

163 5673 640 5748 exqttisicrunt,
697 5677 858 5734 atque
929 5672 1161 5719 scrutati
1194 5673 1321 5716 sunt
1369 5664 1665 5731 prolihettc,
1723 5662 1813 5732 qui
1921 5660 2386 5723 constitutionem,
2422 5659 2749 5713 inanil‘estati
2779 5669 2960 5714 autem
2986 5656 3300 5713 novissimis
3358 5668 3497 5712 ten»

162 5762 593 5831 defuturam
630 5759 783 5813 vobis
837 5758 1009 5828 gratia
1070 5757 1533 5827 prophetsverunt
1586 5771 1599 5807 :
1666 5771 1815 5808 διε-ιτα
1926 5752 2149 5821 poribus
2187 5762 2399 5821 propter
2440 5768 2556 5818 vos,
2596 5752 2688 5826 qui
2748 5766 2849 5820 per
2888 5752 3065 5825 ipsum
3124 5751 3309 5809 ﬁdeles
3358 5751 3496 5809 eali!

1912 4388 2126 4440 vestrae.
2167 4379 2335 4432 sobrii
2363 4379 2604 4447 perfecte
2635 4388 2850 4449 sperate
2877 4382 2931 4435 in
2982 4397 3124 4444 eam,
3153 4398 3273 4451 qua:
3319 4383 3490 4438 utier-

1913 4480 2002 4523 tur
2032 4468 2204 4530 vobis,
2240 4468 2497 4537 gratiam,
2530 4471 2580 4521 itt
2640 4469 3023 4524 revelationeut
3049 4469 3181 4525 .Iestt
3231 4471 3442 4526 Christi
3470 4489 3487 4525 :

1910 4560 2064 4628 quasi
2086 4557 2181 4609 lilii
2203 4556 2543 4623 obedientiie,
2577 4559 3013 4629 nonconligurati
3043 4560 3315 4629 prioribus
3341 4562 3494 4630 igno-

1912 4650 2101 4702 rantia:
2135 4659 2323 4700 vestrae
2350 4647 2634 4700 desideriis
2663 4666 2677 4701 :
2710 4649 2802 4702 sed
2865 4652 3161 4703 secundum
3217 4666 3364 4714 eum,
3399 4652 3492 4719 qui
