3946 6170
481 312 586 374 879

1402 311 1458 371 S.
1505 307 1944 370 lIlEllONYb-ll
1991 306 2258 368 DlVlNA
2303 297 2832 365 BlBLiO'fl-IECA.

3621 285 3744 352 $80

480 429 534 481 in
568 428 702 491 Deo,
730 426 817 494 qui
847 424 1127 480 suscitavit
1156 436 1276 476 eum
1305 437 1333 474 a
1389 421 1643 482 mortuis,
1695 430 1745 476 et
1795 421 1939 473 dedit
1999 420 2045 472 ei
2090 433 2123 478 Α
2158 417 2290 471 ιιιίιιῐ
2327 417 2552 487 vestigia
2575 414 2716 484 ejus.
2762 413 2862 478 Qui
2897 417 3172 478 peccatum
3201 421 3302 459 nou
3329 404 3473 466 fecit,
3509 417 3633 459 nec.
3661 405 3748 456 in-

479 519 723 590 gloriam,
764 530 820 570 ut
848 518 978 570 fides
1004 525 1201 573 vestra.
1233 523 1286 567 et
1318 525 1441 583 Spes
1473 522 1621 568 esset
1655 514 1705 566 iu
1743 512 1868 566 Deo.
1922 511 2051 566 'Aui-

482 627 594 664 mas
617 619 824 664 vestras
847 606 1207 663 castificautes
1242 605 1294 658 in
1327 605 1632 660 obedientia
1665 603 1966 668 cliaritatis,
1999 603 2049 656 in

479 700 842 754 fraternitatis
926 713 1132 762 amore,
1193 696 1422 766 simplici
1487 712 1553 750 ex
1610 697 1772 750 corde
1822 695 2052 748 invicem

479 793 685 862 diligite
717 791 974 846 attentius
1007 807 1020 848 :
1051 789 1224 844 renati
1266 804 1370 842 non
1413 804 1476 843 ex
1526 789 1733 842 semine
1783 786 2053 856 corrupti-

480 884 712 948 bili,sed
771 880 1166 950 inCOrrttptibili
1217 896 1310 950 per
1374 881 1597 936 verbum
1670 879 1762 934 Dei
1821 880 1944 943 vivi,
2003 887 2055 930 et

479 975 848 1044 permanentis
879 975 933 1028 in
963 983 1249 1028 :etcruum.
1292 971 1429 1038 Quia
1461 974 1640 1028 omnis
1663 988 1790 1027 caro
1859 983 1919 1026 ut
1980 971 2056 1025 fe-

481 1082 606 1119 num
633 1082 646 1120 :
674 1076 728 1120 et
751 1066 927 1119 omnis
951 1065 1118 1135 gloria
1153 1065 1268 1133 ejus
1305 1075 1560 1133 tanquam
1585 1064 1683 1119 llos
1705 1064 1806 1118 feni
1856 1081 1869 1120 :
1925 1081 2053 1118 exa-

480 1159 592 1212 ruit
621 1157 826 1223 fenum,
860 1166 913 1210 et
945 1158 1040 1209 llos
1101 1157 1217 1226 ejus
1277 1157 1500 1210 decidit.
1586 1156 1819 1210 Verbum
1875 1166 2051 1211 autem

480 1249 692 1306 Domini
725 1262 906 1304 manet
937 1249 989 1302 in
1021 1260 1306 1302 aeternum.
1335 1247 1445 1301 lioc
1477 1255 1559 1302 est
1592 1256 1774 1300 autem
1805 1247 2051 1310 verbum,

479 1342 621 1413 quod
647 1341 1078 1409 evangelizatum
1110 1349 1191 1393 est
1223 1339 1275 1392 in
1310 1353 1427 1392 vos.

551 1431 729 1506 [Cap.
765 1430 878 1503 1L]
922 1429 1262 1501 Deponcntes
1296 1429 1462 1499 igitur
1503 1443 1717 1482 onmem
1773 1429 2055 1497 malitiam,

480 1533 532 1577 et
562 1538 775 1577 omnem
805 1522 1009 1585 dolum,
1050 1527 1105 1574 et
1152 1519 1544 1582 simulationes,
1585 1528 1639 1572 ct
1707 1519 1956 1588 invidias,
2001 1530 2058 1577 et

465 1618 673 1669 omnes
737 1613 1122 1678 detractiones,
1168 1612 1312 1666 sicut
1352 1612 1510 1666 modo
1571 1612 1737 1679 geniti
1799 1611 2053 1678 infantes,

482 1708 824 1770 rationabile,
857 1707 975 1760 sine
1005 1705 1127 1761 dolo
1153 1705 1235 1758 lac
1293 1703 1661 1770 concupiscite
1717 1715 1825 1758 :ut
1885 1705 1937 1758 in
1990 1721 2055 1759 eo

2158 520 2348 568 ventus
2367 519 2448 563 est
2465 508 2620 562 dolus
2643 508 2696 560 in
2723 520 2814 558 ore
2841 507 2957 575 ejus
2987 521 3001 556 :
3034 501 3266 570 quicum
3295 497 3746 560 malediceretur,

2158 620 2264 659 non
2300 600 2663 655 maledieehat
2701 612 2861 651 :curr.
2890 604 3189 664 pateretur,
3216 607 3319 646 non
3363 593 3751 645 comminaba-

2159 705 2303 745 tttr:
2370 689 2616 741 tradebat
2673 695 2853 739 autem
2917 681 3186 754 judicanti
3230 697 3286 736 se
3342 681 3574 750 injuste:
3646 681 3747 749 qui

2158 787 2373 852 peccata
2410 786 2590 832 nostra
2615 776 2731 846 ipse
2756 775 2983 844 pertulit
3015 773 3068 826 in
3119 786 3347 842 corpore
3395 784 3491 825 suo
3560 783 3746 838 super

2159 873 2406 944 lignum:
2470 879 2526 925 ut
2581 868 2824 940 peccatis
2875 866 3098 932 mortui,
3153 862 3378 932 iustitia:
3439 861 3748 917 vivamus:

2157 969 2312 1036 cujus
2338 968 2507 1021 livore
2536 963 2716 1019 sanati
2748 962 2906 1017 estis.
2963 960 3142 1014 Eratis
3204 955 3352 1013 enim
3413 957 3549 1010 sicut
3593 967 3747 1009 over

2154 1069 2423 1124 errantes,
2448 1058 2541 1113 sed
2575 1055 2824 1111 conversi
2885 1054 3017 1108 estis
3067 1066 3210 1106 nunc
3235 1051 3300 1104 ad
3351 1058 3626 1118 pastorem
3696 1058 3748 1101 et

2157 1152 2466 1220 episcopum
2494 1150 2796 1204 animarum
2855 1156 3179 1201 vestrarum.

2243 1244 2402 1318 {Cui}.
2433 1242 2836 1315 lll.].Similiter
2859 1250 2914 1295 et
2937 1238 3195 1294 mulieres
3225 1233 3451 1290 subditae
3475 1234 3580 1288 sint
3609 1234 3749 1286 viris

2157 1343 2269 1397 suis
2302 1355 2316 1393 :
2350 1347 2406 1394 ut
2437 1346 2489 1392 et
2515 1337 2558 1391 si
2588 1335 2677 1405 qui
2709 1348 2813 1388 non
2836 1331 3066 1387 credunt
3094 1327 3281 1392 verbo,
3317 1341 3412 1398 per
3440 1326 3746 1380 mulierum

2159 1431 2629 1489 conversationem
2654 1428 2770 1482 sine
2793 1425 2959 1480 verbo
2990 1420 3287 1488 lucrifiant,
3329 1419 3750 1475 considerantes

2160 1528 2212 1579 in
2249 1527 2440 1580 timore
2460 1516 3157 1578 castamconversationem
3211 1521 3459 1566 vestram.
3486 1509 3745 1577 Quarum

2161 1633 2268 1672 non
2300 1617 2370 1672 sit
2423 1616 2763 1668 extrinsecus
2827 1608 3168 1680 capillatura,
3227 1613 3318 1658 aut
3377 1603 3744 1658 circumdatio

2161 1709 2303 1769 auri,
2355 1702 2655 1760 indumenti
2704 1701 3146 1755 vestimentorum
3225 1698 3404 1751 cultus
3435 1711 3450 1748 :
3482 1696 3574 1748 sed
3649 1693 3741 1762 qui

479 1801 746 1856 crescatis
770 1801 823 1854 in
852 1801 1121 1854 salutem:
1155 1797 1198 1852 si
1242 1807 1417 1852 tamen
1463 1796 1744 1865 gustastis,
1801 1799 2058 1866 quoniam
2093 1808 2133 1863 Β
2165 1797 2519 1855 absconditus
2544 1805 2628 1849 est
2663 1793 2843 1848 cordis
2879 1791 3066 1855 homo,
3119 1789 3174 1843 iu
3231 1786 3746 1856 incorruptibilitaie

481 1891 659 1946 dulcis
681 1902 760 1945 est
789 1890 1068 1944 Dominus.
1123 1889 1202 1942 Ad
1235 1903 1394 1957 quem
1450 1889 1771 1942 accedentes
1818 1890 2052 1958 lapidem

481 1983 688 2047 vivum,
725 1983 791 2035 ab
827 1981 1139 2034 hominibus
1185 1979 1403 2048 quidem
1462 1979 1831 2048 reprobatum,
1863 1997 1890 2034 a
1948 1981 2058 2035 Deo

482 2083 663 2126 autem
709 2073 962 2136 el-ecmm,
997 2081 1052 2126 et
1112 2072 1526 2125 bonoriliratum
1582 2084 1597 2126 :
1658 2082 1706 2125 ct
1771 2073 1870 2140 ipsi
1934 2083 2047 2126 tan-

483 2180 640 2234 quam
679 2164 886 2234 lapides
920 2164 1023 2218 vivi
1059 2163 1592 2234 superaedilicamini,
1654 2168 1847 2218 donius
1897 2165 2058 2234 spiri-

485 2257 668 2319 tualis,
730 2257 1087 2311 sacerdotium
1162 2268 1436 2321 sanetum,
1507 2255 1703 2310 offerre
1747 2257 2058 2326 spirituales

484 2349 711 2413 hostias,
767 2349 1129 2415 acceptabiles
1186 2347 1296 2400 Deo
1367 2347 1690 2414 perJesum
1753 2347 2057 2403 Christum.

481 2441 710 2510 Propter
763 2439 904 2510 quod
964 2439 1202 2493 continet
1231 2439 1553 2507 Scriptura:
1610 2440 1746 2494 Ecce
1805 2455 1949 2510 pono
2003 2440 2056 2493 in

484 2533 612 2588 Sion
643 2533 874 2603 lapidem
893 2548 1162 2586 summum
1190 2532 1498 2603 angularem
1525 2571 1540 2596 ,
1571 2531 1824 2599 electum,
1863 2533 2059 2601 pretio-

482 2641 601 2678 sum
635 2641 648 2682 :
679 2635 728 2679 et
765 2623 858 2692 qui
885 2621 1176 2677 crediderit
1214 2622 1266 2675 i-n
1303 2635 1452 2685 eum,
1513 2638 1617 2676 non
1673 2621 2054 2677 confundetur.

485 2717 835 2784 Vobisigitur
863 2716 1038 2768 honor
1101 2713 1487 2768 credentibus:
1550 2729 1656 2768 non
1708 2713 2059 2768 credentibus

481 2809 845 2877 autem,lapis
875 2822 1039 2877 quem
1085 2805 1512 2876 reprobaverunt
1559 2805 1914 2868 aidifieantes,
1968 2807 2056 2860 hic

487 2903 664 2956 factus
698 2910 781 2954 est
817 2901 870 2952 in
897 2907 1060 2968 caput
1123 2897 1328 2966 anguli,
1358 2906 1413 2950 et
1447 2897 1586 2966 lapis
1621 2896 1962 2962 offensionis,
2002 2906 2058 2950 et

487 3001 636 3060 petra
674 2990 936 3051 scaudali,
977 2991 1061 3045 his
1081 2988 1467 3058 quiotfeudunt
1499 2989 1682 3055 verbo,
1710 3004 1807 3044 nec
1834 2989 2060 3044 credunt

483 3085 536 3138 in
565 3099 671 3153 quo
704 3094 756 3137 et
796 3083 956 3149 positi
989 3092 1132 3136 sunt.
1198 3083 1302 3138 Vos
1337 3089 1517 3134 autem
1575 3095 1744 3147 genus
1801 3079 2056 3144 electum,

2162 1890 2352 1961 quieti,
2384 1897 2436 1942 et
2475 1885 2704 1941 modesti
2733 1883 2976 1952 Spiritus,
3020 1881 3112 1948 qui
3145 1887 3224 1934 est
3248 1880 3300 1932 in
3326 1888 3616 1946 conspectu
3655 1877 3745 1930 Dci

2160 1983 2422 2053 lutuples.
2451 1980 2540 2034 Sic
2575 1979 2718 2033 enim
2773 1975 3062 2042 aliquando
3109 1981 3163 2026 et
3209 1978 3408 2026 sanctae
3456 1970 3743 2032 mulieres,

2159 2085 2441 2145 Sperantes
2475 2075 2526 2125 in
2560 2073 2689 2136 Deo,
2744 2070 3011 2123 ornabant
3065 2082 3143 2130 se,
3205 2063 3457 2134 subjecta:
3497 2063 3748 2132 prepriis

2162 2169 2311 2221 viris.
2343 2165 2496 2220 Sicut
2518 2163 2652 2218 Sara
2681 2161 2970 2218 obedieth
2993 2159 3248 2223 Abrahae,
3277 2156 3550 2210 dominum
3609 2170 3743 2207 eum

2160 2275 2357 2314 vocans
2387 2277 2400 2314 :
2434 2259 2593 2328 cujus
2625 2255 2754 2310 estis
2781 2254 2901 2307 ﬁliae
2925 2249 3365 2314 .beoefacieutes,
3399 2259 3449 2304 ct
3477 2264 3584 2301 non
3602 2261 3741 2316 per-

2163 2354 2416 2408 timeutes
2445 2350 2608 2404 ullam
2640 2345 3135 2417 perturbationem.
3170 2342 3281 2396 Viri
3335 2341 3592 2397 similiter
3648 2356 3744 2394 co-

2162 2445 2470 2499 habitantes
2522 2440 2820 2496 secundum
2903 2435 3208 2500 scientiam,
3255 2433 3404 2505 quasi
3450 2431 3746 2486 inﬁrmiori

2163 2535 2380 2591 vasculo
2437 2531 2683 2587 muliebri
2737 2530 3109 2600 impartientes
3157 2529 3433 2590 honorem,
3473 2535 3745 2591 tanquam

2161 2639 2214 2681 et
2267 2624 2644 2681 colueredibus
2669 2623 2858 2692 gratia:
2909 2621 3029 2674 vitae
3059 2635 3075 2675 :
3105 2626 3164 2671 ut
3219 2632 3328 2671 non
3375 2616 3751 2685 impediantur

2161 2721 2437 2775 orationes
2466 2725 2680 2771 vestrze.
2712 2715 2771 2768 in
2821 2713 2927 2767 line
2953 2722 3158 2776 autem,
3189 2723 3378 2764 omnes
3427 2709 3749 2771 unanimes,

2161 2813 2579 2883 compatientes,
2603 2808 2964 2863 fraternitatis
2991 2812 3286 2868 amatores,
3331 2803 3746 2864 misericordes,

2163 2904 2422 2968 modesti,
2448 2901 2843 2958 humilesznon
2874 2899 3162 2953 reddentes
3185 2896 3384 2951 malum
3411 2911 3502 2964 pro
3571 2896 3748 2957 malo,

2162 3012 2258 3051 nec
2295 2995 2643 3050 maledictum
2679 3007 2778 3062 pro
2825 2990 3251 3052 maledicto,sed
3289 2990 3596 3042 econtrario
3642 2990 3747 3041 be—

2165 3087 2479 3141 nedicentes
2506 3101 2521 3141 :
2549 3084 2679 3153 quia
2717 3084 2771 3136 in
2805 3083 2906 3136 hoc
2943 3081 3292 3146 vocatiestis,
3323 3092 3381 3134 ut
3405 3083 3750 3135 benedictioc

483 3182 663 3247 I'csalc
702 3175 1087 3240 εδεετιῑοιίιιιυ.
1115 3191 1246 3245 gens
1278 3183 1486 3237 saneta,
1541 3171 1769 3242 populus
1825 3171 2057 3241 acquisi-
2083 3151 2128 3210 (ἶ
2165 3195 2283 3232 nem
2318 3151 2636 3232 haereditate
2674 3174 3019 3245 possideatis.
3043 3172 3147 3238 Qui
3205 3173 3347 3226 enim
3407 3173 3518 3226 vult
3572 3173 3744 3225 vitam

483 3271 684 3326 tionis:
716 3278 772 3322 ut
797 3271 1026 3321 virtutes
1054 3266 1386 3320 annuntietis
1412 3266 1554 3334 ejus,
1608 3266 1696 3334 qui
1725 3264 1791 3318 de
1822 3265 2058 3318 tenebris

485 3379 580 3417 v05
630 3361 911 3416 voeavitin
967 3358 1293 3412 admirabile
1344 3358 1524 3412 lumen
1575 3373 1756 3412 suum.
1803 3357 1906 3425 Qui
1961 3357 2057 3411 ali-

486 3455 704 3527 quando
725 3470 829 3509 non
861 3451 1108 3524 populus,
1143 3466 1285 3504 nunc
1337 3461 1518 3504 autem
1553 3450 1784 3520 populus
1818 3450 1932 3514 Dei,
1964 3448 2055 3519 qui

487 3566 590 3602 non
626 3546 905 3601 consecuti
938 3543 1395 3610 misericordiam,
1429 3559 1571 3596 nunc
1603 3552 1782 3597 autem
1844 3541 2057 3597 miseri-

484 3641 721 3694 cordiam
750 3637 1050 3693 consecuti.
1090 3634 1452 3699 Charissimi,
1514 3633 1742 3688 obsecro
1793 3648 1888 3688 vos
1937 3643 2057 3686 tan-

485 3749 644 3802 quam
677 3733 912 3785 advenas
949 3739 1000 3782 et
1049 3727 1362 3798 peregrinos
1391 3727 1664 3780 abstini-re
1714 3741 1808 3781 vos
1865 3743 1892 3778 a
1937 3740 2056 3779 car-

488 3825 701 3878 nalibus
724 3821 1033 3883 desideriis,
1067 3834 1189 3888 quae
1214 3819 1448 3871 militant
1474 3819 1740 3871 adversus
1791 3818 2052 3879 animam,

485 3915 955 3972 conversationem
985 3922 1217 3967 vestram
1238 3911 1381 3966 inter
1401 3922 1590 3982 gentes
1636 3911 1898 3964 habentes
1958 3912 2056 3962 bo-

488 4025 650 4066 nam:
681 4017 740 4062 ut
769 4008 822 4061 in
845 4021 932 4072 eo,
968 4007 1110 4075 quod
1141 4005 1447 4060 detrectant
1487 4004 1552 4058 de
1584 4005 1734 4058 vobis
1795 4014 2054 4072 tanquam

485 4107 547 4158 de
575 4100 1036 4164 malefactoribus,
1066 4115 1130 4153 ex
1170 4098 1324 4152 bouis
1362 4098 1625 4166 operibus
1659 4112 1755 4151 vos
1806 4098 2057 4151 conside~

485 4193 1016 4260 rautcs,glorilicent
1079 4189 1245 4243 Deum
1281 4191 1334 4242 in
1365 4191 1452 4243 die
1503 4191 1850 4243 visitatiunis.
1919 4189 2055 4242 Sub-

479 4287 608 4355 jecti
637 4286 801 4353 igitur
822 4293 995 4338 estote
1022 4282 1166 4336 omni
1203 4281 1452 4335 humana:
1509 4290 1777 4335 creatura:
1838 4288 2056 4348 prepter

486 4380 693 4433 Deum:
723 4383 836 4433 sive
868 4377 1000 4445 regi,
1024 4374 1179 4444 quasi
1212 4373 1580 4442 prwcelleuti:
1633 4375 1747 4426 sive
1802 4372 2051 4449 ducibus,

2162 3269 2410 3340 diligere,
2438 3280 2490 3323 et
2517 3269 2635 3322 dies
2697 3267 2882 3321 videre
2935 3267 3126 3331 bonos,
3158 3271 3408 3320 coerceat
3469 3265 3715 3333 linguam

2161 3376 2314 3416 suam
2347 3375 2378 3414 a
2415 3361 2574 3425 malo,
2614 3365 2666 3412 et
2709 3357 2846 3411 labia
2884 3358 3003 3426 ejus
3060 3372 3128 3410 ne
3179 3357 3468 3426 loquantur
3526 3356 3738 3410 dolum.

2163 3455 2404 3508 Decliuet
2442 3469 2469 3506 a
2491 3451 2656 3515 malo,
2689 3459 2742 3504 et
2775 3448 2940 3503 faciat
2970 3450 3171 3501 bonum
3208 3465 3224 3503 :
3251 3450 3486 3517 inquirat
3522 3463 3739 3516 pacem.-

2159 3555 2215 3598 et
2241 3550 2507 3612 sequatur
2537 3555 2678 3595 eam:
2737 3538 2873 3603 Quia
2903 3538 3047 3590 oculi
3081 3537 3293 3590 Domini
3327 3550 3486 3604 super
3530 3541 3738 3603 justus,

2159 3653 2213 3695 et
2239 3655 2399 3694 aures
2429 3639 2548 3708 ejus
2584 3639 2636 3692 iu
2682 3649 2870 3707 preces
2917 3649 3103 3686 eorum
3141 3649 3154 3685 :
3186 3631 3378 3687 Vultus
3408 3643 3585 3685 autem
3628 3631 3744 3684 Do-

2161 3734 2292 3786 mini
2320 3748 2486 3802 super
2526 3730 2787 3784 facientes:
2815 3728 2974 3781 mala.
3008 3726 3074 3779 Et
3118 3726 3244 3795 quis
3302 3736 3384 3780 est
3427 3725 3516 3793 qui
3581 3726 3747 3779 vobis:

2161 3839 2376 3891 noceat,
2410 3826 2454 3878 si
2483 3823 2606 3878 boni
2637 3821 2980 3875 :ciuulatores
3006 3819 3215 3872 fueritis
3240 3817 3264 3870 ?
3294 3816 3400 3871 Sed
3443 3826 3496 3870 et
3526 3819 3568 3870 si
3599 3818 3743 3884 quid

2161 3919 2404 3988 palitltitti
2432 3924 2648 3984 propter
2675 3913 2966 3984 justitiam,
2999 3910 3164 3965 beati.
3214 3908 3479 3963 Timorem
3549 3919 3744 3962 autem

2158 4027 2348 4065 eorum
2378 4026 2442 4062 ne
2478 4007 2791 4071 timuei'itis,
2825 4015 2878 4059 et
2911 4019 3015 4058 nou
3078 4003 3493 4057 conturbcmiui.
3548 3999 3746 4053 Domi-

2162 4120 2286 4155 num
2320 4112 2498 4154 autem
2567 4099 2847 4153 Christum
2877 4097 3214 4150 sanctilicate
3241 4095 3292 4148 in
3324 4095 3576 4148 cordibus
3645 4109 3747 4146 ve-

2160 4194 2310 4256 stris,
2369 4192 2540 4261 parati
2588 4205 2806 4257 semper
2842 4191 2909 4242 ad
2974 4187 3400 4242 satisfactionem
3458 4187 3600 4239 enini
3643 4203 3748 4254 po-

2161 4288 2330 4342 scenti
2356 4301 2448 4339 vos
2482 4283 2827 4337 rationemde
2848 4297 2932 4346 ea,
2964 4296 3083 4350 qua:
3112 4281 3163 4334 in
3187 4281 3338 4335 vobis
3370 4291 3472 4345 est,
3501 4279 3744 4348 spe.Sed

2162 4396 2282 4433 cum
2315 4379 2596 4442 modestia,
2649 4387 2701 4429 et
2771 4379 2967 4428 timore
3028 4373 3416 4428 conscientiam
3467 4373 3745 4428 habentes

486 4485 739 4540 tanquam
764 4470 831 4523 ab
857 4485 922 4524 eo
958 4468 1142 4522 missis
1184 4466 1249 4518 ad
1285 4465 1576 4520 vindictam
1609 4467 2048 4530 malefactorum,
2088 4487 2127 4540 ο
2163 4473 2355 4526 booam
2389 4490 2403 4526 :
2439 4472 2572 4524 utin
2604 4485 2690 4531 co,
2721 4469 2860 4535 quod
2891 4467 3376 4534 detrahuntvobis,
3399 4468 3741 4520 confundan-

487 4569 696 4618 taudem
727 4579 854 4616 vero
885 4564 1144 4616 bonorum
1179 4574 1194 4614 :
1245 4559 1370 4627 quia
1396 4559 1473 4611 sic
1501 4569 1584 4612 est
1645 4561 1892 4611 voluntas
1935 4556 2048 4621 Dei,

482 4661 535 4710 iit
573 4659 709 4710 bene
734 4655 993 4707 facientes
1032 4655 1406 4706 obmutescere
1471 4651 1682 4703 faciatis
1738 4652 2049 4718 impruden-

485 4761 614 4799 tum
646 4747 923 4798 hominum
954 4745 1312 4812 ignorantiam
1351 4741 1506 4808 quasi
1544 4745 1786 4794 velamen
1821 4739 2047 4807 .haben-

481 4853 559 4894 tes
601 4836 820 4890 malitia:
854 4837 1186 4897 libertatem,
1215 4833 1307 4886 sed
1339 4835 1470 4885 siem
1507 4831 1650 4885 servi
1687 4831 1801 4885 Dei.
1853 4829 2052 4885 Omnes

479 4940 782 4992 uunorate;
844 4925 1244 4980 fraternitatem
1325 4923 1534 4992 diligite
1563 4941 1577 4987 ;
1606 4924 1788 4989 _Deum
1824 4924 2050 4987 timete;

481 5036 663 5091 regem
687 5019 1062 5073 lionoriticate.
1095 5016 1278 5081 Servi,
1308 5017 1509 5070 subditi
1540 5025 1715 5069 estote
1784 5016 1837 5068 in
1903 5018 2052 5068 omni

486 5129 681 5168 umore
742 5113 994 5180 dominis.
1030 5127 1134 5163 non
1201 5118 1406 5163 tantum
1451 5110 1628 5174 bouis,
1682 5120 1735 5162 et
1770 5109 2049 5170 modestis,

489 5209 584 5262 sed
657 5205 819 5260 etiam
911 5204 1162 5272 (ὶ)εευιὶδ.
1230 5200 1355 5254 Haec
1412 5213 1496 5254 est
1569 5204 1711 5254 enim
1759 5201 1953 5270 gratia,
2005 5200 2051 5254 si

482 5301 702 5372 propter
733 5299 822 5353 Dei
866 5299 1256 5351 conscientiam
1287 5298 1521 5349 sustinet
1582 5296 1708 5364 quis
1775 5296 2048 5357 tt'istitias,

477 5397 688 5460 patiens
720 5395 936 5461 injuste.
978 5389 1105 5455 Qua:
1137 5389 1278 5442 enitn
1315 5398 1395 5441 est
1420 5388 1614 5456 gloria,
1649 5389 1692 5441 si
1741 5397 2050 5456 peccantes,

482 5495 528 5538 ει
554 5487 869 5554 colaphizati
895 5483 1130 5537 sull'ertis
1154 5483 1175 5534 ?
1195 5482 1300 5534 Sed
1327 5499 1368 5534 Si
1399 5482 1535 5534 bene
1563 5479 1822 5534 l’avientes
1847 5483 2052 5547 patien-

483 5589 566 5629 ter
639 5578 958 5639 sustinetis,
1024 5577 1136 5629 haec
1194 5587 1274 5629 est
1340 5574 1509 5642 gratia
1560 5572 1699 5639 apud
1755 5570 1946 5622 Deum.
1997 5569 2050 5621 lit

479 5673 578 5719 hoc
632 5670 774 5720 enim
840 5671 1011 5720 vocati
1044 5674 1177 5723 estis
1206 5668 1364 5736 :quia
1391 5678 1440 5719 ct
1475 5664 1724 5718 Christus
1754 5677 1942 5731 passus
1971 5672 2053 5716 est

483 5773 577 5822 pro
618 5764 797 5826 nobis,
830 5763 978 5816 vobis
1010 5763 1315 5832 relinquens
1388 5765 1712 5832 exemplum,
1769 5770 1824 5811 ut
1863 5773 2052 5827 sequa-

2159 4575 2264 4628 tur,
2286 4563 2376 4631 qui
2423 4561 2828 4616 calumniantur
2876 4567 3106 4611 vestram
3165 4559 3362 4611 bonam
3415 4559 3466 4612 in
3512 4560 3746 4614 Christo

2157 4653 2647 4708 conversationem.
2700 4649 2893 4704 Melius
2956 4660 3041 4704 est
3099 4651 3244 4704 enim
3324 4650 3742 4705 benefacientes

2156 4751 2221 4817 (si
2267 4751 2519 4800 voluntas
2574 4744 2665 4798 Dei
2717 4744 2866 4816 velit)
2900 4745 3036 4814 pati,
3091 4760 3250 4814 quam
3301 4744 3588 4798 tnalefaciet
3623 4756 3738 4800 les.

2156 4840 2290 4904 Quia
2315 4848 2367 4892 et
2398 4839 2648 4892 Christus
2677 4841 2843 4891 semel
2873 4852 2970 4906 pro
2997 4837 3238 4907 peccatis
3257 4840 3459 4892 nostris
3483 4849 3741 4892 mortuus

2154 4929 2457 4998 est,justus
2497 4945 2595 4998 pro
2625 4927 2864 4998 injustis,
2895 4939 2951 4982 ut
2977 4943 3076 4983 nos
3104 4929 3326 4983 offerret
3368 4928 3496 4994 Deo,
3536 4934 3743 4983 morti-

2157 5020 2349 5074 ficatus
2384 5021 2601 5090 quidem
2636 5034 2824 5085 carne,
2857 5020 3157 5073 viviticatus
3183 5032 3365 5073 autem
3408 5023 3613 5090 spiritu.
3675 5021 3737 5076 In

2154 5129 2265 5183 quo
2293 5125 2347 5167 et
2387 5113 2494 5178 his,
2529 5115 2620 5182 qui
2655 5113 2708 5166 in
2741 5128 2960 5167 carcere
2980 5122 3158 5177 erant,
3191 5115 3476 5182 Spirilibus
3503 5117 3740 5172 veniens

2156 5203 2467 5274 pnedicavit
2497 5220 2511 5256 :
2537 5203 2907 5272 quiincreduli
2934 5201 3153 5256 fuerant
3173 5205 3480 5271 aliquando,
3507 5204 3740 5271 qundo

2155 5297 2550 5364 exspectabant
2596 5294 2688 5349 Dei
2745 5297 3061 5364 patientiam
3091 5296 3143 5348 in
3184 5296 3380 5349 diebus
3410 5297 3532 5362 Noe,
3590 5311 3739 5351 cum

2157 5387 2659 5442 fabricareturarca
2699 5402 2714 5440 :
2746 5387 2798 5440 in
2831 5403 2933 5456 qua
2966 5390 3146 5456 pauci,
3177 5390 3226 5442 id
3255 5400 3363 5454 est,
3389 5399 3504 5443 octo
3525 5388 3740 5444 anima:

2155 5483 2320 5535 salva:
2360 5483 2511 5536 facta:
2545 5487 2671 5534 sunt
2695 5495 2792 5549 per
2848 5494 3068 5549 aquam.
3105 5482 3263 5545 Quod
3321 5492 3375 5534 et
3431 5494 3516 5533 vos
3562 5494 3742 5536 nunc

2154 5574 2350 5629 similis
2383 5574 2569 5628 forma:
2616 5574 2797 5628 salvos
2849 5573 2980 5626 facit
3033 5576 3301 5642 laptisma
3341 5593 3480 5630 :uou
3531 5577 3744 5630 Carnis

2157 5668 2419 5736 depositio
2438 5669 2700 5733 sordium,
2733 5665 2830 5720 sed
2888 5667 3235 5721 conseientia:
3291 5671 3440 5721 bona:
3488 5668 3747 5723 interro-

2156 5759 2298 5828 galia
2337 5757 2387 5811 in
2446 5759 2610 5813 Deum
2675 5773 2772 5829 per
2833 5757 3436 5814 resurrectionemIesu
3491 5758 3746 5829 Cziristr,
