3946 6170
225 291 327 357 881

1430 309 1494 370 Β.
1540 311 1773 374 PETRI
1819 317 2182 379 EPISTOLA
2231 320 2310 380 ii.

3385 312 3492 372 £32

225 408 313 475 qui
345 416 423 460 es'
461 408 510 460 in
543 408 763 464 dum”
797 411 913 476 Dei'
950 416 1250 486 δθῧίυίῖεηδ
1283 431 1536 489 "mimi".
1566 437 1622 479 ut
1679 428 1800 483 vita!
1829 453 1876 509 Α
1910 432 2206 487 alienorum
2242 435 2529 503 appetitor.
2573 431 2627 487 Si
2660 442 2838 487 autem
2877 440 2924 482 ιιι
2969 429 3335 494 Christianus,
3385 445 3490 482 non

223 509 442 556 aeterna
472 502 713 558 btet-edes
739 507 1081 566 efficerentur
1109 535 1121 570 :
1161 513 1435 584 profectus
1495 523 1546 572 iu
1584 520 1801 586 coelum,

223 590 487 659 subjectis
517 595 621 648 sibi
653 598 886 667 angelis,
915 609 968 655 et
999 607 1383 670 potestatibus,
1415 617 1468 662 et
1490 609 1803 667 virtutibus.

293 678 453 753 [ϐαρ.
481 683 593 758 ιν.]
617 685 834 744 Christo
865 692 1027 759 igitur
1061 709 1219 762 passo
1251 697 1301 750 in
1356 715 1545 765 carne,
1591 712 1644 754 et
1713 718 1806 757 vos

220 773 411 826 eadem
450 778 782 842 cogitatione
808 787 1125 852 armamini,
1159 791 1286 858 quia
1348 793 1441 861 qui
1472 809 1666 863 passus
1724 807 1806 851 est

223 864 276 916 in
307 880 504 935 carne,
533 870 700 926 desiit
733 888 760 926 a
793 878 1030 944 peccatis
1062 895 1076 943 ;
1121 891 1178 935 ut
1228 883 1337 951 jam
1381 887 1807 949 nonﬁdesideriis

222 958 533 1025 hominum,
570 965 666 1018 sed
708 967 984 1024 voluntate
1015 970 1132 1038 Dei,
1159 977 1302 1041 quod
1338 978 1605 1047 reliquum
1642 993 1725 1035 est
1751 982 1803 1036 in

220 1060 411 1114 carne,
449 1052 593 1106 vivat
619 1059 901 1125 temporis.
929 1060 1138 1118 Suﬂicit
1161 1068 1302 1120 enim
1321 1072 1650 1135 praeteritum
1670 1081 1806 1126 tem-

221 1154 324 1206 pus
353 1140 418 1196 ad
456 1145 788 1202 voluntatem
823 1155 1062 1218 gentium
1086 1161 1690 1227 consummandam,his
1714 1167 1804 1233 qui

223 1232 637 1290 ambulaverunt
685 1239 738 1294 in
799 1241 1054 1311 luxuriis,
1108 1247 1417 1316 desideriis,
1471 1255 1804 1322 vinolentiis,

223 1328 738 1398 comessationibus,
761 1338 1160 1406 potationibus,
1197 1354 1250 1397 et
1291 1345 1498 1403 illicitis
1537 1350 1804 1406 idolorum

225 1415 488 1470 cultibus.
524 1417 582 1473 in
621 1435 728 1492 quo
781 1425 1126 1486 admirantur
1185 1450 1294 1488 non
1356 1443 1809 1498 concurrentibus

222 1507 459 1578 vobis_in
506 1517 754 1570 eamdem
808 1518 1038 1576 luxuria:
1097 1527 1492 1598 confusionem,
1556 1532 1807 1603 blasphe-

232 1611 465 1658 mantes.
497 1603 597 1672 Qui
629 1607 853 1666 reddent
902 1615 1165 1671 rationem
1199 1621 1272 1686 ei,
1333 1623 1425 1691 qui
1469 1636 1689 1693 paratus
1727 1637 1806 1682 est

218 1690 473 1764 judicare
502 1696 653 1753 vivos
683 1710 739 1754 et
773 1713 1043 1760 mortuos.
1105 1706 1331 1776 Propter
1353 1690 1483 1766 ihoe
1542 1714 1686 1768 enim
1755 1725 1808 1768 et

1909 525 2194 580 erubescat
2232 543 2245 580 :
2281 526 2544 595 glorificet
2592 537 2777 579 autem
2816 524 2984 578 Deum
3019 523 3068 576 in
3098 520 3203 575 isto
3250 521 3489 573 nomine.

1908 601 2178 681 Quoniam
2225 625 2437 686 tempus
2467 626 2570 681 est,
2607 627 2663 671 ut
2695 615 2920 684 incipiat
2947 613 3212 678 judicium
3247 627 3275 664 a
3333 611 3496 665 domo

1910 709 2021 765 Dei.
2056 710 2112 764 Si
2145 720 2323 765 autem
2375 713 2606 780 primum
2638 727 2665 764 a
2715 710 2896 774 nobis,
2936 708 3057 776 quis
3099 705 3224 759 ﬁnis
3282 719 3493 759 eorum.

1906 802 1997 868 qui
2044 817 2150 855 non
2186 803 2419 857 credunt
2449 801 2541 856 Dei
2577 799 2918 872 Evangelio?
2950 800 3013 852 Et
3075 797 3120 851 si
3171 798 3350 865 justus
3410 796 3493 847 vix

1909 892 2227 958 salvabitnr,
2271 893 2472 962 impius
2507 904 2559 947 et
2623 901 2879 963 peccator
2905 892 2994 946 ubi
3045 891 3361 960 parebunt?
3393 889 3493 941 Ita-

1906 999 2011 1054 que
2044 993 2097 1038 et
2124 985 2303 1054 hi,qui
2327 987 2607 1055 patiuntur
2624 984 2920 1039 secundum
2944 983 3272 1036 voluntatem
3303 982 3416 1043 Dei,
3437 981 3493 1032 fi-

1907 1073 2266 1129 deliCreatori
2289 1076 2667 1130 commendent
2689 1076 2899 1129 animas
2922 1089 3046 1127 suas
3073 1075 3122 1125 in
3169 1071 3493 1126 benefactis.

1980 1165 2136 1238 [Cap.
2174 1165 2265 1238 ιη]
2299 1167 2558 1221 Seniorcs
2605 1182 2757 1236 ergo,
2787 1165 2877 1234 qui
2911 1165 2962 1216 in
3024 1163 3176 1217 vobis
3215 1173 3362 1223 sunt,
3401 1164 3497 1214 ob:

1907 1271 2088 1322 secro,
2123 1257 2414 1311 conseuior
2463 1267 2516 1312 et
2543 1257 2696 1312 testis
2731 1256 2932 1310 Christi
2996 1255 3307 1322 passionum
3353 1269 3367 1308 :
3401 1253 3492 1320 qui

1911 1357 1965 1401 ct
2004 1346 2144 1414 ejus,
2180 1361 2301 1416 quae
2326 1347 2378 1400 in
2417 1348 2602 1401 futuro
2656 1346 2940 1401 revelanda
2974 1353 3076 1408 est,
3111 1345 3293 1413 gioritn
3349 1357 3494 1395 com-

1911 1436 2219 1490 municator
2261 1454 2272 1489 :
2319 1437 2522 1506 pascite
2545 1437 2634 1506 qui
2672 1438 2722 1488 iu
2757 1436 2906 1489 vobis
2937 1443 3042 1499 est,
3097 1447 3310 1504 gregem
3375 1431 3492 1491 Dei,

1911 1528 2265 1597 providentes
2297 1543 2405 1583 non
2447 1528 2778 1593 coacte,scd
2830 1537 3134 1596 spomanee
3189 1521 3490 1579 secundum

1912 1621 2081 1674 Deum
2129 1636 2143 1675 :
2177 1634 2351 1689 neque
2377 1620 2553 1690 turpis
2583 1621 2718 1674 lucri
2767 1619 2961 1688 gratia,
2989 1617 3083 1672 sed
3139 1613 3442 1669 voluntarie
3479 1629 3494 1665 ε

1913 1726 2090 1784 neque
2121 1712 2540 1766 utdominantes
2565 1712 2618 1765 in
2651 1711 2834 1770 cleris,
2873 1709 2967 1764 sed
3002 1710 3180 1762 forma
3215 1706 3342 1759 facti
3376 1721 3496 1775 gre—

226 1788 457 1841 mortuis
501 1791 929 1861 evangelizatnm
965 1807 1050 1852 est
1084 1815 1099 1854 :
1137 1809 1192 1854 ut
1236 1801 1554 1870 judicentor
1591 1806 1807 1874 quidem
1845 1810 1882 1864 Β
1913 1805 1993 1875 gis
2021 1819 2083 1859 ex
2107 1805 2310 1860 animo.
2345 1803 2551 1858 Etcum
2573 1806 2882 1871 apparuerit
2915 1802 3167 1870 princeps
3191 1807 3492 1866 pastorum,

222 1881 522 1934 secundum
552 1896 744 1941 omnes
778 1887 829 1940 in
861 1902 1053 1955 carne,
1079 1891 1260 1945 vivant
1295 1906 1472 1948 autem
1510 1901 1808 1953 secundum

224 1969 396 2026 Deum
434 1971 490 2026 in
526 1975 742 2043 spiritu.
786 1977 1036 2060 Omnium
1094 1995 1270 2039 autem
1341 1986 1465 2042 finis
1519 1993 1810 2060 appropin-

223 2065 435 2132 quavit.
513 2068 702 2124 Estote
777 2057 962 2141 itaque
1011 2075 1332 2144 prudentes,
1381 2088 1436 2134 et
1489 2057 1705 2150 vigilate
1754 2085 1808 2137 in

225 2159 588 2215 orationibus.
619 2163 759 2218 Ante
783 2166 963 2218 omnia
1009 2180 1214 2234 autem,
1247 2180 1491 2226 mutuam
1518 2174 1570 2227 in
1622 2175 1808 2229 vobis-

227 2249 477 2317 metipsis
497 2251 822 2309 charitateui
854 2260 1168 2314 continuam
1204 2261 1468 2318 habentes
1493 2281 1507 2318 :
1531 2267 1655 2334 quia
1684 2267 1813 2322 cha-

226 2340 368 2396 ritas
395 2345 573 2412 operit
619 2347 1017 2405 multitudinem
1069 2363 1443 2420 peccatorum.
1501 2356 1809 2426 Hostiitales

227 2435 466 2490 invicem
520 2438 640 2493 sine
691 2445 1146 2499 murmuratione.
1209 2445 1619 2519 Unusquisque,
1667 2451 1811 2506 sicut

225 2528 440 2594 accepit
469 2531 720 2599 gratiam,
753 2533 806 2585 iu
874 2535 1194 2591 alterutrum
1228 2539 1373 2592 illam
1425 2540 1811 2597 administran-

229 2627 335 2679 tes,
380 2620 522 2673 sicut
568 2622 694 2677 boni
750 2625 1165 2694 dispensatores
1217 2631 1573 2687 multiformis
1624 2636 1812 2704 gratiae

226 2709 350 2764 Dei.
373 2709 427 2765 Si
473 2714 594 2782 quis
629 2715 888 2786 loquitur,
919 2723 1074 2788 quasi
1123 2738 1408 2778 sermones
1444 2726 1534 2780 Dei
1564 2745 1577 2781 :
1610 2728 1654 2780 si
1685 2727 1810 2797 quis
1853 2715 1857 2720 ’

233 2805 803 2880 ruin'strat,tanquam
851 2831 913 2868 ex
969 2817 1194 2881 virtute,
1244 2834 1404 2886 quam
1468 2819 1813 2875 administrat

233 2896 376 2952 Deus
412 2918 425 2954 :
457 2912 516 2956 ut
554 2904 604 2958 iu
627 2905 1288 2964 euntibushonoriﬁeetur
1323 2911 1460 2964 Deus
1495 2927 1590 2982 per
1625 2908 1810 2966 Jesum

224 2989 552 3048 Chrismm:
587 2996 671 3050 cui
717 3007 802 3051 est
843 2999 1038 3066 gloria,
1092 3010 1146 3054 et
1178 3002 1464 3069 imperium
1529 3003 1581 3055 in
1617 3003 1810 3057 satcula

225 3085 598 3141 seculorum:
637 3089 830 3144 Amen.
870 3089 1208 3156 Charissimi,
1249 3093 1416 3148 nolite
1479 3094 1810 3164 peregrinari

228 3175 282 3226 in
317 3173 554 3242 fervore,
587 3180 679 3247 qui
710 3181 773 3233 ad
813 3184 1167 3237 tettlationem
1217 3185 1365 3239 vobis
1393 3187 1474 3250 fit,
1508 3186 1662 3254 quasi
1689 3187 1808 3240 novi

229 3269 436 3337 aliquid
470 3273 618 3325 vobis
643 3274 920 3343 conlingat
955 3295 966 3329 :
1000 3277 1094 3330 sed
1115 3278 1583 3332 communicantes
1603 3275 1807 3332 Christi

229 3360 583 3427 passionibus
606 3363 855 3432 gaudete,
903 3375 960 3417 ut
1023 3375 1080 3420 et
1136 3368 1188 3421 in
1251 3369 1578 3424 revelatione
1625 3369 1810 3438 gloria:

226 3451 350 3515 ejus
377 3453 660 3518 gaudeatis
709 3456 1067 3511 exsultantes.
1100 3457 1154 3510 Si
1187 3459 1592 3525 exprobramiui
1628 3461 1680 3512 in
1711 3474 1811 3513 no-

233 3544 381 3596 mine
437 3543 669 3610 Christi,
739 3547 880 3603 beati
962 3551 1436 3618 eritiszquoniam
1528 3551 1671 3621 quod
1730 3560 1816 3605 est

230 3633 482 3696 iunioris.
530 3637 735 3704 glorim,
809 3650 863 3694 et
898 3643 1114 3696 virtutis
1176 3641 1294 3708 Dei,
1328 3649 1380 3697 et
1406 3646 1495 3711 qui
1563 3653 1648 3697 est
1697 3643 1816 3713 ejus

233 3723 496 3790 Spiritus,
527 3743 694 3798 super
722 3748 814 3787 vos
834 3735 1148 3803 requiescit.
1173 3737 1340 3791 Nemo
1366 3745 1541 3789 autem
1577 3745 1814 3790 vestrum

234 3821 491 3886 patiatur,
529 3837 583 3877 ut
612 3826 904 3892 homicida,
935 3837 1028 3881 aut
1068 3829 1172 3892 fur,
1212 3841 1302 3883 aut
1343 3829 1661 3896 maledicus,
1727 3839 1818 3882 aut

1917 1897 2228 1965 percipietis
2267 1896 2777 1952 immarcescibilem
2821 1895 3005 1965 gloriae
3070 1905 3349 1948 coronam.
3404 1889 3494 1942 Si-

1915 1988 2134 2053 militer,
2194 1988 2588 2056 adolescentes,
2653 1987 2856 2042 subditi
2929 1995 3105 2042 estote
3170 1984 3494 2049 senioribus.

1915 2080 2114 2134 Omnes
2140 2090 2322 2136 autem
2350 2080 2581 2136 invicem
2615 2079 2974 2134 humilitatem
3035 2078 3326 2137 insinuate,
3368 2076 3493 2142 quia

1914 2171 2059 2226 Deus
2089 2171 2342 2240 superbis
2396 2173 2624 2235 resistit,
2657 2171 2953 2226 lutmitibus
2983 2179 3164 2225 autem
3223 2169 3315 2220 dat
3376 2183 3494 2234 gra-

1916 2263 2068 2317 tiam.
2101 2261 2481 2318 Humiliamini
2517 2265 2682 2335 igitur
2708 2266 2809 2319 sub
2844 2263 3052 2333 potenti
3087 2275 3248 2314 manu
3303 2261 3414 2318 Dei.
3441 2268 3497 2311 ut

1916 2369 2013 2409 vos
2046 2355 2330 2412 exaltetin
2383 2365 2627 2427 tempore
2685 2355 3048 2410 visitationis:
3081 2368 3295 2408 omnem
3348 2351 3496 2405 solli-

1914 2447 2216 2504 citudinem
2256 2457 2495 2507 vestram
2539 2449 2892 2518 projieientes
2946 2449 2998 2502 in
3035 2460 3183 2511 eum,
3241 2445 3494 2514 quoniam

1915 2541 2015 2608 ipsi
2059 2557 2194 2597 cura
2239 2542 2416 2597 estde
2442 2544 2621 2597 vobis.
2653 2540 2829 2596 Sobrii
2879 2548 3075 2604 estote,
3123 2547 3179 2593 et
3239 2537 3491 2608 vigilate:

1914 2635 2040 2702 quia
2073 2634 2416 2688 adversarius
2439 2642 2618 2688 vester
2653 2632 2900 2687 diabolus
2967 2642 3221 2700 tanquam
3275 2631 3356 2681 leo
3403 2645 3495 2682 rn-

1915 2726 2066 2796 giens
2101 2725 2317 2787 circuit,
2353 2738 2604 2794 quaerens
2639 2732 2801 2792 quem
2834 2724 3057 2777 devoret
3099 2723 3224 2775 :cui
3257 2720 3496 2774 resistite

1915 2817 2085 2872 fortes
2128 2819 2178 2871 in
2216 2817 2321 2872 fide
2348 2834 2361 2870 :
2395 2817 2631 2871 scientes
2653 2815 2899 2870 eamdem
2931 2812 3240 2883 passionem
3273 2812 3344 2875 ei,
3373 2827 3497 2882 qua:

1915 2911 1968 2964 in
1997 2911 2200 2964 mundo
2230 2919 2332 2972 est,
2381 2919 2574 2963 vestrae
2609 2907 2936 2963 fraternitati
2969 2906 3110 2959 fieri.
3151 2905 3291 2959 Deus
3314 2915 3494 2957 autem

1916 3001 2096 3054 omnis
2123 3000 2332 3069 gratiae,
2383 3001 2472 3068 qui
2507 2997 2721 3051 vocavit
2782 3011 2882 3050 nos
2916 2995 2969 3049 in
3022 3004 3278 3048 aeternam
3339 3006 3494 3046 suam

1919 3093 2144 3162 gloriam
2172 3091 2224 3145 in
2258 3090 2484 3146 Christo
2518 3089 2671 3154 Jesu,
2707 3089 2976 3143 modicum
3005 3101 3191 3156 passos
3216 3086 3332 3153 ipse
3377 3098 3498 3153 pere

1918 3183 2081 3247 iiciet,
2109 3183 2479 3244 confirmabit,
2520 3183 2905 3249 solidabitqne.
2942 3179 3051 3249 Ipsi
3095 3177 3290 3248 gloria,
3316 3185 3369 3228 et
3399 3174 3500 3228 im-

1918 3279 2126 3347 perium
2151 3276 2204 3328 in
2240 3276 2437 3331 saecula
2467 3275 2813 3332 seculorum.
2841 3273 3034 3328 Amen.
3064 3269 3165 3326 Per
3213 3271 3495 3323 Silvanum

1919 3371 2128 3424 ﬁdelem
2162 3369 2387 3424 fratrem
2413 3369 2588 3434 vobis,
2612 3379 2668 3421 nt
2701 3369 2962 3430 arbitror,
2997 3367 3234 3419 breviter
3267 3361 3494 3429 scripsi:

1918 3461 2212 3515 obsecrans
2241 3470 2297 3515 et
2328 3469 2668 3524 contestans,
2702 3460 2844 3513 hanc
2867 3460 3007 3512 'esse
3047 3470 3228 3509 veram
3271 3455 3495 3524 gratiam

1917 3554 2034 3619 Dei,
2071 3554 2122 3606 in
2154 3568 2258 3623 qua
2287 3552 2465 3608 statis.
2498 3552 2708 3606 Salutat
2737 3565 2831 3605 vos
2861 3549 3125 3613 Ecclesia,
3162 3562 3280 3615 qua:
3311 3555 3391 3599 est
3443 3545 3496 3597 iu

1917 3643 2190 3716 Babylone
2226 3644 2481 3708 collecta,
2532 3651 2584 3698 et
2620 3643 2838 3697 Marcus
2877 3641 3019 3695 filius
3046 3653 3215 3693 meus.
3254 3638 3496 3690 Salutate

1917 3736 2148 3790 invicem
2183 3735 2234 3788 in
2258 3735 2451 3789 osculo
2499 3743 2710 3788 sancto.
2772 3732 2957 3786 Gratia
3020 3731 3172 3782 vobis
3217 3727 3493 3786 omnibus,

1917 3829 2005 3898 qui
2043 3827 2177 3880 estis
2213 3827 2265 3878 in
2295 3826 2514 3880 Christo
2547 3823 2696 3878 Jesu.
2736 3826 2926 3890 Amen.

1305 3964 1538 4036 Ea‘plicit
1571 3966 1811 4036 Epistula
1844 3967 1906 4019 Β.
1942 3964 2086 4018 Petri
2114 3964 2343 4034 apostoli
2383 3962 2431 4031 l.

986 4320 1156 4429 Β.
1218 4315 1800 4437 PETRI
1857 4310 2760 4428 APOSTOLI

1711 4534 2022 4616 glNCIPlT

715 4721 1796 4904 EPISTOLA

1956 4717 3018 4906 SECUNDA.

301 5203 468 5276 [ϐαρ.
501 5201 567 5270 1.]
602 5203 790 5258 Simon
848 5203 1061 5268 Petrus,
1089 5217 1280 5257 servus
1312 5209 1364 5251 et
1390 5205 1668 5266 apostoats
1693 5194 1819 5250 Jesu
1851 5194 1904 5255 D
1933 5199 2146 5265 propria
2181 5195 2351 5264 gloria
2391 5201 2446 5247 et
2473 5193 2694 5256 virtute,
2727 5203 2826 5257 per
2853 5203 3016 5260 quem
3043 5190 3277 5244 maxima
3312 5195 3364 5238 et
3384 5198 3506 5246 prc-

215 5303 462 5362 (tiu-isti,
508 5301 577 5354 iis
616 5295 710 5366 qni
743 5297 1074 5366 coaequalem
1119 5294 1401 5348 nobiscum
1456 5289 1632 5344 sortiti
1691 5299 1819 5343 sunt

219 5396 396 5444 fidem
435 5393 488 5444 in
523 5391 736 5460 jnstitia
761 5392 851 5444 Dei
881 5389 1074 5452 nostri,
1097 5397 1148 5439 et
1180 5385 1481 5439 Salvatoris
1506 5381 1632 5436 Jesu
1665 5381 1821 5435 Chri-

217 5487 327 5537 sti.
364 5484 554 5536 Gratia
585 5483 736 5536 vobis
778 5491 954 5551 etpax
997 5479 1358 5548 adimpleatur
1404 5476 1456 5530 in
1512 5474 1824 5543 cognitione

221 5575 353 5632 lh-i,
386 5581 439 5624 ιιι
464 5571 672 5625 (Πινὶμιί
702 5570 827 5626 Jesn
857 5571 1069 5624 Domini
1092 5568 1262 5623 nostri
1291 5585 1304 5622 :
1342 5565 1614 5636 quomodo
1639 5564 1822 5618 omnia

218 5666 393 5720 nobis
415 5666 618 5719 divina!
649 5665 864 5718 virtutis
887 5680 1019 5726 sure,
1053 5677 1172 5730 qute
1196 5661 1260 5713 ad
1289 5659 1474 5721 vitam,
1497 5667 1549 5711 et
1571 5658 1822 5725 pietatem

213 5760 440 5814 donata
476 5767 626 5822 sunt,
663 5775 756 5829 per
790 5757 1159 5832 cognitionem
1185 5755 1326 5824 eius,
1361 5751 1452 5822 qui
1484 5749 1694 5812 vocavit
1724 5763 1826 5806 nos

1931 5288 2070 5341 ti0sa
2109 5284 2265 5338 nobis
2294 5283 2561 5354 promissa
2618 5282 2848 5336 donavit
2891 5293 2993 5336 :ut
3016 5296 3109 5351 per
3149 5281 3258 5332 haec
3306 5275 3507 5326 eﬂicia—

1933 5378 2063 5432 mini
2096 5379 2292 5434 divinae
2324 5384 2606 5431 consortes
2637 5385 2845 5429 uaturre
2879 5390 2894 5427 :
2927 5375 3188 5443 fugientes
3221 5383 3364 5435 ρμις,
3387 5383 3505 5427 oua-

1931 5472 1984 5524 in
2027 5474 2228 5524 mundo
2261 5482 2365 5534 est,
2417 5467 2876 5536 Concupiscentia:
2921 5461 3346 5530 corruptionem.
3400 5456 3505 5512 Vos

1933 5569 2320 5614 autemcuram
2355 5572 2572 5613 onmem
2624 5554 3041 5615 subinfereutes,
3099 5549 3404 5602 ministrate
3455 5553 3505 5599 in

1936 5652 2040 5706 fide
2075 5661 2251 5706 vestra
2293 5652 2569 5709 virtutem.
2605 5651 2652 5702 in
2709 5647 2904 5700 virtute
2961 5654 3142 5699 autent
3199 5643 3510 5707 scientiam,

1937 5742 1989 5796 iu
2029 5741 2253 5803 stientia
2292 5750 2470 5797 autem
2504 5736 2915 5803 abstinentiam,
2951 5735 3014 5798 in
3065 5731 3396 5792 abstinentia
3423 5748 3517 5795 au-
