3946 6170
490 198 604 262 883

1401 201 1458 266 s.
1501 198 1944 262 HIERONYMI
1984 199 2256 261 Divisa
2297 201 2835 264 BlBLlO’l’lIECA.
3214 184 3245 206 ‘

3598 208 3683 272 ssi

488 321 596 366 rem
620 310 962 380 patientiam,
992 310 1049 368 iu
1096 309 1358 382 patientia
1415 321 1597 365 autem
1664 310 1948 380 pietatem,
2007 309 2385 380 inAeripere
2426 312 2695 383 :iniquos
2756 328 2886 369 vero
2947 315 2997 366 in
3055 312 3201 367 diem
3235 312 3412 381 judit-ii
3459 331 3688 376 reservare

485 403 692 472 pietate
733 412 913 458 autem
948 417 1190 458 amorem
1223 395 1600 467 fraternitatis,
1633 402 1689 456 in
1741 415 1929 457 amore
1968 415 2070 456 au-

490 507 595 552 tem
630 494 992 553 fraternitatis
1021 497 1364 552 charitatem.
1393 496 1520 550 Haec
1537 497 1681 552 enim
1713 497 1757 550 si
1787 495 2065 551 vobiscum

487 587 692 653 adsint,
727 600 782 645 et
837 598 1117 658 superent,
1150 603 1256 643 non
1321 602 1547 654 vacuos,
1585 603 1686 643 nee
1717 589 1836 644 sine
1886 587 2065 642 fructu

488 699 585 742 vos
616 682 948 738 constituent
981 681 1034 736 in
1077 683 1292 743 Domini
1337 683 1509 741 nostri
1539 679 1668 740 Jesu
1720 680 1925 736 Christi
1971 695 2065 735 (το-

487 777 749 845 gnitione.
766 775 863 830 Cui
889 776 1033 832 enim
1055 791 1162 830 non
1187 783 1388 845 praesto
1408 785 1540 829 sunt
1578 776 1716 839 hzec,
1739 787 1917 830 caecus
1959 782 2066 840 est,

487 879 542 923 et
570 884 732 926 manu
776 877 1019 934 tentans,
1042 867 1370 923 oblivionem
1406 866 1682 937 accipiens
1729 865 2069 936 purgationis

485 973 730 1017 veterum
758 975 984 1016 suorum
1026 962 1371 1016 delictorum.
1429 958 1792 1029 QuaprOpter,
1845 955 2068 1021 fratres,

487 1055 660 1123 magis
688 1054 941 1125 satagite,
973 1062 1031 1107 nt
1065 1069 1159 1121 per
1186 1053 1324 1108 bona
1368 1066 1530 1122 opera
1568 1061 1774 1108 certam
1823 1059 2067 1106 vestram

487 1146 830 1207 vocationem
860 1155 915 1200 et
968 1147 1291 1201 electionem
1339 1143 1552 1198 faciatis
1597 1143 1759 1200 :htec
1792 1141 1936 1198 cnim
1982 1141 2062 1194 ia-

484 1239 723 1303 cientes,
755 1253 867 1292 non
899 1239 1200 1308 peecabitis
1233 1236 1553 1308 aliquando.
1585 1236 1680 1292 Sic
1698 1235 1844 1291 enim
1897 1234 2069 1288 abun-

425 1324 432 1331 ’
486 1328 686 1382 danter
712 1327 1111 1382 rninistrahitur
1138 1327 1292 1382 vobis
1307 1327 1563 1383 introitus
1593 1326 1646 1380 in
1677 1334 1942 1380 aeternum
1985 1339 2072 1377 re—

487 1433 652 1487 gnum
707 1417 919 1472 Domini
977 1419 1253 1487 nostri,et
1303 1417 1607 1474 Salvatoris
1641 1415 1788 1489 .Jesu
1844 1414 2069 1471 ChriSIi.

492 1509 718 1581 Propter
747 1512 892 1579 quod
933 1505 1188 1581 incipiam
1224 1528 1324 1570 vos
1352 1528 1568 1583 semper
1622 1525 1970 1567 commonere
2005 1512 2074 1564 tle

489 1603 595 1669 liis,
623 1613 676 1657 et
705 1604 923 1672 quidem
957 1607 1194 1660 scientes
1242 1614 1296 1661 et
1341 1604 1692 1661 conﬁrmatos
1721 1619 1816 1658 vos
1842 1603 1895 1657 in
1934 1618 2068 1672 prae-

2170 402 2496 459 crnriandos
2529 420 2548 460 :
2584 405 2756 474 magis
2778 415 2959 460 autem
2997 419 3117 470 cos,
3145 406 3235 471 qui
3283 415 3390 472 post
3424 423 3607 465 carnem
3643 416 3688 468 in

2167 490 2612 560 concupiscentia
2660 494 3021 548 itnmuntlitia
3075 495 3371 558 ambulant,
3414 498 3682 557 dominatio.

2169 598 2405 651 nemque
2434 594 2815 650 contemnunt,
2845 585 3103 649 audaces,
3133 586 3240 638 sibi
3271 586 3689 653 placentes.sertas

2169 693 2275 731 non
2305 689 2551 733 metuunt
2607 681 2958 734 introducere
2993 679 3430 750 blasphemantes
3459 700 3473 736 :
3503 686 3582 739 ubi
3616 704 3688 741 an-

2168 771 2273 839 geli
2303 770 2627 826 fortitutﬁne
2672 783 2725 827 et
2770 770 2969 827 virtute
3029 789 3152 826 eum
3190 774 3301 828 sint
3345 777 3576 845 majores,
3606 796 3691 834 non

2169 873 2386 934 portant
2418 865 2702 920 adversum
2739 880 2799 919 se
2845 866 3181 920 exsecrabile
3210 866 3484 936 judicium.
3519 868 3571 922 lli
3592 887 3694 927 vero

2171 957 2319 1011 velut
2359 957 2753 1012 irrationabilia
2804 973 3028 1027 pecora,
3066 960 3386 1014 naturaliter
3427 960 3479 1014 in
3524 964 3692 1031 captio-

2171 1064 2292 1103 nem
2317 1059 2370 1104 et
2395 1051 2444 1104 in
2475 1048 2766 1120 perniciem
2804 1052 2858 1104 in
2901 1052 2987 1108 his
3033 1066 3158 1121 quae
3207 1055 3452 1122 ignorant
3496 1052 3696 1124 blasphe-

2173 1150 2409 1203 vitantes,
2437 1140 2492 1193 in
2525 1141 2875 1210 corruptione
2921 1157 3019 1195 sua
3065 1143 3338 1210 peribunt,
3384 1144 3694 1212 percipieates

2174 1229 2482 1283 mercedem
2520 1229 2822 1298 iniustitiae,
2856 1230 3184 1299 voluptatem
3234 1233 3586 1287 existimantes
3612 1237 3694 1289 diei

2172 1322 2395 1376 delicias
2419 1338 2434 1378 :
2466 1321 2955 1389 coinquinationcs,
2982 1335 3035 1377 et
3059 1325 3282 1379 maculzr
3302 1325 3495 1379 deliciis
3514 1327 3692 1382 allluen.

2175 1422 2282 1474 tes,
2319 1413 2374 1465 in
2417 1411 2808 1468 conviviissuis
2853 1413 3197 1468 luxuriantes
3227 1414 3517 1479 vobiscum,
3545 1416 3699 1468 oculos

2174 1502 2436 1556 habentes
2481 1503 2673 1572 plenos
2729 1502 3002 1567 adulterii,
3061 1513 3113 1558 et
3166 1505 3492 1560 inecssabilis
3535 1505 3700 1559 delicti.

2174 1595 2523 1652 Pollicientes
2589 1596 2800 1650 animas
2859 1596 3181 1661 instabiles,
3238 1613 3336 1652 eor
3387 1600 3688 1652 exerritatmn

489 1668 628 1751 senti
716 1668 968 1752 veritate.
1018 1695 1236 1755 Justutn
1313 1709 1498 1758 autem
1548 1698 1782 1752 arbitror
1836 1668 2074 1766 qua—ndiu
2109 1668 2408 1743 Bavaritia
2431 1689 2713 1753 habentes,
2760 1689 3158 1744 maledictionis
3209 1691 3350 1745 lilii:
3383 1689 3704 1759 derelinquen-

491 1803 609 1844 sutn
638 1789 695 1848 in
717 1788 819 1846 hoc
856 1789 1227 1854 tabernaculo,
1277 1793 1544 1846 suscitare
1571 1804 1666 1844 vos
1728 1790 1780 1844 in
1833 1803 2078 1842 commo-

494 1881 754 1938 nitionem
788 1897 806 1942 ε
841 1891 1021 1937 certus
1045 1883 1187 1956 quod
1217 1883 1372 1941 velox
1405 1891 1490 1938 est
1520 1882 1794 1952 depositio
1826 1881 2078 1936 taberna-

495 1973 604 2032 culi
635 1973 766 2040 lutei,
790 1975 1086 2031 serendum
1114 1975 1259 2045 quod
1297 1984 1354 2032 et
1405 1974 1665 2032 Dominus
1697 1984 1881 2030 noster
1918 1971 2083 2028 Jesus

494 2064 1092 2133 Christussignilieavit
1133 2066 1289 2122 mihi.
1337 2066 1486 2122 Dabo
1543 2075 1723 2121 autem
1754 2080 1976 2136 operam
2025 2073 2084 2120 et

497 2156 814 2225 frequenter
849 2158 1048 2212 habere
1094 2173 1190 2213 vos
1229 2167 1350 2228 post
1381 2159 1594 2214 obitum
1628 2173 1836 2223 meum,
1863 2168 1920 2212 ut
1979 2159 2079 2212 ho-

501 2265 620 2310 rum
647 2249 970 2304 memoriam
997 2249 1230 2305 faciatis.
1278 2249 1398 2305 Non
1449 2250 1595 2304 enim
1627 2251 1816 2306 doctas
1867 2249 2082 2305 fabulas

500 2343 907 2407 secuti,notam
964 2339 1193 2397 iecimus
1247 2341 1405 2397 vobis
1460 2340 1676 2397 Domini
1727 2342 1903 2398 nostri
1951 2339 2081 2396 .lcsn

501 2435 702 2493 Christi
743 2435 996 2490 virtutem
1059 2444 1114 2490 et
1170 2434 1510 2505 pmsentiam
1537 2451 1554 2490 :
1585 2434 1679 2491 sed
1713 2434 2087 2506 speculatores

502 2526 630 2585 laeti
665 2525 810 2585 illius
832 2525 1237 2595 magnitudinis.
1260 2525 1544 2594 Accipiens
1567 2527 1713 2580 enim
1735 2539 1763 2577 a
1791 2523 1900 2578 Deo
1921 2519 2084 2578 Patre

505 2619 764 2677 honorem
798 2628 850 2672 et
881 2617 1132 2687 gloriam,
1155 2631 1293 2672 voce
1321 2615 1540 2686 delapsa
1567 2617 1634 2671 ad
1673 2631 1797 2670 eum
1829 2614 2083 2682 hujusce-

505 2709 644 2771 modi
672 2725 704 2768 ιι
733 2710 1016 2778 magnifica
1049 2708 1216 2779 gloria
1249 2723 1270 2762 :
1294 2707 1392 2763 llic
1413 2718 1497 2763 est
1525 2707 1569 2761 F
1572 2707 1696 2761 ilius
1719 2721 1875 2761 meus
1917 2706 2085 2760 dilec-

508 2816 616 2868 tus,
655 2804 707 2856 in
733 2818 848 2871 quo
873 2802 1004 2861 mihi
1054 2800 1380 2870 complacui,
1415 2800 1591 2872 ipsum
1616 2799 1821 2855 audite.
1852 2796 1914 2852 Et
1943 2798 2088 2852 bane

503 2907 688 2952 vocem
716 2908 815 2954 nos
840 2892 1148 2953 audivimus
1167 2891 1237 2950 de
1255 2893 1397 2947 calo
1419 2890 1661 2957 allatam,
1691 2905 1814 2945 cum
1840 2904 2087 2944 essemus

2185 1789 2262 1833 tes
2288 1787 2494 1832 rectam
2518 1778 2688 1844 viam,
2735 1789 3081 1843 erraverunt,
3127 1780 3304 1834 secuti
3345 1780 3477 1835 viam
3526 1781 3702 1834 Balaam

2180 1884 2245 1925 ex
2276 1870 2468 1934 Bosor,
2502 1871 2598 1940 qui
2649 1871 2954 1926 mercedem
3001 1871 3312 1941 iniquitatis
3363 1873 3704 1927 amavitzcor-

2183 1961 2482 2031 reptionem
2512 1975 2640 2015 vero
2665 1961 2852 2016 habuit
2883 1979 2996 2016 sua:
3021 1963 3276 2027 vesanim,
3305 1964 3566 2032 subjugale
3608 1980 3703 2016 unt-

2185 2065 2296 2109 tnm
2329 2053 2550 2117 animal,
2579 2053 2818 2109 hominis
2847 2070 2976 2109 voce
3002 2057 3257 2124 loquens,
3307 2056 3565 2124 prohibuit
3612 2072 3708 2123 pro-

2184 2151 2361 2218 phetae
2390 2148 2782 2216 insipientiam.
2830 2149 2897 2204 lli
2952 2159 3078 2204 sunt
3126 2148 3309 2204 fomes
3355 2151 3468 2203 sine
3511 2157 3708 2218 aqna,et

2184 2243 2743 2298 nebulaaturbinibns
2795 2244 3097 2313 exagitatae,
3133 2244 3332 2313 quibus
3386 2242 3544 2312 caligo
3593 2253 3710 2296 lene-

2186 2339 2407 2390 hrarum
2432 2347 2765 2391 reservatur.
2796 2335 3041 2406 Superba
3080 2336 3224 2390 enim
3251 2335 3500 2390 vanitatis
3533 2335 3712 2402 loquen-

2187 2442 2290 2495 tes,
2326 2430 2605 2498 pellieiunt
2643 2431 2696 2485 in
2723 2430 3015 2486 desideriis
3043 2432 3229 2486 carnis
3253 2429 3478 2483 luxurie
3519 2443 3619 2490 e05,
3638 2425 3712 2494 qui

2186 2521 2460 2590 paululum
2481 2520 2765 2591 effugiunt,
2813 2523 2904 2591 qui
2964 2524 3021 2577 in
3087 2537 3280 2577 errore
3327 2528 3715 2576 eonversantut:

2186 2613 2493 2668 libertatem
2524 2614 2630 2668 illis
2673 2616 3074 2682 promittentes,
3134 2629 3258 2668 eum
3321 2614 3418 2681 ipsi
3464 2611 3591 2667 servi
3627 2611 3713 2664 sint

2186 2710 2588 2777 corruptionis:
2624 2725 2653 2762 a
2685 2723 2792 2776 quo
2831 2710 2977 2763 enim
3001 2708 3127 2778 quis
3148 2718 3437 2778 superatus
3458 2716 3556 2770 εει,
3582 2704 3714 2772 hujus

2186 2811 2241 2856 et
2270 2816 2459 2857 serv-ns
2489 2812 2594 2856 est.
2629 2790 2688 2856 Si
2727 2804 2870 2856 enim
2907 2801 3244 2869 refugientes
3299 2795 3720 2868 coinquinatioties

2191 2895 2383 2947 mundi
2411 2895 2463 2947 in
2493 2895 2800 2962 cognitione
2843 2893 3053 2948 Domini
3107 2895 3306 2956 nostri,
3365 2901 3417 2947 et
3467 2885 3720 2945 Salvatoris

505 2999 626 3045 eum
653 2983 777 3053 ipso
805 2984 858 3037 in
885 2992 1070 3046 monte
1119 2991 1330 3039 sancto.
1373 2983 1436 3038 Et
1472 2983 1740 3038 habemus
1787 2981 2083 3036 firmiorem
2112 3005 2156 3061 ο
2191 2983 2320 3040 Jesu
2369 2984 2599 3050 Christi,
2650 2987 2736 3040 his
2816 3001 3005 3040 rursus
3075 2985 3340 3054 implicati
3389 2990 3720 3052 superantur:

505 3075 879 3146 propheticum
929 3090 1235 3132 sermonem
1269 3093 1286 3134 :
1315 3076 1403 3131 cui
1428 3075 1751 3132 benelacitis
1791 3075 2078 3130 attenden-

506 3177 608 3232 tes,
644 3166 800 3236 quasi
831 3166 1063 3222 lucerna:
1090 3167 1293 3222 lucenti
1329 3168 1384 3221 in
1416 3167 1714 3237 caliginoso
1743 3167 1884 3231 loco,
1904 3164 2081 3218 donec

505 3261 624 3314 dies
651 3259 950 3320 elncescat,
977 3269 1025 3314 et
1076 3259 1270 3314 lucifer
1297 3260 1510 3312 oriatur
1540 3259 1596 3312 in
1659 3257 1919 3312 cordibus
1991 3271 2082 3310 ve-

506 3351 639 3406 stris
671 3367 686 3404 :
723 3349 826 3404 hoc
857 3350 1089 3420 primum
1136 3349 1526 3419 intelligentes,
1553 3349 1699 3419 quod
1733 3350 1911 3402 ornnis
1957 3364 2083 3416 pro-

507 3444 690 3510 t-hetia
719 3443 1018 3513 Scriptum
1058 3442 1279 3512 propria
1335 3442 1789 3511 interpretatione
1843 3457 1950 3494 non
2005 3441 2085 3493 lit.

507 3536 629 3600 Non
658 3538 800 3600 enim
838 3537 1118 3598 voluntate
1167 3536 1402 3589 humana
1443 3533 1606 3592 allata
1666 3541 1746 3586 est
1796 3528 2091 3599 aliquando

509 3629 834 3699 prophetia:
869 3629 969 3687 sed
1004 3627 1217 3697 Spiritu
1241 3636 1434 3691 sancto
1473 3624 1937 3696 inspirati,locuti
1965 3633 2090 3680 sunt

509 3720 683 3774 sancti
725 3718 816 3774 Dei
847 3719 1122 3774 homines.

581 3814 736 3887 [(Ῑιψ.
768 3807 862 3882 ιι.]
884 3807 1124 3865 Fuerunt
1154 3824 1282 3866 vero
1321 3819 1372 3864 et
1395 3809 1885 3880 pseudoprophetre
1922 3810 1972 3863 in
1996 3825 2098 3880 po-

510 3907 639 3977 pulo
675 3920 695 3972 ;
730 3901 874 3959 sicut
904 3912 961 3957 et
1004 3901 1058 3955 in
1089 3903 1240 3957 vobis
1294 3911 1451 3956 erunt
1488 3900 1733 3970 magistri
1779 3899 2097 3963 mendaces,

511 3997 603 4066 qui
645 3997 1059 4054 introducentes
1104 4005 1282 4050 sectas
1347 3993 1692 4064 perditionis,
1719 4003 1947 4055 etcum,
2003 3990 2098 4062 qui

510 4091 643 4146 emit
670 4102 789 4153 eos,
819 4085 1109 4142 Dominum
1155 4093 1376 4154 negant,
1397 4086 1830 4154 superducentes
1865 4086 1967 4140 sibi
2009 4099 2101 4141 ce-

512 4182 682 4237 lerem
709 4179 1088 4250 perditionem.
1123 4179 1188 4234 Et
1206 4179 1358 4232 multi
1388 4189 1691 4250 sequentur
1731 4195 1917 4236 eorum
1948 4182 2104 4242 luxu-

511 4279 642 4341 rias,
668 4291 765 4347 per
793 4289 933 4345 quos
963 4274 1050 4329 via
1099 4275 1348 4334 veritatis
1409 4275 1880 4343 blasphemabitur
1911 4290 1930 4330 :
1965 4286 2016 4331 et
2048 4277 2104 4331 lu

2185 3079 2330 3134 facta
2357 3090 2481 3132 sunt
2510 3079 2593 3132 eis
2614 3079 2916 3147 posteriora
2959 3079 3229 3132 deteriora
3257 3077 3542 3147 prioribus.
3571 3072 3724 3126 ldelius

2183 3171 2327 3224 enim
2343 3179 2461 3224 erat
2475 3169 2582 3225 illis
2601 3185 2702 3223 non
2726 3185 3054 3241 cognoscere
3071 3171 3207 3224 viam
3220 3167 3611 3239 justitia‘,qnam
3629 3168 3724 3231 post

2192 3262 2554 3332 agnitionem,
2589 3273 2888 3318 retrorsum
2940 3263 3184 3318 converti
3213 3262 3286 3316 ab
3337 3275 3423 3326 eo,
3475 3256 3601 3328 quod
3643 3253 3724 3306 illis

2191 3353 2449 3407 traditum
2499 3365 2819 3420 est,saneto
2877 3353 3155 3408 mandato.
3205 3351 3447 3423 Contigit
3509 3351 3635 3403 enim
3665 3343 3727 3395 eis

2192 3445 2322 3501 illud
2360 3447 2472 3500 veri
2508 3445 2775 3514 proverbii
2811 3462 2828 3500 ;
2861 3444 3030 3501 Canis
3073 3459 3329 3500 reversus
3365 3443 3432 3497 ad
3479 3454 3617 3494 suum
3655 3450 3726 3484 v0-

2192 3539 2378 3592 tnittttn
2412 3555 2428 3592 :
2457 3552 2512 3592 et
2549 3555 2564 3595 :
2601 3539 2709 3592 Sus
2740 3537 2846 3595 leta
2886 3539 2944 3592 in
2972 3537 3264 3592 volutabra
3300 3534 3421 3594 luti.

2269 3629 2424 3702 [Cap.
2460 3629 2577 3703 lll.]
2597 3630 2746 3686 llanc
2765 3645 2892 3685 ecce
2918 3630 3090 3694 vobis,
3114 3627 3452 3690 charissimi,
3473 3619 3719 3679 secundam
3747 3626 3752 3628 '

2197 3726 2381 3782 scribo
2409 3724 2722 3793 epistolam,
2746 3723 2797 3778 in
2827 3724 3026 3793 quibus
3060 3731 3301 3776 vestram
3331 3719 3507 3774 excito
3529 3718 3573 3769 in
3611 3725 3729 3765 cout-

2199 3818 2499 3875 monitione
2526 3817 2790 3871 sinceram
2813 3825 3052 3870 mentem
3078 3830 3093 3868 :
3117 3823 3173 3867 ut
3214 3827 3484 3866 memores
3521 3808 3624 3861 sitis
3659 3816 3732 3852 r0-

2201 3927 2341 3976 rutn,
2366 3925 2488 3980 qua!
2507 3909 2749 3976 praedixi,
2773 3907 3064 3963 verborum.
3083 3922 3111 3958 a
3143 3907 3354 3958 sanctis
3390 3899 3664 3970 prophetis,
3691 3903 3732 3944 rt

2202 4002 2572 4073 apostolorum
2594 4003 3337 4066 vestrorum,'przeceptorunt
3362 3993 3626 4050 Dominiet
3643 3989 3735 4040 Sal-

2205 4096 2427 4149 vatoris.
2457 4091 2564 4146 lloc
2589 4092 2821 4160 primum
2859 4090 3119 4150 scientes,
3161 4087 3310 4157 quod
3348 4086 3556 4142 venient
3581 4082 3627 4135 in
3653 4095 3731 4132 no-

2209 4185 2447 4240 vissimis
2470 4183 2659 4236 diebus
2699 4182 2752 4236 in
2789 4180 3105 4248 deceptione
3136 4177 3412 4244 illusores,
3440 4177 3587 4245 juxta
3637 4184 3737 4239 pro-

2209 4279 2355 4347 prias
2385 4274 2856 4342 concupiscentiae
2879 4271 3243 4337 ambulantes,
3263 4271 3518 4324 dicentes
3540 4285 3552 4320 :
3572 4263 3656 4320 Ubi
3674 4269 3737 4313 est

513 4369 750 4424 avaritia
775 4367 917 4424 lictis
943 4369 1126 4425 verbis
1154 4365 1221 4421 de
1267 4367 1417 4422 vobis
1466 4368 1892 4438 negotiabuntur
1925 4385 1939 4421 :
1972 4370 2096 4438 qui-
2131 4380 2174 4436 ι)
2206 4367 2514 4441 promissio,
2541 4376 2633 4420 aut
2663 4366 2931 4418 adventus
2962 4362 3117 4430 ejus?
3149 4378 3214 4416 ex
3263 4377 3380 4431 quo
3418 4361 3553 4412 enim
3597 4364 3738 4424 palrt‘s

512 4462 893 4528 husjudicium
915 4461 1026 4531 jam
1060 4460 1187 4516 olim
1211 4475 1317 4515 non
1369 4469 1590 4526 cessat;
1629 4470 1684 4516 et
1729 4461 1961 4531 perditio
2005 4476 2101 4517 eo-

515 4570 632 4607 rnm
655 4569 766 4607 non
798 4553 1078 4608 dormitat.
1113 4552 1172 4608 Si
1215 4552 1359 4606 enim
1396 4553 1538 4607 Deus
1587 4553 1797 4623 angelis
1827 4555 2100 4623 peccanti-

514 4649 618 4702 bus
649 4660 760 4700 non
788 4645 1050 4714 pepercit,
1070 4645 1163 4700 sed
1197 4645 1517 4699 rudentibus
1574 4645 1770 4701 inferni
1823 4644 2100 4700 detractos

516 4741 570 4792 in
595 4747 860 4792 tartarum
885 4735 1108 4798 tradidit
1156 4736 1501 4801 cruciandos,
1529 4735 1580 4790 in
1608 4736 1874 4806 judicium
1924 4752 2099 4791 reser-

517 4831 656 4885 vari.
686 4829 754 4884 Et
781 4829 1028 4902 originali
1061 4829 1270 4885 mundo
1297 4845 1405 4884 non
1436 4830 1699 4901 pepercit,
1727 4830 1821 4888 sed
1844 4838 2096 4885 octavum

519 4921 634 4976 Noe
659 4921 886 4990 justitia'.
909 4935 1212 4990 praeconem
1261 4921 1576 4987 eustodivit,
1610 4923 1870 4977 diluvium
1901 4923 2111 4976 mundo.

521 5011 818 5080 impiorum
863 5011 1151 5068 inducens.
1206 5009 1276 5066 Et
1327 5012 1577 5067 civitates
1641 5011 2002 5067 Sodomorum
2048 5020 2104 5065 et

519 5103 998 5160 Comen-ineorum
1062 5103 1120 5160 in
1176 5103 1420 5159 cinerem
1483 5103 1765 5174 ndigens,
1818 5104 2108 5164 eversione

519 5197 803 5254 damnavit
834 5215 849 5254 :
873 5197 1181 5264 exemplum
1205 5213 1419 5264 eorum,
1445 5199 1535 5266 qui
1568 5197 1733 5268 impio
1761 5198 1932 5252 acturi
1956 5208 2103 5262 sunt,

522 5306 776 5361 ponens;
817 5299 872 5347 et
927 5289 1131 5359 justum
1191 5289 1294 5345 Lot
1337 5305 1659 5360 oppressum
1688 5290 2105 5344 anelandorum

526 5382 751 5454 injuria,
769 5399 834 5438 ac
869 5383 1145 5438 luxuriosa
1167 5384 1589 5440 conversatione
1615 5382 1819 5453 eripuit
1843 5400 1858 5437 :
1878 5393 2105 5452 aspectu

524 5475 693 5541 enim,
718 5485 774 5531 et
802 5476 992 5530 auditu
1024 5474 1209 5546 justus
1259 5485 1426 5532 erat:
1489 5477 1744 5534 habitans
1791 5480 1933 5548 apud
1989 5492 2107 5540 eos,

523 5567 619 5638 qui
640 5566 710 5623 de
741 5567 829 5622 die
866 5569 920 5623 in
953 5568 1098 5624 diem
1140 5569 1376 5625 animam
1405 5569 1611 5640 justam
1665 5569 1869 5640 iniquis
1924 5571 2106 5641 operi-

522 5660 634 5722 bus
664 5660 1010 5721 cruciabam.
1041 5662 1204 5721 Novit
1249 5661 1514 5722 Dominus
1549 5663 1665 5740 pios
1688 5663 1754 5720 de
1803 5647 2109 5729 tentatiouc

2204 4457 2752 4522 dorrnierunt,omnia
2769 4457 2845 4510 sic
2866 4465 3212 4524 perseverant
3231 4455 3300 4507 ab
3323 4453 3481 4506 initio
3497 4457 3736 4504 creatura.

2207 4551 2357 4605 Latet
2382 4550 2529 4603 enim
2559 4563 2652 4602 eos
2685 4548 2788 4600 hoc
2819 4547 3084 4608 volentes,
3121 4545 3264 4614 quod
3295 4544 3420 4599 caeli
3441 4551 3586 4598 erant
3605 4537 3738 4604 prius.

2203 4656 2257 4697 et
2290 4653 2458 4705 terra,
2479 4642 2549 4695 de
2573 4655 2713 4708 aqua
2747 4649 2800 4692 et
2833 4653 2928 4707 per
2952 4654 3148 4707 aquam
3189 4639 3499 4692 consistens
3543 4631 3624 4686 Dei
3648 4640 3741 4679 ver-

2203 4738 2312 4791 lm:
2348 4751 2448 4806 per
2480 4751 2598 4804 quae
2630 4735 2720 4788 ille
2749 4744 2873 4791 tunc
2914 4733 3148 4786 mundus
3172 4745 3314 4801 aqua
3352 4727 3633 4782 inundatos
3673 4732 3742 4788 pe-

2207 4828 2320 4881 riit.
2348 4826 2687 4882 Cteliautvm
2715 4825 2806 4894 qui
2853 4839 2997 4877 nunc
3053 4833 3203 4889 sunt,
3238 4807 3294 4875 et
3354 4831 3536 4882 terra,
3590 4811 3739 4869 eodem

2207 4924 2375 4978 verbo
2407 4923 2626 4993 repositi
2669 4933 2813 4980 sunt,
2848 4919 2956 4990 igni
3003 4919 3265 4973 reservati
3325 4918 3381 4970 in
3413 4918 3546 4969 diem
3569 4905 3737 4981 jndicii,

2211 5031 2264 5072 et
2297 5016 2613 5085 perditionis
2637 5014 2926 5082 impiorum
2964 5013 3266 5066 hominum.
3297 5011 3479 5065 Unum
3515 5019 3630 5059 vero
3661 4998 3740 5052 hoc

2209 5123 2311 5168 non
2353 5107 2510 5160 lateat
2543 5120 2660 5168 vos,
2692 5103 3018 5170 charissitni,
3046 5104 3170 5172 quia
3208 5118 3352 5156 unus
3382 5102 3498 5154 dies
3525 5096 3649 5164 apud
3669 5087 3744 5140 Do-

2210 5200 2415 5253 minum
2442 5197 2584 5251 sicut
2615 5196 2762 5250 mille
2791 5196 2942 5259 anui,
2985 5205 3039 5250 et
3088 5196 3233 5252 mille
3290 5193 3418 5251 anni
3482 5190 3612 5245 sicut
3655 5179 3745 5232 dies

2209 5308 2365 5349 unus.
2392 5291 2507 5346 Non
2539 5291 2715 5345 tardat
2745 5290 3002 5344 Dominus
3025 5287 3446 5360 promissionem
3476 5295 3616 5338 suam
3637 5274 3746 5328 sicut

2209 5383 2427 5454 quidam
2463 5381 2809 5435 existimant:
2837 5379 2930 5433 sed
2973 5380 3238 5448 patienter
3288 5376 3400 5448 agit
3440 5374 3747 5444 proplel'VOSv

2211 5476 2402 5531 nolens
2421 5473 2630 5542 aliquos
2660 5474 2856 5537 perire,
2913 5472 3006 5526 sed
3051 5486 3240 5525 omnes
3300 5471 3372 5522 ad
3423 5459 3750 5537 poattitenlial"

2213 5568 2434 5624 reverti.
2459 5566 2718 5621 Adveniet
2747 5575 2925 5620 autem
2951 5566 3068 5621 dies
3095 5563 3338 5630 Domini,
3374 5571 3432 5616 nt
3459 5560 3542 5614 lur
3564 5575 3576 5611 :
3602 5556 3646 5608 in
3667 5559 3753 5618 ‘l"°

2212 5661 2334 5716 coeli
2373 5672 2568 5729 magno
2602 5658 2802 5730 impetu
2835 5657 3116 5725 transient,
3148 5656 3420 5712 elementa
3453 5664 3573 5708 vero
3606 5643 3753 5702 calorc
