3946 6170
265 291 374 356 835

1440 301 1504 362 B.
1539 298 1867 362 JOANNIS
1904 297 2277 357 EPISTULA
2323 297 2374 358 ῐ.

3403 290 3518 355 83‘}

274 411 579 474 solventur,
613 384 756 465 terra
796 419 1004 478 autem,
1035 420 1087 466 et
1123 427 1243 482 qua:
1265 411 1318 466 in
1352 413 1469 480 ipsa
1495 423 1622 467 sunt
1655 426 1847 480 opera.
1875 413 1926 470 Λ
1953 411 2094 465 sicut
2117 420 2167 465 et
2195 410 2550 467 cbarissimus
2575 412 2744 465 frater
2774 419 2954 465 noster
2987 407 3186 462 Paulus
3218 405 3514 461 secundum

270 512 582 559 exurentur.
611 501 746 557 Cum
779 502 946 572 igitur
976 503 1092 559 haec
1117 505 1299 559 omnia
1340 505 1686 561 dissolvenda
1715 505 1846 564 sint.

269 595 454 665 quales
482 603 699 664 oportet
725 609 822 650 vos
849 609 972 650 esse
1001 595 1053 650 in
1087 598 1296 652 sanctis
1337 597 1847 673 conversationibus

265 697 317 740 et
351 687 1090 755 pietatihus,exspectantes,
1130 698 1184 744 et
1223 699 1582 758 properantes
1632 690 1690 744 in
1736 688 1842 743 ad-

271 790 483 832 ventum
524 777 632 832 diei
668 777 898 842 Domini,
924 794 1018 847 per
1047 795 1210 848 quem
1233 781 1356 836 εαξη
1417 780 1673 837 ardentes
1728 782 1844 837 sol-

265 879 481 934 ventur,
520 881 572 925 et
603 871 865 925 elementa
898 871 1035 942 ignis
1058 872 1253 926 ardore
1298 872 1612 928 tabescent:
1659 871 1843 929 Novas

269 976 399 1016 vero
424 961 612 1027 caelos,
641 971 693 1016 et
723 977 920 1016 novam
975 972 1176 1017 terram
1214 962 1518 1016 secundum
1567 963 1839 1031 promissa

266 1054 438 1120 ipsius
508 1053 1012 1121 exspectatnus,iu
1085 1054 1288 1122 quibus
1353 1054 1560 1122 iustitia
1611 1054 1840 1111 habitat.

267 1141 493 1210 Ριομιει-
523 1144 686 1213 quod,
731 1143 1064 1209 charissimi,
1098 1143 1215 1199 haec
1244 1153 1649 1210 exspectantes,
1686 1153 1841 1199 sata-

265 1235 375 1300 gite
409 1235 744 1288 itnmaculati
780 1245 834 1288 et
864 1233 1107 1288 inviolati
1138 1237 1185 1287 ei
1223 1234 1456 1288 inveniri
1498 1235 1552 1288 in
1589 1250 1748 1304 pace.
1775 1233 1842 1287 Et

269 1323 480 1380 Domini
514 1326 685 1382 nostri
707 1326 1198 1397 longanimitatem,
1220 1327 1448 1380 salutem
1470 1327 1838 1382 arbitremini:

1953 502 2134 555 datam
2165 499 2266 554 sibi
2298 499 2612 566 patientiam
2673 500 2888 568 scripsit
2942 498 3116 561 vobis,
3172 495 3316 549 sicut
3360 504 3413 544 et
3463 493 3514 543 in

1949 591 2207 646 omnibus
2229 590 2491 658 epistolis,
2524 591 2752 658 loquens
2785 590 2837 643 in
2867 589 2944 642 eis
2973 589 3041 642 de
3074 588 3196 640 bis:
3231 586 3284 638 in
3316 583 3519 652 quibus

1948 689 2077 737 Sunt
2117 680 2363 749 qurdam
2394 679 2629 733 diuit-ilia
2689 679 2986 743 intellectu,
3044 691 3163 746 qua:
3198 672 3401 728 indocti
3463 679 3517 722 et

1947 772 2232 826 instabiies
2266 772 2584 840 depravant,
2615 772 2752 826 sicut
2791 781 2846 825 et
2899 781 3126 825 caeteras
3180 768 3514 840 Scriptnras.

1946 867 2014 917 ad
2049 879 2206 917 suam
2239 864 2479 932 ipsorum
2512 867 2890 932 perditionem.
2920 863 3032 918 Vos
3061 861 3221 930 igitur
3243 899 3274 934 ,_
3299 857 3516 918 fratres,
3563 891 3570 906 ,

1949 957 2296 1027 prascicutes
2327 958 2628 1014 custodite:
2664 973 2731 1012 ne
2765 954 3136 1030 insipientium
3177 962 3364 1004 errore
3409 955 3521 999 tra-

1947 1048 2101 1101 ducti
2135 1049 2404 1102 excidatis
2427 1064 2456 1102 a
2490 1048 2705 1118 propria
2734 1047 3005 1109 ﬁrmitate.
3035 1042 3274 1096 Crescite
3303 1053 3434 1091 vero
3465 1038 3518 1088 in

1947 1143 2123 1207 gratia
2159 1149 2213 1194 et
2239 1138 2294 1196 in
2332 1139 2641 1209 cognitione
2675 1137 2889 1191 Dmniui
2924 1133 3116 1194 nostri,
3148 1127 3522 1186 etSalvatoris

1943 1230 2072 1284 .lesn
2103 1230 2332 1285 Christi.
2361 1231 2463 1300 Ipsi
2497 1230 2688 1301 gloria,
2717 1240 2773 1284 et
2814 1242 2979 1291 nunc,
3022 1235 3076 1279 et
3105 1225 3159 1278 in
3190 1222 3330 1277 dictu
3364 1228 3520 1272 teter-

1948 1321 2153 1374 nitatis.
2190 1321 2390 1377 Amen.

1317 1446 1547 1513 Explicit
1571 1444 1816 1512 Epistola
1845 1448 1912 1507 Β,
1949 1450 2094 1504 Petri
2130 1450 2357 1516 apostoli
2385 1449 2469 1502 11.

1253 1603 1518 1613 m

271 1598 852 1614 -—-—-—-————-—M-—_

1523 1605 1709 1612 ..ο-...-
1717 1606 2082 1615 “~“*.

874 1764 1044 1875 B.
1124 1762 1940 1877 JOANNIS
2011 1766 2919 1884 APOSTOLI

1751 1979 2044 2042 INCIPIT

1172 2149 1952 2326 EPISTOLA
2047 2153 2594 2296 PRIMA.

333 2520 496 2592 (Cap.
531 2522 775 2595 l.]Quod
805 2523 906 2594 fuit
957 2526 1023 2580 ab
1081 2525 1262 2589 initio.
1310 2531 1452 2596 quod
1497 2530 1827 2595 audivimus,
1867 2538 1910 2593 Β
1941 2530 2164 2597 rissimi,
2196 2549 2302 2587 non
2356 2531 2672 2592 mandatum
2725 2549 2922 2593 novum
2972 2535 3152 2591 scribo
3190 2536 3363 2598 vobis,
3423 2532 3526 2592 sint,

263 2616 408 2683 quod
447 2618 678 2671 vidimus
711 2617 886 2672 oculis
912 2619 1136 2684 nostris,
1168 2619 1312 2686 quod
1349 2620 1752 2689 perspeximus,
1783 2633 1851 2696 et.

263 2724 460 2764 manus
498 2719 697 2763 nostra!
739 2719 1216 2766 contrectaverunt
1265 2712 1334 2766 de
1367 2714 1537 2766 verbo
1572 2714 1696 2768 vitae
1719 2753 1735 2778 ,
1782 2725 1838 2768 et

262 2801 609 2855 manifestata
639 2811 743 2866 est,
772 2812 825 2856 et
850 2803 1105 2866 vidimus,
1130 2810 1182 2856 et
1213 2811 1497 2868 testamur,
1533 2813 1588 2857 et
1621 2818 1837 2857 annuu-

263 2892 462 2946 tiamus
483 2893 830 2958 vobis,vitam
852 2906 1131 2958 aeternam,
1150 2910 1273 2963 quae
1290 2904 1406 2950 erat
1435 2895 1576 2965 apud
1598 2895 1834 2960 Patrem,

259 2993 312 3036 et
333 2985 590 3052 apparuit
612 2985 772 3040 nobis
793 3005 808 3041 :
832 2986 974 3056 quod
1001 2987 1257 3051 vidimus,
1279 2996 1334 3040 et
1381 2987 1715 3051 audivimus,
1738 3004 1837 3041 an-

262 3076 578 3129 nuntiamus
603 3077 780 3144 vobis,
797 3086 855 3130 ut
871 3089 923 3131 et
943 3094 1036 3133 vos
1053 3080 1371 3133 sociezatcm.
1389 3079 1631 3132 habeatis
1650 3077 1840 3132 nobis-

259 3182 406 3231 cum,
442 3177 493 3218 et
527 3169 758 3222 societas
787 3179 971 3222 nostra
1003 3169 1076 3222 sit
1110 3185 1234 3223 eum
1265 3171 1448 3230 Patre,
1469 3180 1520 3222 et
1543 3186 1666 3224 eum
1691 3167 1835 3223 Filio

258 3258 378 3327 t-jns
403 3257 532 3313 Jesu
574 3261 810 3316 Christo.
835 3262 900 3316 Et
926 3263 1042 3317 [nec
1073 3262 1364 3317 scribimus
1391 3263 1566 3327 vobis,
1599 3275 1656 3316 ut
1697 3279 1833 3334 gau-

262 3354 458 3414 deatis,
496 3361 549 3405 et
580 3355 830 3420 gaudium
871 3364 1110 3407 vestrum
1137 3355 1208 3408 sit
1234 3355 1475 3424 plenum.
1510 3355 1575 3410 Et
1601 3357 1714 3411 haec
1753 3365 1838 3410 est

260 3445 627 3504 aunuutiatio,
656 3459 816 3512 quam
850 3445 1160 3498 atulivitnus
1185 3447 1253 3497 ab
1272 3456 1428 3508 eo,et
1448 3457 1836 3501 annttnttatnus

261 3536 450 3588 vobis:
482 3535 750 3600 Quoniam
783 3536 924 3591 Deus
950 3538 1039 3591 lux
1081 3547 1186 3604 est,
1210 3547 1262 3592 et
1302 3540 1536 3592 tenebra:
1560 3540 1613 3594 iu
1637 3554 1703 3592 eo
1727 3555 1835 3593 non

256 3639 385 3680 sunt
421 3628 567 3681 ullae.
589 3627 645 3682 Si
679 3629 980 3684 dixerimus
1029 3629 1284 3698 quoniam
1315 3632 1633 3684 societatem
1670 3631 1836 3684 babe-

256 3737 374 3774 mus
401 3737 525 3775 cum
553 3736 638 3785 eo,
665 3732 720 3776 et
751 3723 803 3776 in
833 3723 1068 3778 tenebris
1105 3723 1448 3779 ambulamus
1471 3764 1486 3788 ,
1519 3727 1834 3790 mentimur,

254 3826 307 3867 et
332 3815 620 3870 veritatem
660 3829 764 3869 non
796 3814 1045 3870 facimus.
1077 3817 1132 3869 Si
1173 3827 1355 3872 autem
1391 3817 1444 3870 in
1490 3817 1610 3870 luce
1640 3818 1832 3870 ambu-

255 3908 460 3974 lamus,
498 3909 638 3963 sicut
672 3918 726 3963 et
756 3907 867 3977 ipse
892 3919 973 3964 est
1003 3909 1055 3962 in
1091 3909 1242 3965 luce:
1275 3911 1595 3964 societatem
1661 3911 1827 3963 habe-

258 4019 378 4053 ntus
401 4001 471 4055 ad
505 4001 760 4065 invicem,
790 4011 842 4055 et
865 4002 1083 4067 sanguis
1106 3999 1234 4055 Jesu
1265 4001 1492 4064 Christi,
1535 4001 1656 4056 Filii
1691 4003 1832 4071 Pjus,

253 4094 510 4147 emundal
547 4108 646 4147 nos
674 4094 742 4148 ab
769 4094 916 4148 omni
965 4105 1207 4163 peccato.
1241 4092 1296 4148 Si
1354 4095 1655 4148 dixerimus
1699 4111 1836 4164 quo-

254 4186 403 4238 niam
437 4197 719 4254 peccatum
749 4202 854 4240 non
890 4187 1185 4254 habemus,
1212 4187 1312 4257 ipsi
1339 4203 1442 4241 nos
1489 4187 1828 4251 seducimus,

251 4289 304 4330 et
332 4280 542 4332 veritas
571 4278 623 4331 iu
656 4279 810 4334 nobis
838 4293 942 4334 non
979 4289 1084 4334 est.
1117 4280 1172 4333 Si
1207 4284 1568 4334 conﬁteantur
1600 4292 1822 4349 peceata

251 4379 473 4434 nostra;
510 4371 682 4424 Iidelis
707 4380 810 4435 est,
844 4381 899 4424 et
921 4371 1118 4440 justus,
1161 4380 1220 4426 ut
1266 4375 1500 4427 remittat
1533 4373 1690 4426 nobis
1712 4389 1838 4439 pec-

249 4475 373 4516 cata
401 4473 609 4524 nostra,
633 4471 688 4517 et
719 4463 976 4517 emundet
1011 4479 1106 4517 nos
1131 4465 1198 4517 ab
1231 4464 1379 4516 omni
1435 4463 1742 4533 iniquitate.
1778 4461 1834 4516 Si

248 4552 553 4606 dixerimus
595 4553 854 4622 quoniam
908 4567 1012 4606 non
1074 4553 1462 4620 peccavimus;
1519 4553 1834 4607 mendacem

253 4644 490 4699 facimus
519 4659 667 4707 cum,
691 4653 746 4697 et
770 4647 993 4698 verbum
1031 4645 1147 4712 ejus
1181 4660 1286 4698 non
1321 4653 1403 4698 est
1433 4646 1484 4698 itt
1515 4646 1690 4698 nobis.

319 4735 483 4808 [ϐαρ.
516 4735 606 4807 IL]
641 4736 817 4790 Filioli
865 4737 990 4800 mei,
1026 4738 1139 4790 haec
1198 4737 1380 4790 strribo
1412 4736 1589 4802 vobis,
1639 4748 1694 4788 ut
1726 4753 1833 4790 non

248 4832 509 4898 peccetis.
537 4829 642 4883 Sed
677 4837 732 4882 et
765 4829 807 4880 si
841 4831 962 4897 quis
1007 4831 1337 4897 peccaverit,
1382 4830 1704 4884 advocatum
1734 4830 1832 4883 ha-

250 4925 444 4978 bemus
475 4923 617 4992 apud
652 4920 865 4974 Patrem
891 4960 904 4981 .
933 4918 1116 4973 Jesum
1165 4921 1439 4974 Christum
1479 4923 1683 4990 justum
1714 4935 1731 4977 :
1781 4929 1836 4975 et

250 5016 365 5082 ipse
391 5025 474 5069 est
503 5012 820 5083 prepi.iatio
851 5027 947 5081 pro
973 5013 1207 5080 peccatis
1232 5013 1468 5077 nostris;
1493 5029 1596 5067 non
1619 5027 1714 5082 pro
1739 5027 1837 5066 no-

246 5108 380 5158 stris
416 5119 598 5159 autem
635 5117 867 5170 taulunt,
902 5107 994 5157 sed
1023 5105 1184 5156 etiam
1212 5120 1310 5170 pro
1343 5104 1508 5157 totius
1539 5104 1746 5157 mundi.
1772 5103 1835 5158 Et

248 5195 303 5248 in
330 5197 431 5247 hoc
453 5197 657 5249 scimus
676 5197 932 5264 quoniam
958 5194 1315 5262 ‘cogumimus
1341 5209 1487 5256 eum,
1509 5195 1552 5246 si
1580 5195 1832 5248 mandata
1869 5213 1912 5267 ι)
1944 5198 2373 5266 perinausissent
2403 5196 2591 5266 utique
2624 5197 2912 5260 nobiscum
2941 5215 2954 5250 :

251 5291 372 5353 cius
392 5289 765 5341 observemus.
784 5288 883 5352 Qui
908 5287 1031 5341 dicit
1068 5301 1126 5338 se
1155 5299 1314 5338 nosse
1332 5301 1476 5348 eum,
1497 5297 1549 5338 et
1581 5291 1828 5340 mandata

251 5381 369 5448 ejus
402 5397 506 5431 untt
538 5380 814 5443 custodit,
848 5377 1075 5431 mendax
1123 5389 1227 5440 est,
1259 5389 1311 5431 et
1367 5379 1421 5431 in
1474 5378 1575 5432 hoc
1630 5382 1832 5435 veritas

255 5489 285 5522 n
309 5489 359 5522 in
393 5482 502 5524 est.
562 5470 662 5536 Qui
695 5483 874 5525 autem
911 5483 1089 5525 servat
1137 5473 1358 5523 verbum
1396 5470 1514 5538 ejus
1540 5509 1554 5534 ,
1593 5486 1718 5526 vere
1777 5475 1829 5526 in

253 5564 354 5622 hoc
405 5565 645 5617 charitas
684 5565 773 5617 Dei
814 5563 1051 5634 perfecta
1107 5575 1228 5618 est:
1264 5572 1318 5617 et
1364 5564 1414 5616 iu
1455 5565 1556 5617 hoc
1605 5566 1833 5629 scimus,

251 5653 510 5723 quoniam
537 5653 590 5704 in
618 5655 734 5722 ipso
763 5671 973 5708 sumus.
999 5653 1098 5720 Qui
1121 5653 1252 5722 dicit
1279 5670 1337 5708 se
1359 5655 1409 5706 in
1445 5654 1562 5721 ipso
1586 5672 1830 5723 manere,

251 5740 436 5803 debet,
469 5741 607 5795 sicut
644 5741 728 5795 ille
767 5743 1082 5808 ambulavit,
1120 5754 1171 5796 tt
1205 5745 1316 5814 ipse
1361 5751 1465 5796 am:
1492 5745 1661 5801 niarc.
1695 5747 1836 5801 Cha-

1942 2623 2254 2676 mandatum
2281 2633 2463 2688 vetus,
2496 2625 2637 2693 quod
2664 2624 2931 2680 habuistis
2961 2630 3030 2682 ab
3074 2627 3253 2681 initio.
3288 2627 3515 2680 Manda-

1941 2721 2054 2765 tum
2084 2723 2260 2780 vetus,
2291 2724 2376 2769 est
2403 2716 2626 2770 verbum
2665 2717 2806 2783 quod
2831 2716 3076 2773 audistis.
3116 2716 3313 2773 lterum
3365 2733 3488 2769 man

1940 2805 2124 2859 datum
2157 2821 2357 2861 novum
2414 2806 2594 2863 scribo
2633 2809 2808 2871 vobis,
2840 2810 2985 2877 quod
3020 2824 3204 2862 verum
3255 2817 3337 2863 est
3365 2819 3417 2863 et
3463 2810 3533 2878 iu_

1939 2897 2076 2964 ipso,
2115 2907 2168 2952 et
2200 2898 2252 2953 in
2284 2901 2475 2955 vobis:
2512 2901 2638 2971 quia
2664 2903 2904 2957 tenebrat
2942 2901 3300 2965 transierunt,
3334 2912 3384 2956 ct
3421 2919 3515 2956 ve-

1941 3005 2058 3042 rum
2090 2993 2268 3046 lumen
2291 2993 2405 3062 jam
2431 2994 2590 3049 lueet.
2621 2993 2723 3059 Qui
2755 2994 2886 3048 dicit
2916 3009 2974 3048 se
3007 2993 3060 3047 in
3109 2993 3230 3047 luce
3263 3008 3386 3048 esse
3413 3033 3426 3054 ,
3464 3001 3519 3044 et

1938 3082 2164 3139 fratrem
2187 3100 2346 3139 suum
2373 3085 2510 3148 odit,
2537 3086 2587 3139 in
2621 3087 2854 3140 tenebris
2878 3095 2964 3140 est
2993 3101 3162 3154 usque
3187 3086 3384 3139 adhuc.
3412 3084 3512 3149 Qui

1939 3174 2117 3244 diligit
2152 3176 2378 3230 fratrem
2413 3192 2592 3243 suum,
2626 3179 2676 3230 in
2706 3177 2910 3232 lumine
2944 3188 3149 3242 manet,
3181 3186 3233 3231 et
3271 3177 3515 3231 scanda—

1939 3267 2048 3322 lum
2093 3269 2145 3322 in
2175 3284 2242 3324 eo
2266 3283 2372 3323 non
2405 3257 2509 3325 est.
2547 3269 2648 3336 Qui
2691 3279 2870 3324 autem
2915 3271 3027 3323 odit
3061 3269 3285 3324 fratrem
3330 3286 3515 3332 suum,

1939 3360 2256 3416 intenebris
2286 3370 2391 3427 est,
2423 3371 2478 3416 et
2506 3363 2556 3414 iu
2599 3363 2838 3416 tenebris
2865 3361 3124 3425 ambulat,
3144 3371 3192 3415 et
3216 3362 3379 3415 nescit
3411 3377 3517 3429 quo

1939 3464 2024 3505 eat
2049 3470 2063 3505 :
2099 3451 2224 3519 quia
2252 3453 2488 3508 tenebrae
2507 3454 2922 3508 obcaeeaveruut
2948 3452 3132 3508 oculos
3158 3452 3297 3522 ejus.
3325 3452 3518 3504 St'l'illﬂ

1940 3545 2115 3608 vobis,
2170 3545 2342 3609 iilioli,
2380 3545 2634 3615 quoniam
2694 3546 3044 3599 remittuntur
3089 3546 3242 3598 vobis
3291 3556 3510 3611 μωρίη..

1938 3645 2159 3704 propter
2196 3651 2390 3690 nomen
2424 3637 2563 3704 ejus.
2593 3635 2786 3690 Scribe
2817 3635 2990 3699 vobis,
3026 3645 3230 3704 patres,
3254 3635 3508 3703 quoniam

1938 3727 2267 3795 coguovistis
2291 3741 2451 3790 eum,
2487 3725 2576 3794 qui
2609 3728 2677 3780 ab
2735 3727 2889 3780 initio
2917 3736 3021 3782 est.
3075 3728 3269 3782 Scribo
3340 3729 3514 3792 vobiv,

1939 3819 2336 3883 adolescentes,
2366 3819 2620 3887 quoniam
2644 3817 2850 3871 vicistis
2869 3817 3181 3887 malignum.
3207 3817 3398 3871 Sui-ibo
3427 3835 3516 3870 to-

1943 3911 2048 3974 bis,
2078 3910 2328 3977 infantes,
2362 3911 2618 3980 quoniam
2672 3910 3004 3979 eognovistis
3064 3921 3292 3978 patrem.
3325 3911 3516 3963 Scriba

1941 4000 2388 4067 vobis,juvenes,
2408 3999 2669 4068 quoniam
2703 3998 2870 4053 fortes
2895 3999 3049 4063 estis,
3076 4010 3130 4052 et
3160 4001 3382 4052 verbum
3423 3999 3514 4052 Dei

1941 4101 2122 4144 manet
2148 4091 2200 4143 in
2226 4091 2403 4154 vobis,
2426 4101 2478 4145 et
2509 4090 2714 4144 vicistis
2737 4089 3054 4158 malignum.
3092 4086 3270 4142 Nolite
3289 4090 3513 4158 diligi-re

1942 4184 2228 4250 mundum,
2262 4199 2434 4253 neque
2454 4199 2516 4237 ea
2557 4199 2678 4252 qua:
2707 4182 2760 4236 in
2792 4185 2989 4236 mundo
3014 4191 3160 4236 sunt.
3193 4180 3247 4235 Si
3282 4182 3403 4251 quis
3430 4182 3514 4233 di-

1941 4277 2052 4346 ligit
2075 4276 2356 4338 mundum,
2388 4291 2492 4328 non
2525 4285 2608 4328 est
2660 4274 2900 4330 cbaritas
2925 4272 3103 4328 Patris
3140 4275 3284 4327 ineo
3318 4291 3331 4325 :
3374 4289 3514 4342 quo-

1942 4371 2088 4423 niam
2119 4386 2280 4424 omne
2302 4372 2448 4439 quod
2489 4379 2572 4423 est
2600 4373 2652 4422 in
2677 4369 2903 4434 mundo,
2927 4368 3364 4436 concupiscentia
3387 4382 3510 4420 ear-

1942 4461 2025 4514 nis
2049 4471 2152 4527 est,
2189 4470 2244 4515 et
2301 4462 2755 4530 concupiscentia
2814 4463 3211 4534 oeulorunt,‘ct
3263 4459 3512 4526 superbia

1941 4553 2099 4609 vitae:
2127 4567 2249 4622 quae
2275 4569 2377 4608 non
2407 4565 2487 4606 est
2519 4568 2581 4607 ex
2617 4551 2806 4618 Patre,
2839 4551 2934 4612 sed
2967 4566 3033 4604 ex
3067 4549 3267 4603 mundo
3305 4559 3409 4602 est.
3456 4549 3519 4602 lit

1943 4642 2176 4697 mundus
2205 4643 2420 4704 transit,
2449 4653 2504 4696 et
2537 4641 2980 4718 concupiscentia
3010 4641 3149 4710 ejus.
3181 4639 3284 4710 Qui
3335 4649 3517 4693 autem

1940 4736 2074 4791 facit
2107 4737 2438 4790 voluntatem
2466 4733 2778 4799 Dei,manet
2798 4735 2849 4788 in
2869 4742 3156 4787 teternum.
3182 4729 3385 4793 Filioli,
3415 4746 3515 4783 no-

1943 4829 2165 4884 vissima
2194 4828 2326 4881 hora
2351 4835 2430 4880 est
2452 4832 2539 4880 :ct
2559 4826 2700 4880 sicut
2731 4826 2962 4880 audistis
2991 4825 3120 4895 quia
3147 4823 3520 4897 Antichristus

1940 4919 2111 4984 venit,
2143 4926 2196 4972 et
2218 4933 2362 4973 nunc
2385 4917 2704 4972 Antichristi
2732 4918 2883 4988 multi
2911 4916 3038 4971 facti
3063 4926 3223 4976 sunt:
3249 4917 3388 4970 ttnde
3416 4917 3522 4968 sci-

1940 5026 2081 5076 mus,
2111 5009 2239 5082 quia
2273 5011 2727 5084 novissimahora
2752 5019 2852 5067 est.
2879 5011 2952 5065 Ex
2988 5011 3144 5065 nobis
3176 5011 3518 5078 prodierunt,

1939 5105 2036 5159 sed
2061 5119 2166 5160 non
2202 5114 2358 5160 erant
2389 5119 2459 5158 ex
2489 5104 2663 5168 nobis.
2691 5104 2847 5174 Nam,
2870 5105 2914 5159 si
2949 5104 3175 5159 fuissent
3209 5120 3271 5156 ex
3336 5104 3515 5162 nobis,

3011 5196 3103 5250 sed
3149 5206 3206 5248 ut
3245 5194 3514 5246 tuanifestt

1942 5291 2073 5354 sint,
2110 5290 2368 5359 quoniam
2401 5304 2506 5343 non
2539 5297 2664 5344 sunt
2707 5304 2898 5343 omnes
2931 5305 2993 5341 ex
3032 5286 3186 5341 nobis
3222 5303 3234 5338 :
3273 5287 3367 5336 sed
3423 5301 3519 5337 vos

1941 5367 2254 5440 unctionem
2283 5383 2496 5437 habetis
2524 5400 2552 5438 a
2583 5384 2810 5447 Sancto,
2837 5391 2888 5436 et
2939 5379 3109 5433 nostis
3163 5376 3368 5430 omnia.
3400 5377 3514 5430 Non

1939 5475 2134 5543 scripsi
2155 5475 2312 5528 vobis
2336 5476 2490 5544 quasi
2510 5475 2890 5546 ignorantibus
2916 5471 3222 5532 veritatem,
3242 5467 3332 5519 sed
3359 5469 3518 5536 quasi

1940 5565 2240 5622 scientibus
2268 5580 2388 5618 eant
2425 5582 2438 5618 :
2473 5565 2810 5634 etquoniam
2855 5576 3014 5617 omne
3068 5557 3408 5614 mendacium
3449 5575 3516 5612 ex

1942 5657 2174 5710 vet-imte
2197 5673 2302 5709 non
2323 5667 2424 5710 est.
2446 5657 2576 5722 Quis
2603 5665 2684 5707 est
2712 5657 2962 5715 mendax,
2991 5651 3092 5706 nisi
3126 5652 3173 5706 is
3208 5651 3299 5722 qui
3333 5659 3514 5721 negat,

1943 5748 2196 5824 quoniam
2219 5745 2379 5803 Jesus
2399 5756 2477 5801 est
2502 5743 2792 5815 Christus?
2811 5742 2904 5799 llic
2923 5752 3005 5799 cet
3031 5740 3526 5825 Aatichristusajui

3560 1117 3568 1148 i
