3946 6170
432 196 540 263 887

1350 198 1414 257 S.
1456 199 1889 258 IllEliON‘ﬂll
1943 196 2205 256 Dli'tNA
2255 201 2787 265 BiBLlOTIIECl‘.
3584 203 3674 266 883

435 310 856 383 negatPatrem,
883 322 938 368 et
990 311 1205 369 Filium.
1242 313 1431 369 Omnis
1462 313 1551 383 qui
1586 323 1743 382 negat
1784 311 2002 375 Filium,
2036 313 2083 369 Α
2113 326 2288 368 strutu
2321 331 2427 370 u0n
2452 319 2860 386 reprehenderit
2887 332 3006 386 nos,
3043 320 3291 374 fiduciam
3323 320 3586 375 habemus
3618 322 3676 375 ad

432 420 534 468 nec
557 403 773 464 Patrem
803 405 996 460 habet:
1034 404 1124 474 qui
1158 404 1448 458 c0nfitetur
1480 403 1703 470 Filium,
1725 415 1778 459 ct
1795 403 2009 461 Patrem

437 497 619 552 habet.
648 494 754 555 Vos
776 497 916 567 quod
945 496 1170 550 audistis
1221 496 1289 550 ah
1318 497 1493 561 initio,
1521 498 1576 550 in
1612 496 1766 554 vobis
1800 511 2009 565 perma-

437 599 582 648 tteat.
606 589 661 644 Si
687 592 740 644 in
760 589 912 645 vobis
937 591 1297 658 permanserit
1318 587 1462 658 quod
1491 588 1716 644 audistis
1742 588 1810 642 ab
1835 587 2006 647 initio,

436 694 490 739 et
518 698 614 738 vos
647 683 697 736 iii
731 680 867 736 Filio
899 692 953 736 et
978 679 1141 735 Patre
1170 681 1476 737 manebitis.
1504 680 1570 734 Et
1589 682 1702 734 hare
1719 690 1803 734 est
1827 693 2010 749 repro-

436 776 641 835 missio,
667 787 829 843 quam
870 772 987 842 ipse
1017 772 1289 840 pollicitus
1314 781 1400 828 est
1432 771 1607 836 nobis,
1641 771 1808 826 vitam
1847 781 2011 824 teter-

436 882 580 920 nam.
613 863 737 920 Haec
770 863 965 934 scripsi
987 865 1142 920 vobis
1165 863 1232 920 dc
1254 864 1360 929 his,
1385 865 1474 935 qui
1521 864 1788 920 seducunt
1807 877 1922 918 vos.
1949 865 2012 918 Et

433 974 530 1013 vos
568 958 874 1014 unctionem
898 973 1061 1026 quam
1081 957 1367 1026 accepistis
1384 959 1450 1011 ab
1469 971 1556 1019 eo,
1585 965 1802 1011 maneat
1839 955 1894 1010 in
1918 969 2012 1006 ve—

436 1051 539 1105 bis.
561 1047 620 1102 Et
644 1063 750 1104 non
772 1064 994 1104 necesse
1010 1047 1245 1114 habetis,
1269 1057 1325 1103 ut
1346 1049 1540 1119 aliquis
1565 1049 1756 1104 doceat
1775 1063 1892 1113 vos;
1917 1050 2010 1102 sed

434 1142 572 1197 sicut
600 1143 779 1196 unctio
802 1143 919 1212 ejus
943 1142 1100 1197 docet
1117 1157 1211 1197 vos
1233 1142 1299 1197 de
1318 1142 1593 1207 omnibus,
1618 1151 1673 1197 et
1694 1157 1881 1198 verum
1907 1150 2011 1205 est,

435 1245 488 1293 et
521 1252 626 1290 non
663 1245 747 1290 est
775 1235 1142 1292 mendacium.
1187 1235 1250 1290 Et
1279 1235 1421 1290 sicut
1458 1237 1642 1291 docuit
1673 1251 1766 1290 vos
1791 1277 1806 1296 ,
1830 1246 2010 1290 manet

437 1331 602 1383 ineo.
635 1327 701 1382 Et
735 1344 897 1395 nunc,
931 1328 1101 1396 filioli,
1149 1338 1363 1384 manete
1390 1329 1444 1383 in
1469 1344 1555 1392 eo,
1591 1338 1646 1383 ut
1672 1344 1794 1383 cum
1840 1343 2010 1398 appa-

438 1424 628 1486 ruerit,
659 1423 960 1480 habeatnus
993 1425 1266 1488 fiduciam,
1297 1435 1351 1481 et
1378 1442 1485 1481 non
1519 1424 1919 1481 confundantur
1947 1426 2015 1480 ab

439 1532 502 1568 eo
529 1517 578 1568 in
603 1516 832 1571 adventu
863 1515 1306 1588 [ALadventutn]
1329 1517 1467 1588 ejus.
1492 1517 1549 1572 Si
1577 1517 1731 1574 scitis
1759 1517 2012 1586 quoniam

432 1606 617 1672 justus
640 1616 746 1670 εει,
774 1608 969 1662 scitote
1004 1609 1258 1678 quoniam
1289 1617 1345 1663 et
1374 1608 1556 1663 omnis
1577 1609 1668 1678 qui
1700 1607 2013 1679 facitjusti-

443 1698 593 1759 tiam,
629 1713 691 1751 ex
720 1699 835 1766 ipso
871 1709 1030 1754 natus
1052 1711 1154 1755 est.

505 1784 662 1858 [ευρ.
699 1785 813 1858 ιιι]
837 1788 1030 1846 Videte
1053 1791 1266 1860 qualem
1299 1792 1624 1848 charitatem
1653 1793 1804 1849 dedit
1856 1792 2013 1848 nobis

439 1879 617 1943 Pater,
663 1890 720 1933 nt
777 1879 870 1935 filii
912 1881 1005 1936 Dei
1045 1883 1387 1940 nominemur
1439 1895 1495 1940 et
1556 1886 1746 1942 simus.
1784 1887 2014 1956 Propter

440 1973 543 2027 hoc
576 1972 807 2028 mundus
839 1988 944 2029 non
979 1975 1129 2030 novit
1165 1991 1302 2032 nos:
1356 1977 1479 2047 quia
1510 1994 1616 2033 non
1669 1978 1819 2034 novit
1865 1993 2009 2033 eum.

435 2064 750 2119 ChariSsimi
787 2105 803 2130 ,
873 2081 1015 2122 nunc
1065 2068 1157 2122 filii
1218 2066 1310 2124 Dei
1363 2085 1551 2126 sumus
1601 2089 1616 2125 :
1673 2080 1727 2124 et
1771 2070 2010 2126 nondum

436 2158 689 2225 apparuit
750 2159 878 2226 quid
969 2160 1191 2215 erimus.
1279 2159 1496 2216 Scimus
1550 2164 1808 2232 quoniam
1889 2177 2010 2215 cum

436 2247 770 2314 apparuerit,
802 2248 1007 2304 similes
1056 2249 1103 2304 ei
1137 2251 1378 2308 erimus:
1425 2253 1676 2321 quoniam
1708 2253 2013 2307 videbimus

439 2354 560 2392 eum
608 2339 765 2392 sicuti
801 2351 904 2394 est.
941 2337 1006 2394 Et
1059 2341 1234 2396 omnis
1265 2342 1355 2410 qui
1413 2343 1572 2396 habet
1605 2344 1745 2396 hanc
1777 2356 1924 2413 spem
1958 2344 2009 2395 in

431 2447 522 2495 eo,
553 2431 854 2486 sanctificat
886 2447 965 2496 se,
998 2433 1138 2486 sicut
1157 2443 1210 2488 et
1237 2433 1326 2488 ille
1348 2443 1564 2488 sanctus
1583 2447 1684 2489 e5t.
1706 2433 1894 2490 Omnis
1919 2436 2010 2502 qui

435 2525 566 2578 facit
595 2535 897 2595 peccatum,
927 2534 982 2580 et
1013 2526 1359 2594 iniquitatem
1408 2526 1536 2582 facit
1569 2546 1583 2581 :
1617 2537 1670 2581 ct
1728 2537 2009 2594 peccatum

434 2627 517 2682 est
556 2616 835 2683 iniquitas.
861 2615 926 2671 Ει
951 2617 1104 2672 scitis
1137 2618 1259 2686 quia
1290 2618 1381 2673 ille
1407 2619 1676 2688 apparuit,
1701 2629 1761 2673 ιιι
1791 2630 2010 2690 peccata

439 2719 619 2766 nostra
651 2709 904 2764 tolleret:
933 2718 987 2764 et
1017 2718 1296 2778 peccatum
1326 2711 1378 2764 in
1426 2725 1494 2765 eo
1545 2727 1654 2764 non
1687 2722 1792 2766 est.
1826 2711 2012 2766 Omnis

432 2802 520 2866 qui
560 2802 611 2856 itt
641 2817 708 2857 co
741 2809 946 2868 manet,
975 2815 1082 2855 non
1109 2810 1297 2870 peccat
1329 2821 1339 2855 :
1370 2812 1420 2856 et
1447 2803 1625 2856 omnis
1656 2803 1748 2871 qui
1798 2811 2008 2871 peccat,

434 2909 542 2962 non
576 2894 712 2948 vidit
735 2908 880 2960 eum,
914 2891 1013 2951 nec
1045 2893 1291 2964 cognovit
1322 2908 1467 2948 eum.
1501 2893 1695 2958 Filioli,
1734 2909 1894 2948 nemo
1917 2909 2010 2948 vos

435 2983 680 3047 sedauit.
714 2982 816 3052 Qui
843 2983 974 3038 facit
1005 2983 1289 3052 justitiam,
1312 2984 1490 3053 jusuts
1513 2994 1630 3041 est:
1661 2985 1802 3040 sicut
1831 2995 1887 3040 et
1920 2985 2012 3040 ille

430 3076 612 3142 justus
635 3086 733 3131 est.
764 3075 866 3142 Qui
901 3075 1030 3130 facit
1057 3083 1362 3144 peccatum,
1395 3091 1457 3132 ex
1489 3077 1699 3134 diabolo
1722 3087 1846 3132 est:
1879 3081 2014 3148 q'uo-

441 3171 580 3230 uiam
619 3169 686 3223 ab
716 3170 868 3224 initio
896 3167 1143 3224 diabolus
1181 3179 1389 3237 peccat.
1417 3167 1480 3230 lu
1500 3170 1602 3225 hoc
1635 3170 1885 3240 apparuit
1923 3169 2011 3224 Fi-

437 3263 538 3316 lius
569 3260 680 3324 Dei,
710 3261 1056 3316 ut'dissolvat
1095 3274 1257 3328 opera
1291 3261 1513 3315 diaboli.
1551 3263 1742 3316 Omnis
1767 3265 1860 3330 qui
1914 3276 2014 3316 na-

431 3369 517 3412 tus
545 3363 628 3408 est
657 3369 721 3409 ex
755 3353 886 3419 Deo,
913 3362 1200 3422 peccatum
1217 3368 1322 3410 non
1347 3353 1474 3409 facit
1503 3370 1518 3410 :
1545 3357 1798 3422 quoniam
1823 3371 2008 3411 semen

429 3447 599 3515 ipsius
631 3447 682 3501 in
717 3460 785 3502 eo
811 3454 1011 3512 manet,
1045 3453 1096 3500 et
1129 3461 1238 3499 non
1275 3455 1453 3514 potest
1481 3462 1728 3515 peccare,
1752 3449 2007 3518 quoniam

433 3560 497 3600 ex
531 3543 638 3598 Deo
665 3550 825 3598 natus
850 3549 956 3596 est.
985 3540 1040 3594 In
1070 3541 1176 3594 hoc
1212 3537 1481 3594 manifesti
1520 3549 1647 3595 sttnt
1687 3541 1780 3596 filii
1823 3541 1915 3596 Dei
1956 3552 2004 3596 et

431 3634 522 3690 filii
560 3632 785 3688 diaboli.
831 3631 1020 3688 Omnis
1045 3633 1134 3700 qui
1167 3647 1270 3687 non
1296 3643 1377 3688 est
1405 3633 1606 3702 justus,
1649 3649 1757 3687 non
1804 3644 1882 3687 est
1939 3649 2005 3688 ex

430 3727 563 3792 Deo,
596 3737 650 3790 et
678 3729 767 3794 qui
798 3740 900 3784 non
927 3725 1104 3796 diligit
1134 3725 1352 3786 fratrem
1381 3742 1536 3782 suum
1563 3745 1578 3782 :
1610 3730 1869 3798 quoniam
1893 3725 2008 3780 haec

427 3831 508 3875 est
543 3819 906 3884 annuntiatio,
932 3834 1096 3887 quam
1117 3821 1342 3877 audistis
1374 3823 1442 3876 ab
1470 3823 1648 3886 initio,
1681 3833 1736 3876 ut
1769 3821 2010 3891 diligatis

427 3915 766 3977 alterutrum.
798 3911 910 3966 Non
939 3913 1084 3970 sicut
1114 3915 1268 3980 Cain,
1307 3915 1400 3983 qui
1429 3929 1493 3969 ex
1525 3915 1764 3984 maligno
1798 3924 1933 3975 erat,
1955 3925 2010 3967 et

427 4008 626 4062 occidit
657 4006 878 4062 fratrem
920 4023 1103 4062 suum.
1135 4007 1200 4060 Et
1226 4016 1448 4076 propter
1472 4007 1600 4077 quid
1620 4005 1817 4060 occidit
1851 4006 2012 4060 cum?

427 4098 689 4162 Quoniam
722 4111 886 4166 opera
915 4097 1038 4166 ejus
1075 4097 1310 4167 maligna
1364 4105 1561 4151 erant:
1607 4097 1790 4150 fratris
1824 4107 2008 4149 autem

426 4189 566 4258 ejus.
599 4191 768 4255 justa.
794 4186 972 4246 Nolite
1003 4187 1211 4252 mirari,
1247 4187 1465 4252 fratres,
1503 4188 1546 4243 si
1572 4188 1685 4242 odit
1716 4203 1812 4242 vos
1847 4203 2004 4241 mun-

430 4282 553 4336 dus.
595 4279 706 4336 Nos
767 4282 994 4344 scimus.
1053 4282 1310 4351 quoniam
1362 4281 1610 4336 translati
1681 4297 1874 4337 sumus
1937 4282 2006 4337 de

2119 405 2285 458 Deum
2318 422 2333 460 :
2363 414 2417 460 et
2446 407 2708 478 quidquid
2738 411 3082 479 petierimus,
3118 411 3448 479 accipiemus
3490 412 3560 466 ab
3605 426 3680 466 eo.

2115 496 2382 561 Quoniam
2413 500 2668 554 mandata
2694 501 2811 570 ejus
2833 504 3200 568 custodimus,
3231 514 3284 558 et
3315 519 3402 566 ea,
3428 520 3546 573 qua:
3573 514 3682 559 sunt

2117 588 2318 655 placita
2355 605 2538 644 coram
2567 607 2655 657 eo,
2694 593 2946 650 facimus.
3001 593 3066 648 Et
3099 595 3202 649 hoc
3245 607 3328 650 est
3380 597 3681 651 mandatum

2116 681 2266 750 ejus:
2294 681 2362 738 Ut
2394 684 2682 739 credamus
2722 687 2776 738 in
2811 688 3029 742 nomine
3065 688 3186 742 Filii
3214 689 3336 758 ejus
3366 687 3490 744 Jesu
3536 689 3684 745 Citri-

2115 772 2184 827 sti
2211 786 2226 824 :
2257 784 2311 827 et
2342 773 2628 845 diligamus
2659 777 3158 842 alterutrum,sicut
3202 782 3350 838 dedit
3384 783 3680 839 mandatum

2118 863 2294 918 nobis.
2327 863 2388 916 Et
2428 866 2522 935 qui
2553 877 2734 922 servat
2773 872 3028 924 mandata
3088 872 3225 943 ejus,
3276 873 3328 925 in
3367 873 3459 927 illo
3493 883 3682 940 manet,

2115 964 2166 1006 et
2200 955 2316 1023 ipse
2344 956 2396 1008 in
2429 971 2529 1010 eo:
2556 968 2610 1012 et
2641 958 2695 1012 in
2720 961 2824 1016 hoc
2855 962 3062 1016 scimus
3111 963 3372 1032 quoniam
3404 974 3590 1019 manet
3636 966 3680 1019 in

2115 1048 2272 1102 nobis
2302 1048 2369 1101 de
2397 1049 2630 1119 Spiritu,
2661 1067 2822 1122 quem
2857 1053 3005 1108 dedit
3037 1055 3216 1110 nobis.

2189 1138 2346 1212 [Cap.
2381 1139 2499 1213 IV.]
2527 1142 2872 1211 Cltarissimi,
2922 1147 3094 1201 nolite
3121 1148 3271 1202 omni
3317 1149 3534 1219 spiritui
3572 1163 3681 1204 cre-

2115 1233 2270 1299 dere,
2313 1235 2408 1289 sed
2466 1239 2696 1306 probate
2741 1238 2991 1308 spiritus,
3029 1243 3073 1294 si
3127 1257 3193 1296 ex
3235 1240 3344 1298 Deo
3379 1242 3489 1297 sint
3520 1259 3538 1298 :
3569 1259 3684 1312 quo-

2117 1325 2262 1380 niam
2298 1328 2451 1381 multi
2503 1330 2989 1400 pseudoprophetaa
3027 1334 3280 1389 exierunt
3314 1336 3368 1389 in
3408 1337 3681 1390 mundum.

2115 1417 2172 1471 lit
2230 1419 2332 1472 hoc
2391 1422 2739 1487 cognoscitur
2787 1421 3030 1492 Spiritus
3066 1424 3159 1482 Del
3197 1445 3211 1482 :
3248 1430 3422 1483 omnis
3461 1430 3684 1497 Spiritus

2114 1508 2207 1575 qui
2280 1509 2567 1566 confitetur
2625 1511 2806 1568 Jesutn
2878 1515 3158 1572 Christum
3241 1521 3295 1574 iu
3368 1536 3536 1576 carne
3604 1539 3684 1578 ve-

2119 1602 2307 1665 nisse,
2374 1619 2440 1658 ex
2501 1605 2611 1660 Deo
2677 1617 2760 1661 est
2819 1624 2836 1664 :
2887 1617 2942 1663 et
3023 1611 3201 1665 omnis
3273 1613 3540 1681 spiritus,
3604 1617 3683 1683 qui

2123 1693 2285 1748 solvit
2312 1691 2523 1760 Jesunt,
2554 1711 2614 1750 ex
2653 1699 2762 1752 Deo
2798 1715 2905 1754 non
2937 1711 3059 1770 est;
3087 1714 3139 1759 et
3173 1705 3259 1758 hic
3304 1714 3386 1760 est
3417 1707 3685 1760 Antichri-

2122 1793 2264 1849 stus,
2293 1788 2357 1842 de
2392 1803 2500 1857 quo
2547 1790 2776 1844 audistis
2814 1792 3072 1859 quoniam
3109 1795 3277 1859 venit,
3329 1806 3378 1852 et
3412 1812 3562 1851 nunc
3584 1798 3682 1864 jam

2125 1879 2178 1933 in
2203 1885 2404 1932 mundo
2427 1892 2532 1934 est.
2587 1880 2692 1936 Vos
2728 1898 2794 1937 ex
2834 1882 2945 1938 Deo
3000 1886 3155 1951 estis,
3193 1886 3367 1954 filioli,
3401 1898 3455 1944 et
3486 1891 3686 1945 vicistis

2121 1985 2267 2039 cum,
2305 1973 2561 2042 quoniam
2620 1973 2796 2044 major
2849 1985 2932 2030 est
2970 1976 3060 2045 qui
3097 1978 3146 2031 in
3199 1981 3353 2034 vobis
3382 1991 3485 2046 est,
3537 1997 3685 2050 quam

2121 2063 2211 2131 qui
2244 2062 2300 2117 in
2342 2063 2565 2119 mundo.
2599 2062 2704 2132 Ipsi
2733 2065 2798 2119 de
2830 2067 3030 2120 mundo
3053 2076 3214 2127 sunt;
3248 2067 3367 2121 ideo
3401 2069 3468 2123 de
3497 2072 3689 2123 mundo

2122 2157 2440 2227 loquuntur,
2463 2156 2770 2223 etmundus
2799 2173 2895 2213 eos
2927 2159 3097 2212 audit.
3120 2159 3229 2215 Nos
3257 2174 3324 2213 ex
3346 2159 3459 2214 Deo
3485 2163 3687 2217 suntin.

2122 2250 2222 2315 Qui
2247 2250 2398 2304 novit
2419 2248 2611 2314 Deum,
2637 2249 2787 2304 audit
2809 2266 2950 2316 nos;
2983 2254 3072 2320 qui
3104 2266 3207 2307 non
3237 2261 3319 2306 est
3346 2269 3410 2307 ex
3439 2252 3574 2315 Deo,
3593 2269 3686 2306 non

2123 2343 2273 2396 audit
2309 2357 2408 2398 nos
2437 2359 2451 2397 :
2485 2342 2538 2397 iu
2574 2344 2676 2398 hoc
2709 2343 3093 2414 cognoscimus
3129 2343 3392 2413 Spiritum
3429 2345 3683 2406 veritatis.

2121 2445 2174 2488 et
2203 2434 2451 2504 spiritum
2483 2435 2710 2490 erroris.
2734 2433 3083 2500 Charissimi,
3115 2436 3401 2502 diligamus
3424 2452 3527 2492 nos
3558 2437 3687 2490 invi-

2120 2542 2237 2581 cem
2265 2540 2282 2581 :
2311 2528 2437 2597 quia
2459 2527 2699 2583 charitas
2717 2541 2782 2584 ex
2808 2529 2918 2583 Deo
2939 2537 3042 2584 est.
3071 2529 3134 2582 Et
3161 2529 3340 2583 omnis
3375 2528 3473 2597 qui
3502 2526 3686 2596 diligit,

2119 2635 2182 2672 ett
2226 2621 2333 2673 Deo
2360 2627 2517 2674 catus
2539 2627 2644 2688 est,
2663 2629 2714 2675 et
2732 2621 3012 2690 cognoscit
3032 2619 3223 2676 Deum.
3249 2621 3349 2687 Qui
3373 2635 3484 2674 non
3507 2619 3688 2686 diligit,

2122 2727 2227 2765 tton
2284 2711 2436 2765 novit
2482 2711 2653 2767 Deum
2685 2729 2699 2767 :
2731 2714 2988 2778 quoniam
3023 2715 3165 2769 Deus
3212 2714 3458 2770 charitas
3505 2725 3607 2768 est.
3633 2714 3690 2764 In

2123 2807 2223 2861 hoc
2255 2806 2765 2875 apparuitcltaritas
2799 2807 2889 2861 Dei
2923 2809 2973 2861 in
3008 2808 3183 2870 nobis,
3207 2807 3467 2876 quoniam
3504 2805 3689 2859 Filium

2120 2912 2279 2950 suum
2315 2898 2650 2966 unigenitum
2685 2898 2832 2952 misit
2865 2897 3008 2953 Deus
3063 2899 3115 2952 in
3138 2901 3419 2964 mundum,
3460 2909 3520 2952 ut
3552 2898 3692 2950 viva-

2040 3027 2084 3086 ο
2121 3004 2240 3044 mus
2267 3003 2365 3058 per
2398 3004 2543 3044 eum.
2572 2988 2628 3044 ln
2670 2989 2774 3044 hoc
2820 3001 2903 3044 est
2933 2992 3172 3046 charitas
3203 3007 3222 3045 :
3255 3005 3360 3045 non
3415 2991 3572 3061 quasi
3602 3007 3694 3044 nos

2118 3080 2466 3135 dilexerimus
2497 3079 2691 3148 Deum,
2741 3083 2836 3136 sed
2871 3084 3125 3152 quoniam
3169 3082 3285 3152 ipse
3323 3083 3476 3151 prior
3511 3082 3694 3137 dilexit

2116 3189 2237 3240 nos,
2274 3183 2326 3230 et
2352 3176 2500 3231 misit
2532 3175 2731 3230 Filium
2771 3191 2929 3228 suum
2964 3177 3402 3246 propitiatiouem
3435 3192 3537 3242 pro
3575 3189 3691 3243 pec-

2082 3266 2253 3321 catis
2298 3266 2522 3320 nostris.
2574 3265 2922 3330 Charissimi,
2955 3265 3001 3320 si
3047 3265 3126 3319 sic
3160 3265 3301 3318 Deus
3331 3264 3525 3318 dilexit
3553 3278 3688 3316 nos:

2114 3371 2170 3415 et
2199 3376 2300 3416 nos
2355 3359 2617 3415 debemus
2657 3359 2982 3413 alterutrum
3018 3358 3260 3427 diligere.
3325 3358 3498 3410 Deum
3538 3373 3693 3412 nemo

2115 3455 2248 3510 vidit
2273 3470 2534 3525 unquam.
2563 3453 2620 3507 Si
2655 3453 2944 3522 diligamus
2999 3451 3254 3517 invicem,
3282 3451 3428 3505 Deus
3461 3453 3517 3504 in
3544 3451 3692 3505 nobis

2114 3559 2320 3619 manet,
2345 3558 2400 3603 et
2430 3548 2671 3602 charitas
2697 3545 2884 3616 ejnsin
2914 3546 3070 3600 nobis
3096 3543 3338 3614 perfecta
3360 3554 3471 3598 est.
3501 3543 3559 3598 fit
3593 3542 3691 3596 hoc

2113 3640 2521 3706 cognoscimus,
2557 3639 2816 3709 quoniam
2859 3637 2914 3692 in
2951 3653 3017 3691 eo
3053 3651 3354 3699 manemus,
3387 3647 3444 3691 et
3492 3637 3614 3704 ipse
3642 3636 3691 3686 in

2113 3736 2272 3789 nobis
2307 3751 2328 3789 ι
2350 3736 2604 3802 quoniam
2647 3733 2715 3796 de
2747 3732 2938 3801 spiritu
2970 3747 3068 3786 suo
3100 3731 3245 3786 dedit
3283 3732 3468 3786 nobis.
3501 3727 3568 3782 Et
3601 3741 3693 3781 nos

2113 3825 2364 3889 vidimus,
2386 3834 2440 3879 et
2465 3823 3110 3893 te5tiflcamttr,q‘uouiam
3135 3822 3296 3877 Pater
3322 3821 3472 3875 misit
3500 3819 3693 3874 Filium

2113 3931 2269 3972 suum
2305 3917 2645 3971 Salvatorem
2677 3915 2886 3970 mundi.
2917 3915 3179 3984 Quisquis
3201 3912 3491 3968 confessus
3533 3912 3695 3967 fuerit

2111 4012 2370 4081 quoniam
2407 4009 2564 4064 Jesus
2594 4022 2674 4064 est
2730 4007 2903 4064 Filius
2951 4009 3066 4071 Dei,
3102 4009 3243 4062 Deus
3286 4009 3437 4064 ineo
3491 4019 3695 4064 manet.

2111 4113 2164 4154 et
2198 4104 2309 4168 ipse
2338 4103 2388 4154 itt
2437 4100 2568 4155 Deo.
2603 4100 2669 4154 Et
2715 4113 2815 4156 nos
2860 4098 3241 4165 cognovimus,
3276 4109 3330 4152 et
3361 4098 3698 4152 credidimus

2111 4195 2389 4258 charitati,
2421 4208 2584 4263 quam
2625 4195 2787 4248 habet
2815 4192 2954 4247 Deus
2981 4191 3036 4247 in
3071 4191 3248 4246 nobis.
3283 4189 3429 4245 Deus
3452 4191 3700 4244 charitas

2112 4295 2196 4340 εει
2231 4304 2245 4339 :
2277 4296 2329 4339 ct
2367 4285 2459 4354 qui
2498 4296 2681 4338 utattet
2715 4284 2767 4337 in
2802 4282 3092 4341 charitate.
3140 4283 3196 4336 in
3247 4280 3360 4336 Deo
3399 4292 3612 4342 manet,
3648 4287 3700 4331 ct

438 4384 610 4427 morte
641 4375 708 4429 ad
742 4374 932 4439 vitam,
994 4373 1252 4444 quoniam
1313 4373 1590 4443 diligimus
1633 4375 1852 4430 fratres.
1905 4373 2007 4440 Qui
2043 4369 2085 4424 D
2116 4376 2261 4432 Deus
2287 4378 2340 4430 in
2372 4390 2459 4434 eo.
2495 4375 2676 4430 lnltoc
2708 4373 2947 4445 perfecta
2977 4384 3062 4430 est
3089 4373 3331 4429 charitas
3383 4371 3492 4426 Dei
3519 4371 3698 4425 uobis-

428 4482 532 4520 non
565 4466 760 4536 diligit,
795 4477 977 4520 manet
1007 4466 1058 4522 iu
1089 4475 1261 4520 morte
1289 4483 1303 4520 ;
1329 4466 1507 4520 omnis
1535 4465 1627 4535 qui
1654 4466 1764 4521 odit
1784 4466 2007 4524 fratrem

423 4573 606 4624 suum,
648 4559 915 4613 homicida
946 4569 1049 4615 est.
1087 4560 1152 4614 Et
1185 4561 1336 4615 scitis
1393 4560 1650 4629 quoniam
1693 4561 1872 4615 omnis
1912 4560 2010 4615 lto-

426 4651 646 4716 micida,
679 4666 786 4709 non
819 4651 983 4707 habet
1005 4653 1169 4706 vitam
1200 4660 1458 4706 :eternam
1484 4655 1537 4706 in
1571 4653 1866 4722 semetipso
1897 4667 2010 4706 ina-

425 4750 666 4796 uentetn.
692 4741 748 4796 in
774 4742 878 4796 hoc
894 4743 1249 4811 cognovimus
1273 4743 1594 4799 charitatem
1619 4741 2004 4811 Dei,quoniatu

424 4834 514 4888 ille
544 4832 782 4886 animum
819 4848 972 4896 suam
1009 4848 1108 4903 pro
1145 4835 1302 4888 nobis
1333 4833 1550 4904 posuit,
1584 4843 1640 4888 et
1692 4849 1791 4889 uos
1845 4837 2009 4890 debe-

421 4941 543 4980 mus
575 4939 672 4994 pro
732 4924 994 4981 fratribus
1043 4925 1248 4980 animas
1313 4940 1536 4995 ponere.
1597 4924 1700 4992 Qui
1755 4925 2008 4981 habuerit

421 5019 779 5074 substantiam
808 5019 968 5089 hujus
1006 5019 1218 5086 mundi,
1243 5029 1296 5074 et
1346 5019 1541 5073 viderit
1583 5020 1806 5074 fratrem
1843 5035 2002 5076 suum

440 5104 817 5168 necessitatem
851 5111 1416 5184 habere,etelauserit
1444 5115 1652 5167 viscera
1674 5127 1770 5169 sua
1803 5113 1871 5166 ab
1895 5127 1959 5165 eo
1991 5127 2002 5164 :

440 5205 713 5274 quomodo
735 5204 976 5258 charitas
1000 5202 1093 5256 Dei
1119 5205 1365 5265 manetiu
1385 5204 1481 5258 eo?
1512 5204 1707 5267 Filioli,
1742 5207 1870 5268 mei,
1899 5220 2005 5258 non

431 5297 717 5368 diligamus
742 5297 932 5358 verbo,
956 5309 1131 5364 neque
1152 5295 1358 5364 lingua,
1380 5297 1472 5351 sed
1501 5312 1664 5367 opere
1682 5307 1735 5351 et
1756 5297 2004 5352 veritate.

427 5391 486 5445 in
526 5391 627 5445 hoc
655 5388 1034 5461 cognoscimus
1065 5389 1320 5458 quoniam
1353 5402 1417 5442 ex
1446 5389 1674 5443 veritate
1700 5401 1917 5443 sumus:
1954 5397 2011 5448 ει

415 5481 472 5536 itt
504 5494 793 5553 conspectu
817 5482 933 5551 ejus
951 5478 1303 5535 suadebimus
1325 5479 1488 5535 corda
1512 5489 1716 5535 nostra.
1737 5479 2004 5545 Quoniam

419 5574 466 5629 si
498 5574 912 5643 reprehenderit
939 5588 1036 5628 nos
1081 5587 1179 5628 cor
1208 5582 1458 5627 nostrum
1486 5586 1498 5624 :
1535 5571 1711 5641 major
1744 5580 1830 5625 est
1867 5570 2006 5625 Dens

431 5668 596 5742 corde
638 5673 848 5747 nostro,
885 5673 936 5725 ct
963 5666 1108 5724 novit
1135 5666 1338 5725 omnia.
1365 5665 1705 5733 Cltat‘issinti,
1735 5665 1776 5721 si
1803 5682 1897 5722 cur
1916 5683 2006 5722 no-

2113 4483 2235 4524 cum
2271 4477 2373 4524 :ut
2425 4467 2680 4522 fiduciam
2728 4466 3026 4522 habeamus
3081 4466 3133 4520 in
3169 4465 3260 4521 die
3300 4465 3499 4534 jndicii
3528 4482 3542 4518 :
3575 4462 3698 4533 quia

2113 4559 2257 4614 sicut
2287 4559 2379 4613 ille
2414 4568 2518 4621 est,
2554 4567 2608 4613 et
2644 4573 2743 4614 nos
2790 4573 2978 4613 sumus
3010 4558 3065 4613 in
3101 4558 3205 4612 hoc
3245 4559 3480 4611 mundo.
3513 4557 3700 4609 Timor

2113 4667 2218 4706 non
2252 4659 2335 4707 est
2370 4651 2425 4706 in
2471 4651 2740 4710 charitate
2777 4651 2910 4705 :sed
2961 4650 3200 4720 perfecta
3250 4648 3502 4704 charitas
3558 4651 3698 4702 foras

2115 4745 2283 4800 mittit
2317 4745 2608 4800 timorem:
2643 4743 2900 4814 quoniam
2936 4746 3100 4800 timor
3126 4759 3341 4815 poenam
3375 4744 3569 4798 habet.
3600 4741 3698 4807 Qui

2113 4847 2294 4892 autem
2337 4837 2511 4903 timet,
2553 4852 2660 4890 non
2713 4837 3103 4904 est-perfectus
3144 4837 3196 4896 in
3240 4838 3545 4890 charitate.
3597 4833 3699 4888 Nos

2113 4945 2241 4998 ergo
2284 4929 2574 4998 diligamus
2604 4928 2797 4994 Deum,
2822 4930 3080 4998 quoniam
3131 4928 3295 4994 Deus,
3328 4929 3486 4995 prior
3510 4928 3700 4982 dilexit

2112 5036 2232 5078 nos.
2255 5020 2311 5074 Si
2346 5021 2467 5089 quis
2493 5022 2696 5075 dixerit
2716 5025 2968 5091 quoniam
2988 5021 3153 5088 diligo
3172 5019 3366 5081 Deum.
3389 5031 3445 5072 et
3475 5019 3699 5072 fratrem

2111 5128 2269 5166 suum
2307 5114 2511 5179 oderit,
2548 5113 2776 5168 mendax
2800 5123 2898 5167 est.
2926 5113 3028 5189 Qui
3061 5113 3206 5166 enim
3237 5127 3348 5166 non
3377 5111 3569 5181 diligit
3597 5111 3700 5164 fra-

2112 5212 2247 5265 trem
2274 5219 2430 5267 suum
2457 5219 2616 5274 quem
2641 5207 2810 5272 videt;
2836 5203 3023 5269 Deum,
3052 5220 3212 5274 quem
3241 5219 3346 5261 non
3369 5204 3550 5265 videt,
3571 5218 3702 5271 quo-

2110 5297 2271 5352 modo
2303 5307 2478 5365 potest
2499 5298 2849 5368 diligereiEt
2882 5300 2981 5353 hoc
3003 5300 3316 5352 mandatum
3356 5299 3634 5353 habemus
3671 5311 3698 5348 a

2111 5386 2223 5444 Deo
2253 5407 2266 5444 :
2297 5399 2356 5444 ut
2385 5390 2476 5459 qui
2525 5391 2702 5460 diligit
2724 5392 2916 5451 Deum,
2961 5391 3150 5460 diligat
3177 5400 3231 5444 ct
3253 5391 3481 5445 fratrem
3517 5405 3696 5444 suum.

2185 5481 2340 5554 [ϐαρ.
2373 5479 2465 5555 ν.]
2497 5483 2687 5539 Omnis
2739 5485 2828 5554 qui
2884 5484 3079 5546 credit,
3109 5482 3369 5553 quoniam
3423 5481 3600 5538 Jesns
3621 5491 3702 5535 est

2113 5573 2389 5640 Christus,
2423 5591 2491 5631 ex
2527 5577 2639 5632 Deo
2655 5587 2812 5633 natus
2835 5588 2936 5632 est.
2965 5575 3220 5632 Etomnis
3250 5576 3339 5648 qui
3367 5575 3561 5646 diligit
3581 5589 3701 5629 eum

2116 5664 2210 5735 qui
2250 5665 2459 5738 genuit,
2495 5665 2666 5738 diligit
2697 5675 2749 5723 ct
2785 5681 2908 5724 eum
2955 5666 3044 5736 qui
3092 5676 3251 5722 natus
3297 5673 3374 5722 est
3411 5679 3483 5720 ex
3519 5679 3607 5721 eo.
3648 5661 3704 5724 In
