  <div class='ocr_page' id='page_1' title='image "/cluster/home/n/w/nwhite01/storage/ocr_20150623/29/hvd.32044096580519/460.png"; bbox 0 0 3946 6170; ppageno 0'>
   <div class='ocr_carea' id='block_1_1' title="bbox 288 210 398 274">
    <p class='ocr_par' dir='ltr' id='par_1_1' title="bbox 288 210 398 274">
     <span class='ocr_line' id='line_1_1' title="bbox 288 210 398 274; baseline -0.018 -1"><span class='ocrx_word' id='word_1_1' title='bbox 288 210 398 274; x_wconf 80' lang='lat'><strong>889</strong></span> 
     </span>
    </p>
   </div>
   <div class='ocr_carea' id='block_1_2' title="bbox 1453 219 2416 292">
    <p class='ocr_par' dir='ltr' id='par_1_2' title="bbox 1453 219 2416 292">
     <span class='ocr_line' id='line_1_2' title="bbox 1453 219 2416 292; baseline 0.015 -15"><span class='ocrx_word' id='word_1_2' title='bbox 1453 221 1511 279; x_wconf 75' lang='grc' dir='ltr'><strong>Β.</strong></span> <span class='ocrx_word' id='word_1_3' title='bbox 1553 219 1875 279; x_wconf 59' lang='lat' dir='ltr'><strong>J5).\.\&#39;.\&#39;[S</strong></span> <span class='ocrx_word' id='word_1_4' title='bbox 1923 225 2282 289; x_wconf 41' lang='lat' dir='ltr'><strong>lil’lS‘fl‘lLl</strong></span> <span class='ocrx_word' id='word_1_5' title='bbox 2344 231 2416 292; x_wconf 85' lang='grc' dir='ltr'><strong>Η.</strong></span> 
     </span>
    </p>
   </div>
   <div class='ocr_carea' id='block_1_3' title="bbox 3453 245 3568 313">
    <p class='ocr_par' dir='ltr' id='par_1_3' title="bbox 3453 245 3568 313">
     <span class='ocr_line' id='line_1_3' title="bbox 3453 245 3568 313; baseline 0.009 -2"><span class='ocrx_word' id='word_1_6' title='bbox 3453 245 3568 313; x_wconf 78' lang='lat'><strong>800</strong></span> 
     </span>
    </p>
   </div>
   <div class='ocr_carea' id='block_1_4' title="bbox 284 329 3577 421">
    <p class='ocr_par' dir='ltr' id='par_1_4' title="bbox 284 329 3577 421">
     <span class='ocr_line' id='line_1_4' title="bbox 284 329 3577 421; baseline 0.006 -37"><span class='ocrx_word' id='word_1_7' title='bbox 284 331 389 384; x_wconf 89' lang='lat' dir='ltr'><strong>hoc</strong></span> <span class='ocrx_word' id='word_1_8' title='bbox 413 331 807 398; x_wconf 77' lang='lat' dir='ltr'><strong>cognoscimus</strong></span> <span class='ocrx_word' id='word_1_9' title='bbox 829 329 1090 398; x_wconf 70' lang='lat' dir='ltr'><strong>quoniam</strong></span> <span class='ocrx_word' id='word_1_10' title='bbox 1125 332 1400 396; x_wconf 67' lang='lat' dir='ltr'><strong>diligimus</strong></span> <span class='ocrx_word' id='word_1_11' title='bbox 1429 346 1583 388; x_wconf 88' lang='lat' dir='ltr'><strong>natos</strong></span> <span class='ocrx_word' id='word_1_12' title='bbox 1610 335 1724 399; x_wconf 66' lang='grc' dir='ltr'><strong>ηυξ,</strong></span> <span class='ocrx_word' id='word_1_13' title='bbox 1753 353 1870 389; x_wconf 77' lang='lat' dir='ltr'><strong>(‘lllll</strong></span> <span class='ocrx_word' id='word_1_14' title='bbox 1902 361 1947 416; x_wconf 72' lang='grc' dir='ltr'><strong>Α</strong></span> <span class='ocrx_word' id='word_1_15' title='bbox 1979 357 2094 396; x_wconf 83' lang='lat' dir='ltr'><strong>suo,</strong></span> <span class='ocrx_word' id='word_1_16' title='bbox 2131 346 2198 400; x_wconf 80' lang='lat' dir='ltr'><strong>El</strong></span> <span class='ocrx_word' id='word_1_17' title='bbox 2239 349 2340 402; x_wconf 71' lang='lat' dir='ltr'><strong>hoc</strong></span> <span class='ocrx_word' id='word_1_18' title='bbox 2387 363 2468 401; x_wconf 57' lang='grc' dir='ltr'><strong>ρδι</strong></span> <span class='ocrx_word' id='word_1_19' title='bbox 2508 352 2902 412; x_wconf 45' lang='lat' dir='ltr'><strong>testimonium.</strong></span> <span class='ocrx_word' id='word_1_20' title='bbox 2933 357 3186 421; x_wconf 71' lang='lat' dir='ltr'><strong>quoniam</strong></span> <span class='ocrx_word' id='word_1_21' title='bbox 3223 360 3384 415; x_wconf 57' lang='lat' dir='ltr'><strong>vitam</strong></span> <span class='ocrx_word' id='word_1_22' title='bbox 3415 373 3577 418; x_wconf 57' lang='grc' dir='ltr'><strong>κίοι·-</strong></span> 
     </span>
    </p>
   </div>
   <div class='ocr_carea' id='block_1_5' title="bbox 291 420 1871 490">
    <p class='ocr_par' dir='ltr' id='par_1_5' title="bbox 291 420 1871 490">
     <span class='ocr_line' id='line_1_5' title="bbox 291 420 1871 490; baseline 0.006 -18"><span class='ocrx_word' id='word_1_23' title='bbox 291 420 460 474; x_wconf 82' lang='lat' dir='ltr'><strong>Deum</strong></span> <span class='ocrx_word' id='word_1_24' title='bbox 509 421 824 488; x_wconf 71' lang='lat' dir='ltr'><strong>diligamus,</strong></span> <span class='ocrx_word' id='word_1_25' title='bbox 856 434 909 475; x_wconf 84' lang='lat' dir='ltr'><strong>et</strong></span> <span class='ocrx_word' id='word_1_26' title='bbox 953 422 1208 476; x_wconf 88' lang='lat' dir='ltr'><strong>mandata</strong></span> <span class='ocrx_word' id='word_1_27' title='bbox 1251 425 1372 490; x_wconf 88' lang='lat' dir='ltr'><strong>ejus</strong></span> <span class='ocrx_word' id='word_1_28' title='bbox 1417 425 1704 482; x_wconf 77' lang='lat' dir='ltr'><strong>faciamus.</strong></span> <span class='ocrx_word' id='word_1_29' title='bbox 1745 425 1871 481; x_wconf 64' lang='lat' dir='ltr'><strong>Hmc</strong></span> 
     </span>
    </p>
   </div>
   <div class='ocr_carea' id='block_1_6' title="bbox 282 514 1840 588">
    <p class='ocr_par' dir='ltr' id='par_1_6' title="bbox 282 514 1840 588">
     <span class='ocr_line' id='line_1_6' title="bbox 282 514 1840 588; baseline 0.003 -21"><span class='ocrx_word' id='word_1_30' title='bbox 282 522 365 568; x_wconf 86' lang='lat' dir='ltr'><strong>est</strong></span> <span class='ocrx_word' id='word_1_31' title='bbox 395 515 543 569; x_wconf 89' lang='lat' dir='ltr'><strong>enim</strong></span> <span class='ocrx_word' id='word_1_32' title='bbox 584 514 829 568; x_wconf 87' lang='lat' dir='ltr'><strong>charitas</strong></span> <span class='ocrx_word' id='word_1_33' title='bbox 867 515 983 581; x_wconf 84' lang='lat' dir='ltr'><strong>Dei,</strong></span> <span class='ocrx_word' id='word_1_34' title='bbox 1033 529 1090 570; x_wconf 91' lang='lat' dir='ltr'><strong>ut</strong></span> <span class='ocrx_word' id='word_1_35' title='bbox 1119 519 1373 570; x_wconf 88' lang='lat' dir='ltr'><strong>mandata</strong></span> <span class='ocrx_word' id='word_1_36' title='bbox 1426 521 1546 588; x_wconf 80' lang='lat' dir='ltr'><strong>ejus</strong></span> <span class='ocrx_word' id='word_1_37' title='bbox 1594 521 1840 574; x_wconf 87' lang='lat' dir='ltr'><strong>eustndia</strong></span> 
     </span>
    </p>
   </div>
   <div class='ocr_carea' id='block_1_7' title="bbox 281 609 1870 678">
    <p class='ocr_par' dir='ltr' id='par_1_7' title="bbox 281 609 1870 678">
     <span class='ocr_line' id='line_1_7' title="bbox 281 609 1870 678; baseline 0.004 -19"><span class='ocrx_word' id='word_1_38' title='bbox 281 621 402 662; x_wconf 88' lang='lat' dir='ltr'><strong>mus</strong></span> <span class='ocrx_word' id='word_1_39' title='bbox 435 623 450 660; x_wconf 86' lang='lat'><strong>:</strong></span> <span class='ocrx_word' id='word_1_40' title='bbox 486 615 542 661; x_wconf 87' lang='lat' dir='ltr'><strong>et</strong></span> <span class='ocrx_word' id='word_1_41' title='bbox 573 610 828 662; x_wconf 61' lang='lat' dir='ltr'><strong>mandata</strong></span> <span class='ocrx_word' id='word_1_42' title='bbox 882 609 999 678; x_wconf 82' lang='lat' dir='ltr'><strong>ejus</strong></span> <span class='ocrx_word' id='word_1_43' title='bbox 1045 612 1230 678; x_wconf 77' lang='lat' dir='ltr'><strong>gravia</strong></span> <span class='ocrx_word' id='word_1_44' title='bbox 1262 627 1364 664; x_wconf 87' lang='lat' dir='ltr'><strong>nun</strong></span> <span class='ocrx_word' id='word_1_45' title='bbox 1403 623 1550 665; x_wconf 82' lang='lat' dir='ltr'><strong>sunt.</strong></span> <span class='ocrx_word' id='word_1_46' title='bbox 1603 612 1870 678; x_wconf 84' lang='lat' dir='ltr'><strong>Quoniam</strong></span> 
     </span>
    </p>
   </div>
   <div class='ocr_carea' id='block_1_8' title="bbox 281 699 1873 766">
    <p class='ocr_par' dir='ltr' id='par_1_8' title="bbox 281 699 1873 766">
     <span class='ocr_line' id='line_1_8' title="bbox 281 699 1873 766; baseline 0.003 -12"><span class='ocrx_word' id='word_1_47' title='bbox 281 713 447 754; x_wconf 86' lang='lat' dir='ltr'><strong>Omne</strong></span> <span class='ocrx_word' id='word_1_48' title='bbox 476 699 619 766; x_wconf 88' lang='lat' dir='ltr'><strong>quod</strong></span> <span class='ocrx_word' id='word_1_49' title='bbox 663 709 847 752; x_wconf 84' lang='lat' dir='ltr'><strong>natum</strong></span> <span class='ocrx_word' id='word_1_50' title='bbox 891 710 971 752; x_wconf 88' lang='lat' dir='ltr'><strong>est</strong></span> <span class='ocrx_word' id='word_1_51' title='bbox 1007 716 1070 753; x_wconf 76' lang='lat' dir='ltr'><strong>ex</strong></span> <span class='ocrx_word' id='word_1_52' title='bbox 1103 702 1236 764; x_wconf 76' lang='grc' dir='ltr'><strong>Βιιο,</strong></span> <span class='ocrx_word' id='word_1_53' title='bbox 1271 703 1441 757; x_wconf 86' lang='lat' dir='ltr'><strong>vincit</strong></span> <span class='ocrx_word' id='word_1_54' title='bbox 1477 706 1736 758; x_wconf 88' lang='lat' dir='ltr'><strong>mundum</strong></span> <span class='ocrx_word' id='word_1_55' title='bbox 1774 723 1784 759; x_wconf 92' lang='lat'>:</span> <span class='ocrx_word' id='word_1_56' title='bbox 1821 718 1873 758; x_wconf 88' lang='lat' dir='ltr'><strong>et</strong></span> 
     </span>
    </p>
   </div>
   <div class='ocr_carea' id='block_1_9' title="bbox 284 791 1869 860">
    <p class='ocr_par' dir='ltr' id='par_1_9' title="bbox 284 791 1869 860">
     <span class='ocr_line' id='line_1_9' title="bbox 284 791 1869 860; baseline 0.006 -17"><span class='ocrx_word' id='word_1_57' title='bbox 284 792 396 844; x_wconf 69' lang='lat' dir='ltr'><strong>haec</strong></span> <span class='ocrx_word' id='word_1_58' title='bbox 418 798 501 844; x_wconf 78' lang='lat' dir='ltr'><strong>est</strong></span> <span class='ocrx_word' id='word_1_59' title='bbox 533 791 780 857; x_wconf 74' lang='lat' dir='ltr'><strong>victoria,</strong></span> <span class='ocrx_word' id='word_1_60' title='bbox 803 806 924 860; x_wconf 66' lang='lat' dir='ltr'><strong>qua:</strong></span> <span class='ocrx_word' id='word_1_61' title='bbox 959 793 1121 847; x_wconf 85' lang='lat' dir='ltr'><strong>vincit.</strong></span> <span class='ocrx_word' id='word_1_62' title='bbox 1149 795 1434 859; x_wconf 86' lang='lat' dir='ltr'><strong>mundum,</strong></span> <span class='ocrx_word' id='word_1_63' title='bbox 1483 796 1617 850; x_wconf 80' lang='lat' dir='ltr'><strong>fides</strong></span> <span class='ocrx_word' id='word_1_64' title='bbox 1665 810 1869 852; x_wconf 82' lang='lat' dir='ltr'><strong>nostra.</strong></span> 
     </span>
    </p>
   </div>
   <div class='ocr_carea' id='block_1_10' title="bbox 282 883 1866 957">
    <p class='ocr_par' dir='ltr' id='par_1_10' title="bbox 282 883 1866 957">
     <span class='ocr_line' id='line_1_10' title="bbox 282 883 1866 957; baseline 0.006 -23"><span class='ocrx_word' id='word_1_65' title='bbox 282 883 415 949; x_wconf 84' lang='lat' dir='ltr'><strong>Quis</strong></span> <span class='ocrx_word' id='word_1_66' title='bbox 443 892 528 937; x_wconf 84' lang='lat' dir='ltr'><strong>est</strong></span> <span class='ocrx_word' id='word_1_67' title='bbox 558 883 649 952; x_wconf 87' lang='lat' dir='ltr'><strong>qui</strong></span> <span class='ocrx_word' id='word_1_68' title='bbox 696 885 869 938; x_wconf 84' lang='lat' dir='ltr'><strong>vincit</strong></span> <span class='ocrx_word' id='word_1_69' title='bbox 905 888 1192 952; x_wconf 84' lang='lat' dir='ltr'><strong>mundum,</strong></span> <span class='ocrx_word' id='word_1_70' title='bbox 1230 887 1331 939; x_wconf 88' lang='lat' dir='ltr'><strong>nisi</strong></span> <span class='ocrx_word' id='word_1_71' title='bbox 1367 887 1459 956; x_wconf 85' lang='lat' dir='ltr'><strong>qui</strong></span> <span class='ocrx_word' id='word_1_72' title='bbox 1497 887 1674 942; x_wconf 89' lang='lat' dir='ltr'><strong>credit</strong></span> <span class='ocrx_word' id='word_1_73' title='bbox 1729 905 1866 957; x_wconf 84' lang='lat' dir='ltr'><strong>quo-</strong></span> 
     </span>
    </p>
   </div>
   <div class='ocr_carea' id='block_1_11' title="bbox 283 974 1862 1050">
    <p class='ocr_par' dir='ltr' id='par_1_11' title="bbox 283 974 1862 1050">
     <span class='ocr_line' id='line_1_11' title="bbox 283 974 1862 1050; baseline 0.003 -22"><span class='ocrx_word' id='word_1_74' title='bbox 283 975 430 1028; x_wconf 85' lang='lat' dir='ltr'><strong>niam</strong></span> <span class='ocrx_word' id='word_1_75' title='bbox 464 975 623 1030; x_wconf 84' lang='lat' dir='ltr'><strong>Jesus</strong></span> <span class='ocrx_word' id='word_1_76' title='bbox 668 985 750 1030; x_wconf 89' lang='lat' dir='ltr'><strong>est</strong></span> <span class='ocrx_word' id='word_1_77' title='bbox 791 974 963 1030; x_wconf 83' lang='lat' dir='ltr'><strong>Filius</strong></span> <span class='ocrx_word' id='word_1_78' title='bbox 1015 978 1154 1030; x_wconf 87' lang='lat' dir='ltr'><strong>Dei?</strong></span> <span class='ocrx_word' id='word_1_79' title='bbox 1189 979 1276 1031; x_wconf 90' lang='lat' dir='ltr'><strong>hic</strong></span> <span class='ocrx_word' id='word_1_80' title='bbox 1299 989 1382 1032; x_wconf 90' lang='lat' dir='ltr'><strong>est</strong></span> <span class='ocrx_word' id='word_1_81' title='bbox 1412 981 1501 1046; x_wconf 90' lang='lat' dir='ltr'><strong>qui</strong></span> <span class='ocrx_word' id='word_1_82' title='bbox 1554 981 1703 1034; x_wconf 86' lang='lat' dir='ltr'><strong>venit</strong></span> <span class='ocrx_word' id='word_1_83' title='bbox 1762 996 1862 1050; x_wconf 90' lang='lat' dir='ltr'><strong>per</strong></span> 
     </span>
    </p>
   </div>
   <div class='ocr_carea' id='block_1_12' title="bbox 284 1066 1868 1140">
    <p class='ocr_par' dir='ltr' id='par_1_12' title="bbox 284 1066 1868 1140">
     <span class='ocr_line' id='line_1_12' title="bbox 284 1066 1868 1140; baseline 0.003 -20"><span class='ocrx_word' id='word_1_84' title='bbox 284 1081 480 1136; x_wconf 87' lang='lat' dir='ltr'><strong>aquam</strong></span> <span class='ocrx_word' id='word_1_85' title='bbox 512 1077 567 1120; x_wconf 90' lang='lat' dir='ltr'><strong>et</strong></span> <span class='ocrx_word' id='word_1_86' title='bbox 594 1067 941 1136; x_wconf 82' lang='lat' dir='ltr'><strong>sanguinem,</strong></span> <span class='ocrx_word' id='word_1_87' title='bbox 982 1066 1144 1122; x_wconf 76' lang='lat' dir='ltr'><strong>Iesus</strong></span> <span class='ocrx_word' id='word_1_88' title='bbox 1183 1067 1434 1123; x_wconf 82' lang='lat' dir='ltr'><strong>Christus</strong></span> <span class='ocrx_word' id='word_1_89' title='bbox 1463 1087 1480 1124; x_wconf 91' lang='lat'><em>:</em></span> <span class='ocrx_word' id='word_1_90' title='bbox 1516 1085 1620 1122; x_wconf 86' lang='lat' dir='ltr'><strong>non</strong></span> <span class='ocrx_word' id='word_1_91' title='bbox 1649 1073 1698 1124; x_wconf 86' lang='lat' dir='ltr'><strong>in</strong></span> <span class='ocrx_word' id='word_1_92' title='bbox 1730 1088 1868 1140; x_wconf 71' lang='lat' dir='ltr'><strong>aqua</strong></span> 
     </span>
    </p>
   </div>
   <div class='ocr_carea' id='block_1_13' title="bbox 281 1159 1869 1233">
    <p class='ocr_par' dir='ltr' id='par_1_13' title="bbox 281 1159 1869 1233">
     <span class='ocr_line' id='line_1_13' title="bbox 281 1159 1869 1233; baseline 0.004 -21"><span class='ocrx_word' id='word_1_93' title='bbox 281 1159 481 1224; x_wconf 88' lang='lat' dir='ltr'><strong>solum,</strong></span> <span class='ocrx_word' id='word_1_94' title='bbox 507 1161 670 1214; x_wconf 85' lang='lat' dir='ltr'><strong>sedin</strong></span> <span class='ocrx_word' id='word_1_95' title='bbox 695 1175 835 1228; x_wconf 86' lang='lat' dir='ltr'><strong>aqua</strong></span> <span class='ocrx_word' id='word_1_96' title='bbox 858 1169 911 1214; x_wconf 90' lang='lat' dir='ltr'><strong>et</strong></span> <span class='ocrx_word' id='word_1_97' title='bbox 941 1161 1228 1226; x_wconf 76' lang='lat' dir='ltr'><strong>sanguine.</strong></span> <span class='ocrx_word' id='word_1_98' title='bbox 1259 1159 1321 1215; x_wconf 86' lang='lat' dir='ltr'><strong>Et</strong></span> <span class='ocrx_word' id='word_1_99' title='bbox 1368 1162 1593 1230; x_wconf 87' lang='lat' dir='ltr'><strong>spiritus</strong></span> <span class='ocrx_word' id='word_1_100' title='bbox 1636 1174 1718 1216; x_wconf 90' lang='lat' dir='ltr'><strong>est</strong></span> <span class='ocrx_word' id='word_1_101' title='bbox 1775 1165 1869 1233; x_wconf 86' lang='lat' dir='ltr'><strong>qui</strong></span> 
     </span>
    </p>
   </div>
   <div class='ocr_carea' id='block_1_14' title="bbox 283 1248 1874 1322">
    <p class='ocr_par' dir='ltr' id='par_1_14' title="bbox 283 1248 1874 1322">
     <span class='ocr_line' id='line_1_14' title="bbox 283 1248 1874 1322; baseline 0.005 -20"><span class='ocrx_word' id='word_1_102' title='bbox 283 1248 605 1305; x_wconf 75' lang='lat' dir='ltr'><strong>testiﬁcatur</strong></span> <span class='ocrx_word' id='word_1_103' title='bbox 684 1251 940 1321; x_wconf 85' lang='lat' dir='ltr'><strong>quoniam</strong></span> <span class='ocrx_word' id='word_1_104' title='bbox 992 1252 1244 1306; x_wconf 88' lang='lat' dir='ltr'><strong>Christus</strong></span> <span class='ocrx_word' id='word_1_105' title='bbox 1297 1265 1380 1307; x_wconf 89' lang='lat' dir='ltr'><strong>est</strong></span> <span class='ocrx_word' id='word_1_106' title='bbox 1446 1254 1673 1309; x_wconf 88' lang='lat' dir='ltr'><strong>veritas.</strong></span> <span class='ocrx_word' id='word_1_107' title='bbox 1729 1255 1874 1322; x_wconf 86' lang='lat' dir='ltr'><strong>Quo-</strong></span> 
     </span>
    </p>
   </div>
   <div class='ocr_carea' id='block_1_15' title="bbox 280 1340 1868 1413">
    <p class='ocr_par' dir='ltr' id='par_1_15' title="bbox 280 1340 1868 1413">
     <span class='ocr_line' id='line_1_15' title="bbox 280 1340 1868 1413; baseline 0.005 -19"><span class='ocrx_word' id='word_1_108' title='bbox 280 1340 425 1394; x_wconf 85' lang='lat' dir='ltr'><strong>niam</strong></span> <span class='ocrx_word' id='word_1_109' title='bbox 455 1350 566 1396; x_wconf 88' lang='lat' dir='ltr'><strong>tres</strong></span> <span class='ocrx_word' id='word_1_110' title='bbox 593 1352 724 1396; x_wconf 85' lang='lat' dir='ltr'><strong>sunt</strong></span> <span class='ocrx_word' id='word_1_111' title='bbox 754 1343 796 1408; x_wconf 90' lang='grc'><strong>¹,</strong></span> <span class='ocrx_word' id='word_1_112' title='bbox 867 1341 958 1413; x_wconf 92' lang='lat' dir='ltr'><strong>qui</strong></span> <span class='ocrx_word' id='word_1_113' title='bbox 997 1343 1366 1398; x_wconf 84' lang='lat' dir='ltr'><strong>testimonium</strong></span> <span class='ocrx_word' id='word_1_114' title='bbox 1403 1345 1536 1399; x_wconf 90' lang='lat' dir='ltr'><strong>dant</strong></span> <span class='ocrx_word' id='word_1_115' title='bbox 1588 1347 1640 1400; x_wconf 89' lang='lat' dir='ltr'><strong>in</strong></span> <span class='ocrx_word' id='word_1_116' title='bbox 1673 1347 1815 1401; x_wconf 63' lang='lat' dir='ltr'><strong>cosio</strong></span> <span class='ocrx_word' id='word_1_117' title='bbox 1853 1364 1868 1402; x_wconf 91' lang='lat'><strong>:</strong></span> 
     </span>
    </p>
   </div>
   <div class='ocr_carea' id='block_1_16' title="bbox 280 1430 1872 1504">
    <p class='ocr_par' dir='ltr' id='par_1_16' title="bbox 280 1430 1872 1504">
     <span class='ocr_line' id='line_1_16' title="bbox 280 1430 1872 1504; baseline 0.003 -17"><span class='ocrx_word' id='word_1_118' title='bbox 280 1431 463 1499; x_wconf 86' lang='lat' dir='ltr'><strong>Pater,</strong></span> <span class='ocrx_word' id='word_1_119' title='bbox 519 1430 782 1498; x_wconf 81' lang='lat' dir='ltr'><strong>Verbum,</strong></span> <span class='ocrx_word' id='word_1_120' title='bbox 843 1442 898 1490; x_wconf 90' lang='lat' dir='ltr'><strong>et</strong></span> <span class='ocrx_word' id='word_1_121' title='bbox 949 1435 1184 1504; x_wconf 86' lang='lat' dir='ltr'><strong>Spiritus</strong></span> <span class='ocrx_word' id='word_1_122' title='bbox 1233 1445 1455 1490; x_wconf 83' lang='lat' dir='ltr'><strong>sanctus</strong></span> <span class='ocrx_word' id='word_1_123' title='bbox 1509 1457 1523 1492; x_wconf 91' lang='lat'><strong>:</strong></span> <span class='ocrx_word' id='word_1_124' title='bbox 1570 1448 1625 1490; x_wconf 89' lang='lat' dir='ltr'><strong>et</strong></span> <span class='ocrx_word' id='word_1_125' title='bbox 1671 1438 1721 1491; x_wconf 89' lang='lat' dir='ltr'><strong>hi</strong></span> <span class='ocrx_word' id='word_1_126' title='bbox 1763 1450 1872 1491; x_wconf 78' lang='lat' dir='ltr'><strong>tres</strong></span> 
     </span>
    </p>
   </div>
   <div class='ocr_carea' id='block_1_17' title="bbox 279 1525 1870 1598">
    <p class='ocr_par' dir='ltr' id='par_1_17' title="bbox 279 1525 1870 1598">
     <span class='ocr_line' id='line_1_17' title="bbox 279 1525 1870 1598; baseline 0.003 -19"><span class='ocrx_word' id='word_1_127' title='bbox 279 1540 448 1579; x_wconf 88' lang='lat' dir='ltr'><strong>unum</strong></span> <span class='ocrx_word' id='word_1_128' title='bbox 483 1534 630 1580; x_wconf 91' lang='lat' dir='ltr'><strong>sunt.</strong></span> <span class='ocrx_word' id='word_1_129' title='bbox 670 1525 737 1580; x_wconf 88' lang='lat' dir='ltr'><strong>Et</strong></span> <span class='ocrx_word' id='word_1_130' title='bbox 783 1535 892 1582; x_wconf 84' lang='lat' dir='ltr'><strong>tres</strong></span> <span class='ocrx_word' id='word_1_131' title='bbox 934 1536 1084 1593; x_wconf 87' lang='lat' dir='ltr'><strong>sunt,</strong></span> <span class='ocrx_word' id='word_1_132' title='bbox 1115 1529 1206 1598; x_wconf 91' lang='lat' dir='ltr'><strong>qui</strong></span> <span class='ocrx_word' id='word_1_133' title='bbox 1248 1530 1620 1583; x_wconf 86' lang='lat' dir='ltr'><strong>testimonium</strong></span> <span class='ocrx_word' id='word_1_134' title='bbox 1662 1531 1870 1584; x_wconf 85' lang='lat' dir='ltr'><strong>dantin</strong></span> 
     </span>
    </p>
   </div>
   <div class='ocr_carea' id='block_1_18' title="bbox 283 1616 1875 1690">
    <p class='ocr_par' dir='ltr' id='par_1_18' title="bbox 283 1616 1875 1690">
     <span class='ocr_line' id='line_1_18' title="bbox 283 1616 1875 1690; baseline 0.004 -20"><span class='ocrx_word' id='word_1_135' title='bbox 283 1626 428 1671; x_wconf 87' lang='lat' dir='ltr'><strong>terra</strong></span> <span class='ocrx_word' id='word_1_136' title='bbox 476 1635 491 1671; x_wconf 89' lang='lat'><strong>:</strong></span> <span class='ocrx_word' id='word_1_137' title='bbox 542 1616 800 1688; x_wconf 76' lang='lat' dir='ltr'><strong>Spiritus,</strong></span> <span class='ocrx_word' id='word_1_138' title='bbox 852 1627 906 1673; x_wconf 92' lang='lat' dir='ltr'><strong>et</strong></span> <span class='ocrx_word' id='word_1_139' title='bbox 950 1634 1112 1687; x_wconf 85' lang='lat' dir='ltr'><strong>aqua,</strong></span> <span class='ocrx_word' id='word_1_140' title='bbox 1143 1629 1196 1674; x_wconf 88' lang='lat' dir='ltr'><strong>et</strong></span> <span class='ocrx_word' id='word_1_141' title='bbox 1228 1622 1450 1690; x_wconf 80' lang='lat' dir='ltr'><strong>sanguis</strong></span> <span class='ocrx_word' id='word_1_142' title='bbox 1499 1631 1600 1676; x_wconf 88' lang='lat' dir='ltr'><strong>:et</strong></span> <span class='ocrx_word' id='word_1_143' title='bbox 1635 1622 1688 1676; x_wconf 88' lang='lat' dir='ltr'><strong>hi</strong></span> <span class='ocrx_word' id='word_1_144' title='bbox 1755 1633 1875 1676; x_wconf 87' lang='lat' dir='ltr'><strong>tres</strong></span> 
     </span>
    </p>
   </div>
   <div class='ocr_carea' id='block_1_19' title="bbox 1978 439 3566 522">
    <p class='ocr_par' dir='ltr' id='par_1_19' title="bbox 1978 439 3566 522">
     <span class='ocr_line' id='line_1_19' title="bbox 1978 439 3566 522; baseline 0.015 -35"><span class='ocrx_word' id='word_1_145' title='bbox 1978 452 2100 488; x_wconf 89' lang='lat' dir='ltr'><strong>nam</strong></span> <span class='ocrx_word' id='word_1_146' title='bbox 2129 439 2276 492; x_wconf 87' lang='lat' dir='ltr'><strong>dedit</strong></span> <span class='ocrx_word' id='word_1_147' title='bbox 2303 443 2459 496; x_wconf 86' lang='lat' dir='ltr'><strong>nobis</strong></span> <span class='ocrx_word' id='word_1_148' title='bbox 2494 445 2651 496; x_wconf 82' lang='lat' dir='ltr'><strong>Deus.</strong></span> <span class='ocrx_word' id='word_1_149' title='bbox 2685 445 2747 497; x_wconf 73' lang='lat' dir='ltr'><strong>lit</strong></span> <span class='ocrx_word' id='word_1_150' title='bbox 2778 445 2894 500; x_wconf 67' lang='lat' dir='ltr'><strong>hare</strong></span> <span class='ocrx_word' id='word_1_151' title='bbox 2922 449 3029 502; x_wconf 87' lang='lat' dir='ltr'><strong>vita</strong></span> <span class='ocrx_word' id='word_1_152' title='bbox 3065 449 3118 504; x_wconf 92' lang='lat' dir='ltr'><strong>in</strong></span> <span class='ocrx_word' id='word_1_153' title='bbox 3150 451 3286 504; x_wconf 84' lang='lat' dir='ltr'><strong>Filio</strong></span> <span class='ocrx_word' id='word_1_154' title='bbox 3321 453 3440 522; x_wconf 85' lang='lat' dir='ltr'><strong>ejus</strong></span> <span class='ocrx_word' id='word_1_155' title='bbox 3463 465 3566 511; x_wconf 86' lang='lat' dir='ltr'><strong>est.</strong></span> 
     </span>
    </p>
   </div>
   <div class='ocr_carea' id='block_1_20' title="bbox 1977 525 3565 609">
    <p class='ocr_par' dir='ltr' id='par_1_20' title="bbox 1977 525 3565 609">
     <span class='ocr_line' id='line_1_20' title="bbox 1977 525 3565 609; baseline 0.014 -32"><span class='ocrx_word' id='word_1_156' title='bbox 1977 525 2075 591; x_wconf 87' lang='lat' dir='ltr'><strong>Qui</strong></span> <span class='ocrx_word' id='word_1_157' title='bbox 2118 529 2277 583; x_wconf 90' lang='lat' dir='ltr'><strong>habet</strong></span> <span class='ocrx_word' id='word_1_158' title='bbox 2313 529 2536 599; x_wconf 84' lang='lat' dir='ltr'><strong>Filium,</strong></span> <span class='ocrx_word' id='word_1_159' title='bbox 2575 535 2735 590; x_wconf 86' lang='lat' dir='ltr'><strong>habet</strong></span> <span class='ocrx_word' id='word_1_160' title='bbox 2767 537 2935 591; x_wconf 86' lang='lat' dir='ltr'><strong>vitam</strong></span> <span class='ocrx_word' id='word_1_161' title='bbox 2968 557 2982 596; x_wconf 83' lang='lat'><strong>:</strong></span> <span class='ocrx_word' id='word_1_162' title='bbox 3012 541 3100 609; x_wconf 90' lang='lat' dir='ltr'><strong>qui</strong></span> <span class='ocrx_word' id='word_1_163' title='bbox 3139 559 3244 596; x_wconf 90' lang='lat' dir='ltr'><strong>non</strong></span> <span class='ocrx_word' id='word_1_164' title='bbox 3286 544 3447 598; x_wconf 82' lang='lat' dir='ltr'><strong>habet</strong></span> <span class='ocrx_word' id='word_1_165' title='bbox 3476 545 3565 600; x_wconf 80' lang='lat' dir='ltr'><strong>Fi-</strong></span> 
     </span>
    </p>
   </div>
   <div class='ocr_carea' id='block_1_21' title="bbox 1976 618 3568 692">
    <p class='ocr_par' dir='ltr' id='par_1_21' title="bbox 1976 618 3568 692">
     <span class='ocr_line' id='line_1_21' title="bbox 1976 618 3568 692; baseline 0.014 -22"><span class='ocrx_word' id='word_1_166' title='bbox 1976 618 2131 682; x_wconf 84' lang='lat' dir='ltr'><strong>lium,</strong></span> <span class='ocrx_word' id='word_1_167' title='bbox 2171 621 2336 676; x_wconf 86' lang='lat' dir='ltr'><strong>vitam</strong></span> <span class='ocrx_word' id='word_1_168' title='bbox 2366 641 2470 679; x_wconf 88' lang='lat' dir='ltr'><strong>non</strong></span> <span class='ocrx_word' id='word_1_169' title='bbox 2511 627 2697 682; x_wconf 78' lang='lat' dir='ltr'><strong>habet.</strong></span> <span class='ocrx_word' id='word_1_170' title='bbox 2730 631 2852 684; x_wconf 65' lang='lat' dir='ltr'><strong>lla&#39;c</strong></span> <span class='ocrx_word' id='word_1_171' title='bbox 2887 635 3068 687; x_wconf 84' lang='lat' dir='ltr'><strong>scribo</strong></span> <span class='ocrx_word' id='word_1_172' title='bbox 3099 636 3254 689; x_wconf 92' lang='lat' dir='ltr'><strong>vobis</strong></span> <span class='ocrx_word' id='word_1_173' title='bbox 3291 651 3305 690; x_wconf 91' lang='lat'><strong>:</strong></span> <span class='ocrx_word' id='word_1_174' title='bbox 3334 646 3388 688; x_wconf 93' lang='lat' dir='ltr'><strong>ut</strong></span> <span class='ocrx_word' id='word_1_175' title='bbox 3423 639 3568 692; x_wconf 67' lang='lat' dir='ltr'><strong>scia»</strong></span> 
     </span>
    </p>
   </div>
   <div class='ocr_carea' id='block_1_22' title="bbox 1977 711 3567 792">
    <p class='ocr_par' dir='ltr' id='par_1_22' title="bbox 1977 711 3567 792">
     <span class='ocr_line' id='line_1_22' title="bbox 1977 711 3567 792; baseline 0.013 -30"><span class='ocrx_word' id='word_1_176' title='bbox 1977 711 2046 764; x_wconf 89' lang='lat' dir='ltr'><strong>tis</strong></span> <span class='ocrx_word' id='word_1_177' title='bbox 2084 714 2340 778; x_wconf 89' lang='lat' dir='ltr'><strong>quoniam</strong></span> <span class='ocrx_word' id='word_1_178' title='bbox 2379 717 2544 771; x_wconf 84' lang='lat' dir='ltr'><strong>vitam</strong></span> <span class='ocrx_word' id='word_1_179' title='bbox 2581 720 2795 776; x_wconf 84' lang='lat' dir='ltr'><strong>habetis</strong></span> <span class='ocrx_word' id='word_1_180' title='bbox 2826 734 3108 789; x_wconf 63' lang='lat' dir='ltr'><strong>aeternam,</strong></span> <span class='ocrx_word' id='word_1_181' title='bbox 3143 727 3233 792; x_wconf 91' lang='lat' dir='ltr'><strong>qui</strong></span> <span class='ocrx_word' id='word_1_182' title='bbox 3265 728 3488 782; x_wconf 81' lang='lat' dir='ltr'><strong>creditis</strong></span> <span class='ocrx_word' id='word_1_183' title='bbox 3515 731 3567 782; x_wconf 86' lang='lat' dir='ltr'><strong>in</strong></span> 
     </span>
    </p>
   </div>
   <div class='ocr_carea' id='block_1_23' title="bbox 1977 805 3572 886">
    <p class='ocr_par' dir='ltr' id='par_1_23' title="bbox 1977 805 3572 886">
     <span class='ocr_line' id='line_1_23' title="bbox 1977 805 3572 886; baseline 0.013 -32"><span class='ocrx_word' id='word_1_184' title='bbox 1977 807 2190 858; x_wconf 89' lang='lat' dir='ltr'><strong>nomine</strong></span> <span class='ocrx_word' id='word_1_185' title='bbox 2217 805 2335 859; x_wconf 81' lang='lat' dir='ltr'><strong>Filii</strong></span> <span class='ocrx_word' id='word_1_186' title='bbox 2380 808 2494 863; x_wconf 89' lang='lat' dir='ltr'><strong>Dei.</strong></span> <span class='ocrx_word' id='word_1_187' title='bbox 2528 809 2591 864; x_wconf 77' lang='lat' dir='ltr'><strong>Et</strong></span> <span class='ocrx_word' id='word_1_188' title='bbox 2617 812 2729 866; x_wconf 59' lang='lat' dir='ltr'><strong>huic</strong></span> <span class='ocrx_word' id='word_1_189' title='bbox 2753 825 2834 868; x_wconf 87' lang='lat' dir='ltr'><strong>est</strong></span> <span class='ocrx_word' id='word_1_190' title='bbox 2863 814 3080 880; x_wconf 72' lang='lat' dir='ltr'><strong>ﬁliUCia,</strong></span> <span class='ocrx_word' id='word_1_191' title='bbox 3118 834 3279 886; x_wconf 85' lang='lat' dir='ltr'><strong>quam</strong></span> <span class='ocrx_word' id='word_1_192' title='bbox 3309 819 3572 875; x_wconf 88' lang='lat' dir='ltr'><strong>habemus</strong></span> 
     </span>
    </p>
   </div>
   <div class='ocr_carea' id='block_1_24' title="bbox 1979 899 3567 976">
    <p class='ocr_par' dir='ltr' id='par_1_24' title="bbox 1979 899 3567 976">
     <span class='ocr_line' id='line_1_24' title="bbox 1979 899 3567 976; baseline 0.009 -27"><span class='ocrx_word' id='word_1_193' title='bbox 1979 899 2044 950; x_wconf 77' lang='lat' dir='ltr'><strong>ad</strong></span> <span class='ocrx_word' id='word_1_194' title='bbox 2079 915 2200 952; x_wconf 85' lang='lat' dir='ltr'><strong>eum</strong></span> <span class='ocrx_word' id='word_1_195' title='bbox 2242 901 2421 966; x_wconf 88' lang='lat' dir='ltr'><strong>:Quia</strong></span> <span class='ocrx_word' id='word_1_196' title='bbox 2476 907 2844 976; x_wconf 90' lang='lat' dir='ltr'><strong>quodcunque</strong></span> <span class='ocrx_word' id='word_1_197' title='bbox 2894 910 3214 976; x_wconf 90' lang='lat' dir='ltr'><strong>petierimus</strong></span> <span class='ocrx_word' id='word_1_198' title='bbox 3268 913 3567 965; x_wconf 87' lang='lat' dir='ltr'><strong>secundum</strong></span> 
     </span>
    </p>
   </div>
   <div class='ocr_carea' id='block_1_25' title="bbox 1975 993 3573 1070">
    <p class='ocr_par' dir='ltr' id='par_1_25' title="bbox 1975 993 3573 1070">
     <span class='ocr_line' id='line_1_25' title="bbox 1975 993 3573 1070; baseline 0.01 -26"><span class='ocrx_word' id='word_1_199' title='bbox 1975 993 2309 1048; x_wconf 89' lang='lat' dir='ltr'><strong>voluntatem</strong></span> <span class='ocrx_word' id='word_1_200' title='bbox 2348 998 2490 1066; x_wconf 87' lang='lat' dir='ltr'><strong>ejus.</strong></span> <span class='ocrx_word' id='word_1_201' title='bbox 2523 1001 2672 1053; x_wconf 90' lang='lat' dir='ltr'><strong>audit</strong></span> <span class='ocrx_word' id='word_1_202' title='bbox 2703 1017 2818 1055; x_wconf 89' lang='lat' dir='ltr'><strong>nos.</strong></span> <span class='ocrx_word' id='word_1_203' title='bbox 2858 1002 2918 1054; x_wconf 77' lang='lat' dir='ltr'><strong>Et</strong></span> <span class='ocrx_word' id='word_1_204' title='bbox 2975 1005 3202 1068; x_wconf 88' lang='lat' dir='ltr'><strong>scimus,</strong></span> <span class='ocrx_word' id='word_1_205' title='bbox 3239 1007 3364 1070; x_wconf 89' lang='lat' dir='ltr'><strong>quia</strong></span> <span class='ocrx_word' id='word_1_206' title='bbox 3419 1007 3573 1060; x_wconf 86' lang='lat' dir='ltr'><strong>audit</strong></span> 
     </span>
    </p>
   </div>
   <div class='ocr_carea' id='block_1_26' title="bbox 1975 1087 3569 1163">
    <p class='ocr_par' dir='ltr' id='par_1_26' title="bbox 1975 1087 3569 1163">
     <span class='ocr_line' id='line_1_26' title="bbox 1975 1087 3569 1163; baseline 0.009 -26"><span class='ocrx_word' id='word_1_207' title='bbox 1975 1100 2077 1138; x_wconf 86' lang='lat' dir='ltr'><strong>nos</strong></span> <span class='ocrx_word' id='word_1_208' title='bbox 2101 1087 2362 1155; x_wconf 78' lang='lat' dir='ltr'><strong>quidquid</strong></span> <span class='ocrx_word' id='word_1_209' title='bbox 2392 1092 2712 1158; x_wconf 80' lang='lat' dir='ltr'><strong>petierimus</strong></span> <span class='ocrx_word' id='word_1_210' title='bbox 2740 1112 2753 1146; x_wconf 92' lang='lat'>:</span> <span class='ocrx_word' id='word_1_211' title='bbox 2782 1095 2985 1148; x_wconf 78' lang='lat' dir='ltr'><strong>sciiuus</strong></span> <span class='ocrx_word' id='word_1_212' title='bbox 3014 1098 3272 1163; x_wconf 83' lang='lat' dir='ltr'><strong>quoniam</strong></span> <span class='ocrx_word' id='word_1_213' title='bbox 3307 1097 3569 1151; x_wconf 82' lang='lat' dir='ltr'><strong>habemus</strong></span> 
     </span>
    </p>
   </div>
   <div class='ocr_carea' id='block_1_27' title="bbox 1975 1177 3565 1254">
    <p class='ocr_par' dir='ltr' id='par_1_27' title="bbox 1975 1177 3565 1254">
     <span class='ocr_line' id='line_1_27' title="bbox 1975 1177 3565 1254; baseline 0.006 -24"><span class='ocrx_word' id='word_1_214' title='bbox 1975 1177 2290 1247; x_wconf 82' lang='lat' dir='ltr'><strong>petitiones,</strong></span> <span class='ocrx_word' id='word_1_215' title='bbox 2324 1197 2458 1251; x_wconf 84' lang='lat' dir='ltr'><strong>quas</strong></span> <span class='ocrx_word' id='word_1_216' title='bbox 2496 1185 2828 1252; x_wconf 85' lang='lat' dir='ltr'><strong>postulamus</strong></span> <span class='ocrx_word' id='word_1_217' title='bbox 2860 1187 2925 1238; x_wconf 86' lang='lat' dir='ltr'><strong>ah</strong></span> <span class='ocrx_word' id='word_1_218' title='bbox 2957 1202 3043 1241; x_wconf 90' lang='lat' dir='ltr'><strong>eo.</strong></span> <span class='ocrx_word' id='word_1_219' title='bbox 3077 1189 3176 1254; x_wconf 89' lang='lat' dir='ltr'><strong>Qui</strong></span> <span class='ocrx_word' id='word_1_220' title='bbox 3210 1189 3313 1240; x_wconf 87' lang='lat' dir='ltr'><strong>scit</strong></span> <span class='ocrx_word' id='word_1_221' title='bbox 3340 1187 3565 1242; x_wconf 88' lang='lat' dir='ltr'><strong>fratrem</strong></span> 
     </span>
    </p>
   </div>
   <div class='ocr_carea' id='block_1_28' title="bbox 1977 1280 3569 1347">
    <p class='ocr_par' dir='ltr' id='par_1_28' title="bbox 1977 1280 3569 1347">
     <span class='ocr_line' id='line_1_28' title="bbox 1977 1280 3569 1347; baseline 0.006 -23"><span class='ocrx_word' id='word_1_222' title='bbox 1977 1285 2132 1324; x_wconf 78' lang='lat' dir='ltr'><strong>Suum</strong></span> <span class='ocrx_word' id='word_1_223' title='bbox 2171 1287 2404 1340; x_wconf 84' lang='lat' dir='ltr'><strong>peccare</strong></span> <span class='ocrx_word' id='word_1_224' title='bbox 2442 1286 2725 1343; x_wconf 84' lang='lat' dir='ltr'><strong>peccatum</strong></span> <span class='ocrx_word' id='word_1_225' title='bbox 2763 1295 2876 1332; x_wconf 90' lang='lat' dir='ltr'><strong>non</strong></span> <span class='ocrx_word' id='word_1_226' title='bbox 2913 1280 2976 1332; x_wconf 91' lang='lat' dir='ltr'><strong>ad</strong></span> <span class='ocrx_word' id='word_1_227' title='bbox 3021 1290 3274 1344; x_wconf 72' lang='lat' dir='ltr'><strong>montem,</strong></span> <span class='ocrx_word' id='word_1_228' title='bbox 3315 1290 3479 1347; x_wconf 82' lang='lat' dir='ltr'><strong>petat,</strong></span> <span class='ocrx_word' id='word_1_229' title='bbox 3515 1292 3569 1333; x_wconf 86' lang='lat' dir='ltr'><strong>et</strong></span> 
     </span>
    </p>
   </div>
   <div class='ocr_carea' id='block_1_29' title="bbox 1977 1362 3556 1440">
    <p class='ocr_par' dir='ltr' id='par_1_29' title="bbox 1977 1362 3556 1440">
     <span class='ocr_line' id='line_1_29' title="bbox 1977 1362 3556 1440; baseline 0.009 -28"><span class='ocrx_word' id='word_1_230' title='bbox 1977 1362 2194 1416; x_wconf 85' lang='lat' dir='ltr'><strong>dabitur</strong></span> <span class='ocrx_word' id='word_1_231' title='bbox 2224 1365 2272 1418; x_wconf 90' lang='lat' dir='ltr'><strong>ei</strong></span> <span class='ocrx_word' id='word_1_232' title='bbox 2307 1368 2411 1419; x_wconf 86' lang='lat' dir='ltr'><strong>vita</strong></span> <span class='ocrx_word' id='word_1_233' title='bbox 2443 1371 2686 1436; x_wconf 82' lang='lat' dir='ltr'><strong>peccanti</strong></span> <span class='ocrx_word' id='word_1_234' title='bbox 2724 1369 2926 1422; x_wconf 85' lang='lat' dir='ltr'><strong>uon&#39;ad</strong></span> <span class='ocrx_word' id='word_1_235' title='bbox 2959 1381 3211 1425; x_wconf 91' lang='lat' dir='ltr'><strong>mortem.</strong></span> <span class='ocrx_word' id='word_1_236' title='bbox 3249 1371 3339 1424; x_wconf 88' lang='lat' dir='ltr'><strong>Est</strong></span> <span class='ocrx_word' id='word_1_237' title='bbox 3375 1386 3556 1440; x_wconf 87' lang='lat' dir='ltr'><strong>pecca-</strong></span> 
     </span>
    </p>
   </div>
   <div class='ocr_carea' id='block_1_30' title="bbox 1978 1457 3567 1534">
    <p class='ocr_par' dir='ltr' id='par_1_30' title="bbox 1978 1457 3567 1534">
     <span class='ocr_line' id='line_1_30' title="bbox 1978 1457 3567 1534; baseline 0.007 -27"><span class='ocrx_word' id='word_1_238' title='bbox 1978 1464 2087 1507; x_wconf 94' lang='lat' dir='ltr'><strong>tum</strong></span> <span class='ocrx_word' id='word_1_239' title='bbox 2111 1457 2175 1509; x_wconf 81' lang='lat' dir='ltr'><strong>ad</strong></span> <span class='ocrx_word' id='word_1_240' title='bbox 2205 1470 2432 1512; x_wconf 89' lang='lat' dir='ltr'><strong>mortem</strong></span> <span class='ocrx_word' id='word_1_241' title='bbox 2461 1479 2474 1514; x_wconf 91' lang='lat'><strong>:</strong></span> <span class='ocrx_word' id='word_1_242' title='bbox 2506 1476 2614 1514; x_wconf 88' lang='lat' dir='ltr'><strong>non</strong></span> <span class='ocrx_word' id='word_1_243' title='bbox 2642 1478 2735 1530; x_wconf 89' lang='lat' dir='ltr'><strong>pro</strong></span> <span class='ocrx_word' id='word_1_244' title='bbox 2762 1462 2852 1516; x_wconf 90' lang='lat' dir='ltr'><strong>illo</strong></span> <span class='ocrx_word' id='word_1_245' title='bbox 2871 1462 3076 1526; x_wconf 87' lang='lat' dir='ltr'><strong>dico,ut</strong></span> <span class='ocrx_word' id='word_1_246' title='bbox 3103 1473 3251 1534; x_wconf 81' lang='lat' dir='ltr'><strong>roget</strong></span> <span class='ocrx_word' id='word_1_247' title='bbox 3271 1464 3418 1534; x_wconf 86' lang='lat' dir='ltr'><strong>quis.</strong></span> <span class='ocrx_word' id='word_1_248' title='bbox 3437 1465 3567 1519; x_wconf 86' lang='lat' dir='ltr'><strong>0m-</strong></span> 
     </span>
    </p>
   </div>
   <div class='ocr_carea' id='block_1_31' title="bbox 1976 1550 3570 1624">
    <p class='ocr_par' dir='ltr' id='par_1_31' title="bbox 1976 1550 3570 1624">
     <span class='ocr_line' id='line_1_31' title="bbox 1976 1550 3570 1624; baseline 0.006 -24"><span class='ocrx_word' id='word_1_249' title='bbox 1976 1550 2063 1602; x_wconf 88' lang='lat' dir='ltr'><strong>nis</strong></span> <span class='ocrx_word' id='word_1_250' title='bbox 2087 1550 2364 1618; x_wconf 84' lang='lat' dir='ltr'><strong>iniquitas,</strong></span> <span class='ocrx_word' id='word_1_251' title='bbox 2393 1565 2674 1620; x_wconf 88' lang='lat' dir='ltr'><strong>peccatum</strong></span> <span class='ocrx_word' id='word_1_252' title='bbox 2702 1563 2785 1609; x_wconf 88' lang='lat' dir='ltr'><strong>est</strong></span> <span class='ocrx_word' id='word_1_253' title='bbox 2805 1571 2820 1610; x_wconf 91' lang='lat'><strong>:</strong></span> <span class='ocrx_word' id='word_1_254' title='bbox 2843 1563 2898 1609; x_wconf 87' lang='lat' dir='ltr'><strong>et</strong></span> <span class='ocrx_word' id='word_1_255' title='bbox 2924 1565 3008 1609; x_wconf 89' lang='lat' dir='ltr'><strong>est</strong></span> <span class='ocrx_word' id='word_1_256' title='bbox 3039 1565 3318 1624; x_wconf 84' lang='lat' dir='ltr'><strong>peccatum</strong></span> <span class='ocrx_word' id='word_1_257' title='bbox 3339 1558 3403 1611; x_wconf 88' lang='lat' dir='ltr'><strong>ad</strong></span> <span class='ocrx_word' id='word_1_258' title='bbox 3426 1573 3570 1610; x_wconf 88' lang='lat' dir='ltr'><strong>mor-</strong></span> 
     </span>
    </p>
   </div>
   <div class='ocr_carea' id='block_1_32' title="bbox 1988 1643 3564 1712">
    <p class='ocr_par' dir='ltr' id='par_1_32' title="bbox 1988 1643 3564 1712">
     <span class='ocr_line' id='line_1_32' title="bbox 1988 1643 3564 1712; baseline 0.003 -18"><span class='ocrx_word' id='word_1_259' title='bbox 1988 1651 2124 1695; x_wconf 90' lang='lat' dir='ltr'><strong>tem.</strong></span> <span class='ocrx_word' id='word_1_260' title='bbox 2163 1643 2380 1696; x_wconf 90' lang='lat' dir='ltr'><strong>Scimus</strong></span> <span class='ocrx_word' id='word_1_261' title='bbox 2413 1644 2538 1712; x_wconf 89' lang='lat' dir='ltr'><strong>quia</strong></span> <span class='ocrx_word' id='word_1_262' title='bbox 2571 1645 2748 1698; x_wconf 89' lang='lat' dir='ltr'><strong>omnis</strong></span> <span class='ocrx_word' id='word_1_263' title='bbox 2776 1645 2865 1710; x_wconf 88' lang='lat' dir='ltr'><strong>qui</strong></span> <span class='ocrx_word' id='word_1_264' title='bbox 2903 1654 3062 1700; x_wconf 90' lang='lat' dir='ltr'><strong>natus</strong></span> <span class='ocrx_word' id='word_1_265' title='bbox 3086 1656 3169 1700; x_wconf 89' lang='lat' dir='ltr'><strong>est</strong></span> <span class='ocrx_word' id='word_1_266' title='bbox 3200 1661 3262 1699; x_wconf 80' lang='lat' dir='ltr'><strong>ex</strong></span> <span class='ocrx_word' id='word_1_267' title='bbox 3297 1646 3426 1712; x_wconf 87' lang='lat' dir='ltr'><strong>Deo,</strong></span> <span class='ocrx_word' id='word_1_268' title='bbox 3457 1663 3564 1701; x_wconf 89' lang='lat' dir='ltr'><strong>non</strong></span> 
     </span>
    </p>
   </div>
   <div class='ocr_carea' id='block_1_33' title="bbox 282 1709 1883 1803">
    <p class='ocr_par' dir='ltr' id='par_1_33' title="bbox 282 1709 1870 1782">
     <span class='ocr_line' id='line_1_33' title="bbox 282 1709 1870 1782; baseline 0.004 -22"><span class='ocrx_word' id='word_1_269' title='bbox 282 1723 447 1762; x_wconf 86' lang='lat' dir='ltr'><strong>unum</strong></span> <span class='ocrx_word' id='word_1_270' title='bbox 494 1717 643 1764; x_wconf 87' lang='lat' dir='ltr'><strong>sunt.</strong></span> <span class='ocrx_word' id='word_1_271' title='bbox 691 1709 746 1764; x_wconf 91' lang='lat' dir='ltr'><strong>Si</strong></span> <span class='ocrx_word' id='word_1_272' title='bbox 783 1710 1152 1765; x_wconf 87' lang='lat' dir='ltr'><strong>testimonium</strong></span> <span class='ocrx_word' id='word_1_273' title='bbox 1206 1711 1492 1764; x_wconf 86' lang='lat' dir='ltr'><strong>hominum</strong></span> <span class='ocrx_word' id='word_1_274' title='bbox 1545 1713 1870 1782; x_wconf 82' lang='lat' dir='ltr'><strong>accipimus,</strong></span> 
     </span>
    </p>
   </div>
   <div class='ocr_carea' id='block_1_34' title="bbox 1978 1709 3560 1803">
    <p class='ocr_par' dir='ltr' id='par_1_34' title="bbox 1983 1735 3560 1803">
     <span class='ocr_line' id='line_1_34' title="bbox 1983 1735 3560 1803; baseline 0.004 -17"><span class='ocrx_word' id='word_1_275' title='bbox 1983 1743 2172 1800; x_wconf 88' lang='lat' dir='ltr'><strong>peccat</strong></span> <span class='ocrx_word' id='word_1_276' title='bbox 2207 1750 2222 1797; x_wconf 89' lang='lat'><strong>;</strong></span> <span class='ocrx_word' id='word_1_277' title='bbox 2259 1735 2349 1788; x_wconf 86' lang='lat' dir='ltr'><strong>sed</strong></span> <span class='ocrx_word' id='word_1_278' title='bbox 2384 1736 2662 1803; x_wconf 81' lang='lat' dir='ltr'><strong>generatio</strong></span> <span class='ocrx_word' id='word_1_279' title='bbox 2690 1735 2782 1790; x_wconf 87' lang='lat' dir='ltr'><strong>Dei</strong></span> <span class='ocrx_word' id='word_1_280' title='bbox 2817 1747 3110 1794; x_wconf 84' lang='lat' dir='ltr'><strong>conservat</strong></span> <span class='ocrx_word' id='word_1_281' title='bbox 3137 1753 3284 1803; x_wconf 90' lang='lat' dir='ltr'><strong>cum,</strong></span> <span class='ocrx_word' id='word_1_282' title='bbox 3318 1749 3370 1792; x_wconf 91' lang='lat' dir='ltr'><strong>et</strong></span> <span class='ocrx_word' id='word_1_283' title='bbox 3407 1739 3560 1792; x_wconf 84' lang='lat' dir='ltr'><strong>mali-</strong></span> 
     </span>
    </p>
   </div>
   <div class='ocr_carea' id='block_1_35' title="bbox 284 1799 1875 1873">
    <p class='ocr_par' dir='ltr' id='par_1_35' title="bbox 284 1799 1875 1873">
     <span class='ocr_line' id='line_1_35' title="bbox 284 1799 1875 1873; baseline 0.004 -19"><span class='ocrx_word' id='word_1_284' title='bbox 284 1799 657 1854; x_wconf 87' lang='lat' dir='ltr'><strong>testimonium</strong></span> <span class='ocrx_word' id='word_1_285' title='bbox 716 1801 808 1855; x_wconf 86' lang='lat' dir='ltr'><strong>Dei</strong></span> <span class='ocrx_word' id='word_1_286' title='bbox 857 1804 1029 1873; x_wconf 82' lang='lat' dir='ltr'><strong>majus</strong></span> <span class='ocrx_word' id='word_1_287' title='bbox 1097 1813 1181 1858; x_wconf 88' lang='lat' dir='ltr'><strong>est</strong></span> <span class='ocrx_word' id='word_1_288' title='bbox 1240 1821 1254 1859; x_wconf 88' lang='lat'>:</span> <span class='ocrx_word' id='word_1_289' title='bbox 1315 1805 1574 1872; x_wconf 86' lang='lat' dir='ltr'><strong>quoniam</strong></span> <span class='ocrx_word' id='word_1_290' title='bbox 1632 1805 1735 1859; x_wconf 88' lang='lat' dir='ltr'><strong>hoc</strong></span> <span class='ocrx_word' id='word_1_291' title='bbox 1790 1816 1875 1861; x_wconf 91' lang='lat' dir='ltr'><strong>est</strong></span> 
     </span>
    </p>
   </div>
   <div class='ocr_carea' id='block_1_36' title="bbox 286 1889 1877 1963">
    <p class='ocr_par' dir='ltr' id='par_1_36' title="bbox 286 1889 1877 1963">
     <span class='ocr_line' id='line_1_36' title="bbox 286 1889 1877 1963; baseline 0.006 -23"><span class='ocrx_word' id='word_1_292' title='bbox 286 1889 652 1944; x_wconf 91' lang='lat' dir='ltr'><strong>testimonium</strong></span> <span class='ocrx_word' id='word_1_293' title='bbox 679 1891 796 1956; x_wconf 88' lang='lat' dir='ltr'><strong>Dei,</strong></span> <span class='ocrx_word' id='word_1_294' title='bbox 819 1894 961 1962; x_wconf 90' lang='lat' dir='ltr'><strong>quod</strong></span> <span class='ocrx_word' id='word_1_295' title='bbox 999 1892 1177 1963; x_wconf 85' lang='lat' dir='ltr'><strong>majus</strong></span> <span class='ocrx_word' id='word_1_296' title='bbox 1209 1905 1312 1958; x_wconf 88' lang='lat' dir='ltr'><strong>est,</strong></span> <span class='ocrx_word' id='word_1_297' title='bbox 1337 1897 1591 1963; x_wconf 84' lang='lat' dir='ltr'><strong>quoniam</strong></span> <span class='ocrx_word' id='word_1_298' title='bbox 1617 1895 1877 1949; x_wconf 81' lang='lat' dir='ltr'><strong>testiﬁca-</strong></span> 
     </span>
    </p>
   </div>
   <div class='ocr_carea' id='block_1_37' title="bbox 286 1982 1876 2056">
    <p class='ocr_par' dir='ltr' id='par_1_37' title="bbox 286 1982 1876 2056">
     <span class='ocr_line' id='line_1_37' title="bbox 286 1982 1876 2056; baseline 0.004 -23"><span class='ocrx_word' id='word_1_299' title='bbox 286 1989 374 2034; x_wconf 88' lang='lat' dir='ltr'><strong>tus</strong></span> <span class='ocrx_word' id='word_1_300' title='bbox 403 1989 489 2035; x_wconf 90' lang='lat' dir='ltr'><strong>est</strong></span> <span class='ocrx_word' id='word_1_301' title='bbox 517 1982 587 2036; x_wconf 89' lang='lat' dir='ltr'><strong>de</strong></span> <span class='ocrx_word' id='word_1_302' title='bbox 615 1982 752 2038; x_wconf 87' lang='lat' dir='ltr'><strong>Filio</strong></span> <span class='ocrx_word' id='word_1_303' title='bbox 790 1983 898 2056; x_wconf 75' lang='lat' dir='ltr'><strong>(At.</strong></span> <span class='ocrx_word' id='word_1_304' title='bbox 935 1984 1061 2039; x_wconf 86' lang='lat' dir='ltr'><strong>add.</strong></span> <span class='ocrx_word' id='word_1_305' title='bbox 1095 1984 1238 2056; x_wconf 75' lang='lat' dir='ltr'><strong>suo].</strong></span> <span class='ocrx_word' id='word_1_306' title='bbox 1276 1984 1377 2050; x_wconf 84' lang='lat' dir='ltr'><strong>Qui</strong></span> <span class='ocrx_word' id='word_1_307' title='bbox 1403 1983 1571 2038; x_wconf 86' lang='lat' dir='ltr'><strong>credit</strong></span> <span class='ocrx_word' id='word_1_308' title='bbox 1601 1985 1652 2038; x_wconf 93' lang='lat' dir='ltr'><strong>in</strong></span> <span class='ocrx_word' id='word_1_309' title='bbox 1679 1985 1876 2039; x_wconf 87' lang='lat' dir='ltr'><strong>Filium</strong></span> 
     </span>
    </p>
   </div>
   <div class='ocr_carea' id='block_1_38' title="bbox 282 2068 1878 2141">
    <p class='ocr_par' dir='ltr' id='par_1_38' title="bbox 282 2068 1878 2141">
     <span class='ocr_line' id='line_1_38' title="bbox 282 2068 1878 2141; baseline 0.003 -18"><span class='ocrx_word' id='word_1_310' title='bbox 282 2068 404 2132; x_wconf 87' lang='lat' dir='ltr'><strong>Dei,</strong></span> <span class='ocrx_word' id='word_1_311' title='bbox 439 2072 606 2127; x_wconf 88' lang='lat' dir='ltr'><strong>habet</strong></span> <span class='ocrx_word' id='word_1_312' title='bbox 655 2075 1030 2128; x_wconf 88' lang='lat' dir='ltr'><strong>testimonium</strong></span> <span class='ocrx_word' id='word_1_313' title='bbox 1067 2075 1158 2128; x_wconf 86' lang='lat' dir='ltr'><strong>Dei</strong></span> <span class='ocrx_word' id='word_1_314' title='bbox 1211 2077 1264 2130; x_wconf 90' lang='lat' dir='ltr'><strong>in</strong></span> <span class='ocrx_word' id='word_1_315' title='bbox 1301 2091 1380 2130; x_wconf 91' lang='lat' dir='ltr'><strong>se.</strong></span> <span class='ocrx_word' id='word_1_316' title='bbox 1412 2074 1517 2141; x_wconf 88' lang='lat' dir='ltr'><strong>Qui</strong></span> <span class='ocrx_word' id='word_1_317' title='bbox 1557 2091 1666 2130; x_wconf 89' lang='lat' dir='ltr'><strong>non</strong></span> <span class='ocrx_word' id='word_1_318' title='bbox 1699 2077 1878 2130; x_wconf 89' lang='lat' dir='ltr'><strong>credit</strong></span> 
     </span>
    </p>
   </div>
   <div class='ocr_carea' id='block_1_39' title="bbox 283 2161 1869 2237">
    <p class='ocr_par' dir='ltr' id='par_1_39' title="bbox 283 2161 1869 2237">
     <span class='ocr_line' id='line_1_39' title="bbox 283 2161 1869 2237; baseline 0.003 -22"><span class='ocrx_word' id='word_1_319' title='bbox 283 2161 439 2230; x_wconf 75' lang='lat' dir='ltr'><strong>Filio,</strong></span> <span class='ocrx_word' id='word_1_320' title='bbox 497 2165 814 2220; x_wconf 87' lang='lat' dir='ltr'><strong>mendacem</strong></span> <span class='ocrx_word' id='word_1_321' title='bbox 881 2165 1012 2220; x_wconf 81' lang='lat' dir='ltr'><strong>facit</strong></span> <span class='ocrx_word' id='word_1_322' title='bbox 1065 2181 1188 2220; x_wconf 87' lang='lat' dir='ltr'><strong>eum</strong></span> <span class='ocrx_word' id='word_1_323' title='bbox 1254 2183 1272 2221; x_wconf 88' lang='lat'><strong>:</strong></span> <span class='ocrx_word' id='word_1_324' title='bbox 1335 2167 1464 2237; x_wconf 89' lang='lat' dir='ltr'><strong>quia</strong></span> <span class='ocrx_word' id='word_1_325' title='bbox 1522 2182 1630 2222; x_wconf 92' lang='lat' dir='ltr'><strong>non</strong></span> <span class='ocrx_word' id='word_1_326' title='bbox 1691 2168 1869 2222; x_wconf 89' lang='lat' dir='ltr'><strong>credit</strong></span> 
     </span>
    </p>
   </div>
   <div class='ocr_carea' id='block_1_40' title="bbox 282 2254 1880 2328">
    <p class='ocr_par' dir='ltr' id='par_1_40' title="bbox 282 2254 1880 2328">
     <span class='ocr_line' id='line_1_40' title="bbox 282 2254 1880 2328; baseline 0.004 -21"><span class='ocrx_word' id='word_1_327' title='bbox 282 2254 340 2310; x_wconf 87' lang='lat' dir='ltr'><strong>in</strong></span> <span class='ocrx_word' id='word_1_328' title='bbox 373 2255 767 2323; x_wconf 84' lang='lat' dir='ltr'><strong>testimonium,</strong></span> <span class='ocrx_word' id='word_1_329' title='bbox 805 2261 947 2328; x_wconf 84' lang='lat' dir='ltr'><strong>quod</strong></span> <span class='ocrx_word' id='word_1_330' title='bbox 985 2259 1309 2314; x_wconf 81' lang='lat' dir='ltr'><strong>testiﬁcatus</strong></span> <span class='ocrx_word' id='word_1_331' title='bbox 1353 2270 1436 2314; x_wconf 89' lang='lat' dir='ltr'><strong>est</strong></span> <span class='ocrx_word' id='word_1_332' title='bbox 1470 2257 1614 2315; x_wconf 84' lang='lat' dir='ltr'><strong>Deus</strong></span> <span class='ocrx_word' id='word_1_333' title='bbox 1644 2259 1708 2313; x_wconf 87' lang='lat' dir='ltr'><strong>de</strong></span> <span class='ocrx_word' id='word_1_334' title='bbox 1741 2258 1880 2314; x_wconf 86' lang='lat' dir='ltr'><strong>Filio</strong></span> 
     </span>
    </p>
   </div>
   <div class='ocr_carea' id='block_1_41' title="bbox 1983 1826 3568 1897">
    <p class='ocr_par' dir='ltr' id='par_1_41' title="bbox 1983 1826 3568 1897">
     <span class='ocr_line' id='line_1_41' title="bbox 1983 1826 3568 1897; baseline 0.005 -21"><span class='ocrx_word' id='word_1_335' title='bbox 1983 1840 2122 1894; x_wconf 79' lang='lat' dir='ltr'><strong>guns</strong></span> <span class='ocrx_word' id='word_1_336' title='bbox 2146 1841 2251 1877; x_wconf 83' lang='lat' dir='ltr'><strong>non</strong></span> <span class='ocrx_word' id='word_1_337' title='bbox 2293 1826 2460 1894; x_wconf 76' lang='lat' dir='ltr'><strong>tangit</strong></span> <span class='ocrx_word' id='word_1_338' title='bbox 2505 1842 2652 1881; x_wconf 88' lang='lat' dir='ltr'><strong>eum.</strong></span> <span class='ocrx_word' id='word_1_339' title='bbox 2691 1826 2908 1882; x_wconf 88' lang='lat' dir='ltr'><strong>Scimus</strong></span> <span class='ocrx_word' id='word_1_340' title='bbox 2937 1831 3192 1897; x_wconf 90' lang='lat' dir='ltr'><strong>quoniam</strong></span> <span class='ocrx_word' id='word_1_341' title='bbox 3230 1845 3295 1885; x_wconf 81' lang='lat' dir='ltr'><strong>ex</strong></span> <span class='ocrx_word' id='word_1_342' title='bbox 3332 1830 3441 1885; x_wconf 87' lang='lat' dir='ltr'><strong>Deo</strong></span> <span class='ocrx_word' id='word_1_343' title='bbox 3478 1846 3568 1885; x_wconf 87' lang='lat' dir='ltr'><strong>su-</strong></span> 
     </span>
    </p>
   </div>
   <div class='ocr_carea' id='block_1_42' title="bbox 1986 1919 3569 1991">
    <p class='ocr_par' dir='ltr' id='par_1_42' title="bbox 1986 1919 3569 1991">
     <span class='ocr_line' id='line_1_42' title="bbox 1986 1919 3569 1991; baseline 0.006 -23"><span class='ocrx_word' id='word_1_344' title='bbox 1986 1928 2105 1968; x_wconf 90' lang='lat' dir='ltr'><strong>mus</strong></span> <span class='ocrx_word' id='word_1_345' title='bbox 2139 1926 2231 1970; x_wconf 88' lang='lat' dir='ltr'><strong>:et</strong></span> <span class='ocrx_word' id='word_1_346' title='bbox 2263 1919 2499 1971; x_wconf 90' lang='lat' dir='ltr'><strong>mundus</strong></span> <span class='ocrx_word' id='word_1_347' title='bbox 2554 1928 2698 1974; x_wconf 92' lang='lat' dir='ltr'><strong>totus</strong></span> <span class='ocrx_word' id='word_1_348' title='bbox 2724 1921 2777 1973; x_wconf 92' lang='lat' dir='ltr'><strong>in</strong></span> <span class='ocrx_word' id='word_1_349' title='bbox 2828 1922 3067 1989; x_wconf 81' lang='lat' dir='ltr'><strong>maligno</strong></span> <span class='ocrx_word' id='word_1_350' title='bbox 3110 1923 3326 1991; x_wconf 88' lang='lat' dir='ltr'><strong>positus</strong></span> <span class='ocrx_word' id='word_1_351' title='bbox 3361 1931 3463 1977; x_wconf 88' lang='lat' dir='ltr'><strong>est.</strong></span> <span class='ocrx_word' id='word_1_352' title='bbox 3504 1923 3569 1978; x_wconf 66' lang='lat' dir='ltr'><strong>lit</strong></span> 
     </span>
    </p>
   </div>
   <div class='ocr_carea' id='block_1_43' title="bbox 1984 2007 3565 2076">
    <p class='ocr_par' dir='ltr' id='par_1_43' title="bbox 1984 2007 3565 2076">
     <span class='ocr_line' id='line_1_43' title="bbox 1984 2007 3565 2076; baseline 0.005 -18"><span class='ocrx_word' id='word_1_353' title='bbox 1984 2007 2466 2074; x_wconf 77' lang='lat' dir='ltr'><strong>seimusqutmiaui</strong></span> <span class='ocrx_word' id='word_1_354' title='bbox 2500 2008 2665 2062; x_wconf 78' lang='lat' dir='ltr'><strong>Filius</strong></span> <span class='ocrx_word' id='word_1_355' title='bbox 2685 2009 2774 2063; x_wconf 82' lang='lat' dir='ltr'><strong>Dei</strong></span> <span class='ocrx_word' id='word_1_356' title='bbox 2803 2011 2973 2076; x_wconf 83' lang='lat' dir='ltr'><strong>venit,</strong></span> <span class='ocrx_word' id='word_1_357' title='bbox 3004 2020 3057 2065; x_wconf 91' lang='lat' dir='ltr'><strong>et</strong></span> <span class='ocrx_word' id='word_1_358' title='bbox 3080 2012 3224 2066; x_wconf 86' lang='lat' dir='ltr'><strong>dedit</strong></span> <span class='ocrx_word' id='word_1_359' title='bbox 3261 2012 3417 2066; x_wconf 86' lang='lat' dir='ltr'><strong>nobis</strong></span> <span class='ocrx_word' id='word_1_360' title='bbox 3439 2027 3565 2066; x_wconf 85' lang='lat' dir='ltr'><strong>sen-</strong></span> 
     </span>
    </p>
   </div>
   <div class='ocr_carea' id='block_1_44' title="bbox 1985 2101 3566 2168">
    <p class='ocr_par' dir='ltr' id='par_1_44' title="bbox 1985 2101 3566 2168">
     <span class='ocr_line' id='line_1_44' title="bbox 1985 2101 3566 2168; baseline 0.003 -18"><span class='ocrx_word' id='word_1_361' title='bbox 1985 2111 2132 2163; x_wconf 85' lang='lat' dir='ltr'><strong>sum,</strong></span> <span class='ocrx_word' id='word_1_362' title='bbox 2171 2107 2228 2150; x_wconf 89' lang='lat' dir='ltr'><strong>nt</strong></span> <span class='ocrx_word' id='word_1_363' title='bbox 2267 2113 2660 2168; x_wconf 76' lang='lat' dir='ltr'><strong>cognoscamus</strong></span> <span class='ocrx_word' id='word_1_364' title='bbox 2720 2115 2909 2155; x_wconf 89' lang='lat' dir='ltr'><strong>verum</strong></span> <span class='ocrx_word' id='word_1_365' title='bbox 2965 2101 3156 2164; x_wconf 87' lang='lat' dir='ltr'><strong>Demn,</strong></span> <span class='ocrx_word' id='word_1_366' title='bbox 3200 2113 3255 2157; x_wconf 91' lang='lat' dir='ltr'><strong>et</strong></span> <span class='ocrx_word' id='word_1_367' title='bbox 3309 2104 3480 2157; x_wconf 88' lang='lat' dir='ltr'><strong>simus</strong></span> <span class='ocrx_word' id='word_1_368' title='bbox 3513 2103 3566 2156; x_wconf 91' lang='lat' dir='ltr'><strong>in</strong></span> 
     </span>
    </p>
   </div>
   <div class='ocr_carea' id='block_1_45' title="bbox 1987 2188 3571 2255">
    <p class='ocr_par' dir='ltr' id='par_1_45' title="bbox 1987 2188 3571 2255">
     <span class='ocr_line' id='line_1_45' title="bbox 1987 2188 3571 2255; baseline 0.004 -13"><span class='ocrx_word' id='word_1_369' title='bbox 1987 2204 2117 2244; x_wconf 87' lang='lat' dir='ltr'><strong>vero</strong></span> <span class='ocrx_word' id='word_1_370' title='bbox 2153 2188 2292 2242; x_wconf 82' lang='lat' dir='ltr'><strong>Filio</strong></span> <span class='ocrx_word' id='word_1_371' title='bbox 2332 2191 2468 2255; x_wconf 84' lang='lat' dir='ltr'><strong>ejus.</strong></span> <span class='ocrx_word' id='word_1_372' title='bbox 2505 2188 2602 2243; x_wconf 88' lang='lat' dir='ltr'><strong>llic</strong></span> <span class='ocrx_word' id='word_1_373' title='bbox 2645 2201 2726 2244; x_wconf 92' lang='lat' dir='ltr'><strong>est</strong></span> <span class='ocrx_word' id='word_1_374' title='bbox 2761 2207 2926 2246; x_wconf 86' lang='lat' dir='ltr'><strong>verus</strong></span> <span class='ocrx_word' id='word_1_375' title='bbox 2961 2192 3122 2255; x_wconf 85' lang='lat' dir='ltr'><strong>Dens.</strong></span> <span class='ocrx_word' id='word_1_376' title='bbox 3161 2206 3214 2249; x_wconf 92' lang='lat' dir='ltr'><strong>et</strong></span> <span class='ocrx_word' id='word_1_377' title='bbox 3263 2195 3370 2248; x_wconf 86' lang='lat' dir='ltr'><strong>vita</strong></span> <span class='ocrx_word' id='word_1_378' title='bbox 3414 2205 3571 2250; x_wconf 76' lang='lat' dir='ltr'><strong>a-ter—</strong></span> 
     </span>
    </p>
   </div>
   <div class='ocr_carea' id='block_1_46' title="bbox 1985 2280 3386 2350">
    <p class='ocr_par' dir='ltr' id='par_1_46' title="bbox 1985 2280 3386 2350">
     <span class='ocr_line' id='line_1_46' title="bbox 1985 2280 3386 2350; baseline 0.006 -16"><span class='ocrx_word' id='word_1_379' title='bbox 1985 2297 2078 2334; x_wconf 92' lang='lat' dir='ltr'><strong>na.</strong></span> <span class='ocrx_word' id='word_1_380' title='bbox 2117 2280 2610 2348; x_wconf 81' lang='lat' dir='ltr'><strong>Filioli,custodite</strong></span> <span class='ocrx_word' id='word_1_381' title='bbox 2645 2297 2737 2337; x_wconf 90' lang='lat' dir='ltr'><strong>vos</strong></span> <span class='ocrx_word' id='word_1_382' title='bbox 2761 2299 2790 2337; x_wconf 90' lang='lat' dir='ltr'><strong>a</strong></span> <span class='ocrx_word' id='word_1_383' title='bbox 2833 2285 3159 2350; x_wconf 80' lang='lat' dir='ltr'><strong>simulacris.</strong></span> <span class='ocrx_word' id='word_1_384' title='bbox 3191 2287 3386 2342; x_wconf 78' lang='lat' dir='ltr'><strong>Amen.</strong></span> 
     </span>
    </p>
   </div>
   <div class='ocr_carea' id='block_1_47' title="bbox 1333 2396 2505 2467">
    <p class='ocr_par' dir='ltr' id='par_1_47' title="bbox 1333 2396 2505 2467">
     <span class='ocr_line' id='line_1_47' title="bbox 1333 2396 2505 2467; baseline 0.005 -18"><span class='ocrx_word' id='word_1_385' title='bbox 1333 2396 1564 2466; x_wconf 76' lang='lat' dir='ltr'><strong>Explicit</strong></span> <span class='ocrx_word' id='word_1_386' title='bbox 1594 2397 1816 2467; x_wconf 82' lang='lat' dir='ltr'><strong>epistola</strong></span> <span class='ocrx_word' id='word_1_387' title='bbox 1852 2397 1915 2451; x_wconf 86' lang='grc' dir='ltr'><strong>Β.</strong></span> <span class='ocrx_word' id='word_1_388' title='bbox 1946 2397 2174 2456; x_wconf 77' lang='lat' dir='ltr'><strong>Joannis</strong></span> <span class='ocrx_word' id='word_1_389' title='bbox 2200 2397 2428 2462; x_wconf 80' lang='lat' dir='ltr'><strong>apostoli</strong></span> <span class='ocrx_word' id='word_1_390' title='bbox 2456 2399 2505 2455; x_wconf 87' lang='grc'><strong>1.</strong></span> 
     </span>
    </p>
   </div>
   <div class='ocr_carea' id='block_1_48' title="bbox 357 2519 1854 2589">
    <p class='ocr_par' dir='ltr' id='par_1_48' title="bbox 357 2519 1854 2589">
     <span class='ocr_line' id='line_1_48' title="bbox 357 2519 1854 2589; baseline -0.002 -15"><span class='ocrx_word' id='word_1_391' title='bbox 357 2521 375 2552; x_wconf 78' lang='lat'>&#39;</span> <span class='ocrx_word' id='word_1_392' title='bbox 411 2520 487 2574; x_wconf 87' lang='lat' dir='ltr'><strong>Ita</strong></span> <span class='ocrx_word' id='word_1_393' title='bbox 519 2520 583 2573; x_wconf 87' lang='lat' dir='ltr'><strong>ad</strong></span> <span class='ocrx_word' id='word_1_394' title='bbox 612 2519 852 2574; x_wconf 85' lang='lat' dir='ltr'><strong>litteram</strong></span> <span class='ocrx_word' id='word_1_395' title='bbox 890 2531 998 2573; x_wconf 86' lang='lat' dir='ltr'><strong>tres</strong></span> <span class='ocrx_word' id='word_1_396' title='bbox 1030 2533 1247 2589; x_wconf 87' lang='lat' dir='ltr'><strong>quoque</strong></span> <span class='ocrx_word' id='word_1_397' title='bbox 1288 2520 1457 2572; x_wconf 87' lang='lat' dir='ltr'><strong>nostri</strong></span> <span class='ocrx_word' id='word_1_398' title='bbox 1485 2532 1617 2573; x_wconf 89' lang='lat' dir='ltr'><strong>mss.</strong></span> <span class='ocrx_word' id='word_1_399' title='bbox 1650 2519 1854 2573; x_wconf 88' lang='lat' dir='ltr'><strong>dudum</strong></span> 
     </span>
    </p>
   </div>
   <div class='ocr_carea' id='block_1_49' title="bbox 282 2589 1861 2658">
    <p class='ocr_par' dir='ltr' id='par_1_49' title="bbox 282 2589 1861 2658">
     <span class='ocr_line' id='line_1_49' title="bbox 282 2589 1861 2658; baseline -0.002 -13"><span class='ocrx_word' id='word_1_400' title='bbox 282 2591 490 2645; x_wconf 83' lang='lat' dir='ltr'><strong>laudati</strong></span> <span class='ocrx_word' id='word_1_401' title='bbox 546 2591 766 2644; x_wconf 86' lang='lat' dir='ltr'><strong>habent.</strong></span> <span class='ocrx_word' id='word_1_402' title='bbox 827 2591 1146 2643; x_wconf 80' lang='lat' dir='ltr'><strong>Addendum</strong></span> <span class='ocrx_word' id='word_1_403' title='bbox 1205 2591 1270 2642; x_wconf 86' lang='lat' dir='ltr'><strong>de</strong></span> <span class='ocrx_word' id='word_1_404' title='bbox 1316 2589 1460 2654; x_wconf 86' lang='lat' dir='ltr'><strong>aliis,</strong></span> <span class='ocrx_word' id='word_1_405' title='bbox 1488 2589 1632 2658; x_wconf 88' lang='lat' dir='ltr'><strong>quod</strong></span> <span class='ocrx_word' id='word_1_406' title='bbox 1686 2590 1861 2642; x_wconf 86' lang='lat' dir='ltr'><strong>ferme</strong></span> 
     </span>
    </p>
   </div>
   <div class='ocr_carea' id='block_1_50' title="bbox 285 2660 1859 2729">
    <p class='ocr_par' dir='ltr' id='par_1_50' title="bbox 285 2660 1859 2729">
     <span class='ocr_line' id='line_1_50' title="bbox 285 2660 1859 2729; baseline 0 -17"><span class='ocrx_word' id='word_1_407' title='bbox 285 2677 453 2714; x_wconf 90' lang='lat' dir='ltr'><strong>unum</strong></span> <span class='ocrx_word' id='word_1_408' title='bbox 473 2669 553 2729; x_wconf 89' lang='lat' dir='ltr'><strong>est</strong></span> <span class='ocrx_word' id='word_1_409' title='bbox 577 2663 643 2712; x_wconf 84' lang='lat' dir='ltr'><strong>ad</strong></span> <span class='ocrx_word' id='word_1_410' title='bbox 666 2660 812 2713; x_wconf 87' lang='lat' dir='ltr'><strong>hunc</strong></span> <span class='ocrx_word' id='word_1_411' title='bbox 831 2660 1030 2723; x_wconf 92' lang='lat' dir='ltr'><strong>locum,</strong></span> <span class='ocrx_word' id='word_1_412' title='bbox 1057 2661 1200 2729; x_wconf 89' lang='lat' dir='ltr'><strong>quod</strong></span> <span class='ocrx_word' id='word_1_413' title='bbox 1229 2676 1332 2711; x_wconf 88' lang='lat' dir='ltr'><strong>non</strong></span> <span class='ocrx_word' id='word_1_414' title='bbox 1363 2661 1433 2712; x_wconf 88' lang='lat' dir='ltr'><strong>sit</strong></span> <span class='ocrx_word' id='word_1_415' title='bbox 1459 2662 1660 2711; x_wconf 84' lang='lat' dir='ltr'><strong>dictum</strong></span> <span class='ocrx_word' id='word_1_416' title='bbox 1690 2661 1859 2729; x_wconf 82' lang='lat' dir='ltr'><strong>prius.</strong></span> 
     </span>
    </p>
   </div>
   <div class='ocr_carea' id='block_1_51' title="bbox 285 2728 1863 2796">
    <p class='ocr_par' dir='ltr' id='par_1_51' title="bbox 285 2728 1863 2796">
     <span class='ocr_line' id='line_1_51' title="bbox 285 2728 1863 2796; baseline -0.002 -11"><span class='ocrx_word' id='word_1_417' title='bbox 285 2732 343 2785; x_wconf 90' lang='lat' dir='ltr'><strong>In</strong></span> <span class='ocrx_word' id='word_1_418' title='bbox 371 2744 480 2784; x_wconf 91' lang='lat' dir='ltr'><strong>uno</strong></span> <span class='ocrx_word' id='word_1_419' title='bbox 506 2728 833 2784; x_wconf 87' lang='lat' dir='ltr'><strong>Veronensis</strong></span> <span class='ocrx_word' id='word_1_420' title='bbox 855 2728 1241 2785; x_wconf 83' lang='lat' dir='ltr'><strong>canonicorum</strong></span> <span class='ocrx_word' id='word_1_421' title='bbox 1272 2729 1637 2793; x_wconf 62' lang='lat' dir='ltr'><strong>bibliothecas,</strong></span> <span class='ocrx_word' id='word_1_422' title='bbox 1659 2728 1863 2796; x_wconf 78' lang='lat' dir='ltr'><strong>majus-</strong></span> 
     </span>
    </p>
   </div>
   <div class='ocr_carea' id='block_1_52' title="bbox 285 2799 1858 2865">
    <p class='ocr_par' dir='ltr' id='par_1_52' title="bbox 285 2799 1858 2865">
     <span class='ocr_line' id='line_1_52' title="bbox 285 2799 1858 2865; baseline -0.001 -11"><span class='ocrx_word' id='word_1_423' title='bbox 285 2799 449 2862; x_wconf 82' lang='lat' dir='ltr'><strong>culis,</strong></span> <span class='ocrx_word' id='word_1_424' title='bbox 487 2810 547 2855; x_wconf 88' lang='lat' dir='ltr'><strong>ut</strong></span> <span class='ocrx_word' id='word_1_425' title='bbox 577 2808 795 2862; x_wconf 88' lang='lat' dir='ltr'><strong>vocant,</strong></span> <span class='ocrx_word' id='word_1_426' title='bbox 822 2800 1015 2854; x_wconf 83' lang='lat' dir='ltr'><strong>litteris</strong></span> <span class='ocrx_word' id='word_1_427' title='bbox 1048 2802 1339 2853; x_wconf 79' lang='lat' dir='ltr'><strong>maximam</strong></span> <span class='ocrx_word' id='word_1_428' title='bbox 1373 2809 1580 2865; x_wconf 87' lang='lat' dir='ltr'><strong>partem</strong></span> <span class='ocrx_word' id='word_1_429' title='bbox 1611 2808 1858 2858; x_wconf 77' lang='lat' dir='ltr'><strong>exorato.</strong></span> 
     </span>
    </p>
   </div>
   <div class='ocr_carea' id='block_1_53' title="bbox 284 2869 1859 2939">
    <p class='ocr_par' dir='ltr' id='par_1_53' title="bbox 284 2869 1859 2939">
     <span class='ocr_line' id='line_1_53' title="bbox 284 2869 1859 2939; baseline -0.002 -18"><span class='ocrx_word' id='word_1_430' title='bbox 284 2879 363 2933; x_wconf 86' lang='lat' dir='ltr'><strong>et,</strong></span> <span class='ocrx_word' id='word_1_431' title='bbox 403 2869 547 2939; x_wconf 87' lang='lat' dir='ltr'><strong>quod</strong></span> <span class='ocrx_word' id='word_1_432' title='bbox 599 2879 681 2924; x_wconf 88' lang='lat' dir='ltr'><strong>est</strong></span> <span class='ocrx_word' id='word_1_433' title='bbox 732 2870 964 2923; x_wconf 90' lang='lat' dir='ltr'><strong>alterum</strong></span> <span class='ocrx_word' id='word_1_434' title='bbox 1021 2871 1204 2938; x_wconf 68' lang='lat' dir='ltr'><strong>probae</strong></span> <span class='ocrx_word' id='word_1_435' title='bbox 1235 2870 1526 2939; x_wconf 81' lang='lat' dir='ltr'><strong>vetustatis</strong></span> <span class='ocrx_word' id='word_1_436' title='bbox 1559 2869 1859 2939; x_wconf 72' lang='lat' dir='ltr'><strong>indicium,</strong></span> 
     </span>
    </p>
   </div>
   <div class='ocr_carea' id='block_1_54' title="bbox 285 2936 1857 3006">
    <p class='ocr_par' dir='ltr' id='par_1_54' title="bbox 285 2936 1857 3006">
     <span class='ocr_line' id='line_1_54' title="bbox 285 2936 1857 3006; baseline -0.002 -14"><span class='ocrx_word' id='word_1_437' title='bbox 285 2936 434 2992; x_wconf 77' lang='lat' dir='ltr'><strong>nulla</strong></span> <span class='ocrx_word' id='word_1_438' title='bbox 459 2941 692 3003; x_wconf 86' lang='lat' dir='ltr'><strong>capitum</strong></span> <span class='ocrx_word' id='word_1_439' title='bbox 719 2950 812 2993; x_wconf 84' lang='lat' dir='ltr'><strong>aut</strong></span> <span class='ocrx_word' id='word_1_440' title='bbox 842 2936 1097 2994; x_wconf 82' lang='lat' dir='ltr'><strong>versuum</strong></span> <span class='ocrx_word' id='word_1_441' title='bbox 1127 2939 1418 3006; x_wconf 81' lang='lat' dir='ltr'><strong>partitione</strong></span> <span class='ocrx_word' id='word_1_442' title='bbox 1441 2936 1725 3001; x_wconf 78' lang='lat' dir='ltr'><strong>disuncto,</strong></span> <span class='ocrx_word' id='word_1_443' title='bbox 1752 2953 1857 2989; x_wconf 88' lang='lat' dir='ltr'><strong>non</strong></span> 
     </span>
    </p>
   </div>
   <div class='ocr_carea' id='block_1_55' title="bbox 286 3009 1859 3078">
    <p class='ocr_par' dir='ltr' id='par_1_55' title="bbox 286 3009 1859 3078">
     <span class='ocr_line' id='line_1_55' title="bbox 286 3009 1859 3078; baseline -0.001 -16"><span class='ocrx_word' id='word_1_444' title='bbox 286 3009 562 3071; x_wconf 68' lang='lat' dir='ltr'><strong>scelestis.</strong></span> <span class='ocrx_word' id='word_1_445' title='bbox 615 3023 736 3077; x_wconf 67' lang='lat' dir='ltr'><strong>quae</strong></span> <span class='ocrx_word' id='word_1_446' title='bbox 791 3019 1070 3078; x_wconf 86' lang='lat' dir='ltr'><strong>tantopere</strong></span> <span class='ocrx_word' id='word_1_447' title='bbox 1136 3018 1419 3078; x_wconf 81' lang='lat' dir='ltr'><strong>urgentur,</strong></span> <span class='ocrx_word' id='word_1_448' title='bbox 1476 3010 1572 3063; x_wconf 88' lang='lat' dir='ltr'><strong>sed</strong></span> <span class='ocrx_word' id='word_1_449' title='bbox 1645 3019 1859 3078; x_wconf 81' lang='lat' dir='ltr'><strong>terrena</strong></span> 
     </span>
    </p>
   </div>
   <div class='ocr_carea' id='block_1_56' title="bbox 288 3077 1864 3148">
    <p class='ocr_par' dir='ltr' id='par_1_56' title="bbox 288 3077 1864 3148">
     <span class='ocr_line' id='line_1_56' title="bbox 288 3077 1864 3148; baseline 0 -20"><span class='ocrx_word' id='word_1_450' title='bbox 288 3080 624 3140; x_wconf 87' lang='lat' dir='ltr'><strong>testimonia.</strong></span> <span class='ocrx_word' id='word_1_451' title='bbox 657 3080 770 3132; x_wconf 84' lang='lat' dir='ltr'><strong>sive</strong></span> <span class='ocrx_word' id='word_1_452' title='bbox 801 3077 953 3148; x_wconf 86' lang='lat' dir='ltr'><strong>prius</strong></span> <span class='ocrx_word' id='word_1_453' title='bbox 998 3079 1127 3132; x_wconf 91' lang='lat' dir='ltr'><strong>illud</strong></span> <span class='ocrx_word' id='word_1_454' title='bbox 1162 3077 1426 3137; x_wconf 87' lang='lat' dir='ltr'><strong>isocolon,</strong></span> <span class='ocrx_word' id='word_1_455' title='bbox 1465 3091 1568 3130; x_wconf 83' lang='lat' dir='ltr'><strong>tres</strong></span> <span class='ocrx_word' id='word_1_456' title='bbox 1618 3086 1758 3148; x_wconf 28' lang='lat' dir='ltr'><strong>sunt‘</strong></span> <span class='ocrx_word' id='word_1_457' title='bbox 1775 3077 1864 3146; x_wconf 85' lang='lat' dir='ltr'><strong>qui</strong></span> 
     </span>
    </p>
   </div>
   <div class='ocr_carea' id='block_1_57' title="bbox 289 3145 1868 3211">
    <p class='ocr_par' dir='ltr' id='par_1_57' title="bbox 289 3145 1868 3211">
     <span class='ocr_line' id='line_1_57' title="bbox 289 3145 1868 3211; baseline -0.001 -11"><span class='ocrx_word' id='word_1_458' title='bbox 289 3150 650 3202; x_wconf 70' lang='lat' dir='ltr'><strong>testimonium</strong></span> <span class='ocrx_word' id='word_1_459' title='bbox 686 3145 812 3200; x_wconf 74' lang='lat' dir='ltr'><strong>doni</strong></span> <span class='ocrx_word' id='word_1_460' title='bbox 837 3152 888 3200; x_wconf 84' lang='lat' dir='ltr'><strong>in</strong></span> <span class='ocrx_word' id='word_1_461' title='bbox 923 3158 1088 3207; x_wconf 83' lang='lat' dir='ltr'><strong>terra.</strong></span> <span class='ocrx_word' id='word_1_462' title='bbox 1129 3159 1262 3211; x_wconf 87' lang='lat' dir='ltr'><strong>ele.,</strong></span> <span class='ocrx_word' id='word_1_463' title='bbox 1293 3149 1695 3200; x_wconf 85' lang='lat' dir='ltr'><strong>desiderantur.</strong></span> <span class='ocrx_word' id='word_1_464' title='bbox 1731 3145 1868 3199; x_wconf 82' lang='lat' dir='ltr'><strong>Puto</strong></span> 
     </span>
    </p>
   </div>
   <div class='ocr_carea' id='block_1_58' title="bbox 287 3218 1871 3286">
    <p class='ocr_par' dir='ltr' id='par_1_58' title="bbox 287 3218 1871 3286">
     <span class='ocr_line' id='line_1_58' title="bbox 287 3218 1871 3286; baseline -0.001 -17"><span class='ocrx_word' id='word_1_465' title='bbox 287 3230 474 3271; x_wconf 81' lang='lat' dir='ltr'><strong>autem</strong></span> <span class='ocrx_word' id='word_1_466' title='bbox 529 3221 658 3274; x_wconf 86' lang='lat' dir='ltr'><strong>hinc</strong></span> <span class='ocrx_word' id='word_1_467' title='bbox 708 3233 848 3271; x_wconf 74' lang='grc' dir='ltr'><strong>πονο</strong></span> <span class='ocrx_word' id='word_1_468' title='bbox 896 3230 1218 3286; x_wconf 71' lang='lat' dir='ltr'><strong>argumento</strong></span> <span class='ocrx_word' id='word_1_469' title='bbox 1269 3218 1584 3285; x_wconf 80' lang='lat' dir='ltr'><strong>planissime</strong></span> <span class='ocrx_word' id='word_1_470' title='bbox 1645 3219 1871 3270; x_wconf 82' lang='lat' dir='ltr'><strong>demon-</strong></span> 
     </span>
    </p>
   </div>
   <div class='ocr_carea' id='block_1_59' title="bbox 290 3287 1873 3354">
    <p class='ocr_par' dir='ltr' id='par_1_59' title="bbox 290 3287 1873 3354">
     <span class='ocr_line' id='line_1_59' title="bbox 290 3287 1873 3354; baseline 0 -14"><span class='ocrx_word' id='word_1_471' title='bbox 290 3290 477 3352; x_wconf 86' lang='lat' dir='ltr'><strong>strari,</strong></span> <span class='ocrx_word' id='word_1_472' title='bbox 514 3287 730 3342; x_wconf 89' lang='lat' dir='ltr'><strong>nonnisi</strong></span> <span class='ocrx_word' id='word_1_473' title='bbox 762 3288 1107 3342; x_wconf 65' lang='lat' dir='ltr'><strong>librariorum</strong></span> <span class='ocrx_word' id='word_1_474' title='bbox 1137 3288 1492 3347; x_wconf 83' lang='lat' dir='ltr'><strong>lestinationi,</strong></span> <span class='ocrx_word' id='word_1_475' title='bbox 1514 3302 1577 3339; x_wconf 89' lang='lat' dir='ltr'><strong>ac</strong></span> <span class='ocrx_word' id='word_1_476' title='bbox 1600 3297 1703 3339; x_wconf 88' lang='lat' dir='ltr'><strong>tam</strong></span> <span class='ocrx_word' id='word_1_477' title='bbox 1728 3300 1873 3354; x_wconf 46' lang='lat' dir='ltr'><strong>serpe</strong></span> 
     </span>
    </p>
   </div>
   <div class='ocr_carea' id='block_1_60' title="bbox 288 3357 1868 3421">
    <p class='ocr_par' dir='ltr' id='par_1_60' title="bbox 288 3357 1868 3421">
     <span class='ocr_line' id='line_1_60' title="bbox 288 3357 1868 3421; baseline -0.003 -12"><span class='ocrx_word' id='word_1_478' title='bbox 288 3359 450 3412; x_wconf 86' lang='lat' dir='ltr'><strong>obvio</strong></span> <span class='ocrx_word' id='word_1_479' title='bbox 492 3359 692 3421; x_wconf 89' lang='lat' dir='ltr'><strong>errori,</strong></span> <span class='ocrx_word' id='word_1_480' title='bbox 743 3360 828 3411; x_wconf 89' lang='lat' dir='ltr'><strong>ubi</strong></span> <span class='ocrx_word' id='word_1_481' title='bbox 867 3361 1054 3412; x_wconf 82' lang='lat' dir='ltr'><strong>eadem</strong></span> <span class='ocrx_word' id='word_1_482' title='bbox 1094 3357 1594 3416; x_wconf 77' lang='lat' dir='ltr'><strong>recnrrun&#39;tverba,</strong></span> <span class='ocrx_word' id='word_1_483' title='bbox 1623 3357 1868 3410; x_wconf 87' lang='lat' dir='ltr'><strong>tribuen-</strong></span> 
     </span>
    </p>
   </div>
   <div class='ocr_carea' id='block_1_61' title="bbox 286 3425 1872 3495">
    <p class='ocr_par' dir='ltr' id='par_1_61' title="bbox 286 3425 1872 3495">
     <span class='ocr_line' id='line_1_61' title="bbox 286 3425 1872 3495; baseline -0.002 -14"><span class='ocrx_word' id='word_1_484' title='bbox 286 3429 416 3481; x_wconf 87' lang='lat' dir='ltr'><strong>dum</strong></span> <span class='ocrx_word' id='word_1_485' title='bbox 466 3443 658 3483; x_wconf 84' lang='lat' dir='ltr'><strong>eorum</strong></span> <span class='ocrx_word' id='word_1_486' title='bbox 692 3441 925 3495; x_wconf 66' lang='lat' dir='ltr'><strong>quoque</strong></span> <span class='ocrx_word' id='word_1_487' title='bbox 968 3428 1214 3482; x_wconf 83' lang='lat' dir='ltr'><strong>codicum</strong></span> <span class='ocrx_word' id='word_1_488' title='bbox 1248 3425 1542 3489; x_wconf 89' lang='lat' dir='ltr'><strong>defectum,</strong></span> <span class='ocrx_word' id='word_1_489' title='bbox 1573 3427 1624 3478; x_wconf 90' lang='lat' dir='ltr'><strong>in</strong></span> <span class='ocrx_word' id='word_1_490' title='bbox 1677 3425 1872 3494; x_wconf 86' lang='lat' dir='ltr'><strong>quibus</strong></span> 
     </span>
    </p>
   </div>
   <div class='ocr_carea' id='block_1_62' title="bbox 287 3495 1873 3564">
    <p class='ocr_par' dir='ltr' id='par_1_62' title="bbox 287 3495 1873 3564">
     <span class='ocr_line' id='line_1_62' title="bbox 287 3495 1873 3564; baseline -0.003 -14"><span class='ocrx_word' id='word_1_491' title='bbox 287 3499 556 3557; x_wconf 66' lang='lat' dir='ltr'><strong>emlestia.</strong></span> <span class='ocrx_word' id='word_1_492' title='bbox 577 3499 692 3551; x_wconf 85' lang='lat' dir='ltr'><strong>sive</strong></span> <span class='ocrx_word' id='word_1_493' title='bbox 715 3497 910 3560; x_wconf 74' lang='lat' dir='ltr'><strong>Patris,</strong></span> <span class='ocrx_word' id='word_1_494' title='bbox 939 3495 1100 3552; x_wconf 86' lang='lat' dir='ltr'><strong>Verbi</strong></span> <span class='ocrx_word' id='word_1_495' title='bbox 1127 3511 1191 3550; x_wconf 90' lang='lat' dir='ltr'><strong>ac</strong></span> <span class='ocrx_word' id='word_1_496' title='bbox 1238 3496 1471 3564; x_wconf 86' lang='lat' dir='ltr'><strong>Spiritus</strong></span> <span class='ocrx_word' id='word_1_497' title='bbox 1513 3497 1710 3556; x_wconf 84' lang='lat' dir='ltr'><strong>sancti,</strong></span> <span class='ocrx_word' id='word_1_498' title='bbox 1747 3504 1873 3548; x_wconf 88' lang='lat' dir='ltr'><strong>sunt</strong></span> 
     </span>
    </p>
   </div>
   <div class='ocr_carea' id='block_1_63' title="bbox 293 3564 1872 3634">
    <p class='ocr_par' dir='ltr' id='par_1_63' title="bbox 293 3564 1872 3634">
     <span class='ocr_line' id='line_1_63' title="bbox 293 3564 1872 3634; baseline -0.001 -16"><span class='ocrx_word' id='word_1_499' title='bbox 293 3569 684 3634; x_wconf 68' lang='lat' dir='ltr'><strong>pntlermissa.</strong></span> <span class='ocrx_word' id='word_1_500' title='bbox 732 3566 866 3621; x_wconf 85' lang='lat' dir='ltr'><strong>Nam</strong></span> <span class='ocrx_word' id='word_1_501' title='bbox 923 3583 1046 3621; x_wconf 89' lang='lat' dir='ltr'><strong>cum</strong></span> <span class='ocrx_word' id='word_1_502' title='bbox 1090 3568 1242 3620; x_wconf 90' lang='lat' dir='ltr'><strong>illum</strong></span> <span class='ocrx_word' id='word_1_503' title='bbox 1302 3566 1656 3618; x_wconf 85' lang='lat' dir='ltr'><strong>atnanuensis</strong></span> <span class='ocrx_word' id='word_1_504' title='bbox 1699 3564 1872 3631; x_wconf 75' lang='lat' dir='ltr'><strong>culpa:</strong></span> 
     </span>
    </p>
   </div>
   <div class='ocr_carea' id='block_1_64' title="bbox 291 3637 1867 3694">
    <p class='ocr_par' dir='ltr' id='par_1_64' title="bbox 291 3637 1867 3694">
     <span class='ocr_line' id='line_1_64' title="bbox 291 3637 1867 3694; baseline -0.002 -5"><span class='ocrx_word' id='word_1_505' title='bbox 291 3653 452 3692; x_wconf 86' lang='lat' dir='ltr'><strong>nemo</strong></span> <span class='ocrx_word' id='word_1_506' title='bbox 487 3637 765 3692; x_wconf 89' lang='lat' dir='ltr'><strong>hominum</strong></span> <span class='ocrx_word' id='word_1_507' title='bbox 799 3653 903 3690; x_wconf 93' lang='lat' dir='ltr'><strong>non</strong></span> <span class='ocrx_word' id='word_1_508' title='bbox 957 3637 1157 3691; x_wconf 88' lang='lat' dir='ltr'><strong>tribuet</strong></span> <span class='ocrx_word' id='word_1_509' title='bbox 1190 3653 1206 3694; x_wconf 88' lang='lat'><strong>:</strong></span> <span class='ocrx_word' id='word_1_510' title='bbox 1243 3651 1342 3690; x_wconf 85' lang='lat' dir='ltr'><strong>cur</strong></span> <span class='ocrx_word' id='word_1_511' title='bbox 1377 3650 1481 3689; x_wconf 90' lang='lat' dir='ltr'><strong>non</strong></span> <span class='ocrx_word' id='word_1_512' title='bbox 1525 3645 1580 3689; x_wconf 86' lang='lat' dir='ltr'><strong>et</strong></span> <span class='ocrx_word' id='word_1_513' title='bbox 1637 3637 1867 3688; x_wconf 86' lang='lat' dir='ltr'><strong>alterum</strong></span> 
     </span>
    </p>
   </div>
   <div class='ocr_carea' id='block_1_65' title="bbox 292 3704 1867 3776">
    <p class='ocr_par' dir='ltr' id='par_1_65' title="bbox 292 3704 1867 3776">
     <span class='ocr_line' id='line_1_65' title="bbox 292 3704 1867 3776; baseline -0.002 -18"><span class='ocrx_word' id='word_1_514' title='bbox 292 3712 407 3775; x_wconf 79' lang='lat' dir='ltr'><strong>pari</strong></span> <span class='ocrx_word' id='word_1_515' title='bbox 434 3717 594 3776; x_wconf 83' lang='lat' dir='ltr'><strong>pacto</strong></span> <span class='ocrx_word' id='word_1_516' title='bbox 620 3708 740 3762; x_wconf 85' lang='lat' dir='ltr'><strong>aliis</strong></span> <span class='ocrx_word' id='word_1_517' title='bbox 768 3710 818 3760; x_wconf 92' lang='lat' dir='ltr'><strong>in</strong></span> <span class='ocrx_word' id='word_1_518' title='bbox 853 3708 1007 3761; x_wconf 88' lang='lat' dir='ltr'><strong>libris</strong></span> <span class='ocrx_word' id='word_1_519' title='bbox 1037 3709 1268 3768; x_wconf 89' lang='lat' dir='ltr'><strong>tribuat,</strong></span> <span class='ocrx_word' id='word_1_520' title='bbox 1299 3704 1445 3758; x_wconf 83' lang='lat' dir='ltr'><strong>nulla</strong></span> <span class='ocrx_word' id='word_1_521' title='bbox 1474 3706 1679 3776; x_wconf 90' lang='lat' dir='ltr'><strong>patitur</strong></span> <span class='ocrx_word' id='word_1_522' title='bbox 1705 3704 1867 3776; x_wconf 86' lang='lat' dir='ltr'><strong>ratio.</strong></span> 
     </span>
    </p>
   </div>
   <div class='ocr_carea' id='block_1_66' title="bbox 292 3775 1865 3840">
    <p class='ocr_par' dir='ltr' id='par_1_66' title="bbox 292 3775 1865 3840">
     <span class='ocr_line' id='line_1_66' title="bbox 292 3775 1865 3840; baseline -0.004 -10"><span class='ocrx_word' id='word_1_523' title='bbox 292 3778 408 3830; x_wconf 85' lang='lat' dir='ltr'><strong>lmo</strong></span> <span class='ocrx_word' id='word_1_524' title='bbox 437 3775 600 3837; x_wconf 73' lang='lat' dir='ltr'><strong>vero,</strong></span> <span class='ocrx_word' id='word_1_525' title='bbox 630 3787 686 3828; x_wconf 90' lang='lat' dir='ltr'><strong>ut</strong></span> <span class='ocrx_word' id='word_1_526' title='bbox 716 3779 768 3829; x_wconf 92' lang='lat' dir='ltr'><strong>in</strong></span> <span class='ocrx_word' id='word_1_527' title='bbox 816 3777 922 3831; x_wconf 83' lang='lat' dir='ltr'><strong>isto</strong></span> <span class='ocrx_word' id='word_1_528' title='bbox 941 3778 1129 3830; x_wconf 79' lang='lat' dir='ltr'><strong>codice</strong></span> <span class='ocrx_word' id='word_1_529' title='bbox 1157 3792 1312 3828; x_wconf 84' lang='lat' dir='ltr'><strong>error</strong></span> <span class='ocrx_word' id='word_1_530' title='bbox 1338 3775 1453 3840; x_wconf 84' lang='lat' dir='ltr'><strong>ipse</strong></span> <span class='ocrx_word' id='word_1_531' title='bbox 1475 3775 1865 3834; x_wconf 80' lang='lat' dir='ltr'><strong>describentis,</strong></span> 
     </span>
    </p>
   </div>
   <div class='ocr_carea' id='block_1_67' title="bbox 294 3845 1866 3900">
    <p class='ocr_par' dir='ltr' id='par_1_67' title="bbox 294 3845 1866 3900">
     <span class='ocr_line' id='line_1_67' title="bbox 294 3845 1866 3900; baseline -0.002 -2"><span class='ocrx_word' id='word_1_532' title='bbox 294 3849 524 3899; x_wconf 87' lang='lat' dir='ltr'><strong>alterius</strong></span> <span class='ocrx_word' id='word_1_533' title='bbox 575 3847 762 3899; x_wconf 85' lang='lat' dir='ltr'><strong>isocoli</strong></span> <span class='ocrx_word' id='word_1_534' title='bbox 823 3863 1102 3900; x_wconf 87' lang='lat' dir='ltr'><strong>recursum</strong></span> <span class='ocrx_word' id='word_1_535' title='bbox 1153 3845 1564 3898; x_wconf 73' lang='lat' dir='ltr'><strong>evidentiSsime</strong></span> <span class='ocrx_word' id='word_1_536' title='bbox 1609 3845 1866 3897; x_wconf 84' lang='lat' dir='ltr'><strong>indicat:</strong></span> 
     </span>
    </p>
   </div>
   <div class='ocr_carea' id='block_1_68' title="bbox 292 3914 1868 3984">
    <p class='ocr_par' dir='ltr' id='par_1_68' title="bbox 292 3914 1868 3984">
     <span class='ocr_line' id='line_1_68' title="bbox 292 3914 1868 3984; baseline -0.004 -14"><span class='ocrx_word' id='word_1_537' title='bbox 292 3916 367 3970; x_wconf 87' lang='lat' dir='ltr'><strong>ita</strong></span> <span class='ocrx_word' id='word_1_538' title='bbox 400 3918 455 3968; x_wconf 93' lang='lat' dir='ltr'><strong>in</strong></span> <span class='ocrx_word' id='word_1_539' title='bbox 485 3916 606 3969; x_wconf 91' lang='lat' dir='ltr'><strong>aliis</strong></span> <span class='ocrx_word' id='word_1_540' title='bbox 636 3917 837 3969; x_wconf 78' lang='lat' dir='ltr'><strong>Grzncis</strong></span> <span class='ocrx_word' id='word_1_541' title='bbox 861 3932 1013 3984; x_wconf 73' lang='lat' dir='ltr'><strong>aeque</strong></span> <span class='ocrx_word' id='word_1_542' title='bbox 1049 3933 1110 3968; x_wconf 85' lang='lat' dir='ltr'><strong>ac</strong></span> <span class='ocrx_word' id='word_1_543' title='bbox 1141 3916 1368 3979; x_wconf 85' lang='lat' dir='ltr'><strong>Latinis,</strong></span> <span class='ocrx_word' id='word_1_544' title='bbox 1407 3914 1691 3981; x_wconf 82' lang='lat' dir='ltr'><strong>manifeste</strong></span> <span class='ocrx_word' id='word_1_545' title='bbox 1712 3928 1779 3984; x_wconf 70' lang='lat' dir='ltr'><strong>es</strong></span> <span class='ocrx_word' id='word_1_546' title='bbox 1801 3926 1868 3965; x_wconf 89' lang='lat' dir='ltr'><strong>eo</strong></span> 
     </span>
    </p>
   </div>
   <div class='ocr_carea' id='block_1_69' title="bbox 291 3983 1864 4054">
    <p class='ocr_par' dir='ltr' id='par_1_69' title="bbox 291 3983 1864 4054">
     <span class='ocr_line' id='line_1_69' title="bbox 291 3983 1864 4054; baseline -0.002 -17"><span class='ocrx_word' id='word_1_547' title='bbox 291 3987 464 4052; x_wconf 79' lang='lat' dir='ltr'><strong>liquet</strong></span> <span class='ocrx_word' id='word_1_548' title='bbox 517 3997 799 4054; x_wconf 87' lang='lat' dir='ltr'><strong>peccatum</strong></span> <span class='ocrx_word' id='word_1_549' title='bbox 848 3983 971 4039; x_wconf 61' lang='lat' dir='ltr'><strong>esSe</strong></span> <span class='ocrx_word' id='word_1_550' title='bbox 1007 3987 1206 4053; x_wconf 87' lang='lat' dir='ltr'><strong>capite,</strong></span> <span class='ocrx_word' id='word_1_551' title='bbox 1253 3985 1343 4037; x_wconf 90' lang='lat' dir='ltr'><strong>ubi</strong></span> <span class='ocrx_word' id='word_1_552' title='bbox 1393 3990 1583 4038; x_wconf 85' lang='lat' dir='ltr'><strong>eadem</strong></span> <span class='ocrx_word' id='word_1_553' title='bbox 1634 3983 1864 4054; x_wconf 84' lang='lat' dir='ltr'><strong>omnino</strong></span> 
     </span>
    </p>
   </div>
   <div class='ocr_carea' id='block_1_70' title="bbox 292 4053 1869 4124">
    <p class='ocr_par' dir='ltr' id='par_1_70' title="bbox 292 4053 1869 4124">
     <span class='ocr_line' id='line_1_70' title="bbox 292 4053 1869 4124; baseline -0.002 -17"><span class='ocrx_word' id='word_1_554' title='bbox 292 4067 374 4108; x_wconf 89' lang='lat' dir='ltr'><strong>cst</strong></span> <span class='ocrx_word' id='word_1_555' title='bbox 399 4053 578 4119; x_wconf 84' lang='lat' dir='ltr'><strong>ratio;</strong></span> <span class='ocrx_word' id='word_1_556' title='bbox 605 4071 781 4124; x_wconf 87' lang='lat' dir='ltr'><strong>neque</strong></span> <span class='ocrx_word' id='word_1_557' title='bbox 812 4059 956 4108; x_wconf 83' lang='lat' dir='ltr'><strong>enim</strong></span> <span class='ocrx_word' id='word_1_558' title='bbox 990 4059 1162 4122; x_wconf 88' lang='lat' dir='ltr'><strong>potuit</strong></span> <span class='ocrx_word' id='word_1_559' title='bbox 1197 4069 1456 4122; x_wconf 87' lang='lat' dir='ltr'><strong>unquam,</strong></span> <span class='ocrx_word' id='word_1_560' title='bbox 1493 4055 1592 4108; x_wconf 90' lang='lat' dir='ltr'><strong>nisi</strong></span> <span class='ocrx_word' id='word_1_561' title='bbox 1627 4054 1696 4107; x_wconf 86' lang='lat' dir='ltr'><strong>ob</strong></span> <span class='ocrx_word' id='word_1_562' title='bbox 1723 4053 1869 4106; x_wconf 84' lang='lat' dir='ltr'><strong>simi-</strong></span> 
     </span>
    </p>
   </div>
   <div class='ocr_carea' id='block_1_71' title="bbox 293 4125 1866 4192">
    <p class='ocr_par' dir='ltr' id='par_1_71' title="bbox 293 4125 1866 4192">
     <span class='ocr_line' id='line_1_71' title="bbox 293 4125 1866 4192; baseline 0 -17"><span class='ocrx_word' id='word_1_563' title='bbox 293 4126 429 4178; x_wconf 91' lang='lat' dir='ltr'><strong>lium</strong></span> <span class='ocrx_word' id='word_1_564' title='bbox 465 4140 529 4179; x_wconf 89' lang='lat' dir='ltr'><strong>ac</strong></span> <span class='ocrx_word' id='word_1_565' title='bbox 557 4140 694 4192; x_wconf 87' lang='lat' dir='ltr'><strong>pene</strong></span> <span class='ocrx_word' id='word_1_566' title='bbox 745 4127 1056 4180; x_wconf 74' lang='lat' dir='ltr'><strong>eorttttnleltt</strong></span> <span class='ocrx_word' id='word_1_567' title='bbox 1112 4126 1402 4178; x_wconf 85' lang='lat' dir='ltr'><strong>verborum</strong></span> <span class='ocrx_word' id='word_1_568' title='bbox 1465 4125 1866 4190; x_wconf 88' lang='lat' dir='ltr'><strong>repetitionem.</strong></span> 
     </span>
    </p>
   </div>
   <div class='ocr_carea' id='block_1_72' title="bbox 289 4194 1865 4249">
    <p class='ocr_par' dir='ltr' id='par_1_72' title="bbox 289 4194 1865 4249">
     <span class='ocr_line' id='line_1_72' title="bbox 289 4194 1865 4249; baseline -0.002 -2"><span class='ocrx_word' id='word_1_569' title='bbox 289 4195 483 4248; x_wconf 88' lang='lat' dir='ltr'><strong>vitium</strong></span> <span class='ocrx_word' id='word_1_570' title='bbox 534 4196 762 4249; x_wconf 88' lang='lat' dir='ltr'><strong>incurri.</strong></span> <span class='ocrx_word' id='word_1_571' title='bbox 824 4195 994 4248; x_wconf 87' lang='lat' dir='ltr'><strong>Porro</strong></span> <span class='ocrx_word' id='word_1_572' title='bbox 1041 4196 1198 4247; x_wconf 77' lang='lat' dir='ltr'><strong>aliter</strong></span> <span class='ocrx_word' id='word_1_573' title='bbox 1227 4194 1314 4246; x_wconf 89' lang='lat' dir='ltr'><strong>alii</strong></span> <span class='ocrx_word' id='word_1_574' title='bbox 1365 4196 1434 4248; x_wconf 90' lang='lat' dir='ltr'><strong>ob</strong></span> <span class='ocrx_word' id='word_1_575' title='bbox 1475 4209 1592 4247; x_wconf 82' lang='lat' dir='ltr'><strong>eam</strong></span> <span class='ocrx_word' id='word_1_576' title='bbox 1645 4206 1865 4246; x_wconf 88' lang='lat' dir='ltr'><strong>causam</strong></span> 
     </span>
    </p>
   </div>
   <div class='ocr_carea' id='block_1_73' title="bbox 288 4261 1864 4333">
    <p class='ocr_par' dir='ltr' id='par_1_73' title="bbox 288 4261 1864 4333">
     <span class='ocr_line' id='line_1_73' title="bbox 288 4261 1864 4333; baseline -0.003 -15"><span class='ocrx_word' id='word_1_577' title='bbox 288 4273 536 4333; x_wconf 83' lang='lat' dir='ltr'><strong>peccant.</strong></span> <span class='ocrx_word' id='word_1_578' title='bbox 574 4266 626 4317; x_wconf 91' lang='lat' dir='ltr'><strong>In</strong></span> <span class='ocrx_word' id='word_1_579' title='bbox 647 4281 756 4318; x_wconf 86' lang='lat' dir='ltr'><strong>uno</strong></span> <span class='ocrx_word' id='word_1_580' title='bbox 779 4263 1102 4319; x_wconf 76' lang='lat' dir='ltr'><strong>Florentinze</strong></span> <span class='ocrx_word' id='word_1_581' title='bbox 1131 4264 1444 4318; x_wconf 78' lang='lat' dir='ltr'><strong>bibliothec.</strong></span> <span class='ocrx_word' id='word_1_582' title='bbox 1472 4264 1532 4317; x_wconf 88' lang='lat' dir='ltr'><strong>S.</strong></span> <span class='ocrx_word' id='word_1_583' title='bbox 1553 4261 1742 4328; x_wconf 77' lang='lat' dir='ltr'><strong>Marci,</strong></span> <span class='ocrx_word' id='word_1_584' title='bbox 1773 4264 1864 4330; x_wconf 89' lang='lat' dir='ltr'><strong>qui</strong></span> 
     </span>
    </p>
   </div>
   <div class='ocr_carea' id='block_1_74' title="bbox 286 4332 1864 4400">
    <p class='ocr_par' dir='ltr' id='par_1_74' title="bbox 286 4332 1864 4400">
     <span class='ocr_line' id='line_1_74' title="bbox 286 4332 1864 4400; baseline -0.002 -14"><span class='ocrx_word' id='word_1_585' title='bbox 286 4332 444 4387; x_wconf 85' lang='lat' dir='ltr'><strong>num.</strong></span> <span class='ocrx_word' id='word_1_586' title='bbox 469 4334 539 4388; x_wconf 78' lang='grc'><strong>55</strong></span> <span class='ocrx_word' id='word_1_587' title='bbox 565 4347 919 4400; x_wconf 67' lang='lat' dir='ltr'><strong>prmnotatnr,</strong></span> <span class='ocrx_word' id='word_1_588' title='bbox 959 4344 1102 4388; x_wconf 90' lang='lat' dir='ltr'><strong>totus</strong></span> <span class='ocrx_word' id='word_1_589' title='bbox 1132 4333 1290 4387; x_wconf 81' lang='lat' dir='ltr'><strong>deest</strong></span> <span class='ocrx_word' id='word_1_590' title='bbox 1344 4333 1642 4386; x_wconf 73' lang='lat' dir='ltr'><strong>versiculus</strong></span> <span class='ocrx_word' id='word_1_591' title='bbox 1691 4332 1864 4400; x_wconf 80' lang='lat' dir='ltr'><strong>septi-</strong></span> 
     </span>
    </p>
   </div>
   <div class='ocr_carea' id='block_1_75' title="bbox 1964 2517 3568 2586">
    <p class='ocr_par' dir='ltr' id='par_1_75' title="bbox 1964 2517 3568 2586">
     <span class='ocr_line' id='line_1_75' title="bbox 1964 2517 3568 2586; baseline 0.002 -16"><span class='ocrx_word' id='word_1_592' title='bbox 1964 2518 2305 2586; x_wconf 75' lang='lat' dir='ltr'><strong>supplentur.</strong></span> <span class='ocrx_word' id='word_1_593' title='bbox 2341 2517 2483 2582; x_wconf 65' lang='lat' dir='ltr'><strong>Quin</strong></span> <span class='ocrx_word' id='word_1_594' title='bbox 2536 2529 2642 2573; x_wconf 85' lang='lat' dir='ltr'><strong>tres</strong></span> <span class='ocrx_word' id='word_1_595' title='bbox 2672 2523 2905 2583; x_wconf 81' lang='lat' dir='ltr'><strong>suntqui</strong></span> <span class='ocrx_word' id='word_1_596' title='bbox 2948 2523 3314 2576; x_wconf 84' lang='lat' dir='ltr'><strong>testimonium</strong></span> <span class='ocrx_word' id='word_1_597' title='bbox 3345 2523 3476 2574; x_wconf 81' lang='lat' dir='ltr'><strong>dant</strong></span> <span class='ocrx_word' id='word_1_598' title='bbox 3512 2527 3568 2576; x_wconf 82' lang='lat' dir='ltr'><strong>in</strong></span> 
     </span>
    </p>
   </div>
   <div class='ocr_carea' id='block_1_76' title="bbox 1970 2585 3564 2658">
    <p class='ocr_par' dir='ltr' id='par_1_76' title="bbox 1970 2585 3564 2658">
     <span class='ocr_line' id='line_1_76' title="bbox 1970 2585 3564 2658; baseline 0.003 -18"><span class='ocrx_word' id='word_1_599' title='bbox 1970 2585 2130 2650; x_wconf 83' lang='lat' dir='ltr'><strong>terra,</strong></span> <span class='ocrx_word' id='word_1_600' title='bbox 2159 2596 2265 2642; x_wconf 88' lang='lat' dir='ltr'><strong>etc.</strong></span> <span class='ocrx_word' id='word_1_601' title='bbox 2295 2585 2350 2640; x_wconf 85' lang='lat' dir='ltr'><strong>In</strong></span> <span class='ocrx_word' id='word_1_602' title='bbox 2375 2588 2482 2641; x_wconf 86' lang='lat' dir='ltr'><strong>alio</strong></span> <span class='ocrx_word' id='word_1_603' title='bbox 2505 2588 2882 2643; x_wconf 63' lang='lat' dir='ltr'><strong>Laurentiano</strong></span> <span class='ocrx_word' id='word_1_604' title='bbox 2904 2593 3085 2658; x_wconf 86' lang='lat' dir='ltr'><strong>pluteo</strong></span> <span class='ocrx_word' id='word_1_605' title='bbox 3113 2609 3180 2646; x_wconf 84' lang='lat' dir='ltr'><strong>vt.</strong></span> <span class='ocrx_word' id='word_1_606' title='bbox 3213 2610 3358 2647; x_wconf 82' lang='lat' dir='ltr'><strong>tttlttl.</strong></span> <span class='ocrx_word' id='word_1_607' title='bbox 3386 2593 3469 2651; x_wconf 75' lang='grc'><strong>10.</strong></span> <span class='ocrx_word' id='word_1_608' title='bbox 3499 2593 3564 2645; x_wconf 85' lang='lat' dir='ltr'><strong>ad</strong></span> 
     </span>
    </p>
   </div>
   <div class='ocr_carea' id='block_1_77' title="bbox 1966 2658 3566 2728">
    <p class='ocr_par' dir='ltr' id='par_1_77' title="bbox 1966 2658 3566 2728">
     <span class='ocr_line' id='line_1_77' title="bbox 1966 2658 3566 2728; baseline 0.002 -16"><span class='ocrx_word' id='word_1_609' title='bbox 1966 2674 2089 2712; x_wconf 84' lang='lat' dir='ltr'><strong>eum</strong></span> <span class='ocrx_word' id='word_1_610' title='bbox 2145 2658 2319 2710; x_wconf 90' lang='lat' dir='ltr'><strong>locum</strong></span> <span class='ocrx_word' id='word_1_611' title='bbox 2374 2659 2454 2710; x_wconf 88' lang='lat' dir='ltr'><strong>sic</strong></span> <span class='ocrx_word' id='word_1_612' title='bbox 2485 2661 2697 2724; x_wconf 87' lang='lat' dir='ltr'><strong>pridem</strong></span> <span class='ocrx_word' id='word_1_613' title='bbox 2759 2661 3081 2728; x_wconf 80' lang='lat' dir='ltr'><strong>legebatur:</strong></span> <span class='ocrx_word' id='word_1_614' title='bbox 3137 2661 3399 2726; x_wconf 82' lang='lat' dir='ltr'><strong>Quoniam</strong></span> <span class='ocrx_word' id='word_1_615' title='bbox 3460 2672 3566 2715; x_wconf 69' lang='lat' dir='ltr'><strong>tres</strong></span> 
     </span>
    </p>
   </div>
   <div class='ocr_carea' id='block_1_78' title="bbox 1967 2729 3565 2800">
    <p class='ocr_par' dir='ltr' id='par_1_78' title="bbox 1967 2729 3565 2800">
     <span class='ocr_line' id='line_1_78' title="bbox 1967 2729 3565 2800; baseline 0.003 -21"><span class='ocrx_word' id='word_1_616' title='bbox 1967 2738 2086 2781; x_wconf 80' lang='lat' dir='ltr'><strong>sunt</strong></span> <span class='ocrx_word' id='word_1_617' title='bbox 2153 2730 2243 2800; x_wconf 86' lang='lat' dir='ltr'><strong>qui</strong></span> <span class='ocrx_word' id='word_1_618' title='bbox 2275 2729 2636 2782; x_wconf 83' lang='lat' dir='ltr'><strong>testimonium</strong></span> <span class='ocrx_word' id='word_1_619' title='bbox 2669 2730 2799 2782; x_wconf 83' lang='lat' dir='ltr'><strong>dant</strong></span> <span class='ocrx_word' id='word_1_620' title='bbox 2837 2732 2890 2784; x_wconf 82' lang='lat' dir='ltr'><strong>in</strong></span> <span class='ocrx_word' id='word_1_621' title='bbox 2928 2741 3092 2792; x_wconf 83' lang='lat' dir='ltr'><strong>terra,</strong></span> <span class='ocrx_word' id='word_1_622' title='bbox 3130 2733 3369 2800; x_wconf 79' lang='lat' dir='ltr'><strong>spiritus,</strong></span> <span class='ocrx_word' id='word_1_623' title='bbox 3401 2748 3565 2799; x_wconf 83' lang='lat' dir='ltr'><strong>aqua,</strong></span> 
     </span>
    </p>
   </div>
   <div class='ocr_carea' id='block_1_79' title="bbox 1967 2799 3569 2867">
    <p class='ocr_par' dir='ltr' id='par_1_79' title="bbox 1967 2799 3569 2867">
     <span class='ocr_line' id='line_1_79' title="bbox 1967 2799 3569 2867; baseline 0.002 -16"><span class='ocrx_word' id='word_1_624' title='bbox 1967 2809 2016 2851; x_wconf 83' lang='lat' dir='ltr'><strong>et</strong></span> <span class='ocrx_word' id='word_1_625' title='bbox 2039 2799 2282 2867; x_wconf 82' lang='lat' dir='ltr'><strong>sanguis.</strong></span> <span class='ocrx_word' id='word_1_626' title='bbox 2313 2809 2361 2850; x_wconf 84' lang='lat' dir='ltr'><strong>et</strong></span> <span class='ocrx_word' id='word_1_627' title='bbox 2420 2809 2523 2851; x_wconf 80' lang='lat' dir='ltr'><strong>tres</strong></span> <span class='ocrx_word' id='word_1_628' title='bbox 2579 2816 2742 2853; x_wconf 85' lang='lat' dir='ltr'><strong>unum</strong></span> <span class='ocrx_word' id='word_1_629' title='bbox 2783 2811 2930 2853; x_wconf 83' lang='lat' dir='ltr'><strong>sunt.</strong></span> <span class='ocrx_word' id='word_1_630' title='bbox 2985 2799 3296 2855; x_wconf 28' lang='lat' dir='ltr'><strong>Sicut&#39;tres</strong></span> <span class='ocrx_word' id='word_1_631' title='bbox 3334 2813 3454 2854; x_wconf 80' lang='lat' dir='ltr'><strong>sunt</strong></span> <span class='ocrx_word' id='word_1_632' title='bbox 3479 2806 3569 2866; x_wconf 81' lang='lat' dir='ltr'><strong>qui</strong></span> 
     </span>
    </p>
   </div>
   <div class='ocr_carea' id='block_1_80' title="bbox 1966 2868 3565 2938">
    <p class='ocr_par' dir='ltr' id='par_1_80' title="bbox 1966 2868 3565 2938">
     <span class='ocr_line' id='line_1_80' title="bbox 1966 2868 3565 2938; baseline 0.003 -20"><span class='ocrx_word' id='word_1_633' title='bbox 1966 2868 2322 2920; x_wconf 75' lang='lat' dir='ltr'><strong>testimonium</strong></span> <span class='ocrx_word' id='word_1_634' title='bbox 2369 2869 2502 2921; x_wconf 81' lang='lat' dir='ltr'><strong>&#39;dmit</strong></span> <span class='ocrx_word' id='word_1_635' title='bbox 2553 2871 2609 2922; x_wconf 85' lang='lat' dir='ltr'><strong>in</strong></span> <span class='ocrx_word' id='word_1_636' title='bbox 2640 2869 2789 2928; x_wconf 71' lang='lat' dir='ltr'><strong>caelo,</strong></span> <span class='ocrx_word' id='word_1_637' title='bbox 2828 2869 3013 2936; x_wconf 86' lang='lat' dir='ltr'><strong>l’ater,</strong></span> <span class='ocrx_word' id='word_1_638' title='bbox 3066 2871 3312 2933; x_wconf 83' lang='lat' dir='ltr'><strong>Verbum,</strong></span> <span class='ocrx_word' id='word_1_639' title='bbox 3343 2881 3390 2923; x_wconf 81' lang='lat' dir='ltr'><strong>et</strong></span> <span class='ocrx_word' id='word_1_640' title='bbox 3439 2869 3565 2938; x_wconf 77' lang='lat' dir='ltr'><strong>Spi-</strong></span> 
     </span>
    </p>
   </div>
   <div class='ocr_carea' id='block_1_81' title="bbox 1970 2938 3567 3008">
    <p class='ocr_par' dir='ltr' id='par_1_81' title="bbox 1970 2938 3567 3008">
     <span class='ocr_line' id='line_1_81' title="bbox 1970 2938 3567 3008; baseline 0.003 -20"><span class='ocrx_word' id='word_1_641' title='bbox 1970 2938 2104 2990; x_wconf 80' lang='lat' dir='ltr'><strong>ritus</strong></span> <span class='ocrx_word' id='word_1_642' title='bbox 2137 2947 2388 3004; x_wconf 67' lang='lat' dir='ltr'><strong>sanctus;</strong></span> <span class='ocrx_word' id='word_1_643' title='bbox 2423 2947 2473 2991; x_wconf 84' lang='lat' dir='ltr'><strong>et</strong></span> <span class='ocrx_word' id='word_1_644' title='bbox 2522 2949 2627 2992; x_wconf 86' lang='lat' dir='ltr'><strong>tres</strong></span> <span class='ocrx_word' id='word_1_645' title='bbox 2694 2957 2854 2992; x_wconf 81' lang='lat' dir='ltr'><strong>unum</strong></span> <span class='ocrx_word' id='word_1_646' title='bbox 2886 2951 3029 2993; x_wconf 76' lang='lat' dir='ltr'><strong>sunt.</strong></span> <span class='ocrx_word' id='word_1_647' title='bbox 3081 2945 3212 3003; x_wconf 61' lang='lat' dir='ltr'><strong>Quae</strong></span> <span class='ocrx_word' id='word_1_648' title='bbox 3297 2943 3567 3008; x_wconf 70' lang='lat' dir='ltr'><strong>pllSlt‘J‘iHl‘</strong></span> 
     </span>
    </p>
   </div>
   <div class='ocr_carea' id='block_1_82' title="bbox 1892 3009 3566 3090">
    <p class='ocr_par' dir='ltr' id='par_1_82' title="bbox 1892 3009 3566 3090">
     <span class='ocr_line' id='line_1_82' title="bbox 1892 3009 3566 3090; baseline 0 -32"><span class='ocrx_word' id='word_1_649' title='bbox 1892 3035 1947 3090; x_wconf 65' lang='grc' dir='ltr'>ο</span> <span class='ocrx_word' id='word_1_650' title='bbox 1970 3023 2165 3061; x_wconf 87' lang='lat' dir='ltr'><strong>manus</strong></span> <span class='ocrx_word' id='word_1_651' title='bbox 2185 3009 2520 3090; x_wconf 61' lang='lat' dir='ltr'><strong>optendavit,</strong></span> <span class='ocrx_word' id='word_1_652' title='bbox 2549 3010 2757 3090; x_wconf 75' lang='lat' dir='ltr'><strong>vocalis</strong></span> <span class='ocrx_word' id='word_1_653' title='bbox 2800 3011 2854 3062; x_wconf 86' lang='lat' dir='ltr'><strong>in</strong></span> <span class='ocrx_word' id='word_1_654' title='bbox 2891 3020 3056 3090; x_wconf 70' lang='lat' dir='ltr'><strong>terra,</strong></span> <span class='ocrx_word' id='word_1_655' title='bbox 3090 3011 3142 3064; x_wconf 90' lang='lat' dir='ltr'><strong>in</strong></span> <span class='ocrx_word' id='word_1_656' title='bbox 3165 3010 3566 3090; x_wconf 42' lang='lat' dir='ltr'><strong>priori‘isouilu</strong></span> 
     </span>
    </p>
   </div>
   <div class='ocr_carea' id='block_1_83' title="bbox 1977 3078 3566 3147">
    <p class='ocr_par' dir='ltr' id='par_1_83' title="bbox 1977 3078 3566 3147">
     <span class='ocr_line' id='line_1_83' title="bbox 1977 3078 3566 3147; baseline 0.001 -19"><span class='ocrx_word' id='word_1_657' title='bbox 1977 3078 2283 3140; x_wconf 76' lang='lat' dir='ltr'><strong>cxpnnctis,</strong></span> <span class='ocrx_word' id='word_1_658' title='bbox 2341 3087 2454 3130; x_wconf 89' lang='lat' dir='ltr'><strong>tum</strong></span> <span class='ocrx_word' id='word_1_659' title='bbox 2512 3081 2773 3147; x_wconf 84' lang='lat' dir='ltr'><strong>repositis</strong></span> <span class='ocrx_word' id='word_1_660' title='bbox 2821 3080 3093 3141; x_wconf 73' lang='lat' dir='ltr'><strong>perhibent</strong></span> <span class='ocrx_word' id='word_1_661' title='bbox 3144 3083 3210 3134; x_wconf 82' lang='lat' dir='ltr'><strong>de</strong></span> <span class='ocrx_word' id='word_1_662' title='bbox 3261 3081 3410 3134; x_wconf 71' lang='lat' dir='ltr'><strong>caelo.</strong></span> <span class='ocrx_word' id='word_1_663' title='bbox 3441 3096 3566 3146; x_wconf 79' lang='lat' dir='ltr'><strong>pru-</strong></span> 
     </span>
    </p>
   </div>
   <div class='ocr_carea' id='block_1_84' title="bbox 1977 3147 3564 3219">
    <p class='ocr_par' dir='ltr' id='par_1_84' title="bbox 1977 3147 3564 3219">
     <span class='ocr_line' id='line_1_84' title="bbox 1977 3147 3564 3219; baseline 0.005 -23"><span class='ocrx_word' id='word_1_664' title='bbox 1977 3147 2127 3219; x_wconf 80' lang='lat' dir='ltr'><strong>daut,</strong></span> <span class='ocrx_word' id='word_1_665' title='bbox 2197 3156 2302 3199; x_wconf 86' lang='lat' dir='ltr'><strong>etc.</strong></span> <span class='ocrx_word' id='word_1_666' title='bbox 2339 3147 2414 3219; x_wconf 74' lang='lat' dir='ltr'><strong>At</strong></span> <span class='ocrx_word' id='word_1_667' title='bbox 2468 3164 2596 3219; x_wconf 72' lang='lat' dir='ltr'><strong>vero</strong></span> <span class='ocrx_word' id='word_1_668' title='bbox 2651 3151 2716 3202; x_wconf 81' lang='lat' dir='ltr'><strong>de</strong></span> <span class='ocrx_word' id='word_1_669' title='bbox 2773 3149 3201 3219; x_wconf 81' lang='lat' dir='ltr'><strong>liieruuymiano</strong></span> <span class='ocrx_word' id='word_1_670' title='bbox 3263 3151 3564 3217; x_wconf 74' lang='lat' dir='ltr'><strong>exemplati</strong></span> 
     </span>
    </p>
   </div>
   <div class='ocr_carea' id='block_1_85' title="bbox 1979 3217 3564 3288">
    <p class='ocr_par' dir='ltr' id='par_1_85' title="bbox 1979 3217 3564 3288">
     <span class='ocr_line' id='line_1_85' title="bbox 1979 3217 3564 3288; baseline 0.003 -20"><span class='ocrx_word' id='word_1_671' title='bbox 1979 3218 2172 3288; x_wconf 87' lang='lat' dir='ltr'><strong>miror,</strong></span> <span class='ocrx_word' id='word_1_672' title='bbox 2208 3217 2354 3288; x_wconf 81' lang='lat' dir='ltr'><strong>quod</strong></span> <span class='ocrx_word' id='word_1_673' title='bbox 2389 3217 2512 3288; x_wconf 86' lang='lat' dir='ltr'><strong>quis</strong></span> <span class='ocrx_word' id='word_1_674' title='bbox 2543 3219 2644 3270; x_wconf 88' lang='lat' dir='ltr'><strong>sibi</strong></span> <span class='ocrx_word' id='word_1_675' title='bbox 2685 3221 2856 3287; x_wconf 87' lang='lat' dir='ltr'><strong>potuit</strong></span> <span class='ocrx_word' id='word_1_676' title='bbox 2895 3217 3245 3288; x_wconf 74' lang='lat' dir='ltr'><strong>persuadere,</strong></span> <span class='ocrx_word' id='word_1_677' title='bbox 3283 3235 3398 3273; x_wconf 83' lang='lat' dir='ltr'><strong>eam</strong></span> <span class='ocrx_word' id='word_1_678' title='bbox 3434 3236 3564 3285; x_wconf 85' lang='lat' dir='ltr'><strong>par-</strong></span> 
     </span>
    </p>
   </div>
   <div class='ocr_carea' id='block_1_86' title="bbox 1978 3286 3561 3343">
    <p class='ocr_par' dir='ltr' id='par_1_86' title="bbox 1978 3286 3561 3343">
     <span class='ocr_line' id='line_1_86' title="bbox 1978 3286 3561 3343; baseline 0.003 -5"><span class='ocrx_word' id='word_1_679' title='bbox 1978 3287 2202 3339; x_wconf 85' lang='lat' dir='ltr'><strong>ticulam</strong></span> <span class='ocrx_word' id='word_1_680' title='bbox 2233 3286 2761 3341; x_wconf 81' lang='lat' dir='ltr'><strong>testimoniorumde</strong></span> <span class='ocrx_word' id='word_1_681' title='bbox 2781 3286 2918 3343; x_wconf 61' lang='lat' dir='ltr'><strong>casio</strong></span> <span class='ocrx_word' id='word_1_682' title='bbox 2949 3293 3264 3342; x_wconf 85' lang='lat' dir='ltr'><strong>testantium</strong></span> <span class='ocrx_word' id='word_1_683' title='bbox 3301 3289 3561 3343; x_wconf 64' lang='lat' dir='ltr'><strong>defuisse.</strong></span> 
     </span>
    </p>
   </div>
   <div class='ocr_carea' id='block_1_87' title="bbox 1977 3354 3565 3426">
    <p class='ocr_par' dir='ltr' id='par_1_87' title="bbox 1977 3354 3565 3426">
     <span class='ocr_line' id='line_1_87' title="bbox 1977 3354 3565 3426; baseline 0 -18"><span class='ocrx_word' id='word_1_684' title='bbox 1977 3354 2112 3408; x_wconf 87' lang='lat' dir='ltr'><strong>Cum</strong></span> <span class='ocrx_word' id='word_1_685' title='bbox 2159 3358 2311 3426; x_wconf 78' lang='lat' dir='ltr'><strong>enim</strong></span> <span class='ocrx_word' id='word_1_686' title='bbox 2346 3357 2418 3409; x_wconf 89' lang='lat' dir='ltr'><strong>ita</strong></span> <span class='ocrx_word' id='word_1_687' title='bbox 2474 3359 2576 3411; x_wconf 86' lang='lat' dir='ltr'><strong>sibi</strong></span> <span class='ocrx_word' id='word_1_688' title='bbox 2634 3368 2864 3423; x_wconf 74' lang='lat' dir='ltr'><strong>utraque</strong></span> <span class='ocrx_word' id='word_1_689' title='bbox 2928 3361 3276 3423; x_wconf 85' lang='lat' dir='ltr'><strong>respondeat.</strong></span> <span class='ocrx_word' id='word_1_690' title='bbox 3339 3368 3565 3426; x_wconf 74' lang='lat' dir='ltr'><strong>tamque</strong></span> 
     </span>
    </p>
   </div>
   <div class='ocr_carea' id='block_1_88' title="bbox 1977 3425 3562 3494">
    <p class='ocr_par' dir='ltr' id='par_1_88' title="bbox 1977 3425 3562 3494">
     <span class='ocr_line' id='line_1_88' title="bbox 1977 3425 3562 3494; baseline 0.003 -16"><span class='ocrx_word' id='word_1_691' title='bbox 1977 3434 2127 3479; x_wconf 87' lang='lat' dir='ltr'><strong>arcte</strong></span> <span class='ocrx_word' id='word_1_692' title='bbox 2151 3425 2354 3494; x_wconf 68' lang='lat' dir='ltr'><strong>junctae</strong></span> <span class='ocrx_word' id='word_1_693' title='bbox 2386 3427 2498 3479; x_wconf 91' lang='lat' dir='ltr'><strong>sint</strong></span> <span class='ocrx_word' id='word_1_694' title='bbox 2521 3431 2700 3488; x_wconf 42' lang='lat' dir='ltr'><strong>,ambze</strong></span> <span class='ocrx_word' id='word_1_695' title='bbox 2738 3429 2984 3482; x_wconf 75' lang='lat' dir='ltr'><strong>inferiori</strong></span> <span class='ocrx_word' id='word_1_696' title='bbox 3038 3431 3348 3493; x_wconf 69' lang='grc' dir='ltr'><strong>(τοιιιεχιιιί,</strong></span> <span class='ocrx_word' id='word_1_697' title='bbox 3381 3439 3440 3482; x_wconf 80' lang='grc' dir='ltr'><strong>ιιι</strong></span> <span class='ocrx_word' id='word_1_698' title='bbox 3475 3425 3562 3482; x_wconf 59' lang='grc' dir='ltr'><strong>ευ-</strong></span> 
     </span>
    </p>
   </div>
   <div class='ocr_carea' id='block_1_89' title="bbox 1977 3495 3563 3558">
    <p class='ocr_par' dir='ltr' id='par_1_89' title="bbox 1977 3495 3563 3558">
     <span class='ocr_line' id='line_1_89' title="bbox 1977 3495 3563 3558; baseline 0.001 -10"><span class='ocrx_word' id='word_1_699' title='bbox 1977 3495 2108 3558; x_wconf 88' lang='lat' dir='ltr'><strong>ries,</strong></span> <span class='ocrx_word' id='word_1_700' title='bbox 2168 3497 2253 3547; x_wconf 90' lang='lat' dir='ltr'><strong>ubi</strong></span> <span class='ocrx_word' id='word_1_701' title='bbox 2290 3495 2550 3549; x_wconf 77' lang='lat' dir='ltr'><strong>alterutra</strong></span> <span class='ocrx_word' id='word_1_702' title='bbox 2589 3499 2948 3557; x_wconf 84' lang='lat' dir='ltr'><strong>desideretur,</strong></span> <span class='ocrx_word' id='word_1_703' title='bbox 2997 3515 3188 3552; x_wconf 84' lang='lat' dir='ltr'><strong>manca</strong></span> <span class='ocrx_word' id='word_1_704' title='bbox 3226 3499 3453 3551; x_wconf 88' lang='lat' dir='ltr'><strong>omnino</strong></span> <span class='ocrx_word' id='word_1_705' title='bbox 3495 3513 3563 3550; x_wconf 66' lang='lat' dir='ltr'><strong>stt</strong></span> 
     </span>
    </p>
   </div>
   <div class='ocr_carea' id='block_1_90' title="bbox 1976 3565 3560 3635">
    <p class='ocr_par' dir='ltr' id='par_1_90' title="bbox 1976 3565 3560 3635">
     <span class='ocr_line' id='line_1_90' title="bbox 1976 3565 3560 3635; baseline -0.001 -16"><span class='ocrx_word' id='word_1_706' title='bbox 1976 3575 2140 3633; x_wconf 86' lang='lat' dir='ltr'><strong>atque</strong></span> <span class='ocrx_word' id='word_1_707' title='bbox 2183 3565 2385 3625; x_wconf 90' lang='lat' dir='ltr'><strong>hiulca,</strong></span> <span class='ocrx_word' id='word_1_708' title='bbox 2427 3567 2650 3619; x_wconf 89' lang='lat' dir='ltr'><strong>minime</strong></span> <span class='ocrx_word' id='word_1_709' title='bbox 2705 3568 2884 3633; x_wconf 90' lang='lat' dir='ltr'><strong>potuit</strong></span> <span class='ocrx_word' id='word_1_710' title='bbox 2915 3567 2970 3619; x_wconf 89' lang='lat' dir='ltr'><strong>S.</strong></span> <span class='ocrx_word' id='word_1_711' title='bbox 3009 3565 3190 3631; x_wconf 84' lang='lat' dir='ltr'><strong>Pater,</strong></span> <span class='ocrx_word' id='word_1_712' title='bbox 3226 3571 3268 3621; x_wconf 90' lang='lat' dir='ltr'><strong>si</strong></span> <span class='ocrx_word' id='word_1_713' title='bbox 3299 3570 3410 3635; x_wconf 88' lang='lat' dir='ltr'><strong>jam</strong></span> <span class='ocrx_word' id='word_1_714' title='bbox 3450 3580 3560 3620; x_wconf 77' lang='lat' dir='ltr'><strong>tnui</strong></span> 
     </span>
    </p>
   </div>
   <div class='ocr_carea' id='block_1_91' title="bbox 1976 3635 3562 3700">
    <p class='ocr_par' dir='ltr' id='par_1_91' title="bbox 1976 3635 3562 3700">
     <span class='ocr_line' id='line_1_91' title="bbox 1976 3635 3562 3700; baseline -0.001 -12"><span class='ocrx_word' id='word_1_715' title='bbox 1976 3636 2032 3688; x_wconf 85' lang='lat' dir='ltr'><strong>in</strong></span> <span class='ocrx_word' id='word_1_716' title='bbox 2085 3648 2207 3696; x_wconf 87' lang='lat' dir='ltr'><strong>suo,</strong></span> <span class='ocrx_word' id='word_1_717' title='bbox 2266 3643 2359 3687; x_wconf 88' lang='lat' dir='ltr'><strong>aut</strong></span> <span class='ocrx_word' id='word_1_718' title='bbox 2409 3635 2533 3688; x_wconf 86' lang='lat' dir='ltr'><strong>aliis</strong></span> <span class='ocrx_word' id='word_1_719' title='bbox 2569 3636 2624 3688; x_wconf 89' lang='lat' dir='ltr'><strong>in</strong></span> <span class='ocrx_word' id='word_1_720' title='bbox 2666 3637 2826 3690; x_wconf 84' lang='lat' dir='ltr'><strong>libris</strong></span> <span class='ocrx_word' id='word_1_721' title='bbox 2881 3652 3035 3689; x_wconf 90' lang='lat' dir='ltr'><strong>error</strong></span> <span class='ocrx_word' id='word_1_722' title='bbox 3083 3639 3402 3700; x_wconf 82' lang='lat' dir='ltr'><strong>inoleverat,</strong></span> <span class='ocrx_word' id='word_1_723' title='bbox 3459 3654 3562 3688; x_wconf 81' lang='lat' dir='ltr'><strong>non</strong></span> 
     </span>
    </p>
   </div>
   <div class='ocr_carea' id='block_1_92' title="bbox 1975 3705 3561 3773">
    <p class='ocr_par' dir='ltr' id='par_1_92' title="bbox 1975 3705 3561 3773">
     <span class='ocr_line' id='line_1_92' title="bbox 1975 3705 3561 3773; baseline 0.001 -17"><span class='ocrx_word' id='word_1_724' title='bbox 1975 3705 2445 3758; x_wconf 85' lang='lat' dir='ltr'><strong>animadvertisse.</strong></span> <span class='ocrx_word' id='word_1_725' title='bbox 2466 3706 2730 3758; x_wconf 68' lang='lat' dir='ltr'><strong>Caeterum</strong></span> <span class='ocrx_word' id='word_1_726' title='bbox 2753 3715 2877 3758; x_wconf 85' lang='lat' dir='ltr'><strong>nota</strong></span> <span class='ocrx_word' id='word_1_727' title='bbox 2899 3717 3023 3757; x_wconf 86' lang='lat' dir='ltr'><strong>sunt</strong></span> <span class='ocrx_word' id='word_1_728' title='bbox 3046 3721 3143 3772; x_wconf 90' lang='lat' dir='ltr'><strong>pro</strong></span> <span class='ocrx_word' id='word_1_729' title='bbox 3167 3707 3286 3773; x_wconf 87' lang='lat' dir='ltr'><strong>ejus</strong></span> <span class='ocrx_word' id='word_1_730' title='bbox 3311 3709 3561 3759; x_wconf 68' lang='lat' dir='ltr'><strong>versit-nti</strong></span> 
     </span>
    </p>
   </div>
   <div class='ocr_carea' id='block_1_93' title="bbox 1976 3774 3560 3842">
    <p class='ocr_par' dir='ltr' id='par_1_93' title="bbox 1976 3774 3560 3842">
     <span class='ocr_line' id='line_1_93' title="bbox 1976 3774 3560 3842; baseline -0.001 -15"><span class='ocrx_word' id='word_1_731' title='bbox 1976 3777 2345 3842; x_wconf 80' lang='lat' dir='ltr'><strong>germanitate</strong></span> <span class='ocrx_word' id='word_1_732' title='bbox 2376 3774 2692 3827; x_wconf 86' lang='lat' dir='ltr'><strong>testimonia</strong></span> <span class='ocrx_word' id='word_1_733' title='bbox 2733 3774 2952 3828; x_wconf 84' lang='lat' dir='ltr'><strong>Patrum</strong></span> <span class='ocrx_word' id='word_1_734' title='bbox 2990 3778 3394 3836; x_wconf 74' lang='lat' dir='ltr'><strong>Alricannrum,</strong></span> <span class='ocrx_word' id='word_1_735' title='bbox 3427 3775 3560 3829; x_wconf 70' lang='lat' dir='ltr'><strong>Tur.</strong></span> 
     </span>
    </p>
   </div>
   <div class='ocr_carea' id='block_1_94' title="bbox 1976 3843 3559 3914">
    <p class='ocr_par' dir='ltr' id='par_1_94' title="bbox 1976 3843 3559 3914">
     <span class='ocr_line' id='line_1_94' title="bbox 1976 3843 3559 3914; baseline -0.001 -16"><span class='ocrx_word' id='word_1_736' title='bbox 1976 3845 2216 3906; x_wconf 88' lang='lat' dir='ltr'><strong>tulliani,</strong></span> <span class='ocrx_word' id='word_1_737' title='bbox 2274 3843 2555 3912; x_wconf 78' lang='lat' dir='ltr'><strong>Cypriani,</strong></span> <span class='ocrx_word' id='word_1_738' title='bbox 2586 3845 2836 3913; x_wconf 78' lang='lat' dir='ltr'><strong>Eugcnii,</strong></span> <span class='ocrx_word' id='word_1_739' title='bbox 2895 3845 3184 3914; x_wconf 76' lang='lat' dir='ltr'><strong>Fulgentii,</strong></span> <span class='ocrx_word' id='word_1_740' title='bbox 3225 3844 3428 3913; x_wconf 78' lang='lat' dir='ltr'><strong>Vigilii,</strong></span> <span class='ocrx_word' id='word_1_741' title='bbox 3473 3847 3559 3899; x_wconf 83' lang='lat' dir='ltr'><strong>Vt-</strong></span> 
     </span>
    </p>
   </div>
   <div class='ocr_carea' id='block_1_95' title="bbox 1976 3915 3562 3984">
    <p class='ocr_par' dir='ltr' id='par_1_95' title="bbox 1976 3915 3562 3984">
     <span class='ocr_line' id='line_1_95' title="bbox 1976 3915 3562 3984; baseline 0 -18"><span class='ocrx_word' id='word_1_742' title='bbox 1976 3915 2168 3984; x_wconf 87' lang='lat' dir='ltr'><strong>ctoris,</strong></span> <span class='ocrx_word' id='word_1_743' title='bbox 2198 3929 2227 3967; x_wconf 89' lang='lat' dir='ltr'><strong>e</strong></span> <span class='ocrx_word' id='word_1_744' title='bbox 2262 3925 2743 3984; x_wconf 48' lang='lat' dir='ltr'><strong>quatuorucentum</strong></span> <span class='ocrx_word' id='word_1_745' title='bbox 2773 3915 3152 3984; x_wconf 79' lang='lat' dir='ltr'><strong>epist-upornm</strong></span> <span class='ocrx_word' id='word_1_746' title='bbox 3201 3917 3252 3968; x_wconf 92' lang='lat' dir='ltr'><strong>in</strong></span> <span class='ocrx_word' id='word_1_747' title='bbox 3281 3919 3402 3968; x_wconf 90' lang='lat' dir='ltr'><strong>Iidei</strong></span> <span class='ocrx_word' id='word_1_748' title='bbox 3437 3932 3562 3979; x_wconf 78' lang='lat' dir='ltr'><strong>pro-</strong></span> 
     </span>
    </p>
   </div>
   <div class='ocr_carea' id='block_1_96' title="bbox 1975 3980 3563 4053">
    <p class='ocr_par' dir='ltr' id='par_1_96' title="bbox 1975 3980 3563 4053">
     <span class='ocr_line' id='line_1_96' title="bbox 1975 3980 3563 4053; baseline -0.001 -17"><span class='ocrx_word' id='word_1_749' title='bbox 1975 3983 2238 4048; x_wconf 82' lang='lat' dir='ltr'><strong>fessione,</strong></span> <span class='ocrx_word' id='word_1_750' title='bbox 2273 3998 2434 4052; x_wconf 89' lang='lat' dir='ltr'><strong>quam</strong></span> <span class='ocrx_word' id='word_1_751' title='bbox 2467 3980 2856 4037; x_wconf 79' lang='lat' dir='ltr'><strong>Wandalorum</strong></span> <span class='ocrx_word' id='word_1_752' title='bbox 2885 3980 2991 4053; x_wconf 60' lang='lat' dir='ltr'><strong>regi</strong></span> <span class='ocrx_word' id='word_1_753' title='bbox 3024 3986 3360 4038; x_wconf 88' lang='lat' dir='ltr'><strong>obtulerunt.</strong></span> <span class='ocrx_word' id='word_1_754' title='bbox 3393 3985 3563 4052; x_wconf 80' lang='lat' dir='ltr'><strong>Major</strong></span> 
     </span>
    </p>
   </div>
   <div class='ocr_carea' id='block_1_97' title="bbox 1973 4055 3570 4122">
    <p class='ocr_par' dir='ltr' id='par_1_97' title="bbox 1973 4055 3570 4122">
     <span class='ocr_line' id='line_1_97' title="bbox 1973 4055 3570 4122; baseline 0 -16"><span class='ocrx_word' id='word_1_755' title='bbox 1973 4057 2124 4108; x_wconf 90' lang='lat' dir='ltr'><strong>omni</strong></span> <span class='ocrx_word' id='word_1_756' title='bbox 2147 4057 2469 4122; x_wconf 76' lang='lat' dir='ltr'><strong>exeeptinne</strong></span> <span class='ocrx_word' id='word_1_757' title='bbox 2497 4055 2960 4108; x_wconf 82' lang='lat' dir='ltr'><strong>estCassiodorus</strong></span> <span class='ocrx_word' id='word_1_758' title='bbox 2986 4056 3036 4107; x_wconf 91' lang='lat' dir='ltr'><strong>in</strong></span> <span class='ocrx_word' id='word_1_759' title='bbox 3059 4056 3570 4122; x_wconf 72' lang='lat' dir='ltr'><strong>Complexionibns,</strong></span> 
     </span>
    </p>
   </div>
   <div class='ocr_carea' id='block_1_98' title="bbox 1975 4123 3558 4193">
    <p class='ocr_par' dir='ltr' id='par_1_98' title="bbox 1975 4123 3558 4193">
     <span class='ocr_line' id='line_1_98' title="bbox 1975 4123 3558 4193; baseline 0.001 -16"><span class='ocrx_word' id='word_1_760' title='bbox 1975 4131 2160 4192; x_wconf 87' lang='lat' dir='ltr'><strong>utpote</strong></span> <span class='ocrx_word' id='word_1_761' title='bbox 2188 4123 2279 4193; x_wconf 88' lang='lat' dir='ltr'><strong>qui</strong></span> <span class='ocrx_word' id='word_1_762' title='bbox 2317 4139 2382 4176; x_wconf 80' lang='lat' dir='ltr'><strong>ex</strong></span> <span class='ocrx_word' id='word_1_763' title='bbox 2421 4123 2686 4188; x_wconf 70' lang='lat' dir='ltr'><strong>Romana,</strong></span> <span class='ocrx_word' id='word_1_764' title='bbox 2715 4137 2820 4178; x_wconf 90' lang='lat' dir='ltr'><strong>nou</strong></span> <span class='ocrx_word' id='word_1_765' title='bbox 2871 4125 3123 4177; x_wconf 80' lang='lat' dir='ltr'><strong>Africana</strong></span> <span class='ocrx_word' id='word_1_766' title='bbox 3153 4124 3394 4178; x_wconf 83' lang='lat' dir='ltr'><strong>Ecclesia</strong></span> <span class='ocrx_word' id='word_1_767' title='bbox 3437 4124 3558 4178; x_wconf 68' lang='grc' dir='ltr'><strong>[υθ-</strong></span> 
     </span>
    </p>
   </div>
   <div class='ocr_carea' id='block_1_99' title="bbox 1975 4195 3559 4262">
    <p class='ocr_par' dir='ltr' id='par_1_99' title="bbox 1975 4195 3559 4262">
     <span class='ocr_line' id='line_1_99' title="bbox 1975 4195 3559 4262; baseline -0.001 -15"><span class='ocrx_word' id='word_1_768' title='bbox 1975 4195 2067 4258; x_wconf 91' lang='lat' dir='ltr'><strong>rit,</strong></span> <span class='ocrx_word' id='word_1_769' title='bbox 2097 4211 2160 4248; x_wconf 89' lang='lat' dir='ltr'><strong>ac</strong></span> <span class='ocrx_word' id='word_1_770' title='bbox 2218 4208 2380 4262; x_wconf 90' lang='lat' dir='ltr'><strong>porro</strong></span> <span class='ocrx_word' id='word_1_771' title='bbox 2431 4195 2670 4258; x_wconf 89' lang='lat' dir='ltr'><strong>sedulus,</strong></span> <span class='ocrx_word' id='word_1_772' title='bbox 2703 4209 2866 4261; x_wconf 90' lang='lat' dir='ltr'><strong>supra</strong></span> <span class='ocrx_word' id='word_1_773' title='bbox 2899 4211 3060 4262; x_wconf 81' lang='lat' dir='ltr'><strong>quant</strong></span> <span class='ocrx_word' id='word_1_774' title='bbox 3087 4195 3194 4249; x_wconf 86' lang='lat' dir='ltr'><strong>dici</strong></span> <span class='ocrx_word' id='word_1_775' title='bbox 3242 4199 3434 4260; x_wconf 87' lang='lat' dir='ltr'><strong>possit,</strong></span> <span class='ocrx_word' id='word_1_776' title='bbox 3468 4211 3559 4248; x_wconf 84' lang='lat' dir='ltr'><strong>sa-</strong></span> 
     </span>
    </p>
   </div>
   <div class='ocr_carea' id='block_1_100' title="bbox 1971 4263 3561 4335">
    <p class='ocr_par' dir='ltr' id='par_1_100' title="bbox 1971 4263 3561 4335">
     <span class='ocr_line' id='line_1_100' title="bbox 1971 4263 3561 4335; baseline 0 -18"><span class='ocrx_word' id='word_1_777' title='bbox 1971 4278 2191 4318; x_wconf 89' lang='lat' dir='ltr'><strong>crorum</strong></span> <span class='ocrx_word' id='word_1_778' title='bbox 2241 4263 2498 4335; x_wconf 75' lang='lat' dir='ltr'><strong>codicum</strong></span> <span class='ocrx_word' id='word_1_779' title='bbox 2550 4265 2874 4335; x_wconf 64' lang='lat' dir='ltr'><strong>inquisitor,</strong></span> <span class='ocrx_word' id='word_1_780' title='bbox 2927 4265 2996 4318; x_wconf 92' lang='lat' dir='ltr'><strong>cl.</strong></span> <span class='ocrx_word' id='word_1_781' title='bbox 3053 4265 3174 4318; x_wconf 89' lang='lat' dir='ltr'><strong>hbri</strong></span> <span class='ocrx_word' id='word_1_782' title='bbox 3218 4267 3336 4335; x_wconf 86' lang='lat' dir='ltr'><strong>ejus</strong></span> <span class='ocrx_word' id='word_1_783' title='bbox 3383 4267 3561 4318; x_wconf 82' lang='lat' dir='ltr'><strong>editor</strong></span> 
     </span>
    </p>
   </div>
   <div class='ocr_carea' id='block_1_101' title="bbox 1975 4332 3575 4402">
    <p class='ocr_par' dir='ltr' id='par_1_101' title="bbox 1975 4332 3575 4402">
     <span class='ocr_line' id='line_1_101' title="bbox 1975 4332 3575 4402; baseline -0.001 -16"><span class='ocrx_word' id='word_1_784' title='bbox 1975 4340 2182 4388; x_wconf 87' lang='lat' dir='ltr'><strong>march.</strong></span> <span class='ocrx_word' id='word_1_785' title='bbox 2221 4334 2405 4400; x_wconf 84' lang='lat' dir='ltr'><strong>Scipio</strong></span> <span class='ocrx_word' id='word_1_786' title='bbox 2457 4332 2722 4395; x_wconf 81' lang='lat' dir='ltr'><strong>Mall‘eius,</strong></span> <span class='ocrx_word' id='word_1_787' title='bbox 2779 4335 2912 4387; x_wconf 88' lang='lat' dir='ltr'><strong>nihil</strong></span> <span class='ocrx_word' id='word_1_788' title='bbox 2949 4337 3092 4402; x_wconf 92' lang='lat' dir='ltr'><strong>quod</strong></span> <span class='ocrx_word' id='word_1_789' title='bbox 3126 4336 3190 4388; x_wconf 87' lang='lat' dir='ltr'><strong>ad</strong></span> <span class='ocrx_word' id='word_1_790' title='bbox 3232 4332 3364 4387; x_wconf 80' lang='lat' dir='ltr'><strong>illud</strong></span> <span class='ocrx_word' id='word_1_791' title='bbox 3402 4336 3575 4387; x_wconf 57' lang='lat' dir='ltr'><strong>IESIi&#39;x</strong></span> 
     </span>
    </p>
   </div>
   <div class='ocr_carea' id='block_1_102' title="bbox 283 4379 3571 4475">
    <p class='ocr_par' dir='ltr' id='par_1_102' title="bbox 283 4379 3571 4475">
     <span class='ocr_line' id='line_1_102' title="bbox 283 4379 3571 4475; baseline 0 -18"><span class='ocrx_word' id='word_1_792' title='bbox 283 4379 450 4475; x_wconf 41' lang='lat' dir='ltr'><strong>mus;</strong></span> <span class='ocrx_word' id='word_1_793' title='bbox 471 4379 673 4457; x_wconf 54' lang='lat' dir='ltr'><strong>Exin;</strong></span> <span class='ocrx_word' id='word_1_794' title='bbox 705 4379 884 4458; x_wconf 56' lang='lat' dir='ltr'><strong>autem</strong></span> <span class='ocrx_word' id='word_1_795' title='bbox 904 4379 1220 4457; x_wconf 51' lang='lat' dir='ltr'><strong>&#39;itavdesinit</strong></span> <span class='ocrx_word' id='word_1_796' title='bbox 1248 4423 1263 4455; x_wconf 86' lang='lat'><strong>-.</strong></span> <span class='ocrx_word' id='word_1_797' title='bbox 1297 4413 1345 4456; x_wconf 86' lang='lat' dir='ltr'><strong>et</strong></span> <span class='ocrx_word' id='word_1_798' title='bbox 1386 4402 1616 4468; x_wconf 76' lang='lat' dir='ltr'><strong>Spiritus</strong></span> <span class='ocrx_word' id='word_1_799' title='bbox 1646 4413 1718 4456; x_wconf 84' lang='lat' dir='ltr'><strong>est</strong></span> <span class='ocrx_word' id='word_1_800' title='bbox 1757 4379 1863 4469; x_wconf 83' lang='lat' dir='ltr'><strong>rqui</strong></span> <span class='ocrx_word' id='word_1_801' title='bbox 1900 4379 1942 4433; x_wconf 73' lang='grc' dir='ltr'><strong>θ</strong></span> <span class='ocrx_word' id='word_1_802' title='bbox 1977 4406 2219 4459; x_wconf 89' lang='lat' dir='ltr'><strong>monium</strong></span> <span class='ocrx_word' id='word_1_803' title='bbox 2249 4379 2546 4468; x_wconf 78' lang='lat' dir='ltr'><strong>coiilerret,</strong></span> <span class='ocrx_word' id='word_1_804' title='bbox 2579 4407 2630 4456; x_wconf 89' lang='lat' dir='ltr'><strong>in</strong></span> <span class='ocrx_word' id='word_1_805' title='bbox 2659 4379 2811 4457; x_wconf 66' lang='lat' dir='ltr'><strong>Notis</strong></span> <span class='ocrx_word' id='word_1_806' title='bbox 2837 4407 2903 4458; x_wconf 90' lang='lat' dir='ltr'><strong>ad</strong></span> <span class='ocrx_word' id='word_1_807' title='bbox 2923 4379 3042 4458; x_wconf 75' lang='lat' dir='ltr'><strong>eiim</strong></span> <span class='ocrx_word' id='word_1_808' title='bbox 3076 4408 3252 4458; x_wconf 89' lang='lat' dir='ltr'><strong>locum</strong></span> <span class='ocrx_word' id='word_1_809' title='bbox 3283 4407 3571 4475; x_wconf 77' lang='lat' dir='ltr'><strong>reliquum</strong></span> 
     </span>
    </p>
   </div>
   <div class='ocr_carea' id='block_1_103' title="bbox 286 4473 1865 4542">
    <p class='ocr_par' dir='ltr' id='par_1_103' title="bbox 286 4473 1865 4542">
     <span class='ocr_line' id='line_1_103' title="bbox 286 4473 1865 4542; baseline 0 -18"><span class='ocrx_word' id='word_1_810' title='bbox 286 4473 610 4542; x_wconf 75' lang='lat' dir='ltr'><strong>testiﬁcatur</strong></span> <span class='ocrx_word' id='word_1_811' title='bbox 641 4475 765 4542; x_wconf 85' lang='lat' dir='ltr'><strong>quia</strong></span> <span class='ocrx_word' id='word_1_812' title='bbox 790 4474 1027 4529; x_wconf 76' lang='lat' dir='ltr'><strong>Christus</strong></span> <span class='ocrx_word' id='word_1_813' title='bbox 1059 4487 1128 4526; x_wconf 81' lang='lat' dir='ltr'><strong>est</strong></span> <span class='ocrx_word' id='word_1_814' title='bbox 1154 4475 1344 4526; x_wconf 82' lang='lat' dir='ltr'><strong>veritas</strong></span> <span class='ocrx_word' id='word_1_815' title='bbox 1371 4487 1386 4538; x_wconf 85' lang='lat'><strong>;</strong></span> <span class='ocrx_word' id='word_1_816' title='bbox 1431 4477 1480 4524; x_wconf 92' lang='lat' dir='ltr'><strong>in</strong></span> <span class='ocrx_word' id='word_1_817' title='bbox 1513 4477 1750 4540; x_wconf 72' lang='lat' dir='ltr'><strong>margine</strong></span> <span class='ocrx_word' id='word_1_818' title='bbox 1767 4488 1865 4524; x_wconf 85' lang='lat' dir='ltr'><strong>au-</strong></span> 
     </span>
    </p>
   </div>
   <div class='ocr_carea' id='block_1_104' title="bbox 286 4542 1858 4614">
    <p class='ocr_par' dir='ltr' id='par_1_104' title="bbox 286 4542 1858 4614">
     <span class='ocr_line' id='line_1_104' title="bbox 286 4542 1858 4614; baseline -0.001 -18"><span class='ocrx_word' id='word_1_819' title='bbox 286 4555 392 4597; x_wconf 81' lang='lat' dir='ltr'><strong>tem</strong></span> <span class='ocrx_word' id='word_1_820' title='bbox 425 4544 533 4597; x_wconf 85' lang='lat' dir='ltr'><strong>alia</strong></span> <span class='ocrx_word' id='word_1_821' title='bbox 553 4561 715 4599; x_wconf 84' lang='lat' dir='ltr'><strong>manu</strong></span> <span class='ocrx_word' id='word_1_822' title='bbox 731 4546 996 4614; x_wconf 84' lang='lat' dir='ltr'><strong>septimus</strong></span> <span class='ocrx_word' id='word_1_823' title='bbox 1013 4554 1066 4597; x_wconf 89' lang='lat' dir='ltr'><strong>et</strong></span> <span class='ocrx_word' id='word_1_824' title='bbox 1094 4555 1317 4598; x_wconf 79' lang='lat' dir='ltr'><strong>octavus</strong></span> <span class='ocrx_word' id='word_1_825' title='bbox 1335 4542 1551 4596; x_wconf 86' lang='lat' dir='ltr'><strong>inverso</strong></span> <span class='ocrx_word' id='word_1_826' title='bbox 1573 4543 1764 4597; x_wconf 86' lang='lat' dir='ltr'><strong>ordine</strong></span> <span class='ocrx_word' id='word_1_827' title='bbox 1788 4544 1858 4595; x_wconf 85' lang='lat' dir='ltr'><strong>ita</strong></span> 
     </span>
    </p>
   </div>
   <div class='ocr_carea' id='block_1_105' title="bbox 1975 4477 2124 4528">
    <p class='ocr_par' dir='ltr' id='par_1_105' title="bbox 1975 4477 2124 4528">
     <span class='ocr_line' id='line_1_105' title="bbox 1975 4477 2124 4528; baseline 0.013 -2"><span class='ocrx_word' id='word_1_828' title='bbox 1975 4477 2124 4528; x_wconf 80' lang='lat' dir='ltr'><strong>fecit.</strong></span> 
     </span>
    </p>
   </div>
   <div class='ocr_carea' id='block_1_106' title="bbox 2064 4681 3564 4715">
    <p class='ocr_par' dir='ltr' id='par_1_106' title="bbox 2064 4681 3564 4715">
     <span class='ocr_line' id='line_1_106' title="bbox 2064 4681 3564 4715; baseline 0.003 -19"><span class='ocrx_word' id='word_1_829' title='bbox 2064 4681 3564 4715; x_wconf 68' lang='lat'><strong>..______..____________..___,</strong></span> 
     </span>
    </p>
   </div>
   <div class='ocr_carea' id='block_1_107' title="bbox 943 4802 2954 4928">
    <p class='ocr_par' dir='ltr' id='par_1_107' title="bbox 943 4802 2954 4928">
     <span class='ocr_line' id='line_1_107' title="bbox 943 4802 2954 4928; baseline 0.001 -10"><span class='ocrx_word' id='word_1_830' title='bbox 943 4808 1096 4921; x_wconf 80' lang='grc' dir='ltr'><strong>Β.</strong></span> <span class='ocrx_word' id='word_1_831' title='bbox 1181 4802 1983 4921; x_wconf 73' lang='lat' dir='ltr'><strong>JOANNIS</strong></span> <span class='ocrx_word' id='word_1_832' title='bbox 2059 4807 2954 4928; x_wconf 72' lang='lat' dir='ltr'><strong>APOSTOLI</strong></span> 
     </span>
    </p>
   </div>
   <div class='ocr_carea' id='block_1_108' title="bbox 1774 4987 2070 5052">
    <p class='ocr_par' dir='ltr' id='par_1_108' title="bbox 1774 4987 2070 5052">
     <span class='ocr_line' id='line_1_108' title="bbox 1774 4987 2070 5052; baseline 0.01 -7"><span class='ocrx_word' id='word_1_833' title='bbox 1774 4987 2070 5052; x_wconf 82' lang='lat' dir='ltr'><strong>INCIPIT</strong></span> 
     </span>
    </p>
   </div>
   <div class='ocr_carea' id='block_1_109' title="bbox 1106 5137 2739 5264">
    <p class='ocr_par' dir='ltr' id='par_1_109' title="bbox 1106 5137 2739 5264">
     <span class='ocr_line' id='line_1_109' title="bbox 1106 5137 2739 5264; baseline 0.001 -5"><span class='ocrx_word' id='word_1_834' title='bbox 1106 5137 1881 5263; x_wconf 85' lang='lat' dir='ltr'><strong>EPISTOLA</strong></span> <span class='ocrx_word' id='word_1_835' title='bbox 1971 5137 2739 5264; x_wconf 85' lang='lat' dir='ltr'><strong>SECUNDA.</strong></span> 
     </span>
    </p>
   </div>
   <div class='ocr_carea' id='block_1_110' title="bbox 355 5482 1866 5556">
    <p class='ocr_par' dir='ltr' id='par_1_110' title="bbox 355 5482 1866 5556">
     <span class='ocr_line' id='line_1_110' title="bbox 355 5482 1866 5556; baseline 0.003 -23"><span class='ocrx_word' id='word_1_836' title='bbox 355 5482 556 5536; x_wconf 82' lang='lat' dir='ltr'><strong>Senior</strong></span> <span class='ocrx_word' id='word_1_837' title='bbox 592 5482 789 5537; x_wconf 74' lang='lat' dir='ltr'><strong>Elecue</strong></span> <span class='ocrx_word' id='word_1_838' title='bbox 835 5483 1085 5552; x_wconf 78' lang='lat' dir='ltr'><strong>domime,</strong></span> <span class='ocrx_word' id='word_1_839' title='bbox 1135 5492 1189 5538; x_wconf 91' lang='lat' dir='ltr'><strong>et</strong></span> <span class='ocrx_word' id='word_1_840' title='bbox 1243 5483 1382 5539; x_wconf 89' lang='lat' dir='ltr'><strong>natis</strong></span> <span class='ocrx_word' id='word_1_841' title='bbox 1416 5483 1558 5553; x_wconf 88' lang='lat' dir='ltr'><strong>ejus,</strong></span> <span class='ocrx_word' id='word_1_842' title='bbox 1599 5502 1735 5554; x_wconf 90' lang='lat' dir='ltr'><strong>quos</strong></span> <span class='ocrx_word' id='word_1_843' title='bbox 1768 5501 1866 5556; x_wconf 77' lang='lat' dir='ltr'><strong>ego</strong></span> 
     </span>
    </p>
   </div>
   <div class='ocr_carea' id='block_1_111' title="bbox 281 5574 1868 5649">
    <p class='ocr_par' dir='ltr' id='par_1_111' title="bbox 281 5574 1868 5649">
     <span class='ocr_line' id='line_1_111' title="bbox 281 5574 1868 5649; baseline 0.001 -19"><span class='ocrx_word' id='word_1_844' title='bbox 281 5575 448 5646; x_wconf 75' lang='lat' dir='ltr'><strong>diligo</strong></span> <span class='ocrx_word' id='word_1_845' title='bbox 484 5576 538 5631; x_wconf 94' lang='lat' dir='ltr'><strong>in</strong></span> <span class='ocrx_word' id='word_1_846' title='bbox 563 5574 820 5642; x_wconf 76' lang='lat' dir='ltr'><strong>veritate,</strong></span> <span class='ocrx_word' id='word_1_847' title='bbox 855 5586 909 5632; x_wconf 86' lang='lat' dir='ltr'><strong>et</strong></span> <span class='ocrx_word' id='word_1_848' title='bbox 960 5593 1062 5631; x_wconf 88' lang='lat' dir='ltr'><strong>non</strong></span> <span class='ocrx_word' id='word_1_849' title='bbox 1090 5593 1189 5649; x_wconf 82' lang='lat' dir='ltr'><strong>ego</strong></span> <span class='ocrx_word' id='word_1_850' title='bbox 1219 5577 1388 5640; x_wconf 90' lang='lat' dir='ltr'><strong>solus,</strong></span> <span class='ocrx_word' id='word_1_851' title='bbox 1425 5579 1516 5630; x_wconf 89' lang='lat' dir='ltr'><strong>sed</strong></span> <span class='ocrx_word' id='word_1_852' title='bbox 1563 5590 1616 5630; x_wconf 88' lang='lat' dir='ltr'><strong>ct</strong></span> <span class='ocrx_word' id='word_1_853' title='bbox 1656 5594 1868 5643; x_wconf 66' lang='lat' dir='ltr'><strong>omnes,</strong></span> 
     </span>
    </p>
   </div>
   <div class='ocr_carea' id='block_1_112' title="bbox 279 5667 1864 5740">
    <p class='ocr_par' dir='ltr' id='par_1_112' title="bbox 279 5667 1864 5740">
     <span class='ocr_line' id='line_1_112' title="bbox 279 5667 1864 5740; baseline 0.001 -18"><span class='ocrx_word' id='word_1_854' title='bbox 279 5667 372 5739; x_wconf 85' lang='lat' dir='ltr'><strong>qui</strong></span> <span class='ocrx_word' id='word_1_855' title='bbox 405 5678 786 5738; x_wconf 80' lang='lat' dir='ltr'><strong>cognoverunt</strong></span> <span class='ocrx_word' id='word_1_856' title='bbox 819 5671 1123 5736; x_wconf 84' lang='lat' dir='ltr'><strong>veritatem,</strong></span> <span class='ocrx_word' id='word_1_857' title='bbox 1163 5677 1386 5740; x_wconf 87' lang='lat' dir='ltr'><strong>prOptcr</strong></span> <span class='ocrx_word' id='word_1_858' title='bbox 1425 5668 1707 5724; x_wconf 75' lang='lat' dir='ltr'><strong>veritatem</strong></span> <span class='ocrx_word' id='word_1_859' title='bbox 1747 5685 1864 5737; x_wconf 60' lang='lat' dir='ltr'><strong>quae</strong></span> 
     </span>
    </p>
   </div>
   <div class='ocr_carea' id='block_1_113' title="bbox 1984 5455 3566 5554">
    <p class='ocr_par' dir='ltr' id='par_1_113' title="bbox 1984 5455 3566 5554">
     <span class='ocr_line' id='line_1_113' title="bbox 1984 5455 3566 5554; baseline 0.003 -14"><span class='ocrx_word' id='word_1_860' title='bbox 1984 5497 2264 5554; x_wconf 79' lang='lat' dir='ltr'><strong>permanet</strong></span> <span class='ocrx_word' id='word_1_861' title='bbox 2303 5487 2354 5540; x_wconf 91' lang='lat' dir='ltr'><strong>iu</strong></span> <span class='ocrx_word' id='word_1_862' title='bbox 2387 5489 2562 5550; x_wconf 87' lang='lat' dir='ltr'><strong>nobis,</strong></span> <span class='ocrx_word' id='word_1_863' title='bbox 2600 5498 2655 5541; x_wconf 85' lang='lat' dir='ltr'><strong>et</strong></span> <span class='ocrx_word' id='word_1_864' title='bbox 2708 5490 2993 5542; x_wconf 61' lang='lat' dir='ltr'><strong>nobiscum</strong></span> <span class='ocrx_word' id='word_1_865' title='bbox 3041 5455 3142 5541; x_wconf 54' lang='lat' dir='ltr'><strong>civit</strong></span> <span class='ocrx_word' id='word_1_866' title='bbox 3187 5488 3237 5543; x_wconf 89' lang='lat' dir='ltr'><strong>in</strong></span> <span class='ocrx_word' id='word_1_867' title='bbox 3273 5498 3566 5550; x_wconf 71' lang='lat' dir='ltr'><strong>wternum.</strong></span> 
     </span>
    </p>
   </div>
   <div class='ocr_carea' id='block_1_114' title="bbox 1982 5577 3571 5649">
    <p class='ocr_par' dir='ltr' id='par_1_114' title="bbox 1982 5577 3571 5649">
     <span class='ocr_line' id='line_1_114' title="bbox 1982 5577 3571 5649; baseline 0.001 -18"><span class='ocrx_word' id='word_1_868' title='bbox 1982 5577 2065 5631; x_wconf 89' lang='lat' dir='ltr'><strong>Sit</strong></span> <span class='ocrx_word' id='word_1_869' title='bbox 2099 5580 2374 5631; x_wconf 81' lang='lat' dir='ltr'><strong>vobiscum</strong></span> <span class='ocrx_word' id='word_1_870' title='bbox 2411 5582 2606 5648; x_wconf 67' lang='lat' dir='ltr'><strong>gratia,</strong></span> <span class='ocrx_word' id='word_1_871' title='bbox 2637 5581 3032 5644; x_wconf 80' lang='lat' dir='ltr'><strong>misericordia,</strong></span> <span class='ocrx_word' id='word_1_872' title='bbox 3058 5597 3156 5646; x_wconf 74' lang='lat' dir='ltr'><strong>pax</strong></span> <span class='ocrx_word' id='word_1_873' title='bbox 3187 5598 3214 5636; x_wconf 88' lang='lat' dir='ltr'><strong>a</strong></span> <span class='ocrx_word' id='word_1_874' title='bbox 3245 5582 3352 5637; x_wconf 83' lang='lat' dir='ltr'><strong>Deo</strong></span> <span class='ocrx_word' id='word_1_875' title='bbox 3382 5581 3571 5649; x_wconf 69' lang='lat' dir='ltr'><strong>Patre,</strong></span> 
     </span>
    </p>
   </div>
   <div class='ocr_carea' id='block_1_115' title="bbox 1977 5669 3564 5741">
    <p class='ocr_par' dir='ltr' id='par_1_115' title="bbox 1977 5669 3564 5741">
     <span class='ocr_line' id='line_1_115' title="bbox 1977 5669 3564 5741; baseline 0.006 -19"><span class='ocrx_word' id='word_1_876' title='bbox 1977 5685 2004 5722; x_wconf 85' lang='lat' dir='ltr'><strong>a</strong></span> <span class='ocrx_word' id='word_1_877' title='bbox 2039 5670 2258 5725; x_wconf 78' lang='lat' dir='ltr'><strong>Christo</strong></span> <span class='ocrx_word' id='word_1_878' title='bbox 2286 5671 2411 5725; x_wconf 82' lang='lat' dir='ltr'><strong>Jcstt</strong></span> <span class='ocrx_word' id='word_1_879' title='bbox 2444 5670 2582 5723; x_wconf 66' lang='grc' dir='ltr'><strong>ιεἰιίυ</strong></span> <span class='ocrx_word' id='word_1_880' title='bbox 2608 5669 2815 5741; x_wconf 78' lang='lat' dir='ltr'><strong>l‘att&#39;is,</strong></span> <span class='ocrx_word' id='word_1_881' title='bbox 2851 5676 2900 5726; x_wconf 86' lang='lat' dir='ltr'><strong>in</strong></span> <span class='ocrx_word' id='word_1_882' title='bbox 2935 5675 3163 5730; x_wconf 67' lang='lat' dir='ltr'><strong>veritate</strong></span> <span class='ocrx_word' id='word_1_883' title='bbox 3191 5687 3242 5731; x_wconf 83' lang='lat' dir='ltr'><strong>cl</strong></span> <span class='ocrx_word' id='word_1_884' title='bbox 3273 5677 3564 5733; x_wconf 74' lang='lat' dir='ltr'><strong>Cltaritalc.</strong></span> 
     </span>
    </p>
   </div>
  </div>
