3946 6170
390 350 489 413 891

1303 348 1360 408 S.
1402 345 1834 407 IllEI’tONYIﬁI
1885 345 2151 407 DIYINA
2212 341 2742 403 BIBIJOTIIECA.

3518 337 3629 404 89$:

376 461 614 516 Gavisus
649 476 768 516 sum
802 460 978 526 valde,
1023 460 1281 530 quoniam
1333 461 1511 513 inveni
1564 461 1631 514 de
1676 459 1801 513 ﬁliis
1848 459 1955 512 tuis
1986 464 2026 519 Α
2059 456 2202 511 datis
2239 470 2361 524 quae
2392 454 2607 523 operati
2647 454 2783 507 estis
2816 454 2959 508 :sed
2994 465 3049 507 ut
3081 453 3388 508 mercedem
3422 452 3635 520 plenam

377 553 719 606 ambulantes
753 554 805 605 in
834 553 1081 614 veritate,
1120 552 1261 606 sicut
1298 552 1611 605 mandatum
1640 552 1959 619 accepimus

377 662 404 697 a
440 644 623 698 Patre.
654 644 719 696 Et
751 660 891 697 nunc
947 659 1073 711 rugo
1126 654 1198 709 te,
1246 644 1489 706 domina,
1541 658 1650 696 nou
1697 653 1956 711 tanquam

382 737 697 788 mandatum
722 749 915 786 novum
940 736 1186 788 scribens
1220 736 1343 801 tibi,
1376 736 1467 790 sed
1499 737 1639 805 quo-.l
1666 735 1960 788 habuimus

380 828 444 875 ab
480 826 654 889 initio,
688 836 741 875 ut
773 824 1060 891 diligamus
1084 824 1442 888 alterutrum;
1473 836 1527 878 et
1560 826 1675 878 haec
1724 834 1805 878 est
1828 824 1959 878 cha-

382 917 536 975 ritas,
571 928 628 967 ut
656 916 999 968 ambulemus
1031 918 1331 968 secundum
1365 916 1620 969 mandata
1670 917 1810 983 ejus.
1842 914 1958 969 Iloc

380 1018 457 1057 Bst
488 1007 628 1057 «enim
661 1013 994 1068 ιηιοῐιιιίιιιιιιι,
1022 1015 1077 1058 ut
1107 1010 1560 1073 qticlnadmmluiu
1581 1006 1810 1059 audistis
1845 1003 1957 1076 [AL

382 1096 611 1169 audisti]
661 1098 724 1148 ab
752 1098 931 1160 initio,
970 1098 1020 1149 in
1054 1113 1121 1152 eo
1146 1098 1436 1151 aiuhulelis
1472 1114 1487 1152 :
1516 1097 1772 1166 quoniam
1806 1097 1957 1149 inulti

381 1202 696 1243 ςωιιιυιυῑυε
767 1194 1016 1243 exierunt
1072 1192 1124 1243 iu
1186 1192 1466 1255 mundum,
1503 1193 1591 1259 qui
1646 1206 1751 1245 nou
1789 1189 1958 1243 confi—

384 1294 564 1335 lentur
594 1282 774 1335 losum
809 1282 1082 1337 Christum
1116 1286 1333 1337 venisse
1371 1285 1424 1336 iu
1458 1299 1678 1336 carnem
1714 1300 1727 1336 :
1760 1282 1849 1336 hic
1875 1292 1963 1337 est

382 1378 634 1429 seductor
654 1387 705 1429 et
727 1376 1321 1432 Atiticliristiis.Videte
1342 1377 1721 1442 vosmetipsos,
1747 1389 1810 1427 ne
1842 1388 1966 1444 per-

2059 549 2361 617 accipiatis.
2415 548 2603 600 (tinnis
2636 548 2728 615 qui
2766 548 2993 609 recedit,
3027 558 3082 601 et
3120 562 3228 600 non
3267 553 3547 614 permanet
3585 544 3638 595 iu

2059 641 2313 695 doctrina
2349 638 2580 702 Christi,
2616 636 2784 691 Deum
2824 655 2929 691 non
2984 639 3147 692 habet
3181 657 3194 690 :
3233 637 3327 703 qui
3362 644 3642 701 permanet

2060 731 2113 784 iu
2150 729 2422 791 doctrina,
2455 727 2543 783 hic
2564 738 2619 781 et
2652 728 2867 782 Patrem
2905 738 2959 781 et
2993 726 3187 780 Filium
3216 727 3401 779 habet.
3434 724 3488 777 Si
3518 724 3641 790 quis

2061 821 2211 874 venit
2241 821 2305 872 ad
2342 835 2465 883 vos,
2506 829 2560 873 et
2597 820 2738 872 hanc
2771 818 3085 873 doctrinam
3121 834 3226 871 non
3256 817 3439 878 aﬂ'ert,
3474 814 3640 868 nolite

2062 912 2305 979 recipere
2340 926 2463 963 eum
2503 910 2558 962 in
2600 912 2843 975 domum,
2881 925 2978 964 nec
3003 911 3115 963 Ave
3144 911 3194 964 ei
3234 908 3504 963 ύίκιιτὶιὶδ.
3540 904 3638 969 Qui

2066 1006 2208 1059 enim
2246 1005 2382 1057 dicit
2415 1004 2491 1057 illi
2525 1004 2661 1069 Ave,
2695 1003 3066 1056 communicat
3097 1002 3352 1070 operibus
3374 1001 3494 1068 eius
3526 1015 3635 1050 nta-

2066 1096 2247 1164 lignis.
2272 1094 2433 1147 Plura
2465 1094 2673 1149 habens
2700 1094 2856 1149 vobis
2886 1096 3151 1158 scribere,
3182 1093 3327 1147 uului
3358 1107 3452 1160 per
3481 1091 3632 1143 char-

2069 1199 2179 1242 tam
2220 1199 2270 1241 et
2307 1199 2679 1241 atramentum
2707 1203 2723 1241 :
2751 1203 2911 1257 spero
2945 1187 3087 1240 enim
3113 1202 3199 1240 nte
3227 1186 3463 1238 futurum
3496 1182 3635 1248 apud

2068 1284 2266 1345 vos,'et
2298 1296 2361 1333 os
2386 1281 2452 1333 ad
2474 1296 2535 1334 os
2555 1279 2701 1347 loqui
2729 1296 2747 1336 ι
2776 1293 2833 1333 ut
2867 1280 3122 1348 gaudium
3150 1290 3389 1331 vestrum
3420 1278 3633 1344 plenum

2069 1374 2162 1429 sit.
2192 1373 2445 1428 Salutant
2481 1382 2531 1426 te
2564 1373 2883 1428 ﬁliisororis
2917 1384 3021 1427 tua!
3047 1372 3263 1427 Electae.

1433 1491 1664 1561 Expliril
1693 1490 1933 1558 Epistoiu
1967 1489 2027 1546 Β.
2056 1490 2282 1543 Joannis
2310 1489 2541 1557 apostoli
2563 1488 2636 1543 11.

384 1648 851 1659 ...σα--ήηιλνρ
882 1651 1025 1661 ...ιι-η.

996 1813 1157 1922 Β.
1252 1809 2046 1924 ,ποΔΝΜε
2125 1806 3023 1920 Διιοετοιιι

1880 2022 2176 2084 INCIPIT

1246 2203 2027 2331 EPISTOLA
2152 2203 2795 2329 TERTIA.

465 2580 662 2650 Si-uior
688 2599 827 2652 Gaio
857 2596 1208 2661 charissima,
1260 2610 1423 2666 quem
1456 2614 1557 2667 ego
1597 2598 1767 2665 diligo
1793 2598 1847 2651 in
1869 2613 1966 2653 ve-
2002 2610 2042 2666 3
2074 2614 2181 2653 non
2216 2598 2407 2663 recipit
2428 2613 2547 2652 nos.
2578 2596 2810 2668 Propter
2841 2598 2942 2651 hoc
2972 2597 3016 2651 si
3052 2612 3271 2662 venero,
3296 2596 3651 2650 commonebo

391 2688 571 2743 ritate.
595 2687 703 2741 Cha
715 2687 946 2753 rissimc,
977 2689 1040 2741 de
1065 2686 1320 2742 omnibus
1350 2689 1652 2741 orationem
1675 2688 1815 2742 facio
1839 2703 1963 2756 pro-

395 2797 551 2849 spere
585 2792 634 2832 te
671 2780 904 2848 ingredi,
937 2790 992 2833 et
1039 2778 1219 2833 valere
1255 2780 1396 2833 sicut
1428 2794 1687 2848 prospere
1719 2782 1825 2848 agit
1852 2780 1971 2832 ani-

394 2888 479 2925 ma
508 2883 613 2925 tua.
642 2871 876 2925 Civisus
905 2887 1026 2925 sum
1063 2870 1215 2925 valde
1238 2871 1580 2925 venientibus
1606 2869 1889 2933 fratribus,
1916 2881 1971 2924 et

391 2964 762 3016 testimonium
804 2963 1214 3033 perhibentibus
1240 2962 1457 3016 veritati
1487 2973 1615 3027 tuae,
1641 2962 1782 3015 sicut
1836 2973 1889 3015 tu
1917 2962 1971 3015 in

395 3056 630 3109 veritate
666 3056 931 3107 ambulas.
976 3052 1237 3123 Majorem
1276 3056 1469 3108 horum
1502 3070 1607 3107 nou
1641 3053 1816 3107 habeo
1846 3068 1973 3123 gra-

402 3146 558 3203 tiam,
589 3160 751 3212 quam
786 3156 843 3196 ut
876 3145 1090 3197 audiant
1127 3145 1269 3199 ﬁlios
1304 3160 1455 3199 meos
1496 3145 1548 3198 in
1585 3146 1815 3199 veritate
1860 3160 1975 3198 am—

406 3236 614 3288 bulare.
642 3231 1002 3299 Charissime,
1033 3233 1264 3287 ﬁdeliter
1284 3234 1421 3289 facis
1448 3236 1710 3305 quidquid
1729 3233 1977 3304 operaris

400 3330 453 3380 iu
501 3327 718 3387 b-atres,
753 3336 804 3378 et
836 3326 939 3379 hoc
995 3327 1049 3378 in
1078 3327 1424 3396 peregrinos,
1459 3328 1551 3396 qui
1607 3328 1976 3381 testimonium

400 3420 755 3473 reddiderunt
784 3417 1037 3471 charitati
1072 3428 1173 3471 tua:
1221 3420 1275 3471 in
1325 3430 1624 3488 conspectu
1666 3418 1925 3473 Ecclesia:
1960 3434 1976 3473 ;

400 3527 557 3580 quos.
602 3511 972 3572 benefaciens,
1007 3508 1244 3566 deduces
1274 3510 1431 3582 digne
1465 3510 1595 3565 Deo.
1626 3511 1733 3565 Pro
1762 3512 1981 3567 nomine

400 3603 545 3660 enim
573 3600 691 3669 ejus
721 3598 945 3665 profecti
966 3609 1115 3665 sunt,
1136 3599 1280 3654 nihil
1302 3600 1637 3668 accipientes
1663 3617 1689 3654 a
1709 3603 1976 3670 gentibus.

400 3691 513 3747 Nos
532 3706 663 3760 ergo
686 3691 949 3745 debemus
973 3693 1256 3759 suscipere
1284 3691 1623 3762 huiusmodi,
1646 3702 1703 3745 ut
1724 3708 1986 3762 coopera-

405 3793 550 3836 tores
567 3787 739 3837 simus
764 3782 1030 3837 veritatis.
1054 3780 1401 3852 Scripsisseui
1420 3783 1657 3838 forsitan
1690 3784 1982 3839 Ecclesiae:

404 3877 497 3933 sed
529 3877 594 3939 is,
614 3879 705 3945 qui
730 3885 877 3929 autat
898 3876 1185 3945 primatum
1216 3891 1405 3946 gerere
1433 3876 1487 3931 iu
1509 3875 1611 3941 eis,
1636 3876 1979 3947 Diotrephes,

2073 2690 2195 2760 eius
2212 2704 2525 2758 Opera,qua:
2542 2689 2674 2744 facit
2690 2690 2873 2743 verbis
2886 2688 3140 2757 malignis
3160 2690 3409 2758 garriens
3428 2686 3482 2739 in
3506 2700 3607 2738 nos
3633 2699 3651 2740 :

2073 2791 2126 2835 et
2158 2780 2315 2850 quasi
2350 2796 2454 2833 non
2483 2783 2533 2834 ei
2588 2781 2691 2834 ista
2730 2780 3036 2843 sufﬁciant;
3070 2796 3241 2848 neque
3293 2779 3409 2846 ipse
3432 2776 3653 2844 suscipit

2074 2874 2297 2935 fratres,
2323 2883 2380 2927 et
2397 2874 2625 2941 eos,qui
2649 2874 2969 2943 suscipiunt,
3006 2873 3339 2941 proltibet,et
3370 2872 3438 2925 de
3468 2871 3652 2924 Eccle-

2076 2964 2155 3019 sia
2190 2966 2356 3035 ejicit.
2383 2965 2739 3030 Cliarissiine,
2773 2968 2882 3019 noli
2907 2965 3107 3018 imitari
3144 2964 3481 3028 malum,sed
3505 2962 3649 3030 quod

2076 3057 2279 3110 bonum
2328 3066 2433 3112 est.
2472 3057 2575 3122 Qui
2623 3056 2917 3121 benefaeit,
2950 3073 3017 3110 ex
3051 3058 3160 3110 Deo
3194 3066 3274 3109 est
3307 3072 3323 3108 :
3361 3058 3453 3123 qui
3487 3054 3654 3107 male-

2078 3148 2230 3213 facit,
2264 3165 2370 3202 non
2420 3150 2557 3204 vidit
2587 3149 2778 3203 Deum.
2810 3150 3088 3205 Demetrio
3122 3152 3491 3204 testimonium
3538 3150 3659 3203 red-

2080 3241 2228 3294 ditur
2261 3244 2328 3294 ab
2359 3242 2643 3307 omnibus,
2678 3250 2733 3294 et
2788 3244 2857 3294 ab
2891 3242 3002 3309 ipsa
3039 3242 3309 3305 veritate,’
3326 3244 3420 3295 sed
3453 3250 3507 3293 et
3537 3255 3637 3293 uos

2084 3334 2452 3387 testimonium
2480 3334 2834 3403 perhibemus
2856 3349 2871 3385 :
2892 3342 2947 3386 et
2972 3334 3113 3386 nosti
3134 3333 3388 3400 quoniam
3416 3333 3660 3385 testimo-

2083 3425 2231 3478 nium
2254 3434 2502 3477 nostrum
2525 3412 2715 3479 verum
2732 3436 2837 3478 est.
2863 3424 3027 3479 Multa
3055 3426 3217 3478 habui
3248 3425 3342 3478 lilii
3377 3425 3657 3479 scribere:

2085 3517 2180 3570 sed
2210 3515 2355 3570 uolui
2377 3530 2475 3583 per
2504 3523 2870 3569 atramentum
2894 3526 2947 3570 et
2971 3517 3236 3570 calamum
3258 3517 3501 3569 scribere
3529 3514 3658 3567 tibi.

2086 3608 2258 3676 Spero
2292 3621 2474 3663 autem
2509 3610 2764 3677 protinus
2789 3622 2841 3663 te
2863 3608 3069 3671 videre,
3103 3618 3154 3662 et
3190 3623 3253 3661 os
3282 3611 3348 3660 ad
3378 3621 3441 3660 os
3472 3607 3661 3671 loque-

2085 3715 2232 3752 mur.
2280 3700 2389 3753 I‘ax
2437 3701 2560 3754 tibi.
2615 3700 2867 3754 Salutant
2904 3714 2954 3751 te
2994 3699 3175 3752 amici.
3217 3698 3402 3752 Saluta
3460 3697 3664 3748 amicos

2088 3792 2409 3846 nominatim
2422 3832 2437 3846 .

1364 3992 1590 4062 Explicil
1628 3992 1871 4063 Epistola
1902 3992 1965 4047 Β.
1990 3993 2216 4047 Joannis
2244 3995 2472 4061 apostoh‘
2504 3993 2616 4048 111.

1158 4346 1330 4453 Β.
1407 4342 1925 4456 JUDE
2004 4339 2903 4456 APOSTOLI

1896 4555 2189 4616 INCIPIT

775 4737 1863 4943 EPISTULA
2000 4734 3309 4922 CATHOLICA.

486 5214 657 5269 Judas
683 5212 807 5268 Jesu
838 5211 1039 5265 Christi
1082 5226 1290 5277 servus,
1323 5212 1493 5265 frater.
1537 5218 1718 5265 autem
1768 5207 1985 5274 Jacobi,
2017 5213 2062 5274 ς
2096 5208 2364 5265 troieruut
2389 5211 2534 5266 enim
2557 5212 2778 5282 quidam
2809 5196 3061 5267 homines
3092 5214 3211 5285 (qui
3235 5215 3365 5269 olim
3397 5214 3673 5285 praeeripti

416 5310 504 5365 his
536 5306 627 5376 qui
654 5316 781 5361 sunt
816 5304 870 5357 in
910 5302 1019 5357 Deo
1052 5303 1207 5356 Patre
1239 5303 1472 5367 dilectis,
1520 5314 1572 5357 et
1607 5302 1826 5357 Christo
1860 5300 1989 5354 Jesu

418 5400 782 5463 eonversatis,
815 5407 867 5451 et
896 5396 1122 5451 vocatis.
1156 5395 1529 5450 Misericordia
1564 5395 1738 5457 vobis,
1770 5404 1827 5449 et
1861 5409 1992 5463 pax,

421 5505 470 5548 cl
493 5495 729 5547 charitas
756 5490 1135 5559 adimpleatur.
1164 5488 1508 5554 Charissimi,
1530 5504 1746 5542 onmem
1781 5487 1989 5542 sollici-

424 5587 668 5639 tudinem
699 5583 905 5637 faciens
940 5581 1209 5635 scribendi
1241 5582 1394 5634 vobis
1421 5581 1483 5633 de
1512 5578 1791 5633 communi
1818 5591 1997 5631 vestra

421 5682 615 5739 saluto,
669 5690 888 5730 necesse
933 5674 1095 5728 habui
1146 5675 1385 5728 scribere
1430 5674 1582 5728 vobis
1620 5690 1635 5727 '.
1691 5675 1998 5743 depreCnns

429 5784 622 5842 sapt-ie
662 5769 792 5821 rtari
859 5766 1025 5821 semel
1077 5766 1287 5821 tradita
1345 5769 1550 5821 saut‘tis
1604 5766 1746 5822 ﬁdei.
1799 5763 1999 5825 Subiu-

2102 5313 2229 5357 sunt
2282 5304 2338 5357 in
2385 5304 2485 5357 hoc
2518 5304 2812 5372 judicium)
2851 5305 3023 5374 impii,
3078 5306 3173 5359 Dei
3218 5307 3393 5360 nostri
3444 5308 3673 5374 gratiam

2101 5394 2493 5449 transferentes
2516 5397 2883 5460 in-luxuriam,
2908 5407 2961 5452 et
2989 5398 3161 5452 solum
3189 5398 3600 5452 Dumiuatorem
3628 5404 3679 5449 et

2104 5488 2391 5542 Dominum
2423 5499 2666 5543 nostrum
2692 5488 2874 5543 Jcsnm
2898 5489 3175 5545 Christum
3205 5501 3486 5559 negantes.
3519 5488 3679 5542 Com-

2105 5596 2327 5635 monere
2386 5588 2565 5634 autem
2624 5595 2721 5634 vos
2759 5580 2901 5647 volo,
2959 5582 3196 5636 scientes
3245 5582 3412 5634 semel
3471 5579 3681 5638 omnia.

2106 5673 2363 5742 quoniam
2397 5670 2560 5727 Jesus
2607 5672 2861 5741 populum
2891 5673 2956 5727 de
2991 5683 3131 5726 terra
3181 5671 3404 5742 Δίκῃ)ιί
3434 5672 3683 5731 salvans,

2106 5765 2345 5823 secundo
2380 5780 2495 5829 eos,
2523 5765 2615 5841 qui
2653 5780 2757 5820 nou
2792 5765 3161 5831 crediderunt,
3197 5766 3429 5835 perdidit
3462 5779 3476 5819 :
3514 5778 3687 5831 ange-
