3946 6170
270 246 374 306 89'}

1398 249 1464 310 B.
1511 248 1837 309 JlMNNlS
1881 250 2412 313 APOCALYPSIS.

3437 251 3546 313 891

268 364 343 419 tos
372 378 522 423 vero.
557 362 646 429 qui
683 376 787 415 non
828 370 1187 416 servaverunt
1247 378 1402 416 smnn
1462 364 1844 433 principatum,
1884 372 1918 424 Α
1957 366 2117 433 impie
2140 375 2387 433 egerunt,
2419 371 2470 418 et
2502 363 2567 419 de
2600 362 2850 418 omnibus
2907 360 3054 416 duris
3081 377 3198 430 qua:
3223 361 3383 417 locuti
3418 373 3546 418 sunt

270 458 361 510 sed
430 456 839 525 deri-liquerunt
906 470 1064 507 suum
1102 456 1460 520 domicilium,
1494 456 1548 509 in
1582 456 1847 525 judicium

274 550 450 617 magni
479 548 607 610 diei,
634 547 865 600 vinculis
893 547 1113 600 retentis
1132 549 1234 601 sub
1260 547 1497 613 ealigiue
1523 548 1848 601 reservavit.

275 642 420 693 Sicut
456 639 716 703 Sodoma,
746 639 1150 701 etGomorrha,
1181 650 1231 691 et
1285 638 1527 690 ﬁnitione
1598 638 1852 690 civitates

272 732 432 786 simili
488 731 650 783 modo
704 731 1084 793 exfornicatte,
1148 740 1199 782 et
1267 728 1538 780 abeuntes
1573 737 1693 796 post
1734 743 1856 778 rar-

272 842 393 879 nem
428 827 680 888 alteram,
734 825 889 877 factze
919 833 1041 874 sunt
1094 821 1423 889 exemplum,
1460 820 1603 887 ignis
1662 819 1852 874 arietari

276 933 489 987 {ruinam
515 917 877 971 sustinentes.
916 914 1187 972 Similiter
1208 922 1261 967 et
1293 914 1347 966 hi
1376 927 1597 964 carnem
1631 914 1854 979 quidem

278 1011 576 1071 urarulant,
635 1010 1060 1062 dominationem
1115 1018 1295 1058 autem
1348 1013 1632 1073 spernunt.
1689 1005 1859 1073 maje-

277 1113 469 1157 statetn
502 1110 680 1153 autem
713 1100 1115 1165 hlasphemant.
1179 1097 1316 1152 Cum
1362 1096 1589 1148 Michael
1627 1098 1864 1147 arehauo

278 1194 430 1262 gelus
466 1208 595 1246 cum
620 1192 842 1246 diabolo
863 1190 1149 1257 (llrpttlatls
1187 1191 1547 1242 alienaretur
1584 1187 1652 1240 de
1688 1188 1860 1257 Moysi

280 1299 531 1353 corpore,
550 1300 659 1336 non
674 1293 752 1336 cst
778 1297 941 1335 ausus
956 1282 1221 1350 judicium
1246 1280 1449 1332 inferre
1471 1280 1821 1347 blaSplteiiii.e
1846 1295 1859 1331 :

281 1380 371 1430 sed
404 1377 539 1429 dixit
572 1393 587 1432 :
620 1375 850 1443 Imperet
901 1374 995 1425 tibi
1040 1374 1323 1425 Dominus.
1363 1371 1427 1424 Ili
1460 1380 1665 1435 autem,
1711 1386 1862 1439 qua»

290 1485 506 1539 cunque
525 1469 747 1537 quidem
771 1468 1049 1537 ignorant.
1074 1466 1452 1534 blaspln-mant
1474 1504 1489 1529 ,
1526 1479 1867 1533 quaecunque

290 1573 466 1618 autem
499 1562 845 1624 naturaliter,
888 1571 1146 1627 tanquam
1168 1568 1309 1610 muta
1333 1560 1610 1621 animalia,
1642 1568 1865 1621 norunt,

288 1657 335 1710 in
375 1656 459 1708 his
510 1662 963 1721 corrtnnpuntur.
1017 1651 1103 1703 Va:
1145 1650 1277 1715 illis,
1318 1652 1440 1718 qui.»
1500 1652 1553 1702 in
1600 1650 1682 1703 via
1730 1650 1868 1703 Cain

288 1752 561 1814 abierunt,
598 1759 651 1800 et
684 1762 875 1801 errore
906 1747 1122 1799 Balaam
1159 1747 1413 1798 mercede
1442 1744 1596 1797 cllusi
1633 1753 1783 1807 sunt,
1814 1753 1867 1797 et
1902 1728 1941 1783 Β
1972 1748 2187 1815 arguite
2236 1746 2507 1816 judicatus

291 1846 345 1895 in
373 1841 811 1896 contradictione
841 1839 979 1893 Core
999 1840 1305 1907 perierunt.
1339 1836 1401 1889 lli
1439 1844 1568 1890 sunt
1598 1837 1651 1889 in
1690 1832 1871 1905 epulis'

291 1934 405 1987 suis
451 1933 705 1991 tnaculzc,
741 1931 1102 1983 convivantcs
1132 1928 1251 1981 sine
1283 1928 1502 1989 timore,
1544 1929 1870 1994 setnmipsos

293 2036 603 2095 pascentes,
635 2025 810 2078 nubes
843 2023 964 2076 sine
990 2038 1153 2091 aqua,
1192 2038 1311 2090 qua:
1358 2038 1384 2073 a
1428 2020 1605 2073 ventis
1634 2021 1731 2072 νίν(
1753 2037 1871 2071 tmt-

296 2121 564 2179 Irruntur,
627 2115 856 2167 arbores
926 2111 1292 2171 autumnales,
1350 2108 1731 2173 infructuosae,
1790 2106 1874 2159 bis

299 2222 539 2267 mimum,
570 2207 884 2269 evadit-aue,
916 2204 1114 2257 ﬂuetus
1135 2203 1234 2257 feri
1266 2203 1456 2267 maris,
1486 2202 1877 2269 despumautes

296 2317 420 2353 snas
448 2298 819 2359 eonl’nsioncs,
850 2297 1029 2349 sidera
1072 2296 1313 2348 errantia
1347 2308 1366 2347 τ
1399 2295 1601 2363 quibus
1636 2292 1872 2361 procella

299 2395 647 2446 tenebrarum
696 2398 913 2443 servata
959 2398 1045 2443 est
1078 2389 1133 2441 in
1180 2400 1467 2441 aeternum.
1521 2385 1875 2454 Prophetavit

301 2496 479 2538 autem
510 2485 648 2537 etde
692 2484 775 2537 his
800 2482 1061 2550 septimus
1092 2480 1160 2534 ab
1201 2479 1370 2533 Adam
1403 2477 1613 2541 Enocb,
1646 2477 1874 2530 dicens:

306 2580 444 2647 Iit-ce
476 2578 619 2630 venit
655 2575 919 2630 Dominus
952 2578 1006 2628 in
1051 2575 1259 2627 sanctis
1287 2573 1525 2625 millibus
1548 2571 1662 2625 suis
1690 2570 1878 2624 facere

300 2673 561 2739 judicium
594 2682 783 2725 contra
831 2685 1046 2733 omnes,
1083 2679 1137 2723 et
1176 2683 1410 2737 arguere
1444 2682 1638 2719 omnes
1676 2666 1877 2733 impios

306 2767 375 2819 de
427 2765 681 2818 omnibus
728 2764 992 2832 operibus
1072 2763 1371 2830 itinetats
1428 2773 1617 2813 eorum
1680 2758 1882 2825 quibus

1958 469 2149 509 eontra
2184 456 2348 511 Deum
2377 467 2693 524 peccatores
2722 456 2893 523 impii.
2923 453 2985 507 Ili
3019 462 3144 508 sunt
3175 465 3543 510 murmurato-

1960 566 2071 611 rcs,
2104 549 2410 617 querulosi,
2441 548 2743 601 secundum
2776 546 3047 601 desideria
3067 561 3160 597 sua
3182 545 3548 612 ambulantes,

1960 650 2012 693 et
2044 656 2103 691 os
2150 654 2339 692 corum
2398 640 2637 709 loquitur
2693 643 2951 705 superba,
2990 637 3253 690 mirantes
3284 652 3548 705 personas

1962 746 2205 804 qumstus
2232 750 2420 788 causa.
2482 735 2585 786 Vas
2640 744 2843 794 autent,
2883 733 3217 795 charissitni,
3278 748 3551 786 memores

1964 836 2141 880 estote
2193 826 2504 885 verborum,
2536 840 2653 893 (για)
2709 826 2961 892 pra-dicta
3007 834 3133 877 sunt
3169 826 3235 878 ab
3285 826 3554 893 apostolis

1968 918 2177 971 Domini
2242 917 2411 970 nostri
2461 914 2587 969 Jz-su
2629 914 2860 980 Christi,
2910 914 3002 984 qui
3054 915 3309 968 dicebant
3370 916 3551 981 vobis,

1968 1026 2110 1077 quon
2140 1025 2224 1061 om
2282 1009 2331 1059 in
2385 1008 2681 1061 novissimo
2724 1017 2964 1075 tempore
3000 1007 3222 1060 venient
3274 1007 3550 1072 illusores,

1968 1102 2270 1153 seeiindum
2296 1100 2563 1153 desideria
2588 1114 2682 1152 sua
2714 1100 3053 1151 ambulantes
3074 1098 3125 1151 in
3149 1097 3550 1159 impietatibus.

1973 1191 2035 1244 Ili
2071 1202 2214 1251 sunt,
2251 1193 2339 1259 qui
2377 1209 2415 1245 ss
2440 1203 2661 1260 gregarii
2700 1195 3045 1260 semetipsos,
3076 1190 3366 1255 animales,
3394 1192 3555 1260 spirio

1974 1294 2083 1334 tum
2120 1298 2225 1335 non
2255 1284 2537 1335 habentes.
2577 1279 2680 1334 Vos
2715 1292 2920 1343 autem,
2958 1280 3289 1340 charissimi,
3321 1296 3557 1347 superm-

1974 1375 2259 1429 dilieautes
2293 1381 2652 1443 vosmetipsos
2684 1374 3044 1429 Sanctissimae
3072 1384 3265 1425 vestrae
3301 1373 3446 1435 lintei,
3504 1374 3555 1426 in

1975 1466 2178 1537 Spiritu
2209 1478 2399 1522 sancto
2424 1478 2673 1529 orantes,
2695 1467 3053 1535 vosmetipsos
3074 1468 3123 1517 in
3152 1465 3443 1517 dilectione
3464 1464 3555 1517 Dei

1976 1569 2282 1622 servantes,
2324 1569 2707 1628 exspectantes
2741 1557 3177 1611 misericordiam
3220 1556 3430 1609 Domini
3461 1571 3561 1609 no-

1976 1656 2075 1709 stri
2113 1653 2241 1708 Iesu
2270 1652 2475 1707 Christi
2508 1655 2557 1705 in
2594 1652 2755 1704 vitam
2785 1659 3074 1705 aeternam.
3113 1648 3177 1702 Et
3210 1651 3311 1703 hos
3334 1649 3553 1717 quidem

2558 1762 2572 1799 :
2632 1745 2754 1798 illos
2821 1760 2949 1799 vero
3014 1744 3243 1807 salvate,
3307 1744 3374 1796 de
3438 1744 3559 1810 igne

1977 1841 2274 1908 rapientes.
2345 1840 2483 1893 Aliis
2548 1850 2725 1892 autent
2786 1838 3123 1892 miseremini
3180 1838 3233 1890 in
3312 1838 3551 1890 timore:

1978 1935 2226 1987 odientes
2271 1942 2324 1986 et
2381 1947 2522 1997 casn,
2589 1948 2711 2002 qua:
2774 1932 3011 1986 carnalis
3062 1939 3169 1997 est,
3231 1929 3561 1982 maculatam

1983 2026 2244 2077 tunicam.
2300 2023 2359 2076 Ei
2390 2034 2595 2087 autem,
2633 2023 2725 2093 qui
2759 2033 2951 2091 potens
2980 2034 3062 2077 cst
3094 2036 3193 2075 vos
3223 2036 3571 2075 conservare.

1978 2118 2099 2173 sine
2168 2130 2415 2187 peccato,
2486 2127 2542 2171 et
2612 2117 2947 2171 constituere
3006 2125 3132 2168 ante
3200 2124 3556 2181 conspectum

1983 2208 2173 2274 gloria-
2202 2225 2312 2263 suae
2346 2208 2725 2263 immaculalos
2755 2209 2807 2260 iu
2842 2207 3212 2261 exsultatiOne
3240 2206 3294 2257 iu
3326 2206 3564 2256 adventu

1982 2301 2201 2356 Domini
2231 2303 2401 2355 nostri
2434 2300 2567 2355 Jcsu
2594 2301 2823 2355 Christi.
2874 2300 2983 2353 Soli
3021 2299 3129 2353 Deo
3169 2297 3437 2352 Salvatori
3474 2313 3571 2348 no-

1982 2402 2120 2459 stro,
2146 2408 2239 2460 per
2259 2393 2443 2448 Iesum
2474 2391 2751 2446 Christum
2776 2391 3065 2451 Dominum
3098 2399 3372 2452 nostrum,
3397 2388 3567 2457 gloria

1989 2498 2041 2539 et
2074 2486 2503 2548 magniﬁcentia,
2538 2487 2829 2553 imperium
2865 2495 2918 2539 et
2970 2494 3218 2553 potestas
3252 2492 3379 2535 ante
3410 2495 3571 2533 omne

1986 2578 2276 2645 Sil‘CtlIdIn,
2309 2588 2362 2633 et
2398 2594 2561 2642 tunc,
2593 2589 2646 2633 et
2679 2577 2732 2631 in
2767 2578 2949 2630 omnia
2977 2576 3173 2630 sarcula
3212 2577 3567 2629 δλυευιυτιιιυ.

1984 2667 2176 2723 Amen.

1231 2879 1463 2947 laxplirit
1497 2876 1741 2945 Epistula
1758 2874 2051 2931 Catholica
2101 2877 2164 2930 Β.
2203 2876 2363 2931 ludar
2405 2881 2653 2944 apostoli.

1664 3029 3550 3053 Μ

907 3206 1076 3315 Β.
1158 3200 1902 3313 JOANNII

2046 3195 2946 3311 APOSTOLI

1802 3421 2098 3483 INCIPIT

1166 3554 2747 3735 APOCALYPSIS.

388 3974 543 4047 [Cap
576 3975 640 4046 [Ι
676 3976 1030 4045 Apocalypsis
1059 3973 1193 4029 Jcsu
1223 3970 1429 4024 Christi
1468 3971 1504 4033 ¹,
1558 3984 1721 4039 quam
1750 3967 1895 4022 dedit
1927 3983 1966 4035 (ι
2002 3973 2054 4021 et
2091 3963 2294 4019 videbit
2326 3977 2452 4015 eum
2498 3959 2681 4015 omnis
2708 3960 2921 4025 oculus,
2962 3970 3015 4015 et
3046 3960 3135 4031 qui
3174 3973 3295 4013 eum
3343 3971 3585 4029 pupuge-

312 4071 389 4122 IIII
430 4073 569 4123 Deus
603 4074 775 4140 palam
806 4071 985 4125 facere
1012 4069 1185 4123 servis
1214 4068 1351 4129 suis,
1386 4081 1507 4134 quze
1536 4072 1750 4131 oportet
1779 4061 1895 4114 lieri

313 4164 428 4215 cito
471 4173 570 4215 :ct
618 4161 971 4228 significavit,
1018 4162 1238 4214 mittens
1296 4175 1391 4227 per
1438 4159 1694 4225 angelum
1741 4172 1897 4209 suum

310 4270 483 4307 servo
508 4269 601 4307 sua
627 4249 847 4306 Joanni.
883 4250 985 4316 Qui
1024 4250 1399 4304 testiinonium
1436 4246 1709 4315 perhibuit
1740 4244 1903 4299 verbo

309 4348 437 4410 Dei,
467 4358 520 4401 et
544 4347 915 4402 testiinonium
942 4349 1073 4399 Jesu
1098 4342 1328 4403 Christi.
1378 4356 1717 4410 qu'ecunque
1744 4339 1901 4392 vidit.

311 4440 548 4499 Ileitus,
580 4441 669 4508 qui
707 4440 841 4509 legit
872 4447 925 4493 et
976 4438 1102 4509 lms.
1145 4434 1337 4505 etqtti]
1383 4434 1532 4487 audit
1579 4432 1742 4485 verba
1778 4447 1906 4500 pro-

310 4533 520 4604 ιιιιριίίιξ
549 4531 673 4605 [ηις.
709 4531 857 4603 libri]
895 4531 1057 4598 hujus
1086 4545 1099 4580 :
1133 4539 1184 4582 et
1219 4536 1404 4581 servat
1434 4539 1496 4579 ea
1566 4540 1687 4592 quae
1739 4523 1791 4575 in
1840 4538 1902 4576 ea

309 4628 527 4692 scripta
578 4636 701 4679 sunt
755 4632 1018 4691 :tempus
1069 4622 1215 4676 enim
1272 4633 1438 4688 prope
1494 4627 1598 4672 est.
1662 4614 1908 4669 Joannes

310 4730 530 4788 septem
562 4718 823 4773 Ecclesiis
903 4730 1025 4786 qua:
1061 4723 1187 4768 sunt
1225 4714 1276 4767 in
1315 4712 1466 4767 Asia.
1522 4710 1705 4765 Gratia
1757 4708 1908 4763 vobis

308 4825 368 4866 et
402 4828 514 4882 pax
544 4811 608 4865 ab
638 4826 703 4864 eo
780 4810 868 4878 qui
902 4816 1007 4871 est,
1043 4817 1094 4859 et
1141 4805 1233 4874 qui
1264 4812 1406 4867 erat,
1434 4812 1489 4856 et
1514 4804 1603 4869 qui
1651 4810 1911 4853 venturus

308 4914 440 4967 est;
479 4914 580 4956 eta
612 4912 813 4971 septem
866 4900 1150 4967 spiritibus
1194 4897 1284 4966 qui
1322 4896 1376 4950 in
1402 4904 1695 4973 conspectu
1730 4892 1909 4945 throni

309 4998 441 5064 ejus
466 5005 632 5060 suat;
668 5002 722 5047 et
749 5009 777 5045 a
828 4988 960 5045 Jesu
987 4988 1228 5054 Christo,
1257 4987 1349 5056 qui
1400 4996 1485 5039 est
1519 4986 1674 5039 testis
1708 4983 1908 5045 ﬁdelis,

312 5087 719 5155 primogenitus
752 5093 1115 5145 mortuorum,
1145 5088 1198 5133 et
1216 5081 1472 5149 princeps
1496 5092 1683 5144 regum
1712 5086 1908 5137 terrae;

313 5179 415 5246 qui
453 5176 644 5230 dilexit
699 5192 816 5242 nos,
856 5186 907 5229 et
947 5175 1077 5228 lavit
1132 5188 1230 5227 nos
1267 5187 1293 5224 a
1331 5172 1570 5241 peccatis
1604 5166 1804 5221 nostris
1858 5166 1911 5219 in

315 5272 597 5337 sanguine
630 5285 752 5333 suo,
804 5277 857 5323 et
907 5267 1036 5321 fecit
1074 5281 1171 5319 nos
1206 5278 1430 5332 regnum
1484 5270 1537 5315 et
1594 5259 1912 5313 sacerdotes

317 5359 441 5413 Dco
497 5366 549 5411 tt
581 5358 723 5411 Patri
766 5373 863 5411 suo
910 5374 923 5411 :

318 5452 455 5505 cuia
495 5452 833 5505 saeculorum.
892 5452 1091 5503 Atreu.
1148 5447 1285 5499 Ecce.
1317 5445 1462 5497 venit
1497 5457 1621 5495 cum
1658 5439 1914 5503 nubibus,

408 5610 426 5641 ⁸
460 5606 667 5662 Nomen
705 5608 832 5663 Jcsu
866 5608 1085 5673 Christi,
1114 5615 1319 5668 noster,
1358 5616 1520 5673 quem
1571 5597 1716 5653 domi
1750 5597 1916 5653 habe-

320 5695 489 5746 mus,
526 5696 616 5734 tas.
647 5691 811 5736 tacet.

2008 4066 2159 4110 runt.
2195 4057 2256 4110 Et
2284 4057 2541 4125 plangunt
2568 4070 2625 4108 se
2653 4069 2819 4123 super
2838 4069 2960 4107 eum
2982 4068 3169 4107 omnes
3196 4052 3369 4106 tribus
3390 4062 3586 4104 terrae:

2008 4148 2180 4203 Etiam
2224 4166 2241 4201 :
2291 4149 2487 4203 Amen.
2560 4146 2671 4217 Ego
2702 4162 2821 4200 sum
2876 4147 2919 4198 Α
2957 4154 3009 4199 et
3036 4146 3102 4209 Ω,
3158 4143 3483 4213 principium
3532 4148 3593 4193 et

2006 4241 2150 4307 linis,
2183 4242 2316 4295 dicit
2372 4241 2631 4294 Dominus
2669 4239 2831 4302 Deus,
2865 4238 2956 4305 qui
2992 4246 3097 4300 est,
3143 4246 3196 4289 et
3229 4236 3491 4305 quierat,
3529 4240 3586 4284 et

2008 4334 2099 4402 qui
2137 4342 2398 4385 venturus
2433 4343 2537 4397 est,
2564 4331 2927 4399 omnipotens.
2992 4328 3099 4397 Ego
3126 4328 3371 4382 Jommes
3419 4326 3592 4379 frater

2017 4435 2223 4488 vester,
2260 4433 2313 4477 et
2358 4424 2627 4490 particeps
2657 4422 2708 4474 in
2766 4421 3138 4487 tribulatione,
3186 4431 3237 4473 et
3290 4435 3481 4489 regno,
3540 4426 3596 4470 et

2011 4515 2271 4585 patientia
2303 4514 2355 4567 in
2410 4514 2632 4567 Christo
2662 4513 2813 4579 .Iesu,
2846 4513 2921 4567 fui
2954 4514 3008 4566 in
3049 4513 3228 4567 insula
3260 4515 3281 4543 '
3314 4516 3454 4581 'qute
3501 4527 3600 4579 ap-

2012 4608 2247 4679 pellatur
2297 4606 2539 4671 Patinos,
2576 4614 2796 4674 propter
2822 4606 3045 4659 verbum
3085 4604 3199 4671 Dei,
3255 4614 3307 4658 et
3344 4604 3603 4658 testimo-

2015 4701 2159 4753 nium
2192 4697 2318 4751 Jesu
2355 4696 2478 4769 [ηδε.
2524 4699 2653 4751 add.
2705 4696 2962 4769 Christi].
3018 4695 3118 4750 Fui
3179 4697 3234 4749 in
3290 4696 3490 4766 spiritu
3546 4695 3599 4749 in

2016 4794 2297 4847 Dotninica
2332 4796 2437 4855 die.
2468 4806 2521 4846 et
2571 4793 2753 4848 audivi
2812 4805 2931 4864 post
2965 4809 3049 4849 tne
3106 4809 3295 4849 vocem
3352 4806 3600 4861 magnam

2017 4895 2274 4954 tanquam
2309 4888 2469 4950 tubae,
2504 4887 2740 4940 dicentis
2795 4906 2808 4941 :
2864 4886 3018 4951 Quod
3080 4888 3253 4951 vides.
3314 4888 3493 4941 scribe
3542 4888 3601 4939 in

2019 4978 2155 5031 libro
2181 4995 2197 5031 :
2226 4980 2451 5034 etmitte
2480 4990 2691 5049 septem
2730 4978 2997 5034 Ecclesiis
3064 4996 3185 5049 qua:
3214 4989 3339 5034 sunt
3372 4981 3423 5032 in
3449 4979 3600 5041 Asia,

2018 5072 2256 5139 Epheso,
2293 5083 2345 5125 et
2406 5072 2673 5141 Smyrnar,
2704 5082 2757 5126 et
2788 5072 3077 5143 Pergamo,
3111 5084 3165 5126 et
3200 5073 3491 5141 Thyatirte,
3545 5083 3602 5127 et

2020 5160 2227 5227 Smlis,
2259 5172 2312 5216 et
2341 5162 2748 5231 Philadelpbize,
2783 5171 2836 5215 et
2872 5161 3168 5217 Laodicia'.
3208 5163 3272 5215 Et
3299 5176 3600 5215 conversus

2022 5270 2167 5319 sum,
2204 5265 2259 5307 ut
2297 5256 2541 5309 viderem
2596 5272 2782 5309 vocem
2844 5271 2963 5325 qua:
3012 5255 3330 5321 loquebatur
3364 5266 3603 5315 tuccum.

960 5358 1060 5425 ipsi
1092 5354 1261 5425 gloria
1327 5363 1381 5405 et
1410 5349 1695 5419 imperium
1730 5348 1783 5400 in
1817 5363 1915 5399 sze-
1952 5329 1994 5384 υ
2026 5346 2085 5399 Et
2121 5362 2422 5402 rcuversus
2456 5348 2563 5401 vidi
2601 5358 2807 5415 septem
2839 5346 3159 5401 candelabra
3192 5358 3356 5396 aurea
3410 5362 3422 5397 :
3458 5354 3513 5398 et
3547 5345 3607 5403 iu

2030 5440 2208 5495 medio
2258 5450 2467 5509 septem
2529 5440 2983 5493 enode-labrorum
3033 5450 3323 5489 aureorum
3372 5434 3611 5495 similem

2104 5598 2122 5626 ’
2159 5596 2303 5651 Idem
2331 5613 2458 5661 uts.,
2491 5597 2571 5665 fui
2592 5599 2644 5648 in
2666 5595 2939 5664 spiritttju
2970 5592 3173 5660 insula,
3196 5588 3393 5654 Graeco
3429 5602 3616 5655 tamen

2036 5677 2179 5725 textu
2204 5684 2307 5723 non
2337 5678 2633 5727 annuente.
