3946 6170
326 303 431 365 897

1466 308 1529 369 Β.
1576 310 1897 373 JOANNIS
1946 310 2469 375 APOCALYPSIS.

3473 304 3585 369 898

325 435 388 481 de
422 439 691 495 synagoga
727 423 961 489 Satanre,
997 426 1087 495 qui
1128 425 1314 479 dicunt
1344 440 1401 480 se
1435 426 1652 481 Judazos
1681 442 1820 492 esse,
1854 434 1906 480 ct
1938 434 1979 487 Α
2008 428 2217 492 oculis;
2273 437 2327 482 et
2380 426 2625 498 requiem
2684 440 2787 478 uou
2840 423 3111 479 habebant
3162 427 3248 479 die
3299 440 3360 478 ac
3413 437 3591 491 nocte,

325 535 429 574 non
460 527 610 579 sunt,
639 517 733 571 sed
776 519 1137 573 mentiuntur.
1172 518 1311 574 Ecce
1346 519 1539 573 faciam
1571 519 1691 573 illos
1725 528 1785 573 ut
1815 534 1903 572 ve-

325 614 494 677 niant,
532 620 586 663 et
620 611 846 663 adorent
891 620 1016 663 ante
1059 614 1223 679 pedes
1270 620 1433 663 tuos:
1474 620 1527 664 et
1574 612 1750 665 scient
1780 612 1906 679 quia

323 720 419 775 ego
452 703 619 757 dilexi
658 712 730 755 te.
772 700 1042 766 Quoniam
1077 703 1310 757 servasti
1360 703 1580 756 verbum
1633 703 1909 771 patientia:

325 810 476 859 mere,
508 803 563 848 et
608 807 707 859 ego
738 794 970 846 servabo
1019 800 1072 845 te
1118 795 1185 847 ab
1235 794 1366 848 hora
1411 794 1751 858 tentationis,
1788 809 1909 863 qum

325 899 548 941 ventura
579 897 659 939 est
693 886 745 939 in
777 885 964 940 orbem
1000 885 1317 940 universum
1354 895 1561 940 tentare
1600 886 1910 949 habitantes

326 982 376 1031 in
409 989 568 1031 terra.
605 976 741 1031 Ecce
769 977 927 1030 venio
953 977 1062 1030 cito
1089 992 1104 1029 :
1132 985 1255 1030 tene
1285 976 1426 1044 quod
1454 976 1642 1039 habes,
1671 984 1727 1028 ut
1752 991 1909 1029 nemo

324 1070 555 1138 accipiat
594 1083 850 1122 coronam
894 1078 1059 1121 tuam.
1111 1067 1210 1133 Qui
1252 1069 1464 1132 vicerit,
1504 1066 1701 1122 faciam
1749 1069 1902 1121 illum

324 1163 631 1215 columnam
663 1159 715 1212 in
751 1160 950 1228 templo
981 1159 1071 1213 Dei
1103 1160 1231 1223 mei,
1260 1168 1313 1212 et
1345 1160 1492 1214 foras
1524 1176 1630 1215 non
1659 1162 1907 1232 egredie-

326 1264 413 1305 tur
462 1252 744 1321 amplius:
786 1259 839 1303 et
887 1250 1120 1304 scribam
1169 1266 1337 1319 super
1384 1267 1508 1304 eum
1564 1268 1760 1307 nomen
1795 1248 1909 1307 'Dei

326 1346 455 1408 mei,
484 1355 539 1398 et
579 1358 778 1397 nomen
810 1342 1050 1397 civitatis
1083 1342 1171 1395 Dei
1210 1344 1313 1396 mei
1349 1342 1472 1413 ima.
1506 1353 1609 1397 tac.
1648 1343 1739 1396 Dei
1778 1342 1910 1413 mei]

328 1454 477 1492 nova:
500 1437 827 1500 Jerusalem,
850 1450 970 1504 qua:
993 1435 1273 1489 descendit
1302 1436 1369 1489 de
1401 1436 1543 1489 coelo
1570 1451 1597 1488 a
1631 1438 1737 1489 Deo
1768 1450 1910 1500 meo,

324 1542 374 1584 et
413 1544 607 1584 nomen
646 1542 825 1581 meum
863 1542 1084 1579 novum.
1118 1527 1218 1592 Qui
1274 1526 1435 1580 habet
1475 1542 1686 1589 aurem,
1723 1526 1911 1580 audiat

326 1621 456 1685 quid
487 1617 727 1686 Spiritus
770 1615 917 1668 dicat
971 1614 1251 1671 Ecclesiis.
1301 1616 1364 1669 Et
1406 1618 1598 1687 angelo
1643 1615 1914 1671 Laodicia:

324 1710 582 1764 Ecclesia:
630 1709 810 1763 scribe
850 1707 1015 1763 :lla-c
1062 1709 1194 1762 dicit
1230 1725 1245 1768 :
1279 1711 1473 1776 Amen,
1522 1710 1672 1765 teetis
1716 1710 1909 1773 ﬁdelis,

2013 519 2303 572 dicentia:
2348 519 2620 581 Sanctus,
2677 518 2953 580 Sanetus,
3010 516 3274 581 Sanctus,
3334 516 3595 592 Dominus

2020 609 2161 665 Deus
2187 611 2554 676 omnipotens,
2580 610 2670 679 qui
2704 617 2840 673 erat,
2869 619 2920 662 et
2947 610 3038 678 qui
3068 619 3172 671 est,
3201 618 3253 661 et
3284 609 3372 674 qui
3406 622 3597 661 ventu-

2020 717 2107 755 rus
2155 710 2257 754 est.
2298 700 2365 754 Et
2413 717 2536 754 cum
2587 703 2779 754 darent
2821 702 2907 755 illa
2955 702 3208 755 animalia
3252 703 3501 769 gloriam,
3542 711 3599 756 et

2014 796 2292 859 bOuorem,
2325 802 2373 845 et
2405 794 2842 847 benedictionem
2877 794 3087 847 sedenti
3121 809 3285 860 super
3312 794 3593 855 lltrOutlm,

2012 885 2214 939 viventi
2270 887 2321 938 in
2367 886 2560 937 sarcula
2614 886 2972 950 smenlorum;
3017 885 3369 950 procidebaut
3409 886 3595 953 viginti

2010 987 2244 1047 quatuor
2299 976 2549 1030 seniores
2604 987 2730 1029 ante
2784 978 3063 1031 sedentem
3125 978 3177 1029 in
3246 978 3485 1038 throno,
3546 987 3600 1031 et

2012 1066 2312 1120 adorabaut
2346 1066 2624 1120 Viventem
2670 1067 2722 1119 in
2754 1067 2948 1120 saeuis
2989 1066 3335 1129 smculorum,
3368 1076 3421 1121 et
3471 1068 3600 1120 mit-

2014 1156 2196 1210 tebant
2258 1171 2492 1209 coronas
2557 1170 2684 1209 suas
2746 1169 2871 1208 ante
2934 1159 3229 1219 thronum,
3292 1158 3595 1211 dicentes:

2013 1248 2217 1315 Dignus
2251 1264 2330 1313 es,
2364 1249 2591 1302 Domine
2630 1248 2771 1303 Deus
2812 1258 3018 1314 noster,
3058 1251 3308 1318 accipere
3342 1250 3599 1317 gloriam,

2012 1348 2067 1391 et
2121 1340 2402 1402 honorem,
2440 1350 2495 1390 et
2541 1340 2843 1392 virtutem:
2879 1339 3004 1408 quia
3055 1338 3110 1392 tu
3152 1342 3349 1392 creasti
3392 1342 3599 1404 omnia,

2012 1439 2066 1482 ct
2099 1438 2319 1497 propter
2351 1429 2685 1483 voluntatem
2713 1439 2859 1482 luant
2890 1440 3069 1494 erant,
3100 1441 3155 1484 et
3183 1440 3365 1484 creata
3397 1441 3545 1484 sunt.

2086 1519 2241 1590 [Cap.
2300 1520 2387 1591 ν.]
2444 1519 2510 1574 Ει
2567 1520 2675 1573 vidi
2734 1522 2787 1574 in
2849 1522 3071 1576 dextera
3132 1524 3372 1577 sedentis
3435 1536 3599 1590 supra

2017 1612 2294 1677 thronum,
2340 1613 2534 1666 librum
2571 1614 2839 1681 scriptum
2876 1614 3021 1668 intus
3055 1626 3107 1667 et
3150 1614 3284 1667 foris
3326 1615 3597 1681 signatum

2015 1705 2208 1775 sigillis
2239 1716 2466 1772 septem.
2506 1704 2572 1758 Et
2601 1705 2709 1758 vidi
2760 1704 2888 1775 [ηιδ.
2922 1705 3130 1775 audivi]
3186 1712 3436 1775 angelum
3486 1708 3598 1760 l'or-

322 1813 378 1857 et
429 1816 613 1864 verus,
653 1802 747 1869 qui
800 1808 884 1854 est
934 1801 1259 1870 principium
1313 1811 1579 1855 creatura:
1629 1801 1741 1855 Dei.
1786 1799 1910 1855 scio
1943 1791 1981 1842 Β
2015 1807 2144 1860 tem,
2190 1797 2573 1864 pnedicantem
2631 1812 2764 1853 voce
2817 1812 3011 1866 magna
3051 1814 3065 1849 :
3102 1800 3232 1863 Quis
3278 1809 3361 1851 est
3406 1800 3598 1866 dignus

324 1908 487 1964 opera
522 1903 633 1955 tua,
665 1894 790 1961 quia
836 1907 1012 1961 neque
1054 1892 1276 1962 frigidus
1317 1908 1399 1959 es,
1433 1908 1609 1962 neque
1654 1893 1907 1949 calidus:

328 1991 537 2040 utinam
570 1985 800 2054 frigidus
828 2000 999 2049 esses,
1028 1994 1120 2037 aut
1147 1986 1387 2050 calidus;
1419 1986 1519 2039 sed»
1540 1985 1668 2054 quia
1697 1986 1910 2052 tepidus

323 2094 408 2146 es,
434 2090 487 2132 et
515 2093 612 2131 nec
643 2077 869 2147 frigidus
921 2090 1020 2129 nee
1046 2076 1274 2143 calidus,
1302 2077 1559 2145 incipiam
1586 2087 1635 2130 te
1660 2091 1910 2132 evomere

324 2188 391 2225 ex
423 2187 517 2225 ore
550 2185 689 2225 meo.
728 2170 864 2236 Quia
897 2171 1032 2224 dicis
1064 2188 1078 2223 :
1113 2168 1269 2235 Quod
1305 2170 1460 2225 dives
1495 2185 1637 2235 sum,
1671 2181 1722 2223 et
1756 2170 1907 2224 locu-

326 2264 584 2331 pletatus,
606 2269 660 2316 et
687 2260 889 2315 nullius
912 2276 1079 2331 egeo;
1109 2272 1163 2315 et
1194 2262 1375 2316 nescis
1402 2261 1526 2329 quia
1557 2269 1610 2313 tu
1637 2275 1696 2315 es
1724 2262 1908 2327 miser,

324 2366 382 2409 et
416 2354 762 2419 miserabilis,
792 2362 849 2408 et
881 2369 1106 2424 pauper,
1138 2364 1192 2408 et
1223 2370 1420 2420 caecus,
1456 2366 1507 2408 et
1534 2354 1733 2407 nudus.
1778 2352 1913 2407 Sua-

324 2448 430 2502 deo
461 2446 553 2501 tibi
586 2459 768 2500 emere
804 2459 834 2498 a
869 2459 955 2498 me
992 2460 1184 2499 aurum
1235 2446 1462 2513 ignitum
1510 2447 1817 2512 probatum,
1852 2452 1912 2497 ut

326 2538 571 2607 locuples
605 2537 728 2604 tias,
760 2546 815 2593 et
848 2537 1189 2592 vestimentis
1224 2535 1362 2590 albis
1402 2534 1668 2599 iuduaris,
1711 2544 1766 2590 et
1802 2549 1911 2588 non

323 2638 585 2699 appareat
620 2629 867 2685 confusio
896 2629 1160 2683 nuditatis
1195 2639 1319 2691 tum,
1351 2638 1406 2682 et
1443 2628 1675 2698 collyrio
1713 2629 1912 2694 iuuuge

320 2725 512 2777 oculos
564 2734 706 2789 tuos,
746 2732 803 2777 ut
840 2722 1050 2776 videas.
1106 2721 1213 2791 ligo
1252 2736 1388 2790 quos
1438 2736 1583 2787 anno,
1626 2735 1795 2789 arguo
1860 2722 1915 2771 et

319 2820 561 2884 castigo.
602 2815 883 2870 (Emulare
916 2830 1065 2883 ergo,
1104 2825 1155 2868 et
1206 2815 1581 2884 pmnitcntiam
1621 2826 1738 2880 age.
1774 2811 1914 2865 Ecce

320 2920 410 2963 sto
463 2911 529 2962 ad
577 2909 803 2971 ostium,
847 2918 899 2960 et
953 2908 1107 2976 pulso
1137 2923 1151 2959 :
1186 2908 1228 2959 si
1269 2906 1390 2974 quis
1443 2904 1680 2957 audierit
1725 2917 1910 2955 vocem

322 3015 531 3064 meam,
562 3009 616 3053 et
650 2998 925 3067 aperuerit
951 2997 1081 3050 mihi
1104 2997 1347 3063 januam,
1389 2997 1601 3047 intrabo
1635 2993 1699 3045 ad
1737 2992 1912 3054 itlum,

318 3104 376 3146 et
412 3092 642 3146 crenabo
677 3089 802 3146 ’cum
848 3092 959 3152 illo,
1002 3099 1055 3145 et
1105 3091 1219 3159 ipse
1272 3104 1508 3141 mecum.
1554 3087 1656 3150 Qui
1696 3086 1914 3150 vicerit,

304 3187 471 3239 ’daho
519 3184 567 3237 ei
614 3184 807 3238 sedere
858 3199 1070 3236 mecum
1118 3183 1169 3235 in
1225 3182 1420 3235 throno
1473 3194 1640 3232 meo:
1680 3178 1816 3232 sicut
1862 3188 1918 3231 et

319 3290 429 3346 ego
471 3275 601 3342 vici,
637 3285 691 3330 et
744 3276 859 3330 sedi
912 3290 1035 3330 cum
1086 3275 1242 3329 Patre
1276 3288 1397 3328 meo
1448 3275 1499 3326 in
1550 3274 1745 3326 throno
1780 3272 1914 3340 ejus.

320 3368 430 3433 Qui
474 3370 636 3422 habet
678 3384 890 3433 aurem,
938 3367 1127 3421 audiat
1176 3368 1304 3437 quid
1350 3366 1589 3435 Spiritus
1631 3363 1777 3419 dicat
1817 3362 1918 3417 Ec—

322 3460 540 3513 clesiis.

402 3548 560 3622 [Cap.
589 3549 710 3619 Νι
742 3551 871 3606 Post
915 3554 1030 3606 hac
1075 3552 1182 3607 vidi
1215 3567 1231 3607 :
1262 3561 1316 3606 et
1359 3565 1489 3607 ecce
1525 3552 1723 3608 Ostium
1759 3566 1917 3621 aper.

320 3651 449 3698 tum
484 3646 538 3698 in
572 3646 747 3712 cmlo;
778 3653 833 3700 et
863 3660 961 3699 vox
992 3645 1187 3715 prima,
1219 3660 1379 3714 quam
1423 3645 1628 3709 audivi,
1662 3654 1917 3714 tanquam

319 3738 479 3792 tuba:
526 3738 801 3806 loquentis
851 3751 1089 3801 mecum,
1116 3736 1302 3791 dicens
1343 3751 1358 3790 :
1398 3738 1648 3791 Ascende
1698 3736 1824 3801 huc,
1859 3745 1919 3789 et

312 3831 615 3884 ostendam
653 3829 746 3884 tibi
786 3844 909 3899 quae
938 3837 1152 3899 oportet
1183 3827 1297 3882 ﬁeri
1332 3828 1346 3858 ¹
1380 3839 1499 3897 post
1535 3826 1672 3881 haec.
1707 3827 1769 3883 Et
1805 3835 1916 3882 sta-

316 3924 427 3977 tim
480 3921 555 3975 fui
610 3921 662 3974 in
712 3920 903 3989 spiritu
942 3937 955 3972 :
992 3928 1048 3974 et
1094 3933 1224 3974 ecce
1271 3919 1428 3972 sedes
1473 3918 1648 3986 posita
1696 3928 1816 3972 erat
1863 3919 1916 3971 in

307 4012 495 4077 caelo,
527 4021 582 4067 et
610 4027 770 4080 supra
802 4012 987 4067 sedem
1017 4012 1234 4067 sedens.
1268 4009 1331 4064 Et
1363 4011 1454 4080 qui
1486 4010 1728 4076 sedebat,
1766 4012 1919 4065 simio

308 4110 392 4162 lis
434 4116 557 4161 erat
586 4105 827 4172 aspectui
858 4103 1052 4174 lapidis
1073 4103 1307 4173 jaspidis
1342 4113 1396 4156 et
1426 4104 1660 4158 sardinis
1689 4117 1703 4156 :
1740 4113 1793 4157 et
1822 4103 1918 4157 iris

306 4209 452 4255 erat
490 4198 543 4249 in
581 4197 809 4250 circuitu
859 4196 1031 4263 sedis,
1059 4196 1255 4250 similis
1296 4196 1495 4249 visioni
1532 4193 1915 4263 smaragdina}.

307 4292 389 4344 Et
449 4290 502 4343 in
563 4287 793 4341 circuitu
853 4287 999 4341 sedis
1044 4287 1231 4341 sedilia
1289 4286 1475 4354 viginti
1528 4300 1817 4355 quatuor:
1862 4294 1919 4339 et

301 4397 501 4451 super
549 4384 772 4435 thronos
830 4380 1016 4449 viginti
1061 4388 1297 4447 quatuor
1349 4378 1594 4433 seniores
1643 4377 1913 4439 sedentes,

2012 1889 2223 1959 aperire
2258 1889 2473 1953 librum,
2507 1898 2561 1943 et
2594 1890 2808 1943 solvere
2839 1890 3115 1955 signacula
3152 1890 3310 1956 ejus?
3343 1890 3404 1942 Et
3439 1906 3598 1944 nemo

2012 1990 2241 2048 poterat,
2296 1994 2474 2049 neque
2528 1981 2581 2033 in
2640 1981 2801 2046 caelo,
2855 1996 3033 2050 neque
3088 1981 3140 2035 in
3201 1992 3365 2047 terra,
3424 1999 3598 2051 neque

2012 2073 2203 2127 subtus
2248 2081 2471 2135 terram,
2517 2074 2730 2142 aperire
2781 2074 2981 2127 librum
3007 2074 3049 2138 ¹,
3102 2090 3280 2142 neque
3326 2076 3598 2143 respicere

2014 2166 2185 2219 illum.
2240 2163 2305 2217 Et
2367 2179 2467 2234 ego
2530 2164 2723 2219 ﬂebam
2785 2165 3054 2229 multum,
3116 2166 3371 2234 quoniam
3436 2182 3598 2219 nemo

2013 2260 2209 2327 dignus
2262 2259 2517 2312 inventus
2567 2268 2650 2312 est
2699 2259 2914 2326 aperire
2969 2259 3208 2324 librum,
3266 2274 3367 2313 nec
3414 2260 3599 2312 videre

2013 2367 2158 2406 eum.
2185 2351 2250 2404 Et
2277 2367 2418 2405 unus
2442 2351 2508 2405 de
2535 2351 2844 2407 senioribus
2865 2351 3002 2405 dixit
3030 2350 3162 2405 mihi
3190 2367 3202 2402 :
3242 2350 3318 2405 Ne
3348 2352 3597 2416 fleveris;

2014 2458 2140 2499 ecce
2177 2445 2301 2498 vicit
2347 2445 2430 2499 leo
2473 2445 2538 2500 de
2584 2445 2727 2507 tribu
2762 2443 2923 2509 Juda,
2958 2443 3115 2497 radix
3157 2443 3347 2508 David,
3385 2444 3599 2512 aperire

2014 2536 2233 2603 librum,
2262 2545 2315 2589 et
2346 2537 2558 2590 solvere
2604 2547 2810 2605 septem
2863 2537 3144 2607 signacula
3172 2536 3308 2605 ejus.
3340 2534 3405 2590 Et
3440 2536 3546 2590 vidi
3580 2550 3596 2589 :

2013 2638 2065 2682 et
2105 2642 2232 2681 ecce
2270 2628 2322 2681 in
2364 2629 2544 2682 medio
2579 2629 2765 2683 throni
2806 2636 2860 2683 et.
2902 2640 3135 2697 quatuor
3175 2629 3513 2693 animalium,
3546 2639 3601 2682 et

2016 2718 2069 2770 in
2111 2718 2286 2771 medio
2331 2719 2630 2784 seniorum,
2670 2720 2882 2789 Agnum
2927 2728 3162 2773 stantem
3201 2728 3455 2785 tanquam
3502 2733 3599 2771 oc-

2014 2814 2209 2874 cisum,
2236 2812 2527 2868 habentem
2561 2827 2764 2866 cornua
2799 2821 3033 2881 septem,
3058 2820 3112 2866 et
3140 2811 3325 2866 oculos
3352 2819 3596 2879 septem:

2014 2906 2103 2973 qui
2141 2914 2272 2959 sunt
2308 2913 2515 2973 septem
2556 2904 2777 2972 spiritus
2812 2904 2927 2968 Dei,
2959 2906 3106 2958 missi
3145 2904 3198 2957 in
3231 2919 3447 2957 omnem
3485 2914 3599 2956 ter-

2018 3015 2154 3053 ram.
2195 2996 2259 3052 Et
2312 2998 2477 3064 venit,
2516 3008 2571 3053 et
2621 3000 2829 3066 accepit
2873 2998 2939 3051 de
2987 2998 3205 3052 dextera
3254 2997 3498 3051 sedentis
3548 2996 3602 3049 in

2023 3096 2218 3146 throno
2254 3092 2472 3146 librum.
2523 3092 2587 3145 Et
2620 3107 2739 3146 cum
2778 3091 3082 3160 aperuisset
3114 3090 3332 3155 librum,
3368 3100 3605 3157 quatuor

2026 3187 2317 3251 animalia,
2366 3195 2418 3239 et
2469 3184 2657 3250 viginti
2715 3192 2947 3252 quatuor
2995 3181 3239 3237 seniores
3293 3181 3606 3235 ceciderunt

2022 3294 2204 3334 coram
2235 3278 2413 3347 Agno,
2449 3279 2710 3331 habentes
2752 3275 2952 3344 singuli
3000 3274 3268 3338 citharas,
3298 3280 3352 3327 et
3396 3272 3605 3343 phialas

2021 3390 2215 3430 aureas
2253 3374 2438 3445 plenas
2478 3376 2983 3435 odoramentorum,
3016 3386 3134 3441 qua:
3169 3378 3294 3424 sunt
3328 3370 3606 3423 orationes

2020 3478 2334 3521 sanctorum
2365 3480 2380 3519 :
2415 3475 2465 3520 et
2506 3466 2801 3520 cantabant
2841 3466 3114 3517 canticum
3157 3478 3379 3526 novum,
3417 3462 3607 3515 dicen-

2020 3568 2103 3613 tes
2132 3577 2145 3613 :
2176 3558 2377 3627 Dignus
2404 3572 2484 3620 es,
2514 3558 2761 3623 Domine,
2791 3557 3039 3623 accipere
3067 3556 3288 3616 librum,
3314 3566 3367 3609 et
3394 3554 3607 3622 aperire

2020 3651 2301 3718 signacula
2332 3650 2450 3717 eius
2485 3667 2500 3704 :
2538 3650 2794 3716 quoniam
2838 3648 3054 3702 occisus
3103 3661 3184 3711 es,
3228 3657 3308 3713 et;
3331 3645 3605 3700 redemisti

2022 3755 2120 3795 nos
2151 3738 2258 3793 Deo
2293 3740 2345 3793 in
2386 3739 2647 3806 sanguine
2690 3746 2780 3792 tuo
2821 3752 2887 3792 ex
2930 3737 3076 3791 omni
3115 3737 3284 3799 tribu,
3314 3744 3367 3789 et
3401 3737 3602 3803 lingua,

2018 3844 2068 3887 et
2123 3833 2339 3902 pepulo,
2376 3841 2430 3885 et
2475 3831 2733 3895 natione;
2787 3839 2841 3883 et
2888 3828 3067 3883 fecisti
3116 3843 3215 3882 nos
3262 3828 3370 3883 Deo
3418 3840 3605 3883 nostro

2022 3940 2266 3993 regnum,
2306 3932 2359 3977 et
2409 3921 2764 3985 sacerdotes;
2800 3930 2853 3973 et
2899 3920 3246 3989 regnabimus
3285 3934 3452 3988 super
3497 3929 3605 3973 ter-

2021 4033 2157 4071 ram.
2191 4016 2255 4069 Et
2288 4015 2415 4077 vidi,
2444 4025 2497 4068 et
2526 4013 2704 4068 audivi
2742 4027 2927 4066 vocem
2960 4011 3273 4080 angelorum
3310 4012 3600 4065 multorum

2020 4113 2072 4165 in
2116 4110 2347 4166 circuitu
2389 4108 2567 4161 throni
2610 4114 2663 4159 ct
2714 4105 3057 4168 animalium,
3085 4115 3139 4158 et
3187 4106 3510 4158 seniorum:
3545 4113 3601 4157 et

2017 4216 2134 4260 erat
2171 4216 2431 4256 numerus
2466 4214 2656 4254 corum
2705 4196 2830 4269 lius.
2882 4206 2989 4251 tac.
3024 4195 3239 4268 eorum]
3272 4194 3435 4249 millia
3481 4195 3602 4247 mil-

2018 4298 2172 4359 lium,
2210 4294 2507 4349 dicentium
2560 4307 2691 4345 vocc
2737 4297 2974 4360 magna:
3008 4288 3211 4371 Dignus
3260 4297 3344 4340 est
3387 4288 3597 4356 Agnus,

2019 4391 2109 4458 qui
2142 4390 2358 4443 occisus
2404 4397 2511 4451 est,
2544 4386 2792 4453 accipere
2836 4384 3114 4447 virtutem,
3147 4392 3200 4436 et
3235 4381 3602 4445 divinitatem,

299 4473 738 4531 eircumamicti
775 4471 1112 4527 vestimentis
1148 4471 1311 4537 albis,
1340 4479 1396 4525 et
1432 4471 1485 4524 in
1521 4470 1795 4539 capitibus
1826 4484 1911 4522 eo-

2022 4491 2073 4537 et
2115 4482 2469 4549 sapientiam,
2521 4489 2573 4531 et
2633 4476 3044 4542 fortitudinem,
3105 4486 3159 4529 et
3211 4475 3500 4536 honorem,
3548 4482 3604 4526 et

299 4584 453 4622 rum
486 4581 705 4620 coronae
735 4580 937 4620 aureae.
975 4564 1039 4618 Et
1068 4563 1135 4618 de
1167 4564 1365 4618 throno
1401 4563 1767 4631 procedebant
1809 4560 1918 4615 ful-

292 4676 491 4733 gura,
524 4669 581 4714 et
616 4675 797 4723 voces,
830 4667 885 4712 et
942 4658 1178 4713 tonitrua
1218 4674 1235 4713 :
1275 4668 1329 4713 et
1381 4664 1589 4727 septem
1640 4656 1919 4725 lampades

290 4755 594 4809 ardentes
632 4762 760 4805 ante
805 4754 1085 4817 thronum,
1121 4752 1211 4820 qui
1264 4760 1391 4807 sunt
1437 4760 1643 4818 septem
1692 4749 1919 4817 spiritus

2022 4575 2270 4645 gloriam,
2302 4584 2355 4626 et
2408 4571 2857 4625 benedictionem.
2915 4569 2979 4623 Et
3026 4582 3241 4621 omnem
3292 4574 3603 4620 creaturam

2022 4682 2143 4734 qua:
2186 4666 2238 4717 in
2306 4664 2445 4718 coelo
2492 4674 2598 4729 est,
2633 4671 2685 4717 et
2735 4676 2896 4729 super
2944 4671 3168 4726 terram,
3208 4667 3263 4714 et
3294 4660 3393 4713 sub
3436 4667 3607 4719 terra,

2024 4766 2078 4809 et
2131 4770 2251 4823 qua:
2315 4764 2443 4806 sunt
2491 4753 2541 4805 in
2595 4752 2771 4815 mari,
2827 4760 2880 4805 et
2932 4764 3052 4819 qua:
3110 4751 3163 4804 in
3233 4764 3298 4803 eo
3349 4766 3362 4802 :
3415 4762 3611 4803 ontn-s

2026 4849 2201 4901 audivi
2263 4847 2502 4900 dicentes
2557 4862 2571 4898 :
2621 4843 2841 4898 Sedenti
2906 4844 2958 4897 in
3023 4844 3254 4907 throno,
3310 4852 3364 4896 et
3418 4842 3608 4907 Aguo,

292 4848 444 4903 Dei.
490 4844 557 4898 Et
588 4848 642 4898 in
677 4856 970 4911 conspectu
1002 4846 1148 4900 sedis
1197 4855 1457 4914 tanquam
1500 4858 1651 4897 mare
1684 4844 1917 4897 vitreum

285 4937 516 4996 simile
552 4936 808 5007 crystallo
838 4952 851 4990 :
884 4946 937 4991 et
980 4936 1036 4989 in
1083 4936 1259 4990 medio
1300 4937 1466 4999 sedis,
1499 4946 1554 4991 et
1590 4936 1645 4989 in
1683 4935 1917 4989 circuitu

283 5033 501 5092 sedis,
537 5040 767 5097 quatuor
798 5027 1052 5082 animalia
1092 5029 1249 5098 plena
1290 5030 1463 5083 oculis
1503 5039 1629 5083 aute
1662 5043 1717 5081 et
1749 5037 1919 5082 retro.

284 5126 372 5180 Et
404 5122 633 5177 animal
659 5125 891 5191 primum
916 5120 1093 5175 simile
1119 5122 1282 5186 leoni,
1313 5130 1367 5174 ct
1391 5120 1690 5174 secundum
1720 5119 1922 5172 animal

280 5215 517 5274 simile
570 5212 773 5277 vitulo,
825 5224 882 5266 et
938 5210 1160 5266 tertium
1213 5212 1416 5265 animal
1469 5212 1678 5265 habens
1727 5208 1921 5263 faciem

279 5307 488 5382 quasi
541 5305 815 5369 hominis,
863 5313 919 5357 et
959 5314 1212 5372 quartum
1264 5303 1465 5355 animal
1510 5303 1687 5356 simile
1728 5303 1923 5369 aquilae

280 5398 570 5457 volanti.
607 5398 669 5451 Et
700 5407 935 5466 quatuor
966 5397 1252 5461 animalia,
1287 5399 1499 5465 singula
1536 5409 1725 5448 eorum
1761 5394 1925 5447 habe-

277 5499 450 5551 bant
492 5489 615 5543 alas
656 5504 816 5546 senas
858 5500 913 5545 et
960 5491 1013 5543 in
1056 5490 1309 5550 circuitu,
1340 5498 1394 5541 et
1422 5491 1572 5541 intus
1610 5486 1765 5555 plena
1800 5494 1925 5538 sunt

2027 4940 2367 5004 benedictio,
2421 4947 2475 4992 et
2530 4941 2728 5002 honor,
2780 4946 2836 4988 et
2884 4936 3101 5005 gloria;
3154 4947 3208 4990 et
3260 4948 3502 5004 potestas
3557 4934 3611 4983 iu

2026 5032 2219 5085 siecula
2261 5030 2605 5084 sazculorum.
2642 5028 2703 5081 Et
2736 5037 2971 5097 quatuor
3003 5027 3262 5081 animalia
3307 5027 3551 5079 dicebant
3592 5039 3609 5077 :

2026 5131 2216 5177 Amen.
2272 5123 2335 5175 Et
2376 5124 2561 5191 viginti
2606 5132 2846 5190 quatuor
2894 5122 3143 5175 seniores
3191 5119 3509 5173 ceciderunt
3553 5116 3607 5167 in

2029 5220 2193 5273 lacies
2234 5234 2389 5279 suas,
2441 5229 2495 5271 et
2541 5218 2906 5273 adoraverunt
2963 5214 3244 5271 Viventem
3305 5215 3357 5265 in
3410 5208 3609 5264 saecula

2027 5316 2348 5366 saeculorum
2374 5310 2412 5363 ³.

2101 5404 2250 5476 [ϐαρ.
2289 5403 2399 5477 VL]
2434 5405 2497 5458 Et
2535 5404 2643 5458 vidi
2684 5406 2827 5473 quod
2860 5402 3163 5471 aperuisset
3208 5399 3395 5464 Agnus
3441 5411 3608 5447 tnnim

2028 5498 2094 5550 de
2150 5512 2187 5549 s-
2214 5505 2357 5565 ptem
2416 5496 2641 5563 sigillis,
2697 5508 2751 5548 et
2799 5494 2975 5547 audivi
3042 5506 3209 5545 unum
3263 5490 3330 5542 de
3375 5497 3607 5557 quatuor

2099 5624 2118 5655 ³
2158 5626 2334 5678 Verba
2399 5628 2641 5679 viventem
2704 5628 2755 5678 in
2816 5624 3009 5679 sa’cula
3067 5622 3379 5678 su'rulurum
3442 5632 3497 5673 ttt
3558 5621 3611 5672 in

2030 5696 2233 5750 Grarcis
2278 5697 2484 5765 aliquot
2536 5698 2707 5761 libris,
2744 5698 2813 5748 ita
2857 5706 2908 5750 et
2948 5696 3004 5749 in
3043 5710 3142 5750 Ins.
3174 5702 3365 5749 nostro
3401 5694 3614 5749 deside-

2036 5775 2187 5820 l‘nttlu
2199 5784 2242 5819 t'.

369 5638 389 5666 ί
444 5626 665 5683 Noster
716 5642 844 5692 ms.,
878 5624 1163 5681 Ostendam
1217 5641 1334 5695 qua:
1378 5632 1577 5691 oportet
1635 5623 1738 5675 cito
1787 5620 1922 5687 ﬁeri,

273 5720 420 5812 cu;
442 5771 749 5827 Interserit
778 5771 917 5825 idem
955 5784 1053 5825 ms.
1104 5781 1150 5823 et
1179 5770 1376 5823 solvere
1409 5765 1685 5837 signaculo
1715 5765 1849 5833 ejus.
