3946 6170
356 405 466 470 899

1239 407 1304 466 S.
1346 402 1782 464 lllERONYMI
1828 400 2091 461 DlVlNA
2133 399 2664 461 BllildO'l‘llliCA.

3507 381 3622 447 $30

355 518 702 581 animalibus,
734 518 916 572 dicens
945 516 1071 588 [ηις.
1103 517 1230 572 add.
1259 513 1415 585 mihi}
1445 523 1706 583 tanquam
1739 527 1928 566 vocem
1964 518 2007 571 Α
2039 527 2179 576 rutn,
2205 521 2426 564 centum
2457 508 2816 580 quadraginta
2849 513 3084 576 quatuor
3113 497 3275 553 millia
3301 493 3518 565 signati,
3551 509 3624 550 ex

357 601 592 662 tonitrni
623 624 637 662 :
675 606 827 669 Veni,
861 616 916 660 et
968 607 1111 660 vide.
1148 604 1216 658 Et
1256 605 1361 658 vidi
1394 606 1408 635 ⁸
1447 603 1563 674 εζυι
1602 617 1730 658 ecce
1763 616 1937 670 equus

353 696 532 761 albus,
565 705 618 749 et
650 695 738 764 qui
778 695 996 748 sedebat
1030 709 1195 764 super
1238 695 1391 752 illum
1442 693 1676 747 habebat
1721 708 1936 755 arcum,

355 797 412 840 ct
444 789 566 840 data
611 797 698 839 est
717 786 766 839 ei
801 796 1097 849 corona,et
1126 785 1297 840 exivit
1336 785 1582 850 vincens,
1605 792 1660 837 ιιι
1679 785 1938 839 vinceret.

359 878 427 930 Et
449 894 566 931 cuni
591 878 895 944 aperuisset
927 877 1159 942 sigillum
1186 879 1514 940 secundum,
1540 877 1721 929 audivi
1743 890 1942 930 secun-

357 977 482 1028 dntn
519 975 736 1035 animal,
769 975 957 1027 dicens
991 985 1005 1026 :
1048 972 1204 1038 Veni,
1230 981 1286 1027 et
1325 971 1467 1026 vide.
1507 972 1571 1024 Et
1603 971 1775 1025 exivit
1803 971 1943 1024 alius

356 1082 531 1134 equus
562 1066 713 1120 rufus
745 1083 760 1122 :
792 1077 838 1119 et
874 1067 967 1135 qui
1000 1067 1220 1120 sedebat
1250 1080 1413 1134 super
1443 1064 1616 1126 illum,
1645 1065 1828 1116 datum
1859 1071 1946 1116 est

356 1162 428 1220 ei,
464 1168 520 1210 ut
564 1168 803 1211 sumeret
849 1173 1036 1227 pacem
1084 1159 1148 1210 de
1193 1167 1360 1220 terra,
1394 1167 1452 1210 et
1501 1167 1560 1208 ut
1607 1154 1843 1209 invicem
1883 1168 1944 1210 se

359 1250 688 1304 interﬁciant
722 1249 848 1321 [ηις.
881 1248 1277 1319 interficerent]
1315 1264 1328 1300 :
1359 1258 1417 1304 et
1452 1251 1610 1302 datus
1642 1259 1725 1302 est
1748 1248 1798 1302 ei
1831 1248 1948 1316 gla-

356 1346 480 1397 dius
515 1361 762 1412 magnus.
798 1342 863 1396 Et
896 1359 1020 1396 cum
1068 1351 1374 1410 aperuisset
1415 1342 1656 1411 sigillum
1696 1340 1942 1406 tertium,

361 1435 541 1488 audivi
596 1436 819 1488 tertium
866 1436 1093 1498 animal,
1129 1435 1315 1488 dicens
1350 1451 1366 1490 :
1405 1434 1556 1500 Veni,
1589 1443 1646 1488 et
1693 1432 1836 1486 vide.
1880 1432 1946 1485 Et

357 1543 489 1581 ecce
541 1543 720 1597 equus
780 1527 968 1597 niger;
1017 1537 1074 1581 ct
1122 1531 1213 1596 qui
1268 1528 1494 1581 sedebat
1545 1543 1713 1596 super
1765 1525 1943 1590 illum,

363 1619 592 1670 iubebat
643 1627 902 1670 stateram
934 1617 988 1670 iu
1026 1635 1184 1671 manu
1219 1635 1336 1672 sua.
1372 1617 1434 1670 Et
1465 1617 1649 1672 audivi
1687 1629 1944 1686 tanquam

363 1727 550 1764 vocem
595 1711 649 1763 in
703 1711 880 1764 medio
932 1722 1168 1778 quatuor
1222 1711 1544 1764 animalium
1591 1710 1888 1764 dicentium
1928 1724 1944 1764 :

367 1801 584 1855 ttilibris
612 1802 776 1854 tritici
806 1803 1055 1865 denario,
1115 1814 1170 1853 et
1192 1812 1305 1854 tres
1328 1801 1552 1854 bilibres
1575 1801 1764 1854 hordei
1782 1801 1950 1854 dena-

369 1896 472 1956 rio,
500 1903 552 1943 ct
587 1893 790 1955 vinum,
818 1902 872 1944 et
895 1891 1073 1944 oleum
1103 1906 1169 1942 ne
1198 1889 1427 1943 laeseris.
1461 1887 1525 1940 Et
1554 1904 1676 1942 eum
1709 1888 1954 1957 aperuis-

367 1993 451 2036 set
485 1985 723 2052 sigillum
761 1996 1041 2052 quartum,
1073 1985 1253 2036 audivi
1291 1998 1478 2036 vocem
1516 1982 1695 2051 quarti
1737 1983 1953 2036 anima-

370 2074 438 2127 iis
467 2076 696 2128 dicentis
724 2089 742 2128 :
778 2075 928 2138 \‘ent,
959 2083 1014 2128 et
1043 2075 1184 2127 vide.
1220 2071 1285 2126 Et
1314 2089 1443 2126 ecce
1471 2090 1644 2142 equus
1675 2074 1908 2140 pallidus
1937 2091 1954 2131 :

368 2178 425 2220 et
453 2170 542 2235 qui
590 2171 812 2221 sedebat
849 2183 1013 2235 super
1037 2183 1186 2229 eum,
1219 2183 1414 2220 nomen
1467 2167 1541 2218 illi
1574 2165 1746 2231 Mors,
1775 2178 1829 2220 ct
1867 2169 1956 2221 lu-

374 2258 560 2311 feruus
607 2261 930 2326 sequebatur
970 2273 1134 2321 eum;
1184 2266 1238 2310 et
1291 2259 1414 2311 data
1463 2266 1546 2311 est
1591 2258 1663 2309 illi
1709 2269 1956 2327 potesms

372 2367 536 2418 soper
595 2362 828 2418 quatuor
888 2358 1069 2417 partes
1121 2358 1318 2413 terrae,
1386 2350 1693 2402 interficere
1748 2349 1956 2418 gladio,

376 2444 540 2509 fame,
571 2454 626 2497 ct
661 2455 854 2506 morte,
884 2453 940 2496 et
969 2441 1156 2494 bestiis
1185 2452 1364 2494 teme.
1398 2440 1465 2493 Et
1497 2457 1620 2494 cum
1653 2441 1957 2508 aperuisset

375 2535 614 2600 sigillum
645 2537 916 2602 quintum,
953 2533 1058 2586 vidi
1089 2534 1283 2586 subtus
1327 2533 1500 2585 altare
1540 2531 1753 2585 animas
1789 2533 1964 2586 inter-

379 2626 646 2681 fectorum
680 2637 902 2696 pmpter
955 2624 1183 2678 verbum
1219 2624 1339 2687 Dei,
1371 2632 1428 2676 et
1459 2635 1678 2692 prepter
1713 2627 1960 2680 testium-

381 2720 557 2784 nium,
594 2719 737 2789 quod
765 2717 1079 2784 .habebant,
1110 2729 1167 2772 et
1211 2718 1518 2772 clamabant
1563 2732 1694 2772 voce
1740 2734 1961 2788 magna,

377 2813 624 2866 dicentes
662 2828 678 2869 :
716 2810 1037 2881 Usquequo,
1079 2811 1308 2866 Domine
1352 2811 1617 2880 (sanctus,
1653 2819 1708 2866 et
1757 2813 1964 2881 verus),

379 2921 485 2957 non
529 2905 762 2974 iudicas,
797 2913 854 2959 et
904 2921 1012 2958 non
1059 2903 1304 2958 vindicas
1352 2905 1669 2971 sanguinem
1717 2915 1962 2960 nostrum

383 2998 451 3048 de
496 2996 561 3049 iis
611 2996 702 3064 qui
754 2996 1003 3050 habitant
1051 2996 1102 3049 in
1157 2994 1340 3049 terra?
1390 2993 1457 3046 Et
1503 2994 1642 3049 datae
1684 3005 1815 3049 sunt
1860 2996 1966 3050 illis

379 3087 608 3154 singula:
671 3088 820 3141 stulte
873 3088 1050 3154 albae;
1104 3098 1160 3143 et
1198 3089 1408 3143 dictum
1463 3098 1551 3143 est
1605 3088 1734 3156 illis,
1775 3101 1830 3143 ut
1881 3105 1969 3144 re-

381 3180 729 3245 quiescerent
819 3181 999 3236 adbuc
1087 3191 1302 3250 tempus
1401 3182 1715 3248 modicum,
1795 3184 1967 3237 donec

381 3271 759 3338 compleantur
809 3273 1055 3325 conservi
1101 3288 1288 3326 eorum
1328 3273 1368 3336 ’,
1400 3281 1454 3326 et
1504 3272 1704 3326 fratres
1748 3289 1961 3340 eorum,

380 3362 475 3429 qui
526 3361 882 3414 interﬁciendi
937 3370 1066 3416 sunt
1115 3362 1258 3416 sicut
1307 3373 1360 3416 et
1411 3363 1512 3416 illi.
1557 3363 1620 3416 Et
1671 3364 1774 3419 vidi
1830 3380 1956 3418 cum

379 3454 693 3521 aperuisset
736 3453 970 3523 sigillum
1018 3462 1231 3507 sextum
1268 3463 1369 3508 :et
1416 3470 1543 3510 ecce
1589 3464 1748 3511 terra
1784 3465 1963 3511 motus

384 3562 618 3615 magnus
657 3545 835 3599 lactus
867 3555 971 3612 est,
1003 3557 1058 3599 et
1087 3547 1169 3600 sol
1198 3546 1378 3600 factus
1408 3557 1490 3601 est
1521 3547 1672 3617 niger
1701 3559 1959 3617 tanquam

383 3653 581 3690 saccus
607 3637 878 3701 tilicitttts;
909 3651 964 3690 et
990 3639 1118 3690 luna
1147 3648 1257 3691 tota
1281 3639 1423 3692 facta
1447 3650 1528 3692 cst
1552 3641 1695 3694 sicut
1716 3643 1958 3710 sanguis;

381 3738 439 3780 ct
481 3727 650 3780 stella:
697 3730 763 3781 de
812 3728 952 3781 crelo
993 3728 1306 3782 ceciderunt
1355 3745 1522 3798 super
1567 3740 1790 3795 terram.
1821 3735 1965 3787 sicut

385 3817 734 3868 ticascinittit
759 3832 978 3885 grossos
1007 3833 1160 3882 suos,
1185 3822 1356 3884 cunila
1375 3829 1535 3874 vento
1563 3836 1756 3890 magno
1785 3838 1966 3877 move-

386 3917 495 3962 tur.
537 3907 594 3961 Et
644 3909 836 3961 etelurn
889 3909 1115 3963 recessit
1159 3911 1302 3963 sicut
1360 3911 1500 3965 liber
1547 3913 1870 3969 involutus:
1910 3925 1966 3970 et

383 4003 564 4052 ontnis
592 4016 768 4065 mons,
805 4010 857 4054 et
887 4001 1081 4056 insulae
1121 4006 1184 4056 dc
1221 4003 1355 4056 locis
1382 4003 1494 4056 suis
1525 4017 1682 4059 mota:
1712 4020 1860 4061 sunt.
1897 4007 1963 4063 Et

387 4106 544 4161 reges
576 4101 758 4154 terrae,
791 4103 846 4146 et
878 4095 1177 4163 principes,
1208 4105 1262 4148 ct
1297 4097 1522 4158 tribuni.
1568 4109 1621 4151 e'.
1653 4097 1873 4163 divites,
1907 4109 1962 4154 et

387 4183 578 4250 fortes,
613 4193 667 4237 et
711 4187 889 4238 omnis
932 4201 1142 4250 servus,
1177 4196 1231 4240 et
1261 4189 1417 4252 liber,
1465 4191 1866 4244 absconderunt
1902 4206 1964 4246 se

387 4279 444 4330 in
478 4277 770 4346 speluncis,
804 4289 859 4333 et
897 4279 950 4331 itt
991 4280 1162 4348 petris
1201 4281 1498 4346 montium;
1532 4293 1587 4337 et
1618 4283 1804 4338 dicunt
1833 4281 1960 4353 (ius.

382 4367 591 4440 dicent]
636 4371 930 4432 montibus,
965 4381 1018 4423 et
1060 4372 1230 4441 petris
1267 4388 1284 4429 :
1315 4371 1502 4427 Cadile
1545 4389 1706 4442 super
1745 4390 1863 4439 nos,
1909 4383 1966 4428 et

388 4463 708 4515 abscondite
744 4478 838 4516 nos
869 4477 898 4515 a
937 4462 1074 4517 facie
1114 4465 1359 4519 sedentis
1395 4481 1560 4535 super
1595 4466 1872 4530 thronum,
1909 4478 1965 4521 et

2039 607 2186 657 omni
2234 604 2373 656 tribtt
2417 603 2656 655 filiorum
2705 597 2888 653 Israel.
2927 595 3004 649 Ex
3055 595 3196 648 tribu
3242 590 3378 648 Juda
3412 589 3620 642 duode-

2038 695 2145 749 cim
2175 693 2341 746 millia
2374 693 2589 760 signati.
2624 691 2699 748 Et
2735 691 2877 744 tribu
2909 687 3101 741 Ruben
3132 684 3414 738 duodecim
3448 680 3621 733 millia

2042 786 2263 853 signati.
2301 785 2372 837 Ex
2420 786 2561 836 tribu
2601 784 2714 838 Gud
2750 780 3034 835 duodecim
3083 776 3248 829 millia
3282 773 3504 842 signati.
3541 769 3623 823 Ex

2041 876 2186 928 tribu
2216 877 2352 930 Aser
2381 874 2662 928 duodecim
2697 873 2861 925 millia
2897 870 3114 939 signati.
3146 867 3223 922 Et
3264 867 3401 918 tribu
3431 862 3628 931 Neph-

2046 967 2176 1019 tbali
2199 967 2482 1022 duodecim
2510 966 2676 1018 millia
2705 963 2926 1028 signati.
2951 960 3026 1013 Ex
3053 960 3192 1012 tribu
3220 957 3465 1010 Manasse
3494 956 3628 1006 duo-

2047 1058 2219 1110 decim
2267 1058 2433 1110 millia
2475 1055 2692 1126 signati.
2748 1054 2823 1106 Et
2873 1053 3016 1105 tribu
3066 1051 3285 1104 Simeon
3337 1043 3627 1100 duodecim

2048 1152 2208 1206 tmllia
2236 1151 2452 1218 signati.
2475 1148 2550 1203 Ex
2578 1149 2719 1201 tribu
2744 1145 2870 1201 Levi
2895 1143 3179 1199 duodecim
3209 1141 3370 1194 millia
3393 1137 3622 1206 signati.

2047 1242 2123 1296 Ex
2147 1242 2290 1296 trilm
2323 1242 2574 1296 lssarbar
2599 1241 2884 1294 duodecim
2922 1236 3089 1291 millia
3122 1232 3341 1304 signati.
3375 1230 3448 1283 Ex
3481 1230 3627 1282 tribu

2047 1334 2290 1388 Zaltulon
2326 1333 2614 1387 duodecim
2661 1333 2824 1384 millia
2869 1328 3090 1399 signati.
3126 1325 3201 1378 Ex
3247 1324 3392 1377 tribu
3425 1321 3629 1389 Ioseph

2047 1427 2334 1481 duodecim
2369 1426 2537 1479 millia
2565 1425 2790 1493 signati.
2819 1422 2897 1476 Ex
2935 1423 3076 1474 tribu
3112 1417 3396 1488 Beniamin
3425 1417 3633 1468 duode-

2047 1522 2152 1574 cim
2185 1521 2352 1573 millia
2384 1519 2608 1590 signati.
2643 1518 2770 1572 Post
2807 1519 2920 1570 huic
2958 1515 3060 1568 vidi
3101 1513 3314 1566 turbam
3350 1523 3632 1578 magnam,

2046 1628 2211 1682 quam
2241 1614 2588 1667 dinumerare
2616 1625 2774 1664 nemo
2806 1618 3039 1676 poterat,
3071 1617 3139 1660 ex
3168 1604 3423 1658 omnibus
3451 1598 3635 1668 genti-

2052 1708 2172 1772 bus,
2209 1717 2263 1759 et
2308 1704 2577 1770 tribubus,
2624 1700 2958 1772 et‘populis,
3006 1709 3065 1754 et
3108 1696 3310 1766 linguis
3347 1713 3365 1749 :
3419 1701 3636 1746 stantes

2055 1809 2182 1853 ante
2219 1799 2497 1863 thronum,
2527 1806 2581 1853 et
2620 1797 2672 1851 in
2703 1807 3005 1864 conspectu
3040 1792 3203 1862 Λευὶ,
3236 1789 3418 1843 amicti
3467 1786 3632 1841 stolis

2053 1893 2214 1958 albis,
2248 1903 2303 1947 et
2337 1892 2530 1961 palma:
2563 1891 2618 1944 in
2657 1890 2914 1943 omnibus
2949 1901 3173 1950 eorum;
3224 1894 3280 1937 et
3323 1881 3636 1936 clamabant

2058 2003 2190 2040 voce
2225 2002 2418 2056 magna
2453 1987 2700 2039 dicentes
2729 2000 2744 2036 :
2776 1983 2935 2037 Salus
2969 1981 3075 2035 Deo
3112 1991 3322 2044 nostro,
3350 1980 3442 2046 qui
3481 1977 3636 2029 κύει

2055 2096 2221 2148 super
2255 2079 2534 2142 thronum,
2569 2087 2625 2132 et
2656 2076 2829 2146 Agno.
2863 2074 2928 2128 Et
2961 2088 3152 2128 omnes
3193 2071 3370 2142 angeli
3411 2070 3638 2124 stabant

2059 2174 2115 2227 in
2145 2174 2373 2227 circuitu
2411 2171 2612 2231 throni.
2645 2181 2700 2224 et
2729 2170 3032 2229 seniorum,
3063 2177 3118 2220 et
3151 2177 3384 2234 quatuor
3422 2162 3638 2216 anima-

2060 2265 2226 2329 lium;
2255 2274 2312 2318 et
2339 2263 2658 2318 ceciderunt
2695 2266 2747 2314 in
2794 2268 3088 2329 conspectu
3133 2255 3317 2309 throni
3367 2254 3416 2306 in
3467 2252 3638 2308 facies

2059 2370 2208 2420 suas,
2239 2365 2295 2408 et
2332 2355 2699 2408 adoraverunt
2744 2351 2932 2413 Deum,
2969 2349 3214 2402 dicentes
3247 2363 3262 2400 :
3294 2345 3489 2398 Arnen.
3541 2343 3641 2396 Be-

2062 2447 2334 2510 nedictio,
2384 2455 2439 2500 et
2485 2445 2728 2506 claritas,
2776 2454 2831 2498 et
2873 2441 3182 2511 sapientia,
3238 2447 3295 2492 et
3339 2435 3638 2507 gratiarum

2061 2543 2225 2604 actio,
2259 2543 2455 2605 honor,
2490 2548 2545 2593 et
2588 2539 2783 2604 virtus,
2811 2550 2864 2589 et
2907 2535 3174 2589 fortitudo
3203 2533 3312 2587 Deo
3347 2540 3560 2592 nostro,
3590 2531 3640 2582 in

2064 2634 2259 2687 saecula
2306 2634 2652 2686 sarulorum.
2692 2632 2884 2683 Amen.
2935 2627 3001 2681 Et
3051 2626 3336 2696 respondit
3387 2640 3531 2678 unus
3577 2624 3642 2678 de

2065 2725 2395 2790 senioribus,
2427 2733 2480 2777 et
2509 2725 2644 2776 dixit
2673 2724 2806 2775 mihi
2837 2739 2850 2773 :
2885 2719 2970 2786 lli,
2997 2720 3088 2790 qui
3122 2718 3305 2772 amicti
3334 2725 3462 2772 sunt
3489 2715 3643 2770 stolis

2066 2818 2222 2880 albis,
2256 2817 2350 2886 qui
2400 2816 2563 2869 sunt?
2612 2825 2668 2868 et
2714 2812 2857 2866 unde
2912 2809 3221 2865 venerunt!
3262 2807 3328 2863 Et
3367 2809 3478 2862 dixi
3517 2807 3592 2860 illi
3626 2823 3641 2861 :

2071 2910 2298 2964 Domine
2343 2909 2435 2974 ini,
2471 2918 2526 2960 tu
2576 2908 2683 2961 scis
2716 2923 2730 2970 ;
2783 2917 2835 2959 et
2858 2905 2992 2958 dixit
3036 2904 3168 2957 mihi
3216 2920 3231 2956 :
3264 2901 3326 2955 lli
3366 2911 3520 2965 sunt,
3556 2901 3642 2969 qni

2073 3010 2338 3056 venerunt
2372 3001 2439 3054 de
2472 3001 2824 3055 tribulatione
2872 3015 3086 3068 magna,
3117 3008 3172 3050 ct
3201 2997 3452 3050 laverunt
3481 2995 3647 3054 stolas

2073 3110 2223 3158 suas,
2251 3103 2308 3149 et
2331 3094 2725 3148 dealbavcrunt
2756 3108 2849 3146 cas
2872 3093 2925 3145 itt
2954 3089 3216 3155 sanguine
3243 3090 3404 3157 Agui.
3435 3087 3500 3141 Et
3530 3089 3647 3142 ideo

1993 3210 2038 3267 ο
2074 3197 2200 3242 sunt
2237 3195 2364 3241 ante
2391 3187 2646 3241 thronum
2681 3185 2795 3250 Dei,
2828 3195 2884 3238 et
2926 3186 3168 3238 serviunt
3196 3184 3247 3236 ei
3275 3185 3362 3238 die
3395 3197 3461 3238 ac
3492 3194 3649 3238 nocte

2081 3279 2135 3332 in
2172 3279 2375 3343 templo
2413 3279 2574 3349 ejus:
2614 3287 2669 3333 et
2703 3278 2794 3347 qui
2840 3277 2995 3333 sedet
3035 3279 3087 3332 in
3132 3276 3350 3340 throno,
3388 3276 3649 3330 habitabit

2077 3388 2245 3443 supcr
2284 3373 2428 3427 illos.
2473 3373 2585 3426 Non
2638 3373 2907 3436 esurient,
2943 3387 3118 3440 neque
3164 3370 3356 3424 sitient
3396 3368 3646 3438 amplius,

2078 3479 2180 3518 nec
2217 3465 2372 3519 cadet
2392 3480 2555 3533 super
2598 3465 2719 3518 illos
2750 3465 2855 3528 sol,
2891 3477 3067 3533 neque
3098 3462 3240 3515 ullus
3271 3470 3440 3515 aestus
3467 3475 3484 3514 :
3515 3476 3650 3531 quas

2079 3559 2221 3611 niam
2259 3558 2462 3625 Agnus,
2498 3559 2590 3627 qui
2633 3559 2686 3612 in
2740 3557 2921 3611 medio
2972 3556 3152 3610 thr0ni
3183 3567 3291 3620 est,
3322 3565 3478 3622 reget
3512 3555 3647 3620 illas,

2076 3663 2130 3702 et
2158 3649 2391 3704 deducet
2415 3665 2512 3705 eos
2539 3651 2606 3704 ad
2635 3651 2761 3704 vita:
2791 3651 2966 3702 fontes
2990 3655 3358 3716 aquarmn,et
3380 3647 3651 3716 absterget

2078 3740 2220 3794 Deus
2249 3755 2464 3795 onmem
2495 3743 2788 3811 lacrymam
2821 3743 2888 3796 ab
2921 3743 3097 3796 oculis
3128 3756 3345 3797 eorum.

2142 3830 2296 3902 [ϐαρ.
2333 3832 2495 3904 νιιω
2549 3832 2613 3888 Ει
2662 3850 2788 3888 cum
2842 3836 3146 3904 aperuisset
3193 3835 3433 3904 sigillum
3484 3833 3651 3900 septi-

2078 3946 2246 3994 mum,
2277 3930 2480 3983 factum
2529 3939 2616 3987 est
2666 3930 2940 3984 silentium
2969 3930 3022 3983 in
3069 3929 3233 3994 celo,
3265 3930 3426 3996 quasi
3479 3928 3648 3981 media

2075 4023 2230 4076 hora.
2271 4021 2338 4076 Et
2391 4021 2498 4076 vidi
2539 4033 2746 4090 septem
2773 4025 2999 4092 angelos
3031 4035 3244 4076 stantes
3277 4025 3330 4076 in
3357 4036 3646 4090 conspectu

2078 4117 2212 4173 Dei:
2242 4129 2293 4169 et
2323 4117 2458 4169 data:
2496 4127 2624 4170 sunt
2645 4117 2750 4169 illis
2780 4124 2985 4185 septem
3021 4117 3183 4169 tubae.
3219 4117 3284 4169 Et
3322 4117 3461 4171 alios
3490 4133 3651 4184 ange-

2069 4206 2159 4259 lus
2193 4208 2361 4266 venit,
2405 4214 2460 4258 et
2487 4205 2640 4258 stetit
2687 4216 2815 4259 ante
2850 4208 3024 4258 altare
3070 4206 3277 4260 habens
3321 4208 3652 4261 thuribulutn

2073 4311 2301 4350 aureum
2327 4297 2350 4330 ³
2381 4316 2395 4352 :
2428 4307 2482 4354 et
2511 4298 2633 4352 data
2658 4307 2784 4352 sunt
2817 4299 2890 4352 illi
2922 4302 3138 4353 incensa
3185 4301 3374 4365 multa,
3414 4313 3475 4354 ut
3502 4303 3647 4354 daret

2073 4389 2141 4442 de
2166 4389 2504 4444 orationibus
2549 4403 2860 4446 sanctorum
2894 4395 3136 4447 omnium
3165 4409 3326 4462 super
3351 4396 3518 4450 altare
3547 4413 3644 4448 au-

2079 4495 2253 4545 reum,
2305 4484 2446 4549 quod
2480 4493 2566 4537 est
2596 4493 2722 4538 ante
2756 4486 3012 4538 thronum
3061 4486 3172 4538 Dei.
3210 4486 3275 4538 Et
3302 4488 3542 4540 ascendit
3569 4488 3650 4538 fr;-

383 4557 454 4608 ab
489 4556 566 4606 ira
601 4555 773 4622 Agni:
808 4557 1058 4624 quoniam
1091 4557 1276 4610 :venit
1305 4555 1420 4612 dies
1455 4572 1678 4623 tttagnus
1711 4558 1802 4611 ira:
1833 4559 1958 4628 ipso

2087 4587 2206 4624 inus
2235 4572 2577 4628 incensurum
2610 4577 2676 4630 de
2699 4576 3036 4630 orationibus
3059 4587 3369 4631 sanctorum
3393 4582 3460 4633 de
3489 4595 3650 4633 manu

388 4662 508 4699 tum
544 4661 560 4698 :
597 4658 648 4699 et
680 4648 803 4713 quis
838 4647 1036 4714 poterit
1067 4647 1248 4701 stare?

460 4763 620 4835 [ϐαρ.
659 4763 793 4836 HL]
821 4765 946 4817 Post
971 4767 1085 4816 haec
1120 4764 1223 4816 vidi
1251 4773 1487 4831 quatuor
1517 4764 1738 4832 angelos
1767 4775 1974 4819 stantes

385 4872 554 4925 super
613 4866 847 4924 quatuor
901 4855 1126 4923 angulos
1186 4867 1376 4918 terrai,
1436 4866 1683 4910 tenentes
1742 4867 1976 4925 quatuor

391 4962 580 5004 ventos
615 4961 768 5002 terra:
797 4945 918 5018 (ms.
955 4957 1059 5000 lac.
1107 4945 1315 5018 terrm],
1346 4963 1410 5001 ne
1439 4947 1633 5000 ﬂarent
1665 4963 1828 5015 super
1856 4958 1970 5001 ter~

388 5061 530 5107 ram,
563 5058 737 5111 neque
779 5056 942 5109 super
986 5058 1154 5106 mare,
1191 5057 1366 5110 neque
1405 5042 1458 5094 in
1499 5043 1663 5094 ullam
1695 5043 1972 5096 arborem.

392 5136 455 5189 Et
483 5137 588 5188 vidi
615 5138 844 5186 alterum
867 5135 1119 5202 angelum
1150 5136 1528 5188 insecudcntem
1563 5135 1630 5186 ab
1659 5143 1782 5187 ortu
1813 5133 1966 5198 solis,

387 5231 676 5283 habentem
711 5227 923 5295 signum
955 5225 1042 5276 Dei
1082 5227 1219 5291 vivi;
1251 5237 1304 5278 et
1334 5229 1591 5280 claruavit
1620 5243 1750 5279 voce
1780 5242 1971 5295 magna

383 5331 620 5388 quatuor
653 5319 882 5386 angelis,
915 5322 1111 5386 quibus
1143 5317 1327 5369 datum
1368 5325 1451 5369 est
1485 5331 1679 5371 not-ere
1703 5329 1866 5372 terra:
1918 5324 1974 5368 et

387 5416 548 5474 mari.
589 5413 776 5465 dicens
810 5430 820 5464 :
854 5411 1034 5465 Nolite
1063 5426 1266 5462 nocere
1292 5420 1452 5462 terrm
1513 5421 1568 5461 et
1603 5409 1760 5474 mari,
1799 5424 1974 5478 neque

382 5509 696 5572 arboribus,
741 5506 1096 5574 quoadusque
1124 5507 1398 5572 signemus
1432 5518 1628 5556 servos
1675 5502 1767 5554 Dei
1803 5503 1971 5555 nostri

381 5599 438 5652 in
486 5600 750 5652 frontibus
799 5613 1014 5650 eorum.
1049 5596 1112 5648 Et
1158 5597 1341 5648 audivi
1393 5610 1679 5646 numerum
1729 5595 1972 5662 signato-

454 5737 472 5766 ¹
506 5739 680 5802 Atque
707 5737 820 5789 inec
852 5737 1046 5788 iterum
1085 5735 1148 5786 Et
1182 5735 1312 5796 vidi,
1335 5732 1488 5802 juxta
1515 5728 1734 5783 Grrcros
1764 5729 1973 5798 aliquot

383 5807 579 5864 lituos,
616 5821 716 5856 nis.
751 5817 940 5856 tiOstrr
975 5809 1205 5871 ignorat.

455 5874 476 5902 ⁸
509 5871 705 5926 Noster
755 5891 879 5941 um,
936 5875 1105 5927 bauer.
1159 5872 1484 5942 COMpL’aHu'
1533 5887 1784 5928 immanis
1839 5886 1968 5926 cou-

2079 4667 2255 4734 atrgcli
2300 4684 2483 4718 curam
2523 4667 2655 4722 Deo.
2709 4668 2776 4721 Et
2806 4669 3019 4738 accepit
3044 4674 3265 4739 angelus
3290 4673 3646 4732 thuribulum,

2076 4771 2127 4810 ct
2162 4759 2404 4827 implevit
2437 4759 2566 4812 illud
2595 4760 2662 4814 tle
2693 4761 2817 4828 igne
2846 4763 3056 4824 altaris,
3091 4775 3145 4816 et
3169 4763 3316 4818 misit
3344 4767 3395 4816 in
3427 4773 3649 4825 terrain,

2077 4862 2130 4903 et
2159 4851 2302 4903 facta
2349 4860 2473 4904 sunt
2509 4851 2768 4916 tonitrua,
2806 4864 2859 4906 et
2894 4868 3056 4908 voces
3087 4865 3142 4906 et
3185 4857 3423 4922 lulgura,
3456 4868 3509 4909 et
3537 4868 3650 4910 ter-

2080 4952 2340 4995 rmmotus
2381 4957 2629 5011 magnus.
2666 4942 2731 4994 Et
2775 4951 2984 5012 septem
3010 4951 3206 5014 angeli,
3244 4952 3334 5014 qui
3381 4948 3648 5000 habebant

2077 5048 2283 5103 septem
2318 5036 2493 5101 tubas,
2528 5052 2968 5108 pra-paraverunt
3001 5053 3081 5102 se,
3119 5048 3178 5091 ut
3210 5042 3335 5092 tuba
3369 5050 3646 5095 canerent.

2079 5130 2146 5182 Et
2183 5131 2389 5197 primus
2419 5133 2648 5200 angelus
2672 5133 2799 5187 tuba
2831 5134 3050 5196 cecinit,
3070 5143 3119 5186 et
3157 5134 3297 5187 facta
3315 5147 3400 5188 est
3424 5139 3644 5203 grando,

2078 5233 2132 5273 et
2161 5223 2322 5291 ignis,
2389 5224 2547 5277 tnista
2591 5225 2643 5277 in
2686 5240 2970 5295 sanguine,
3003 5235 3060 5279 et
3092 5227 3316 5281 missum
3351 5238 3434 5280 est
3459 5228 3505 5279 in
3539 5235 3650 5277 ter-

2082 5330 2238 5369 ram:
2277 5326 2332 5368 et
2362 5317 2522 5370 tertia
2561 5332 2684 5385 pars
2715 5327 2872 5373 terrae
2905 5321 3190 5372 combusta
3234 5329 3338 5385 est,
3391 5331 3444 5372 et
3485 5318 3642 5370 tertia

2079 5421 2202 5474 pars
2236 5409 2488 5461 arborum
2519 5420 2861 5463 concremata
2911 5419 3016 5466 est.
3070 5425 3123 5464 et
3151 5428 3309 5465 onrne
3361 5412 3530 5464 feriam
3565 5411 3644 5462 vi-

2079 5501 2194 5554 ride
2216 5503 2554 5555 combustum
2584 5512 2686 5555 est.
2741 5501 2805 5554 Et
2830 5505 3103 5556 secundus
3151 5503 3374 5572 angelus
3410 5502 3525 5554 tuba
3560 5516 3648 5554 ce-

2076 5594 2213 5647 cinit
2238 5611 2253 5647 :
2279 5604 2335 5647 et
2367 5604 2623 5662 tauquam
2657 5609 2813 5649 mons
2839 5611 3064 5664 magnus
3099 5597 3426 5664 igneardens
3453 5609 3650 5647 tnzssus

2076 5745 2338 5782 servorum
2380 5739 2432 5782 et
2476 5728 2705 5798 fratrum
2750 5745 2954 5794 eorum,
2989 5731 3079 5800 qui
3119 5732 3465 5800 ,inlerﬁciendi
3496 5739 3644 5794 sunt,

2075 5813 2183 5853 ειν.

2151 5869 2170 5898 ³
2199 5867 2362 5923 Addit
2386 5868 2528 5927 idem
2554 5883 2681 5936 ms.,
2719 5870 2772 5925 in
2812 5887 2974 5925 manu
3015 5888 3134 5929 sua.
