3946 6170
1620 134 1792 154 ονῖοην-
1824 134 1881 139 κ’-

341 244 445 309 901

1464 254 1525 315 B.
1574 253 1903 314 JOANNlS
1946 246 2483 314 APOCALYPSIS.

3484 256 3597 320 992

328 368 412 415 cst
438 360 489 412 in
527 372 720 416 mare:
750 368 804 413 et
830 358 968 413 facta
999 368 1081 414 est
1116 360 1272 414 tertia
1320 375 1445 429 pars
1477 362 1644 418 maris
1672 365 1912 433 sanguis,
1948 370 1989 426 Α
2026 364 2093 417 Ει
2122 365 2197 417 ita
2253 365 2361 418 vidi
2411 378 2580 432 equos
2635 364 2687 415 in
2726 364 2933 419 visione
2957 379 2977 419 .'
3011 372 3063 419 et
3097 365 3187 433 qui
3220 366 3483 422 sedebant
3507 386 3600 422 su-
3648 379 3652 382 ‘

326 462 381 506 et
424 465 636 505 mortua
672 460 756 505 est
789 453 949 505 tertia
986 466 1112 521 pars
1130 463 1397 507 creatum
1426 470 1638 519 eorum,
1668 473 1790 523 quae
1820 459 1914 509 ha-

328 541 527 596 bebant
566 541 780 595 animas
820 542 873 595 in
902 543 1062 606 mari,
1089 552 1141 596 et
1173 545 1332 596 tertia
1365 559 1491 614 pars
1516 546 1736 598 navium
1772 548 1914 601 inte-

328 628 441 690 riit.
495 635 555 689 Et
583 635 779 690 tertius
816 637 1044 705 angelus
1075 637 1200 690 tuba
1229 638 1428 691 cecinit
1459 656 1475 691 :
1513 648 1567 693 et
1602 640 1797 694 cecidit
1844 642 1912 695 de

322 724 465 779 caelo
492 724 643 778 stella
693 740 885 791 magna
918 725 1116 779 ardens
1144 734 1405 796 tanquam
1455 728 1653 793 facula,
1687 739 1743 783 et
1767 730 1913 784 ccci-

324 818 483 872 ditin
515 819 733 872 tertiam
767 827 980 885 partem
1006 817 1315 884 ﬂuminum,
1348 830 1403 874 et
1438 821 1489 874 in
1522 820 1698 876 fontes
1739 836 1910 889 aqua-

329 926 447 964 rmn
472 924 488 963 :
520 918 575 963 et
604 923 801 962 nomen
834 908 1007 963 stella:
1048 911 1252 965 dicitur
1277 911 1612 966 absinthium
1643 930 1660 968 ;
1688 923 1743 966 et
1772 912 1911 967 facta

326 1012 409 1055 est
434 1000 592 1054 tertia
622 1014 748 1069 pars
784 1013 1049 1067 aquarum
1079 1002 1131 1054 in
1154 1002 1485 1055 absinthium
1512 1020 1528 1059 :
1551 1012 1609 1058 et
1637 1004 1789 1057 multi
1815 1004 1912 1058 ho-

330 1092 537 1145 minum
559 1091 761 1144 mortui
784 1097 909 1144 sunt
928 1092 993 1143 de
1016 1092 1191 1158 aquis,
1212 1093 1338 1158 quia
1357 1107 1555 1148 amarae
1577 1093 1734 1149 facta:
1757 1104 1907 1150 sunt.

326 1183 394 1236 Et
425 1192 652 1251 quartus
706 1182 934 1251 angelus
989 1182 1112 1236 tuba
1148 1183 1370 1248 cecinit,
1407 1192 1462 1238 et
1510 1199 1768 1253 percussa
1824 1192 1910 1240 est

326 1274 482 1327 tertia
515 1289 641 1341 pars
683 1273 838 1338 solis,
874 1283 929 1327 et
960 1276 1117 1327 tertia
1165 1291 1290 1344 pars
1323 1275 1482 1338 lunae,
1512 1286 1566 1330 et
1597 1277 1757 1331 tertia
1780 1292 1907 1345 pars

328 1367 615 1421 stellarum
654 1383 670 1420 :
702 1366 775 1420 ita
818 1376 878 1420 ut
903 1368 1293 1422 obscuraretur
1332 1371 1488 1422 tertia
1522 1385 1648 1438 pars
1694 1385 1905 1436 eorum,

324 1470 383 1515 et
425 1459 534 1513 diei
566 1473 677 1514 non
714 1458 920 1513 luceret
953 1474 1079 1525 pars
1130 1461 1311 1525 tertia,
1345 1470 1401 1514 et
1426 1462 1599 1514 noctis
1630 1462 1903 1517 similiter.

260 1600 270 1606 .
324 1551 394 1605 Et
423 1551 559 1616 vidi,
592 1560 648 1604 et
668 1550 850 1605 audivi
903 1566 1089 1606 vocem
1121 1555 1280 1606 unius
1316 1554 1511 1622 aquilae
1541 1554 1776 1608 volantis
1812 1571 1909 1624 per

327 1648 565 1698 medium
618 1644 762 1709 cmli,
807 1644 1038 1699 dicentis
1070 1660 1204 1699 voce
1256 1661 1445 1716 magna
1485 1660 1501 1702 :
1538 1644 1647 1711 Vae,
1699 1663 1800 1713 vae,
1830 1663 1907 1703 vin

324 1735 703 1790 habitantibus
732 1737 785 1790 in
817 1744 984 1802 terra,
1010 1740 1079 1792 de
1106 1739 1320 1792 caeteris
1352 1738 1574 1793 vocibus
1602 1738 1764 1793 trium
1799 1755 1899 1794 an-

325 1826 600 1896 gelorum,
635 1827 729 1896 qui
763 1838 923 1882 erant
964 1828 1089 1883 tuba
1115 1830 1373 1885 canituri.

403 1919 560 1991 (Cap.
620 1918 737 1990 lX.]
782 1920 846 1975 Et
883 1921 1108 1990 quintus
1142 1924 1365 1993 angelus
1399 1925 1526 1979 tuba
1570 1926 1811 1983 cecinit:
1857 1934 1913 1980 et

330 2010 443 2064 vidi
500 2010 715 2065 stellam
768 2012 835 2065 de
872 2014 1021 2067 caelo
1055 2015 1320 2071 cecidisse
1354 2018 1405 2071 in
1436 2028 1662 2083 terram,
1693 2031 1748 2073 et
1786 2020 1910 2071 data

328 2109 417 2155 est
441 2102 488 2155 ei
517 2101 685 2156 clavis
709 2103 852 2171 putei
880 2104 1089 2174 abyssi.
1115 2105 1181 2159 Et
1208 2108 1423 2176 aperuit
1450 2121 1670 2175 puteum
1695 2109 1911 2178 abyssi:

331 2208 391 2251 et
448 2196 694 2249 ascendit
788 2195 969 2251 fumus
1053 2197 1221 2264 pulei,
1279 2198 1417 2251 sicut
1480 2198 1659 2254 fumus
1730 2198 1915 2252 forna-

332 2288 415 2342 cis
458 2302 704 2356 magnse:
737 2297 792 2342 et
821 2286 1142 2342 obscuratus
1172 2297 1255 2342 est
1282 2289 1360 2341 sol
1395 2298 1449 2342 et
1505 2304 1598 2345 aer
1656 2292 1721 2344 de
1764 2290 1914 2344 fumo

331 2382 483 2453 putei
512 2398 528 2437 :
561 2381 700 2435 etde
731 2379 880 2434 fumo
909 2382 1053 2450 putei
1078 2382 1329 2435 exierunt
1351 2383 1576 2437 locustae
1600 2386 1652 2437 in
1684 2392 1910 2450 terram,

328 2480 390 2527 et
419 2472 546 2523 data
580 2480 665 2525 est
704 2470 811 2525 illis
844 2478 1119 2538 petestas,
1160 2470 1303 2524 sicut
1342 2472 1544 2527 habent
1586 2481 1909 2541 potestatem

326 2564 863 2629 seorpionesterrre:
906 2572 959 2616 ct
995 2573 1322 2631 praeceptum
1363 2574 1448 2617 est
1479 2564 1601 2626 illis,
1655 2581 1720 2617 ne
1749 2568 1912 2619 hede-

329 2666 457 2709 rent
485 2655 664 2707 fenum
699 2662 880 2717 terrae,
913 2654 1286 2722 neque’outne
1332 2656 1523 2720 viride,
1565 2673 1740 2725 neque
1789 2673 1909 2710 οιιιό

329 2762 458 2799 ιιειιι
493 2745 767 2811 arborem,
823 2745 929 2800 nisi
980 2756 1190 2799 tantum
1239 2746 1506 2813 homines,
1536 2749 1628 2816 qui
1660 2762 1767 2802 non
1809 2749 1909 2802 ha-

326 2837 463 2892 bent
484 2838 697 2908 signum
735 2838 828 2892 Dei
865 2837 918 2890 in
953 2836 1221 2892 frontibus
1246 2839 1368 2892 suis
1395 2856 1411 2892 :
1444 2850 1497 2892 et
1530 2841 1716 2893 datum
1742 2851 1825 2894 est
1847 2841 1912 2894 il-

320 2932 422 2991 lis,
467 2946 533 2984 ne
572 2931 885 2985 occiderent
914 2945 1047 2997 eos;
1073 2930 1169 2985 sed
1207 2940 1260 2983 ut
1291 2932 1597 2987 cruciarent
1632 2934 1909 2988 mensibus

2018 468 2117 522 per
2142 469 2261 516 eos,
2304 453 2583 507 habebant
2622 453 2821 507 loricas
2850 456 3038 523 igneas
3086 462 3142 508 et
3194 456 3595 525 hyacinthinas,

2016 553 2073 597 et
2101 545 2450 612 sulphureas.
2487 552 2543 596 et
2587 544 2767 611 capita
2822 558 3089 611 equorum
3136 553 3295 597 erant
3339 554 3597 612 tanquam

2015 636 2194 705 capita
2229 634 2443 688 leonum
2476 644 2569 690 :ct
2614 636 2681 687 de
2710 650 2805 689 ore
2846 649 3035 689 eorum
3064 635 3307 703 procedit
3344 636 3502 705 ignis,
3547 646 3599 688 rt

2016 723 2223 785 fumus,
2254 733 2310 777 et
2363 722 2614 790 sulphur.
2656 723 2722 776 Et
2775 724 2843 777 ab
2878 724 2961 778 his
3010 726 3183 778 tribus
3221 725 3391 794 plagis
3415 726 3596 780 occisa

2011 823 2102 869 est
2146 815 2305 866 tertia
2360 828 2485 881 pars
2520 813 2830 875 hominum,
2868 815 2933 868 de
2981 815 3121 885 igne,
3152 823 3207 869 et
3244 816 3312 871 de
3341 818 3513 880 fonto,
3543 827 3600 871 et

2014 906 2294 975 sulphure,
2339 920 2458 972 quze
2502 906 2868 972 procedebant
2898 906 2965 959 de
2988 921 3083 960 ore
3139 906 3403 976 ipsorum.
3441 908 3602 963 Pote-

2013 1008 2128 1053 stas
2157 1000 2302 1051 enim
2343 1011 2604 1065 equorum
2644 1002 2701 1050 in
2745 1012 2843 1052 ore
2873 1014 3065 1052 eorum
3089 1008 3194 1063 est,
3227 1008 3283 1053 et
3327 1002 3382 1055 in
3408 1002 3600 1057 caudis

2011 1104 2198 1144 eorum
2232 1090 2270 1142 ί.
2306 1088 2441 1141 Natn
2494 1089 2681 1143 cauda:
2739 1104 2927 1143 eorum
2979 1090 3184 1145 similes
3230 1094 3599 1160 serpentibus,

2013 1182 2273 1237 habentes
2307 1181 2485 1250 capita
2516 1196 2533 1235 :
2565 1188 2622 1235 et
2650 1180 2704 1235 in
2742 1181 2826 1236 his
2856 1191 3075 1237 nocent.
3106 1182 3173 1237 Et
3200 1186 3382 1239 caeteri
3417 1187 3598 1241 homi-

2014 1291 2129 1340 nes,
2160 1277 2252 1345 qui
2304 1289 2414 1329 non
2466 1282 2597 1329 sunt
2640 1273 2808 1328 occisi
2842 1275 2895 1328 in
2922 1275 3007 1329 his
3038 1275 3230 1346 plagis,
3268 1292 3445 1347 neque
3474 1294 3597 1347 pue-

2012 1369 2300 1423 nitentiam
2317 1377 2549 1435 egerunt
2580 1367 2645 1421 de
2673 1368 2928 1436 Operibns
2952 1383 3211 1423 manuum
3260 1385 3508 1438 suarum,
3537 1382 3597 1427 ut

2011 1479 2117 1517 non
2130 1462 2423 1517 adorarent
2439 1462 2786 1528 damiunia,et
2801 1463 3091 1518 simulacra
3110 1479 3299 1531 aurea,
3315 1478 3593 1536 argentea,

2010 1563 2065 1609 et
2091 1570 2265 1618 aerata,
2298 1566 2353 1607 et
2385 1554 2615 1624 lapidea,
2686 1564 2743 1610 et
2774 1555 2974 1624 lignea,
3026 1570 3148 1625 quae
3209 1572 3385 1626 neque
3414 1557 3599 1613 videre

2013 1656 2260 1715 possunt,
2287 1660 2463 1714 neque
2484 1646 2695 1712 audire,
2725 1662 2900 1715 neque
2923 1647 3200 1701 ambulare
3228 1664 3245 1701 :
3276 1658 3331 1702 et
3349 1663 3454 1702 non
3472 1662 3597 1718 ege-

2018 1750 2143 1792 runt
2168 1738 2545 1807 ptenitentiam
2568 1740 2634 1791 ab
2655 1737 2962 1792 homicidiis
2987 1739 3125 1805 suis,
3152 1754 3373 1803 nequea
3398 1740 3598 1793 venefi-

2014 1830 2114 1884 ciis
2133 1830 2268 1893 suis,
2290 1845 2466 1899 neque
2490 1846 2520 1883 a
2543 1828 2900 1886 fornicatione
2919 1845 3217 1899 sua,ueque
3234 1847 3263 1884 a
3283 1832 3443 1886 furtis
3460 1834 3593 1888 suis.

2081 1919 2238 1993 [Cap.
2266 1920 2360 1992 X.)
2396 1922 2463 1975 Et
2491 1921 2601 1977 vidi
2635 1921 2801 1975 alium
2849 1922 3100 1992 angelum
3132 1923 3327 1978 fortem
3361 1926 3594 1979 descen-

2015 2012 2230 2065 dentem
2281 2013 2347 2065 de
2387 2012 2529 2067 cmlo
2575 2016 2837 2066 amictum
2882 2016 3046 2079 nube,
3089 2027 3145 2069 et
3183 2016 3280 2071 iris
3316 2021 3372 2071 in
3406 2018 3590 2085 capite

2014 2103 2156 2171 ejus,
2186 2113 2240 2157 et
2292 2103 2458 2157 facies
2510 2103 2632 2173 ejus
2656 2114 2861 2159 eratut
2888 2107 2991 2171 sol,
3022 2117 3078 2162 et
3126 2107 3292 2177 pedes
3325 2109 3446 2177 ejus
3473 2120 3597 2162 tan-

2013 2210 2177 2263 quam
2213 2199 2482 2250 columna:
2518 2195 2656 2264 ignis
2703 2213 2721 2251 :
2774 2208 2828 2250 et
2872 2198 3107 2252 habebat
3133 2199 3186 2252 iu
3216 2216 3376 2253 manu
3404 2215 3501 2253 sua
3534 2201 3597 2254 li-

2015 2287 2216 2341 bellum
2248 2286 2498 2355 apertum
2548 2304 2562 2339 :
2594 2298 2650 2342 et
2685 2290 2864 2357 posuit
2899 2293 3088 2358 pedem
3129 2307 3289 2345 suum
3340 2295 3593 2346 dextrum

2015 2392 2181 2445 super
2239 2393 2412 2441 mare,
2465 2378 2750 2433 sinistrum
2797 2390 2978 2433 autem
3033 2396 3199 2449 super
3264 2391 3597 2437 terramzet

2013 2470 2274 2524 clamavit
2305 2484 2435 2524 voce
2462 2485 2679 2539 magna,
2712 2473 3175 2539 quemadmodum
3209 2489 3336 2527 cum
3386 2475 3474 2528 leo
3503 2491 3597 2528 ru-

2013 2562 2108 2629 git.
2148 2560 2210 2613 Et
2242 2576 2366 2614 cum
2392 2561 2705 2625 clamasset,
2735 2562 2913 2616 locuta
2956 2574 3083 2617 sunt
3114 2578 3320 2635 septem
3350 2568 3592 2621 tonitrua

2016 2665 2175 2706 voces
2200 2668 2349 2706 suas.
2377 2653 2441 2705 Et
2467 2668 2588 2706 cum
2617 2654 2797 2707 locuta
2836 2656 3066 2710 fuissent
3104 2667 3316 2726 septem
3352 2663 3592 2715 tonitrua

2014 2759 2174 2797 voces
2208 2759 2355 2805 suas,
2393 2759 2493 2813 ego
2522 2746 2830 2812 scripturus
2869 2762 3020 2800 eram
3071 2766 3086 2803 :
3116 2764 3169 2802 et
3199 2750 3382 2804 audivi
3407 2764 3591 2806 vocem

2014 2838 2079 2891 de
2104 2837 2243 2892 cmlo
2279 2838 2551 2892 dicentem
2596 2840 2727 2892 mihi
2756 2855 2772 2894 :
2807 2839 2971 2910 Signa
3012 2858 3129 2910 quae
3154 2843 3328 2896 locuta
3356 2857 3481 2899 sunt
3508 2861 3594 2901 se-

2017 2940 2159 2998 ptem
2185 2931 2441 2993 tonitrua,
2468 2938 2521 2981 et
2553 2928 2659 2980 noli
2693 2945 2752 2981 ea
2776 2931 3039 2985 scribere.
3068 2932 3129 2984 Et
3150 2935 3397 3002 angelus,
3428 2951 3589 3005 quem

321 3023 610 3091 quinque:
646 3033 702 3074 et
750 3021 1026 3073 cruciatus
1050 3035 1238 3074 eorum
1281 3032 1339 3073 ut
1381 3024 1655 3076 cruciatus
1704 3024 1906 3091 scorpii
1937 3036 1979 3092 ε
2016 3024 2122 3077 vidi
2156 3033 2386 3076 stantem
2438 3037 2605 3091 super
2635 3038 2806 3084 mare.
2840 3033 2897 3077 et
2926 3038 3088 3093 super
3128 3036 3352 3090 terram,
3390 3028 3591 3085 levavit

320 3129 452 3167 cum
504 3113 739 3183 percutit
770 3112 1068 3165 hominem.
1100 3111 1167 3164 Et.
1222 3112 1271 3165 in
1302 3112 1493 3166 diebus
1527 3112 1633 3166 illis
1661 3125 1908 3182 quaerent

317 3205 586 3258 homines
635 3211 961 3268 mortem,et
1004 3218 1110 3257 non
1143 3206 1422 3259 invenient
1463 3219 1625 3259 eam:
1679 3215 1734 3258 et
1769 3205 1910 3258 desi-

324 3298 607 3352 derabunt
642 3297 805 3361 mori,
855 3306 909 3349 et
936 3296 1104 3365 fugiet
1130 3313 1278 3353 mors
1309 3303 1379 3352 ab
1411 3299 1513 3352 eis.
1544 3299 1612 3352 Et
1649 3299 1906 3353 similitu-

316 3392 483 3444 dines
504 3391 861 3453 locustarum,
895 3389 1104 3445 similes
1126 3391 1281 3460 equis
1308 3394 1514 3460 paratis
1536 3393 1588 3443 in
1620 3390 1903 3459 praelium:

311 3491 377 3534 et
405 3496 575 3548 super
606 3482 782 3549 capita
809 3496 998 3535 earum
1034 3488 1289 3549 tanquam
1328 3496 1543 3536 corona!
1568 3483 1776 3535 similes
1810 3499 1903 3534 att-

314 3587 427 3625 ro:
460 3582 513 3625 et
546 3569 712 3625 facies
740 3586 929 3625 earum
989 3582 1248 3642 tanquam
1285 3571 1451 3627 facies
1495 3573 1801 3628 hominum.
1840 3573 1907 3628 Et

314 3666 609 3719 habebant
636 3664 857 3733 capillos
888 3666 1029 3718 sicut
1058 3666 1283 3733 capillos
1315 3666 1598 3719 mulierum
1626 3682 1643 3731 ;
1674 3679 1728 3721 et
1765 3668 1904 3720 deu—

309 3766 403 3814 tes
430 3772 648 3819 earum,
677 3757 818 3809 sicut
854 3758 1042 3810 dentes
1076 3758 1291 3811 bonum
1331 3768 1529 3814 erant;
1559 3769 1609 3812 et
1638 3759 1907 3812 habebant

304 3852 526 3903 loricas
552 3850 695 3902 sicut
734 3848 932 3901 loricas
974 3848 1223 3913 ferreas;
1252 3858 1306 3903 et
1340 3865 1442 3903 vox
1475 3852 1681 3903 alarum
1715 3866 1904 3904 earum

297 3945 461 3998 sicut
493 3956 597 3996 vox
631 3956 887 3995 curruum
933 3955 1198 4009 equorum
1247 3943 1535 3995 multorum
1565 3943 1904 3996 currentium

298 4040 366 4092 in
406 4034 610 4089 bellum
640 4052 654 4090 :
686 4041 739 4087 ct
765 4034 1038 4087 habebant
1060 4034 1262 4089 caudas
1297 4036 1502 4090 similes
1536 4039 1907 4104 scorpionum,

291 4138 359 4181 et
396 4127 579 4180 aculei
613 4136 767 4179 erant
796 4128 848 4179 in
876 4128 1067 4179 caudis
1095 4142 1282 4181 earum
1311 4144 1325 4179 :
1367 4138 1418 4181 et
1452 4140 1692 4197 petestas
1719 4146 1906 4182 earum

288 4233 520 4273 nocere
579 4217 889 4271 lmminibus
932 4220 1208 4272 mensibus
1237 4219 1519 4287 quinque:
1552 4235 1603 4272 et
1638 4224 1909 4274 habebant

2010 3130 2229 3169 martum
2258 3129 2409 3168 suam
2460 3114 2526 3166 ad
2557 3115 2755 3167 caelum
2788 3130 2801 3169 :
2844 3125 2900 3168 et
2938 3116 3143 3184 juravit
3173 3134 3271 3187 per
3303 3119 3586 3175 Viventem

2011 3208 2064 3260 in
2101 3206 2304 3260 saecula
2331 3206 2788 3275 smeulurum,qui
2816 3207 3022 3260 creavit
3052 3210 3270 3275 caelum,
3300 3221 3355 3264 ct
3383 3226 3444 3266 ea
3468 3226 3589 3281 qua

2012 3298 2064 3351 in
2118 3311 2182 3350 eo
2232 3306 2402 3362 sunt;
2433 3305 2486 3349 et
2516 3307 2744 3359 terram,
2794 3310 2849 3350 et
2897 3312 2956 3350 ea
2983 3313 3103 3365 qua:
3156 3300 3208 3350 in
3240 3316 3303 3353 ea
3329 3309 3497 3370 sunt;
3534 3313 3591 3356 et

2011 3404 2180 3451 mare,
2216 3400 2271 3442 et
2298 3402 2361 3443 ea
2399 3403 2521 3457 quae
2554 3391 2608 3442 iu
2636 3404 2700 3443 eo
2734 3400 2905 3443 sunt:
2939 3391 3075 3453 Quia
3100 3400 3315 3459 tempus
3349 3409 3455 3447 non
3488 3398 3591 3448 erit

2010 3482 2245 3550 amplius
2271 3496 2287 3545 ;
2316 3482 2412 3535 sed
2456 3481 2510 3533 in
2540 3480 2735 3534 diebus
2768 3486 2912 3535 vocis
2943 3482 2964 3510 ’
2990 3483 3205 3550 septimi
3234 3487 3431 3553 angeli,
3463 3502 3587 3540 cum

2008 3576 2240 3642 cmperit
2286 3573 2412 3625 tuba
2467 3587 2688 3634 canere,
2738 3576 3214 3627 consuunnabitur
3269 3580 3589 3646 mySIcriunt

2011 3668 2124 3731 Dei,
2160 3669 2306 3721 sicut
2342 3667 2737 3734 evangelizavit
2767 3681 2863 3734 per
2895 3680 3083 3719 servos
3114 3684 3240 3720 suos
3268 3671 3585 3737 prophetas.

2010 3759 2072 3812 Et
2095 3761 2273 3812 audivi
2310 3772 2493 3811 vocem
2519 3760 2582 3810 de
2609 3760 2749 3810 cmlo
2779 3758 2971 3810 iterum
3005 3758 3310 3826 loquentem
3342 3776 3580 3829 mecum,

2006 3866 2061 3907 et
2097 3855 2405 3907 dicentem:
2460 3849 2625 3910 \adc,
2686 3862 2740 3902 et
2771 3851 2957 3917 ιιι-ειιιε
2994 3851 3187 3904 librum
3221 3862 3466 3921 apertum
3518 3857 3587 3909 de

2010 3963 2171 4001 manu
2198 3962 2317 4016 ang:
2340 3946 2372 3997 li
2397 3947 2593 3998 stantis
2618 3959 2779 4009 super
2801 3959 2970 4008 mare,
2999 3960 3050 3997 et
3073 3961 3236 4015 super
3265 3959 3487 4006 terram.
3524 3950 3587 4003 lit

2010 4040 2115 4092 abii
2144 4040 2209 4093 ad
2238 4040 2512 4107 angelum,
2560 4039 2747 4090 dicens
2766 4038 2812 4089 ei
2849 4047 2907 4088 ut
2936 4037 3092 4095 daret
3123 4040 3250 4092 mihi
3279 4041 3497 4106 librum,
3530 4055 3587 4096 et

2008 4132 2144 4186 dixit
2175 4130 2309 4184 mihi
2339 4146 2350 4156 ·
2388 4131 2585 4198 Accipe
2612 4129 2838 4195 librum,
2876 4142 2931 4186 ει
2956 4133 3149 4184 devora
3178 4133 3325 4185 illum
3354 4151 3369 4187 :
3398 4145 3452 4187 et
3508 4138 3585 4188 ta-

2009 4229 2115 4280 ciet
2140 4226 2441 4277 antarttzare
2475 4233 2714 4278 ventrem
2751 4233 2927 4289 tuum,
2956 4226 3052 4277 sed
3108 4226 3165 4279 in
3187 4242 3281 4282 ore
3314 4236 3406 4283 tuo
3478 4239 3585 4282 erit

283 4326 487 4380 super
536 4326 596 4363 se
647 4324 827 4379 regem
868 4311 1122 4378 angelum
1178 4310 1382 4380 abyssi,
1418 4312 1503 4364 cui
1552 4327 1748 4367 nomen
1802 4313 1907 4367 lle-
1938 4354 1982 4410 Β
2010 4320 2443 4386 dulcetanquam
2471 4315 2595 4369 mel.
2618 4316 2683 4369 Et
2706 4318 3105 4385 acccpilihrum
3122 4321 3361 4373 demanu
3383 4326 3581 4391 angeli,

278 4405 508 4461 braice
538 4403 797 4455 Abaddon
849 4398 973 4472 ints.
1011 4401 1247 4472 Abdonj,
1298 4401 1485 4455 Graece
1523 4418 1703 4457 autem
1736 4404 1899 4474 Apol—

274 4500 466 4569 lymi,
526 4494 718 4547 Latine
796 4496 1004 4548 habens
1075 4510 1273 4547 nomen
1346 4494 1746 4551 Exterminans.
1814 4496 1901 4551 Va:

270 4605 486 4645 unum
524 4588 677 4651 abiit,
737 4596 791 4640 et
841 4602 968 4640 ecce
1034 4590 1255 4640 veniunt
1291 4588 1467 4642 adhuc
1514 4590 1623 4644 duo
1655 4605 1733 4644 va:
1782 4602 1903 4658 post

270 4688 450 4739 haec.
501 4678 570 4733 Et
597 4691 782 4734 sextus
824 4678 1046 4749 angelus
1072 4681 1196 4734 tuba
1222 4681 1421 4737 cecinit
1452 4697 1465 4733 :
1498 4690 1555 4735 et
1600 4685 1779 4737 audivi
1807 4699 1901 4738 vo-

261 4793 425 4834 cem
477 4789 646 4827 unam
678 4788 743 4827 ex
790 4784 1020 4843 quatuor
1048 4775 1305 4829 cornibus
1332 4775 1519 4830 altaris
1552 4779 1728 4841 aurei,
1755 4778 1899 4848 quod

258 4880 372 4925 est
416 4877 561 4920 ante
613 4866 804 4920 oculos
859 4864 976 4931 Dei,
1009 4867 1283 4921 dicentem
1338 4878 1493 4923 sexto
1533 4870 1748 4938 angelo,
1789 4870 1886 4939 qui

257 4960 553 5020 habebat
596 4960 824 5013 tubam:
874 4958 1035 5013 Solve
1075 4970 1312 5029 quatuor
1351 4963 1597 5031 angelos,
1637 4968 1729 5031 qui
1779 4963 1899 5017 alli—

251 5060 405 5129 gati
441 5060 583 5106 sunt
612 5055 664 5105 in
693 5052 914 5106 flumine
937 5067 1133 5123 magno
1165 5051 1463 5121 Euphrate.
1484 5054 1546 5105 Et
1574 5054 1739 5108 soluti
1768 5064 1894 5109 sunt

247 5158 547 5221 quatuor
582 5145 782 5214 angeli,
811 5147 902 5214 qui
936 5146 1109 5213 parati
1138 5156 1294 5200 erant
1329 5148 1380 5200 in
1403 5150 1617 5211 horam,
1642 5157 1697 5202 et
1728 5148 1894 5215 diem,

244 5258 315 5301 ct
365 5253 672 5303 merisem,
710 5247 764 5292 et
794 5253 1018 5303 armum,
1072 5248 1130 5291 ut
1172 5239 1488 5293 occiderent
1523 5241 1737 5294 tertiam
1770 5258 1895 5311 paro

242 5356 386 5394 rem
432 5333 761 5385 horninum.
792 5327 859 5383 Et
908 5345 1170 5387 numerus
1197 5334 1470 5400 equestris
1497 5336 1776 5391 exercitus
1815 5338 1896 5391 vi—

234 5434 387 5487 cies
438 5422 657 5478 millies
682 5425 820 5477 dena
852 5422 1043 5478 millia.
1069 5422 1134 5477 Et
1161 5424 1343 5479 audivi
1371 5440 1656 5479 numerum
1683 5443 1895 5483 eorum..

327 5638 347 5669 ι
396 5631 602 5684 Tacet
643 5637 831 5683 noster
881 5642 981 5683 ms.
1008 5627 1161 5700 juxta
1202 5628 1451 5686 Grrccum
1517 5631 1678 5687 verba
1738 5644 1785 5689 et
1839 5636 1892 5691 in

227 5734 293 5767 ιη
313 5709 407 5763 ud
420 5705 483 5755 is
529 5714 730 5750 eorum.

2007 4415 2062 4459 et
2094 4407 2348 4459 devoravi
2392 4405 2539 4457 illum
2566 4418 2581 4456 :
2620 4415 2675 4457 et
2700 4407 2885 4459 eratin
2917 4422 3012 4460 ore
3043 4422 3163 4461 meo
3197 4418 3450 4480 tanquam
3478 4416 3585 4467 mel

2006 4499 2180 4561 dulce,
2197 4507 2389 4551 etcum
2413 4503 2758 4550 devorassem
2780 4512 2925 4562 eum,
2947 4499 3277 4556 amaricatus
3297 4511 3381 4556 est
3400 4514 3589 4558 venter

2007 4605 2160 4643 meus
2185 4605 2199 4655 ;
2224 4597 2276 4643 et
2318 4589 2453 4643 dixit
2478 4589 2609 4641 mihi
2638 4609 2648 4644 :
2677 4586 2905 4658 Oportet
2939 4600 2991 4645 te
3033 4592 3229 4646 iterum
3260 4596 3585 4663 prephetare

2006 4684 2282 4751 gentibus,
2332 4692 2382 4735 et
2418 4682 2652 4751 populis,
2680 4690 2735 4737 ct
2781 4682 3004 4752 linguis,
3048 4694 3104 4741 et
3129 4690 3346 4757 regibus
3378 4692 3581 4747 multis.

2082 4776 2238 4847 |Cap.
2275 4772 2395 4847 XL}
2425 4773 2491 4829 Et
2527 4776 2687 4830 datus
2713 4784 2796 4830 est
2819 4778 2953 4832 mihi
2975 4779 3219 4837 calamus
3246 4784 3440 4837 similis
3474 4788 3586 4839 vir-

2002 4884 2105 4939 gae,
2127 4878 2182 4923 et
2216 4868 2421 4922 dictum
2451 4876 2537 4921 est
2567 4868 2699 4920 mihi
2728 4885 2742 4922 :
2788 4868 2983 4940 Surge,
3012 4883 3069 4926 et
3094 4854 3288 4929 metire
3324 4880 3583 4945 templum

2002 4962 2120 5028 Dei,
2153 4972 2209 5017 et
2242 4962 2435 5025 altare,
2472 4970 2527 5018 et
2557 4961 2851 5019 adorantes
2880 4963 3005 5036 Ima.
3043 4967 3374 5038 habitantes]
3412 4970 3465 5022 in
3493 4986 3577 5024 eo.

2000 5058 2213 5111 Atrium
2234 5064 2437 5117 autem,
2463 5054 2609 5123 quod
2628 5064 2711 5110 est
2734 5055 2868 5111 foris
2888 5057 3172 5129 templum,
3198 5063 3392 5131 ejicere
3410 5061 3573 5123 foras,

1999 5160 2143 5205 etne
2174 5150 2420 5204 metiaris
2435 5150 2565 5204 illud
2593 5150 2886 5220 :quoniam
2904 5153 3091 5207 datum
3126 5166 3207 5209 est
3229 5156 3498 5224 gentibus,
3532 5174 3581 5209 et

1999 5242 2280 5296 civitatem
2307 5249 2551 5295 sanctam
2576 5242 2867 5298 calcabunt
2898 5246 3173 5297 mensibus
3220 5246 3577 5312 quadraginta

1999 5336 2245 5390 duobus:
2270 5344 2324 5390 et
2359 5336 2497 5390 dabo
2532 5337 2742 5391 duobus
2768 5337 2999 5391 testibus
3018 5339 3170 5399 meis,
3192 5345 3249 5387 et
3293 5341 3581 5403 propheta-

2000 5427 2761 5485 buntdiebusmilleducentis
2777 5428 3074 5499 sexaginta,
3098 5428 3490 5481 amictisaccts.
3513 5427 3581 5481 lli

2069 5639 2089 5668 ²
2117 5634 2221 5689 Pro
2252 5635 2342 5688 sed
2384 5636 2437 5687 in
2476 5634 2662 5689 diebus
2694 5635 2854 5704 vocis,
2883 5642 2988 5690 etc.
3010 5673 3025 5702 ,
3066 5632 3230 5690 habet
3256 5642 3443 5690 noster
3475 5646 3579 5688 ms.

1999 5716 2045 5761 et
2078 5706 2257 5779 vidijn
2292 5704 2400 5771 ﬁne
2434 5708 2590 5771 cocis,
2624 5716 2725 5760 etc.
