3946 6170
406 392 513 453 903

1323 390 1384 449 S.
1423 388 1861 448 lllERONYMl
1907 391 2172 451 DIVINA
2222 388 2750 453 lilBLlOTiIECA.

3561 395 3662 459 904

393 510 521 555 sunt
551 500 671 553 dua:
703 498 947 565 olivtc,et
970 497 1075 553 duo
1096 496 1422 552 candelabra
1460 498 1512 550 in
1543 506 1840 566 ermSpectu
1879 497 1981 552 Do-
2008 503 2058 560 Λ
2088 501 2371 553 mulierem
2428 516 2551 568 qua:
2581 512 2701 554 erat
2739 499 3008 569 paritura,
3035 509 3093 554 ut
3113 515 3236 556 cum
3271 504 3665 575 peperisset,“-

398 590 527 644 mini
554 600 711 644 terra:
749 598 975 643 stantes.
1007 587 1072 641 Et
1114 587 1157 640 si
1194 587 1317 655 quis
1351 588 1583 640 voluerit
1601 604 1694 641 eos
1759 602 1977 649 nocere.

398 681 535 751 ignis
562 683 705 734 exiet
730 682 797 734 de
826 694 918 733 ore
950 692 1167 740 eorum,
1196 688 1253 731 et
1300 677 1584 731 «levor-abit
1614 679 1869 732 inimicos
1890 693 1982 732 eo«

399 790 561 827 rum:
605 785 658 826 et
703 774 745 825 si
780 773 902 841 quis
937 770 1175 825 voluerit
1232 784 1331 824 eos
1382 769 1606 835 lrdere,
1652 772 1732 824 sic
1768 777 1983 837 oportet

395 880 519 919 eum
544 865 742 917 occidi.
770 863 835 916 lli
868 864 1077 917 habent
1101 870 1426 931 potestatein
1448 863 1734 916 claudendi
1758 865 1981 925 cretum,

404 973 471 1009 ne
505 958 657 1023 plunt
689 955 883 1009 diebus
914 955 1214 1024 prophetiae
1251 955 1490 1023 ipsorum
1521 970 1534 1007 :
1572 963 1627 1006 et
1663 964 1982 1021 potestatem

397 1050 597 1101 habent
627 1063 789 1115 super
818 1062 988 1115 aquas
1033 1047 1385 1100 convertendi
1420 1061 1513 1101 eas
1548 1047 1599 1100 in
1634 1048 1983 1110 sanguinem,

396 1151 449 1192 et
486 1148 780 1205 percutere
816 1149 1019 1193 terram
1055 1140 1202 1192 omni
1241 1138 1397 1207 plaga
1428 1140 1855 1207 quotiescunque
1894 1154 1987 1191 vo-

400 1232 617 1284 luerint.
643 1232 854 1284 Etcum
906 1230 1145 1284 (inierint
1180 1216 1551 1285 testiinonium
1591 1244 1772 1294 suum,
1812 1231 1985 1284 bestia

396 1340 517 1391 qua:
535 1325 778 1377 ascendit
798 1324 863 1376 de
886 1325 1084 1392 abysso
1113 1324 1273 1377 faciet
1294 1324 1555 1377 adversus
1574 1338 1669 1377 eos
1696 1323 1916 1385 bellum,
1936 1332 1990 1377 et

402 1418 580 1470 vincet
617 1415 760 1481 illos,
790 1426 843 1469 et
872 1418 1089 1471 occidet
1115 1433 1232 1471 eos.
1268 1416 1333 1469 Et
1366 1432 1592 1486 corpora
1625 1432 1810 1470 eorum
1836 1417 1989 1485 jace-

400 1508 531 1559 bunt
559 1509 611 1558 in
637 1505 829 1574 plateis
861 1506 1102 1561 civitatis
1146 1522 1371 1577 magnae,
1408 1520 1530 1575 qua:
1583 1516 1803 1559 vocatur
1830 1505 1991 1574 spiri-

400 1599 624 1650 tualiter
656 1598 915 1664 Sodoma,
952 1608 1006 1652 et
1034 1596 1325 1668 Egyptus,
1353 1598 1441 1652 ubi
1478 1606 1535 1651 et
1586 1597 1847 1651 Dominus
1897 1613 1989 1651 eo-

402 1705 520 1741 rum
558 1690 851 1745 cruciﬁxus
876 1699 981 1745 est.
1013 1690 1076 1744 Et
1113 1692 1373 1743 videbunt
1400 1690 1469 1745 de
1503 1690 1773 1753 tribubus,
1805 1700 1860 1744 et
1893 1704 1987 1759 po-

402 1781 564 1847 pulis,
611 1790 663 1833 et
710 1783 930 1850 linguis,
980 1792 1034 1837 et
1084 1784 1338 1852 gentibus
1389 1797 1615 1851 corpora
1648 1797 1837 1835 eorum
1895 1797 1990 1849 per

402 1883 515 1924 tres
547 1872 665 1925 dies
688 1883 739 1926 et
763 1874 1085 1929 dimidium:
1122 1883 1178 1927 et
1211 1890 1441 1944 corpora
1468 1889 1656 1927 eorum
1677 1888 1780 1927 non
1811 1875 1990 1928 sinent

406 1968 530 2034 poni
577 1968 629 2019 iu
688 1968 1074 2021 monumentis.
1108 1967 1178 2021 Et
1239 1968 1552 2021 habitantes
1594 1974 1795 2021 terram
1858 1982 1989 2034 gau-

400 2058 607 2112 debunt
637 2074 807 2126 super
861 2059 1002 2125 illos,
1040 2069 1096 2113 et
1138 2060 1625 2129 jucundabuutur;
1656 2070 1711 2114 et
1763 2074 1990 2113 munera

407 2152 623 2203 mittent
658 2152 921 2214 invicem,
953 2151 1211 2218 quoniam
1245 2151 1298 2203 hi
1340 2152 1447 2204 duo
1474 2152 1751 2220 prophetae
1776 2156 1990 2205 crucia-

404 2253 599 2295 vernnt
637 2257 732 2296 eos
774 2243 865 2309 qui
915 2241 1235 2296 habitabant
1270 2257 1436 2311 super
1485 2253 1711 2297 terram.
1772 2242 1838 2297 Et
1874 2252 1993 2311 post

406 2334 526 2389 dies
556 2343 665 2387 tres
709 2344 763 2386 et
796 2332 1102 2399 dimidium,
1144 2334 1372 2400 spiritus
1401 2335 1521 2386 vitae
1563 2349 1590 2385 a
1629 2331 1739 2388 Deo
1769 2335 1993 2387 intravit

407 2427 459 2479 in
509 2442 643 2480 eos:
687 2436 740 2480 et
785 2435 1054 2480 steterunt
1100 2440 1255 2492 super
1317 2432 1483 2492 pedes
1533 2441 1680 2492 suos,
1726 2438 1781 2481 et
1833 2431 1992 2481 timor

408 2534 633 2587 magnus
670 2517 867 2571 cecidit
899 2530 1062 2583 super
1105 2530 1197 2569 eos
1234 2518 1325 2585 qui
1380 2516 1631 2570 viderunt
1658 2533 1773 2571 eos.
1806 2517 1991 2570 Etan-

406 2605 623 2655 dicruut
665 2618 852 2658 vocem
889 2618 1140 2671 magnam
1184 2606 1249 2657 de
1278 2603 1416 2657 caalo
1446 2604 1713 2658 dicentem
1746 2609 1825 2659 eis
1854 2622 1869 2659 z
1895 2607 1992 2661 As-

404 2698 617 2747 cendite
653 2700 772 2749 huc.
809 2696 875 2748 Et
911 2698 1279 2749 ascenderunt
1319 2697 1372 2749 in
1412 2697 1610 2751 cmlum
1656 2699 1707 2750 iu
1741 2698 1905 2761 nube,
1941 2708 1993 2751 et

408 2790 659 2843 viderunt
693 2791 813 2845 illos
848 2790 1055 2843 inimici
1106 2805 1318 2843 eorum.
1356 2789 1425 2843 Et
1459 2791 1510 2842 in
1538 2791 1628 2843 illa
1657 2792 1786 2843 hora
1815 2791 1994 2846 iactus

405 2892 491 2935 est
543 2892 881 2935 terrauuotus
935 2897 1190 2951 magnus,
1230 2891 1287 2937 et
1320 2883 1533 2936 decima
1575 2899 1703 2952 pars
1759 2886 1993 2941 civitatis

404 2975 634 3037 cecinit;
671 2984 722 3026 et
747 2974 927 3027 occisa
966 2986 1093 3027 sunt
1120 2977 1171 3027 in
1205 2986 1521 3027 terra-motu
1570 2992 1788 3029 nomina
1824 2979 1992 3032 horni-

408 3084 531 3117 nnm
564 3076 765 3134 St‘plclll
787 3067 948 3120 millia
979 3083 994 3131 ;
1021 3077 1073 3120 ct
1099 3067 1288 3135 reliqui
1314 3068 1367 3120 in
1388 3070 1641 3122 timorem
1672 3082 1794 3123 sunt
1818 3071 1990 3137 missi,

2086 592 2213 644 lium
2244 593 2364 660 ejus
2398 594 2706 647 devoraret.
2774 591 2841 645 Et
2884 594 3095 663 peperit
3137 594 3308 649 lilium
3346 600 3661 665 masculum,

2085 686 2175 752 qui
2214 697 2461 739 recturus
2503 696 2623 738 erat
2651 700 2840 739 omnes
2869 698 3057 754 gentes
3086 687 3138 739 in
3183 688 3332 757 virga
3366 688 3542 742 ferrea
3571 706 3591 753 ;
3619 708 3643 745 e

2088 784 2273 843 raptus
2304 785 2389 829 est
2414 776 2554 828 lilius
2588 775 2709 844 ejus
2740 778 2806 827 ad
2855 776 3023 830 Deum
3065 789 3117 831 et
3136 776 3202 831 ad
3226 781 3479 833 thronum
3514 782 3663 849 ejus;

2086 876 2141 921 et
2172 868 2366 920 mulier
2406 867 2546 936 fugit
2576 868 2629 920 in
2665 868 3036 930 solitudinem,
3074 870 3162 922 ubi
3217 871 3452 925 habebat
3492 872 3663 925 lecuni

2089 968 2339 1025 paratum
2373 974 2402 1011 a
2447 959 2575 1024 Deo,
2613 972 2670 1011 ut
2714 959 2787 1012 ibi
2838 970 3067 1027 pascant
3100 978 3218 1014 eam
3268 964 3463 1018 diebus
3530 966 3668 1019 mille

2089 1050 2342 1104 ducentis
2373 1052 2674 1117 sexaginta.
2704 1050 2772 1104 Et
2800 1052 3004 1105 factum
3030 1064 3115 1107 est
3142 1055 3390 1121 praelium
3419 1071 3664 1125 maguum

2092 1143 2144 1195 in
2174 1142 2351 1198 cmlo:
2381 1142 2611 1198 Michael
2642 1155 2697 1197 et
2739 1143 2915 1213 angeli
2960 1144 3079 1212 ejus
3106 1146 3496 1215 praeliabanlur
3548 1165 3663 1203 cum

2091 1235 2353 1298 dracone,
2386 1245 2439 1289 et
2475 1235 2642 1289 draco
2665 1236 2958 1304 pugnabat,
2991 1246 3041 1291 et
3079 1238 3252 1303 angeli
3279 1240 3395 1307 ejus
3424 1258 3438 1305 ;
3473 1248 3527 1293 et
3569 1257 3665 1297 non

2095 1329 2380 1382 valuerunt
2428 1327 2556 1398 ints.
2606 1328 3055 1401 praavalueruut],
3092 1344 3265 1400 neque
3297 1332 3451 1385 locus
3491 1333 3669 1388 inven-

2094 1430 2181 1474 tus
2225 1430 2308 1475 est
2353 1438 2542 1476 eorum
2583 1424 2818 1491 amplius
2853 1424 2904 1477 in
2935 1424 3092 1479 caelo.
3144 1423 3211 1477 Et
3253 1426 3535 1492 projectus
3596 1438 3669 1481 est

2094 1513 2263 1567 draco
2296 1514 2387 1569 ille
2435 1529 2689 1583 magnus,
2730 1530 2958 1585 serpens
2983 1517 3263 1583 antiquus,
3312 1518 3404 1585 qui
3453 1529 3671 1573 vocatur

2094 1606 2364 1671 diabolus,
2398 1618 2454 1663 et
2480 1606 2736 1675 Satanas,
2760 1610 2850 1679 qui
2868 1610 3081 1663 seducit
3104 1612 3414 1665 universum
3437 1612 3666 1679 orbem;

2097 1709 2151 1753 et
2191 1701 2469 1769 projecrus
2499 1711 2580 1755 est
2614 1700 2668 1754 in
2701 1710 2926 1765 terram,
2963 1710 3018 1756 et
3046 1702 3222 1769 angeli
3264 1700 3382 1769 ejus
3427 1716 3555 1755 cum
3586 1703 3667 1756 illo

2097 1793 2249 1847 missi
2283 1803 2433 1847 sunt.
2480 1793 2545 1847 Et
2601 1793 2785 1847 audivi
2839 1807 3024 1847 vocem
3054 1807 3304 1863 magnam
3338 1794 3391 1847 in
3424 1794 3569 1849 caelo
3597 1794 3671 1847 di‘

2096 1894 2307 1938 centem
2340 1903 2354 1941 :
2393 1884 2549 1939 Nunc
2579 1884 2721 1940 facta
2752 1894 2837 1941 est
2863 1887 3030 1951 salus,
3052 1896 3109 1940 et
3135 1889 3329 1951 virtus,
3362 1895 3418 1940 et
3448 1901 3667 1955 regnum

2099 1978 2191 2030 Uci
2218 1978 2410 2044 nostri,
2445 1986 2501 2034 et
2537 1988 2779 2047 potestas
2809 1978 3014 2032 Christi
3047 1979 3167 2048 ejus
3194 1995 3209 2033 :
3240 1980 3367 2046 quia
3402 1979 3669 2047 projectus

2094 2080 2177 2124 est
2206 2081 2495 2125 accusator
2543 2071 2774 2124 fratrum
2804 2081 3141 2135 nostrorum,
3168 2072 3262 2139 qui
3289 2072 3589 2126 accusabat
3615 2071 3671 2125 il-

2094 2163 2175 2216 los
2203 2172 2329 2217 ante
2360 2175 2711 2233 conspectmn
2740 2163 2836 2216 Dei
2866 2166 3036 2217 nostri
3062 2164 3153 2219 die
3177 2178 3242 2217 ac
3267 2172 3449 2219 nocte.
3481 2162 3549 2216 Et
3576 2164 3669 2231 ipsi

2099 2255 2346 2308 vicerunt
2383 2269 2506 2308 eum
2543 2264 2762 2324 propter
2800 2257 3120 2324 sanguinem
3167 2255 3325 2324 Agni,
3360 2263 3414 2308 et
3458 2264 3669 2323 propter

2099 2346 2319 2398 verbum
2370 2346 2665 2399 testimonii
2707 2347 2835 2410 sui;
2876 2355 2928 2399 ct
2956 2360 3065 2399 non
3101 2345 3413 2399 dilexerunt
3462 2345 3672 2398 animas

2098 2452 2226 2489 suas
2258 2454 2427 2507 usque
2461 2439 2530 2493 ad
2584 2448 2839 2493 mortem.
2878 2437 3170 2508 Propterea
3204 2436 3489 2501 laetemini,
3530 2436 3666 2500 cozli,

2096 2540 2149 2581 et
2176 2531 2269 2597 qui
2321 2530 2592 2583 habitatis
2625 2530 2676 2581 in
2714 2530 2819 2584 eis.
2860 2528 2949 2583 Vae
2976 2540 3134 2582 terra:
3153 2538 3209 2582 et
3239 2529 3396 2593 mari,
3427 2530 3555 2596 quia
3585 2530 3670 2580 de-

2096 2624 2568 2677 scenditdiaholus
2592 2622 2659 2675 ad
2682 2637 2794 2689 vos,
2825 2624 3026 2676 habens
3050 2623 3181 2676 iram
3200 2636 3473 2691 magnam,
3498 2623 3675 2675 sciens

2098 2722 2240 2785 quod
2286 2718 2554 2770 modicum
2602 2730 2814 2785 tempus
2864 2715 3045 2769 habet.
3098 2714 3160 2768 Et
3203 2725 3489 2784 postquam
3545 2714 3676 2767 vidit

2099 2813 2262 2864 draco
2309 2809 2455 2877 quod
2506 2809 2781 2877 projectus
2834 2810 3056 2861 essetin
3104 2815 3333 2871 terram,
3361 2814 3671 2874 persecutus

2098 2912 2183 2955 est
2220 2902 2502 2955 mulierem
2541 2916 2660 2969 qua:
2696 2904 2907 2969 peperit
2940 2900 3265 2964 masculum,
3298 2912 3355 2953 et
3380 2901 3519 2951 data:
3554 2907 3675 2952 sunt

2101 2993 2314 3047 mulieri
2360 2993 2458 3047 alae
2510 2995 2628 3047 dua:
2660 2982 2853 3061 aquila:
2896 3007 3126 3060 magnae,
3174 2999 3230 3043 ut
3259 2991 3467 3045 volaret
3501 2991 3551 3043 in
3583 2992 3672 3043 de-

2099 3094 2306 3140 scrtum
2341 3085 2396 3138 in
2435 3086 2611 3138 locmn
2641 3098 2843 3146 suum;
2878 3083 2966 3138 ubi
3019 3083 3183 3136 alitur
3233 3096 3329 3150 per
3381 3090 3595 3150 tempus
3622 3090 3674 3135 et

405 3169 456 3206 et
488 3157 754 3209 dederant
785 3156 1014 3225 gloriam
1044 3155 1150 3210 Deo
1182 3158 1326 3211 cudi.
1368 3157 1454 3211 VEB
1487 3162 1787 3214 secundum
1811 3164 1945 3215 abiit
1974 3177 1989 3216 ;
2019 3179 2063 3237 (ζ
2098 3188 2365 3248 tempora,
2398 3188 2451 3231 οι
2480 3176 2761 3229 dimidium
2816 3175 3097 3244 temporis,
3130 3189 3160 3227 a
3200 3173 3339 3228 facie
3381 3175 3669 3243 serpentis.

406 3258 456 3301 et
489 3263 617 3300 ecce
656 3266 731 3301 va:
761 3252 984 3302 tertium
1016 3251 1196 3303 veniet
1223 3251 1349 3304 cito.
1398 3248 1464 3303 Et
1488 3252 1754 3321 septimus
1827 3270 1994 3323 augeo

412 3345 494 3393 lus
548 3343 671 3394 tuba
712 3343 954 3405 cecinit;
1008 3353 1062 3395 ct
1094 3341 1251 3395 taetre
1288 3352 1418 3396 sunt
1470 3356 1632 3400 voces
1684 3360 1891 3415 magna:
1940 3349 1994 3401 in

412 3436 551 3489 coelo
600 3437 885 3489 dicentes:
934 3436 1159 3489 Factum
1196 3445 1279 3490 est
1317 3450 1546 3505 regnum
1578 3440 1741 3508 hujus
1772 3440 1984 3505 mundi,

418 3530 629 3583 Domini
664 3531 834 3583 nostri
867 3540 918 3584 et
950 3530 1151 3584 Christi
1181 3531 1319 3602 ejus,
1350 3539 1403 3585 et
1436 3532 1688 3601 regnabit
1715 3534 1769 3587 in
1797 3536 1995 3591 saecula

415 3624 760 3677 stimulorum.
796 3624 990 3676 Amen.
1025 3622 1091 3675 Et
1135 3624 1316 3694 viginti
1347 3634 1585 3693 quatuor
1630 3629 1877 3680 seniores
1901 3630 1993 3698 qui

414 3719 464 3769 in
486 3732 776 3784 conspectu
803 3718 894 3769 Dei
915 3717 1039 3787 [τηε.
1067 3716 1303 3789 Domini]
1328 3719 1521 3772 sedent
1546 3719 1598 3772 in
1620 3720 1843 3774 sedibus
1857 3723 1994 3789 suis,

408 3813 720 3862 ceciderunt
772 3810 823 3861 in
873 3812 1040 3878 iacies
1082 3823 1235 3877 suas,
1277 3821 1331 3865 et
1383 3814 1752 3865 adoraverunt
1799 3812 2021 3879 Deum,

409 3902 687 3955 dicentes:
750 3902 967 3955 Gratias
1020 3903 1234 3970 agimus
1280 3904 1400 3967 tibi,
1437 3904 1667 3958 Domine
1704 3903 1846 3960 Deus
1875 3921 1995 3960 0m-

411 3996 685 4061 tiipotens,
720 3996 811 4061 qui
864 4012 948 4059 es,
977 4006 1028 4048 et
1069 3997 1161 4063 qui
1188 4010 1333 4059 eras,
1361 4006 1413 4049 et
1443 3999 1534 4065 qui
1581 4007 1843 4052 venturus
1889 4014 1949 4051 es
1980 4016 1992 4051 :

409 4088 534 4152 quia
569 4080 829 4153 accepisti
866 4090 1123 4139 virtutem
1154 4098 1297 4140 tuam
1330 4104 1603 4157 magnam,
1645 4100 1700 4142 et
1733 4092 1992 4157 regnasti.

412 4180 470 4229 lii
504 4179 656 4231 irata:
684 4188 810 4231 sunt
837 4189 1047 4246 gentes,
1080 4191 1132 4232 et
1177 4183 1399 4233 advenit
1428 4196 1505 4232 ira
1544 4192 1653 4246 tua,
1699 4188 1755 4234 et
1787 4192 1996 4251 tempus

410 4279 745 4322 mortuorum
798 4270 1054 4338 jud.i;ari,
1119 4283 1171 4323 et
1198 4274 1425 4324 reddere
1470 4272 1778 4328 mercedem
1811 4274 1992 4329 servis

412 4363 516 4413 tuis
538 4362 837 4429 prophetis,
864 4372 917 4414 et
936 4362 1189 4427 sanctis,
1212 4370 1266 4414 et
1292 4361 1606 4416 timentibus
1622 4377 1815 4417 nomen
1842 4373 1992 4417 tuum

410 4456 625 4520 pusillis
673 4460 727 4507 et
759 4454 991 4521 magnis,
1021 4466 1078 4509 ct
1101 4456 1502 4511 exterminandi
1528 4471 1625 4513 eos
1670 4460 1762 4527 qui
1809 4474 1994 4514 corru-

410 4554 602 4610 perunt
657 4543 780 4614 luis.
817 4546 1198 4617 corrumpunt]
1249 4558 1473 4602 terram.
1508 4548 1574 4602 Et
1624 4561 1872 4619 apertum
1906 4566 1988 4607 est

412 4640 669 4701 templum
709 4636 803 4689 Dei
850 4639 900 4689 in
941 4640 1099 4698 cmlo,
1135 4648 1188 4691 et
1236 4640 1349 4691 vita
1382 4648 1463 4692 est
1508 4654 1634 4693 arca
1683 4644 1995 4697 testamenti

408 4727 529 4794 ejus
558 4730 608 4780 in
643 4729 845 4795 templo
886 4729 1002 4796 ejus
1034 4729 1073 4791 ί,
1103 4741 1157 4783 et
1197 4729 1339 4784 facta
1389 4742 1520 4787 sunt
1552 4732 1787 4802 fulgura,
1817 4745 1871 4787 et
1903 4749 1997 4788 vo-

410 4836 521 4881 cis,
550 4830 604 4871 et
635 4830 997 4886 lC|'r&CIIIOll|S,
1033 4831 1085 4874 et
1117 4826 1324 4891 grando
1353 4841 1568 4892 magna.

486 4911 643 4978 [ϐαρ.
674 4909 814 4982 λιι]
848 4912 907 4964 Et
934 4916 1146 4980 signum
1182 4919 1700 4988 magnumapparuit
1731 4918 1783 4972 in
1810 4918 1953 4975 οωιυ
1977 4936 1997 4977 :

411 5002 606 5055 lilnlnr
635 5006 830 5059 amicta
856 5008 993 5069 Sole,
1021 5018 1075 5061 et
1120 5010 1243 5062 luna
1287 5011 1388 5064 sub
1429 5014 1656 5079 pedibus
1686 5012 1825 5082 ejus,
1857 5015 1991 5067 etin

412 5105 587 5159 capite
620 5095 735 5165 ejus
769 5115 968 5151 thI'ulltt
1001 5104 1282 5155 stellarum
1329 5105 1650 5171 duodecim;
1677 5108 1807 5159 etin
1841 5116 1996 5161 utero

419 5191 650 5253 habens,
679 5192 949 5247 clamabat
978 5197 1315 5261 parturiens,
1350 5208 1404 5249 et
1435 5198 1787 5251 cruciabatur
1819 5211 1874 5251 ut
1906 5215 1995 5265 pa—

412 5286 535 5335 riat.
573 5284 831 5339 litvisum
859 5296 941 5339 est
992 5287 1135 5339 aliud
1184 5289 1392 5356 signum
1444 5290 1495 5341 in
1529 5290 1704 5346 caelo:
1748 5301 1803 5346 et
1867 5308 1995 5348 ecce

411 5375 577 5429 draco
606 5394 834 5447 magnus
864 5380 1041 5441 rufus,
1077 5380 1283 5433 habens
1332 5383 1509 5450 capita
1535 5394 1740 5450 septem
1783 5393 1838 5437 et
1873 5400 1996 5439 cor-

414 5482 517 5517 nua
553 5475 762 5533 decem,
789 5481 842 5522 et
880 5471 930 5523 in
954 5471 1229 5538 capitibus
1259 5472 1377 5539 ejus
1410 5475 1712 5527 diademata
1741 5485 1945 5543 septem
1970 5492 1994 5542 ;.

411 5568 466 5608 et
520 5560 692 5610 cauda
747 5562 863 5629 ejus
905 5568 1152 5617 trahebat
1203 5575 1417 5615 tertiam
1472 5579 1679 5632 partem
1711 5572 1990 5624 stellarum

412 5654 555 5711 (teli,
593 5663 643 5703 et
692 5655 949 5706 misiteas
984 5657 1033 5706 in
1066 5666 1262 5709 terram
1296 5676 1309 5711 :
1369 5668 1421 5711 et
1474 5660 1634 5714 draco
1674 5663 1824 5716 stetit
1869 5673 1992 5717 ante

490 5808 503 5835 ι
546 5806 716 5862 \‘occs
744 5812 795 5861 in
825 5812 1014 5882 templo
1046 5817 1157 5886 ejus
1191 5829 1376 5874 noster
1413 5836 1511 5875 ms.
1545 5830 1705 5879 tacet.

2100 3270 2165 3323 Et
2201 3270 2348 3325 misit
2388 3284 2615 3339 serpens
2647 3284 2714 3323 ex
2749 3285 2845 3323 ore
2882 3284 2981 3323 suo
3014 3278 3138 3338 post
3168 3269 3448 3323 mulierem
3481 3283 3671 3338 aquam

2102 3372 2356 3432 tanquam
2388 3361 2613 3428 ﬂumen,
2656 3373 2713 3416 ut
2744 3378 2861 3415 eam
2885 3360 3090 3416 faceret
3113 3361 3256 3415 trahi
3283 3378 3311 3414 a
3338 3360 3583 3415 ﬂumine.
3612 3360 3674 3413 Et

2100 3455 2308 3524 adjuvit
2345 3465 2494 3511 terra
2546 3455 2859 3518 mulierem.
2894 3464 2950 3508 et
2981 3457 3196 3523 aperuit
3229 3462 3375 3509 terra
3400 3469 3465 3509 os
3493 3469 3673 3515 suum,

2098 3550 2448 3613 etabsorbujt
2479 3549 2675 3603 [lumen
2705 3550 2850 3621 quod
2877 3551 3026 3604 misit
3053 3553 3218 3605 draco
3242 3552 3307 3606 de
3332 3565 3426 3605 ore
3459 3564 3596 3616 suo;
3623 3556 3677 3603 et

2102 3644 2272 3697 iratus
2302 3655 2387 3698 est
2417 3645 2582 3698 draco
2608 3645 2661 3698 in
2714 3646 3019 3711 mulierem,
3061 3654 3116 3698 et
3159 3645 3294 3699 abiit
3326 3644 3505 3699 facere
3538 3659 3675 3714 pra:-

2103 3736 2231 3789 lium
2264 3737 2643 3807 cunqreliquis
2686 3740 2750 3791 de
2791 3739 3001 3792 semine
3053 3740 3171 3806 ejus
3224 3739 3316 3806 qui
3363 3740 3675 3792 custodiunt

2101 3828 2349 3880 mandata
2390 3828 2481 3882 Dei
2520 3838 2570 3883 et
2622 3829 2820 3883 habent
2866 3830 3242 3884 testimonium
3280 3828 3411 3884 Jesu
3446 3830 3677 3884 Christi.

2099 3920 2165 3973 Et
2197 3923 2347 3973 stetit
2375 3936 2535 3989 supra
2571 3936 2793 3975 arenam
2817 3921 3005 3976 maris.

2170 4007 2326 4079 [Cap.
2360 4009 2529 4082 Xlll.]
2553 4014 2614 4065 Et
2640 4014 2744 4067 vidi
2765 4015 2831 4066 de
2858 4015 2991 4066 mari
3014 4014 3243 4068 bestiam
3271 4016 3678 4080 ascendentem,

2102 4102 2395 4158 habentem
2423 4116 2599 4174 capita
2637 4118 2839 4175 septem
2872 4118 2925 4160 et
2958 4124 3166 4161 cornua
3201 4114 3409 4172 decem,
3439 4123 3492 4165 et
3517 4128 3678 4180 Super

2097 4211 2303 4252 cornua
2333 4200 2451 4267 ejus
2481 4207 2662 4254 decem
2693 4202 3022 4265 diademata,
3058 4216 3113 4257 et
3159 4218 3321 4273 super
3352 4207 3526 4275 capita
3555 4207 3680 4276 ejus

2100 4292 2315 4343 nomina
2342 4294 2709 4359 blaspliemite.
2739 4292 2799 4345 Et
2826 4294 2996 4347 beStia
3018 4310 3181 4363 quam
3208 4297 3314 4350 vidi
3350 4298 3541 4352 similis
3563 4307 3685 4352 erat

2099 4390 2288 4456 pardo,
2311 4395 2363 4439 ct
2387 4389 2550 4453 pedes
2571 4386 2689 4455 ejus
2710 4388 2847 4441 sicut
2869 4388 3026 4455 pedes
3068 4390 3201 4455 ursi,
3235 4403 3289 4444 et
3318 4407 3379 4447 os
3401 4394 3514 4463 ejus
3539 4398 3679 4446 sicut

2099 4497 2160 4534 os
2186 4481 2378 4535 leonis.
2416 4481 2479 4534 Et
2509 4480 2653 4534 dedit
2689 4482 2764 4535 illi
2797 4484 2963 4537 draco
2987 4485 3244 4539 virtutem
3276 4503 3428 4541 suam
3454 4497 3503 4540 et
3527 4497 3679 4553 pote-

2100 4581 2295 4624 Statem
2320 4587 2589 4641 magnam.
2616 4570 2677 4624 Et
2698 4573 2802 4625 vidi
2832 4590 2997 4627 unum
3026 4577 3089 4628 de
3112 4578 3378 4645 capitibus
3396 4580 3504 4633 suis
3521 4581 3677 4649 quasi

2099 4663 2342 4715 occisum
2372 4662 2424 4715 in
2456 4673 2718 4730 mortem;
2756 4674 2809 4717 et
2852 4666 3005 4736 plaga
3063 4671 3257 4723 mortis
3318 4674 3432 4741 ejus
3491 4686 3677 4727 curata

2100 4764 2203 4809 est.
2229 4755 2294 4809 Et
2321 4756 2586 4811 admirata
2613 4769 2696 4813 est
2724 4761 2970 4813 uniVersa
3002 4770 3147 4816 terra
3178 4775 3298 4833 post
3328 4765 3553 4820 bestiam
3586 4784 3600 4834 ;
3626 4780 3679 4820 et

2101 4847 2469 4900 adoraverunt
2494 4848 2781 4901 draconem
2814 4849 2903 4916 qui
2939 4852 3082 4903 dedit
3110 4842 3433 4919 potestatein
3467 4858 3675 4919 bestiae,

2101 4943 2157 4988 et
2189 4933 2558 4990 adoraverunt
2606 4937 2857 5001 bestiam,
2889 4940 3135 4995 dicentes
3164 4958 3178 4996 :
3208 4944 3344 5008 Quis
3374 4946 3566 4999 similis
3594 4947 3676 4998 beo

2098 5027 2218 5080 stite
2243 5028 2266 5079 Ἰ
2296 5037 2349 5082 et
2378 5030 2500 5097 quis
2531 5031 2726 5097 pelcrit
2759 5048 2998 5100 pugnare
3028 5034 3265 5087 cuinea?
3286 5035 3354 5089 Et
3388 5038 3569 5090 datum
3598 5048 3681 5091 est

2099 5120 2145 5173 ei
2180 5135 2239 5173 os
2282 5120 2511 5190 loquens
2546 5137 2735 5190 magna
2769 5134 2821 5176 et
2861 5125 3257 5193 blasphemias;
3291 5142 3342 5181 et
3372 5131 3483 5182 data
3516 5141 3605 5182 est
3634 5131 3677 5182 ei

2101 5218 2337 5279 potestas
2362 5213 2541 5267 facere
2566 5230 2782 5268 menses
2807 5218 3167 5284 quadraginta
3191 5224 3350 5274 duos.
3384 5220 3441 5274 Et
3461 5223 3682 5288 aperuit

2097 5319 2161 5357 os
2186 5321 2343 5359 suum
2375 5307 2425 5359 in
2456 5307 2822 5376 blasphemias
2861 5312 2925 5363 ad
2964 5310 3157 5376 Deum,
3184 5313 3561 5386 blasphemare
3588 5334 3664 5370 no

2104 5398 2455 5467 menejus,et
2487 5402 2903 5453 tabernaculum
2933 5403 3074 5471 ejus,
3098 5416 3152 5457 et
3187 5420 3283 5460 eos
3335 5411 3420 5475 qui
3458 5408 3506 5458 in
3542 5411 3681 5461 ccelo

2102 5488 2370 5543 habitant.
2390 5488 2453 5542 Et
2477 5502 2557 5544 est
2583 5496 2763 5545 datum
2795 5495 2869 5546 illi
2899 5496 3100 5549 bellum
3131 5498 3311 5552 tacere
3336 5514 3450 5552 cum
3472 5501 3682 5552 sanctis

2096 5590 2148 5633 et
2181 5581 2397 5636 \inccre
2421 5597 2512 5635 eos
2534 5603 2547 5647 ;
2569 5596 2621 5637 et
2643 5583 2765 5637 data
2788 5598 2871 5639 est
2897 5588 2967 5639 illi
2994 5598 3232 5656 potestas
3254 5592 3309 5643 in
3338 5605 3546 5643 omnem
3579 5597 3677 5643 tri.

2098 5674 2247 5735 bum,
2280 5684 2336 5726 et
2365 5679 2643 5743 pupulum,
2670 5689 2722 5731 et
2757 5679 3014 5748 linguam,
3039 5691 3095 5735 et
3116 5694 3330 5752 gentem
3360 5702 3373 5738 :
3401 5696 3445 5737 et
3471 5688 3680 5739 adora-
