3946 6170
398 270 477 287 ω..

182 311 283 376 905

1300 318 1347 377 Β
1416 314 1739 379 JOANNIS
1780 318 2312 381 APOCALYPSIS.

3326 312 3429 378 ωδ
3504 308 3511 323 ,

178 437 505 483 verunteam
524 442 714 483 omnes
735 429 824 498 qui
856 430 1239 487 inhabitabant
1261 441 1486 498 terram,
1528 448 1756 496 quorum
1787 440 1833 497 Α
1862 449 1981 496 sua,
2016 443 2068 488 et
2094 434 2180 487 hic
2213 435 2362 489 bibet
2394 434 2458 489 de
2486 431 2612 487 vino
2649 430 2741 486 ira:
2771 430 2886 495 Dei,
2919 429 3063 500 quod
3097 428 3314 483 mistum
3350 442 3433 484 est

176 535 275 574 non
306 528 434 576 sunt
458 521 662 587 scripta
694 520 913 575 nomina
947 524 1000 574 in
1031 522 1171 577 libro
1194 522 1330 577 νίκη
1351 523 1511 592 Agni,
1543 524 1634 593 qui
1659 538 1750 579 oc-

176 608 319 664 cisus
341 619 419 664 est
438 608 505 662 ab
528 609 742 677 origine
765 612 974 664 mundi.
1009 611 1064 666 Si
1088 614 1212 681 quis
1238 612 1400 668 habet
1423 629 1633 677 aurem,
1662 628 1756 666 au-

177 704 305 757 diat.
328 701 429 769 Qui
454 702 510 756 in
536 704 906 771 captivitatem
928 705 1165 773 duxerit,
1190 707 1244 760 in
1266 707 1636 776 captivitatem
1662 721 1755 758 va-

176 794 293 860 det;
314 796 406 863 qui
424 797 476 849 in
492 795 668 866 gladio
686 797 969 863 occiderit,
984 809 1199 868 oportet
1216 816 1336 855 eum
1359 798 1537 867 gladio
1554 800 1755 855 occidi.

174 887 274 961 ilic
310 898 392 943 est
425 892 682 957 patientia
717 900 772 945 et
812 891 943 946 fides
975 901 1314 946 sanctorum.
1354 892 1417 945 Et
1450 892 1559 945 vidi
1593 890 1754 944 aliam

178 979 405 1033 bestiam
450 980 829 1035 ascendentem
859 981 926 1035 de
954 990 1124 1044 terra,
1158 991 1213 1036 et
1240 982 1470 1038 habebat
1503 980 1626 1053 [πη.
1661 980 1759 1034 ha-

176 1071 417 1144 bentem]
438 1088 643 1127 cornua
668 1075 773 1128 duo
796 1074 994 1128 similia
1017 1074 1179 1142 Agni,
1202 1084 1255 1129 et
1278 1074 1597 1143 loquebatur
1617 1076 1758 1128 sicut

179 1165 374 1228 draco;
414 1173 470 1220 et
502 1173 827 1234 potestatem
867 1165 1070 1235 prioris
1103 1166 1292 1221 bestiae
1328 1181 1547 1221 omnem
1580 1166 1760 1221 facie-

180 1256 268 1310 bat
298 1256 353 1311 in
375 1267 676 1327 conspectu
703 1257 852 1327 ejus;
882 1268 935 1311 et
961 1255 1095 1311 fecit
1119 1265 1322 1311 terram
1357 1267 1411 1311 et
1445 1257 1759 1312 habitantes

182 1349 230 1402 in
265 1363 330 1402 ea
368 1348 593 1403 adorare
632 1348 859 1402 bestiam
913 1348 1172 1418 primam,
1225 1349 1379 1419 cujus
1430 1361 1622 1404 curata
1674 1358 1762 1404 est

183 1439 332 1509 plaga
360 1441 609 1495 mortis‘.
633 1439 699 1494 Et
724 1439 856 1494 fecit
879 1441 1030 1509 signa
1063 1454 1276 1509 magna,
1309 1449 1367 1495 ut
1391 1441 1555 1494 etiam
1584 1441 1760 1510 ignem

182 1531 385 1584 faceret
421 1532 487 1585 de
520 1530 656 1585 coelo
687 1532 1020 1586 descendere
1053 1530 1105 1584 iu
1143 1540 1345 1584 terram
1380 1530 1431 1583 in
1461 1542 1760 1600 conspectu

185 1622 485 1676 hominum.
530 1622 594 1676 Et
627 1623 845 1677 seduxit
890 1622 1197 1677 habitantes
1235 1623 1287 1676 in
1327 1631 1494 1689 terra,
1546 1632 1764 1692 propter

183 1714 333 1783 signa
368 1730 492 1781 qua:
523 1715 646 1769 data
674 1726 799 1769 sunt
837 1714 910 1768 illi
940 1715 1117 1768 facere
1150 1715 1200 1768 in
1224 1724 1523 1784 conspectu
1552 1714 1760 1776 bestiae,

1860 538 2010 578 mero
2032 526 2084 577 in
2105 524 2271 578 calice
2301 525 2395 577 ira:
2418 524 2607 591 ipsius,
2632 531 2688 576 et
2718 520 3052 577 cruciabitur
3076 519 3199 591 igne
3240 521 3432 575 etsui-

1860 616 2033 684 phure
2046 616 2098 670 in
2117 624 2414 685 conspectu
2432 614 2744 685 angelorum
2764 623 3076 668 sanctorum
3097 622 3149 667 et
3163 621 3290 668 ante
3305 627 3435 667 con-

1860 714 2104 773 spectum
2133 706 2267 774 Agui
2292 722 2307 770 ;
2333 713 2387 761 et
2419 705 2601 761 fumus
2625 715 3016 760 tormentorum
3042 718 3227 760 eorum
3250 718 3447 759 ascen~

1862 799 1953 852 det
1976 797 2028 851 in
2050 796 2243 852 saecula
2272 798 2621 860 saculorum,
2658 812 2758 852 nec
2782 797 2984 851 habent
3008 798 3245 867 requiem
3266 798 3353 851 die
3375 811 3442 851 ac

1865 896 2024 942 nocte
2062 888 2152 955 qui
2201 888 2564 943 adoraveruut
2616 889 2844 945 bestiam
2881 897 2935 942 et
2964 889 3257 958 imaginem
3294 888 3436 958 ejus,

1863 988 1916 1033 et
1947 979 1990 1033 si
2028 980 2154 1047 quis
2186 970 2458 1048 acceperit
2485 980 2858 1034 characterem
2897 978 3134 1034 nominis
3162 984 3303 1048 ejus.
3336 979 3438 1034 Hic

1866 1073 2123 1141 patientia
2182 1083 2502 1127 sanctorum
2554 1082 2636 1127 est
2688 1073 2782 1141 qui
2834 1074 3148 1128 custodiunt
3187 1073 3442 1128 mandata

1868 1164 1961 1219 Dei
1999 1175 2053 1219 et
2086 1165 2242 1218 fidem
2272 1160 2425 1217 Jesu.
2460 1163 2529 1217 Et
2559 1162 2740 1218 audivi
2771 1179 2956 1219 vocem
2991 1166 3058 1219 de
3081 1165 3220 1219 cmlo
3248 1167 3442 1220 dicen-

1866 1263 1975 1311 tem
2025 1256 2201 1310 mihi:
2240 1255 2478 1311 Scribe:
2522 1255 2673 1311 Beati
2729 1259 2928 1311 mortui
2981 1258 3072 1327 qui
3124 1258 3179 1311 in
3215 1259 3443 1313 Domino

1867 1346 2195 1401 moriuntur.
2225 1348 2434 1401 Aniodo
2453 1347 2565 1416 jam
2592 1347 2725 1402 dicit
2752 1347 2989 1416 Spiritus
3017 1358 3075 1403 ut
3098 1350 3446 1419 requiescant

1865 1451 1896 1492 a
1948 1437 2228 1492 laboribus
2281 1436 2435 1503 suis;
2488 1452 2658 1508 opera
2706 1439 2852 1492 enim
2887 1438 3104 1493 illorum
3142 1450 3443 1509 sequuntur

1867 1528 2010 1585 illos.
2042 1528 2109 1582 Et
2134 1527 2243 1582 vidi
2268 1538 2318 1583 et
2346 1543 2477 1583 ecce
2512 1530 2709 1583 nubem
2737 1528 3051 1597 candidam,
3078 1540 3131 1585 et
3159 1546 3323 1598 super
3347 1547 3447 1586 nu-

1868 1620 1989 1675 bem
2021 1621 2302 1676 sedentem
2335 1621 2570 1677 similem
2602 1621 2741 1676 Filio
2774 1622 3030 1682 hominis.
3067 1623 3355 1677 habentem
3391 1625 3444 1678 in

1871 1711 2047 1781 capite
2072 1727 2173 1766 suo
2203 1727 2456 1767 coronam
2484 1728 2730 1779 auream,
2757 1723 2811 1766 et
2845 1714 2901 1767 in
2934 1729 3093 1768 manu
3122 1730 3216 1768 sua
3249 1714 3443 1769 falcem

183 1806 368 1860 dicens
394 1806 771 1861 habitantibus
796 1808 846 1861 in
874 1816 1016 1860 terra
1047 1815 1103 1858 ut
1125 1804 1323 1859 faciant
1354 1805 1645 1874 imaginem
1670 1807 1758 1859 be-
1792 1802 1834 1857 Β
1867 1801 2189 1858 acutam.F.t
2218 1803 2358 1858 alius
2392 1802 2612 1872 angelus
2646 1804 2813 1859 exivit
2842 1804 2910 1858 de
2945 1805 3167 1873 templo,
3198 1806 3445 1862 clamans

184 1901 302 1955 stiae
324 1915 443 1969 qua:
467 1901 625 1954 habet
652 1882 859 1968 plagam
895 1902 1081 1973 gladii,
1112 1911 1164 1955 et
1188 1899 1341 1955 vixit.
1377 1899 1443 1953 Et
1471 1900 1652 1952 datum
1681 1906 1764 1953 est

187 1989 259 2043 illi
293 2000 351 2042 ut
379 1989 536 2043 daret
560 1990 809 2058 Spiritum
838 1990 1061 2059 imagini
1092 1991 1297 2056 bestiae,
1326 2002 1378 2045 et
1415 2001 1476 2044 ut
1508 1991 1765 2058 loquatur

187 2078 363 2148 imago
392 2078 617 2144 bestiae;
649 2089 703 2133 et
734 2079 905 2137 facias
945 2088 999 2131 ut
1028 2080 1339 2149 quicunque
1366 2096 1473 2134 non
1503 2081 1762 2133 adorare-

186 2168 296 2223 rint
347 2168 635 2238 imaginem
669 2170 853 2223 bestia:
897 2169 1260 2230 occidantur;
1292 2178 1344 2224 et
1379 2170 1543 2224 faciat
1573 2185 1765 2226 omnes

186 2261 433 2330 pusillos,
458 2271 511 2314 et
535 2276 777 2329 magnos,
805 2270 857 2314 et
889 2262 1107 2326 divites,
1140 2271 1193 2315 et
1224 2276 1519 2331 pauperes,
1556 2272 1611 2317 et
1632 2263 1767 2327 lihe-

187 2370 302 2420 ros,
327 2366 376 2408 et
406 2370 620 2417 servos,
647 2354 848 2407 habere
876 2354 1246 2408 characterem
1276 2356 1577 2409 in;dextera
1603 2371 1766 2410 manu

186 2463 305 2511 sua,
337 2457 431 2500 aut
468 2446 522 2500 in
557 2447 825 2500 frontibus
852 2447 989 2502 suis.
1023 2446 1089 2500 Et
1122 2462 1186 2499 ne
1225 2448 1348 2516 quis
1377 2450 1553 2516 possit
1586 2462 1768 2502 emere

185 2548 283 2592 aut
307 2538 562 2601 vendere,
585 2538 685 2591 nisi
710 2537 805 2606 qui
829 2538 991 2593 habet
1024 2538 1397 2593 characterem
1454 2547 1545 2593 aut
1571 2554 1769 2593 nomen

186 2631 399 2695 bestiae,
442 2640 533 2683 aut
575 2645 859 2684 numerum
897 2630 1134 2685 nominis
1173 2632 1312 2701 ejus.
1353 2630 1451 2686 llic
1498 2633 1768 2702 sapientia

184 2734 295 2780 est.
330 2721 434 2789 Qui
466 2723 628 2780 habet
662 2724 993 2779 intellectum
1026 2734 1307 2794 computet
1355 2740 1641 2780 numerum
1676 2727 1767 2780 be-

186 2817 334 2870 stiae.
373 2814 642 2870 Numerus
672 2817 816 2871 enim
849 2816 1089 2871 hominis
1121 2827 1228 2884 est,
1269 2826 1324 2872 et
1363 2830 1622 2873 numerus
1654 2816 1770 2886 ejus

180 2907 436 2961 sexcenti
467 2906 750 2977 sexaginta
776 2920 899 2961 sex.

256 2996 419 3069 [Cap.
454 2996 620 3071 ΚΝ]
655 2999 723 3052 Et
752 2997 903 3053 vidi:
938 3006 993 3053 et
1026 3013 1158 3054 ecce
1187 3000 1373 3068 Agnus
1404 3001 1584 3055 Stabat
1607 3015 1769 3070 supra

176 3101 430 3145 montem
448 3089 603 3158 Sion,
624 3102 814 3146 etcum
835 3106 900 3147 eo
918 3100 1138 3146 centum
1156 3090 1513 3160 quadraginta
1537 3101 1772 3156 quatuor

175 3181 382 3245 millia,
416 3182 675 3238 habentes
712 3197 906 3237 nomen
940 3182 1081 3248 ejus,
1114 3191 1166 3236 et
1198 3197 1395 3236 nomen
1451 3182 1619 3252 patris
1652 3182 1771 3249 ejus

173 3275 451 3343 scriptum
482 3275 539 3326 in
575 3274 838 3329 frontibus
866 3274 1002 3329 suis.
1045 3273 1107 3327 Et
1128 3273 1310 3328 audivi
1336 3288 1518 3328 vocem
1545 3274 1610 3327 de
1633 3274 1772 3329 coelo

176 3374 448 3432 tauquam
502 3379 692 3420 vocem
746 3380 1013 3434 aquarum
1051 3364 1368 3431 multarum,
1421 3374 1475 3417 et
1513 3372 1769 3432 tanquam

180 3471 391 3510 vocem
415 3456 638 3511 tonitrui
666 3456 880 3526 magni;
912 3466 960 3511 et
989 3471 1173 3510 vocetn
1210 3471 1373 3527 quam
1398 3456 1603 3520 audivi,
1628 3456 1771 3510 sicut

172 3550 615 3604 cithartedornm
636 3549 1076 3604 citltarizantinm
1098 3549 1148 3602 in
1166 3548 1391 3602 citharis
1409 3547 1543 3602 suis.
1567 3545 1627 3599 Et
1647 3563 1772 3601 cau-

173 3643 386 3695 tabant
413 3642 569 3710 quasi
603 3642 879 3695 canticum
913 3655 1134 3704 novum,
1175 3648 1301 3694 ante
1351 3640 1537 3694 sedem
1564 3650 1616 3692 et
1648 3648 1774 3692 ante

170 3744 428 3804 quatuor
457 3734 713 3786 animalia
749 3744 801 3785 ct
845 3736 1124 3795 seniores;
1157 3743 1209 3786 ct
1248 3746 1406 3786 nemo
1439 3740 1651 3800 poterat
1683 3733 1769 3785 di-

167 3842 310 3881 cere
334 3827 634 3890 canticum,
661 3827 763 3880 nisi
792 3827 879 3879 illa
905 3836 1123 3881 centum
1149 3824 1508 3895 quadraginta
1537 3834 1769 3893 quatuor

168 3921 361 3973 millia
386 3920 478 3989 qui
507 3920 673 3988 empti
698 3927 826 3971 sunt
854 3918 919 3971 de
953 3929 1117 3981 terra,
1160 3918 1223 3972 Hi
1245 3919 1480 3987 suntqui
1506 3933 1629 3971 cuin
1656 3932 1772 3969 mn—

162 4013 417 4067 lieribus
452 4028 557 4065 non
590 4019 716 4065 sunt
748 4011 1081 4080 coinquinati
1110 4029 1123 4064 :
1161 4013 1395 4080 virgines
1428 4012 1575 4065 enim
1622 4020 1768 4065 sunt.

159 4102 232 4157 lii
259 4112 578 4170 sequuntur
602 4101 806 4169 lignum
833 4115 1157 4169 quocunque
1186 4103 1324 4154 ierit.
1360 4101 1421 4154 lli
1444 4102 1611 4170 empti
1644 4113 1774 4154 sunt

157 4211 228 4248 ex
273 4192 607 4247 hominibus
640 4192 900 4261 primitiae
936 4190 1042 4244 Deo
1072 4182 1123 4245 et
1150 4194 1323 4260 Agno.
1362 4191 1425 4244 Et
1459 4192 1511 4245 in
1553 4207 1647 4246 ore
1678 4206 1771 4244 eo-

1872 1907 2000 1947 voce
2035 1907 2225 1962 magna
2259 1891 2326 1946 ad
2356 1893 2634 1948 sedentem
2686 1909 2851 1963 super
2884 1895 3081 1948 nubem
3110 1912 3125 1948 :
3162 1894 3312 1950 Mitte
3343 1896 3447 1949 fal-

1869 1997 1986 2037 cem
2021 1990 2171 2039 tuam
2228 1995 2285 2040 et
2334 1998 2500 2050 mete,
2558 1987 2683 2055 quia
2717 1988 2868 2040 venit
2899 1987 3032 2041 hora
3090 1996 3149 2040 ut
3189 1994 3447 2051 metatur,

1871 2077 2128 2145 quoniam
2156 2078 2297 2133 aruit
2330 2081 2527 2133 messis
2558 2087 2737 2134 terrae.
2778 2077 2848 2143 Et
2903 2080 3050 2133 misit
3103 2079 3194 2148 qui
3223 2079 3451 2134 sedebat

1870 2183 2033 2238 super
2067 2169 2268 2223 nubem
2301 2167 2495 2224 falcem
2530 2185 2685 2226 suam
2736 2170 2794 2224 in
2830 2179 3058 2235 terram,
3090 2178 3148 2225 et
3184 2161 3450 2224 ‘demessa

1871 2271 1956 2316 est
1986 2271 2151 2316 terra.
2194 2260 2261 2314 Et
2312 2262 2451 2315 alius
2501 2262 2727 2332 angelus
2761 2261 2929 2317 exivit
2968 2263 3035 2317 de
3068 2262 3274 2333 templo
3304 2266 3450 2334 quod

1873 2360 1955 2403 est
1982 2351 2035 2404 in
2067 2353 2227 2419 cmlo,
2266 2352 2474 2407 habens
2504 2364 2557 2406 et
2590 2355 2703 2422 ipse
2731 2353 2924 2409 falcem
2952 2364 3189 2411 acutam.
3222 2356 3291 2410 Et
3313 2356 3453 2411 alius

1874 2443 2101 2510 angelus
2129 2442 2298 2497 exivit
2352 2444 2417 2497 de
2469 2444 2656 2513 altari,
2707 2447 2798 2514 qui
2839 2446 3071 2502 habebat
3128 2456 3450 2516 potestatem

1873 2546 2035 2599 supra
2084 2534 2299 2602 ignem;
2329 2545 2383 2588 et
2414 2532 2835 2591 clainavit‘voce
2870 2552 3062 2606 magna
3106 2539 3172 2593 ad
3204 2554 3327 2593 eum
3358 2539 3452 2609 qui

1871 2625 2108 2706 habebat
2139 2624 2336 2681 falcem
2357 2637 2595 2690 acutam,
2623 2628 2811 2684 dicens
2842 2644 2856 2684 :
2896 2629 3044 2684 Mitte
3074 2630 3267 2684 falcem
3302 2641 3451 2685 tuam

1875 2727 2112 2784 acutam,
2145 2726 2198 2773 et
2230 2720 2498 2774 vindemia
2539 2726 2722 2775 hotros
2756 2722 2926 2776 vinea:
2979 2732 3157 2788 terrae,
3195 2725 3453 2792 quoniam

1876 2821 2102 2864 maturae
2135 2821 2265 2865 sunt
2313 2827 2431 2866 uvas
2481 2814 2622 2882 ejus.
2678 2812 2743 2867 Et
2798 2814 2945 2868 misit
2978 2816 3203 2881 angelus
3256 2815 3450 2871 falcem

1875 2920 2028 2960 suam
2061 2914 2274 2959 acutam
2303 2905 2358 2960 in
2388 2916 2610 2971 terram,
2640 2917 2693 2963 et
2719 2906 3077 2963 vindemiavit
3106 2908 3318 2964 vineam
3348 2920 3456 2966 ter-

1879 3009 1974 3059 rae,
2005 3004 2061 3049 et
2105 2996 2252 3049 misit
2283 2996 2334 3049 in
2370 2996 2547 3051 lacum
2586 2998 2680 3051 iraa
2733 2997 2826 3053 Dei
2883 3014 3180 3069 magnum;
3232 3011 3287 3055 et
3335 3003 3449 3056 cal-

1879 3097 2035 3142 catus
2086 3099 2168 3143 est
2215 3088 2370 3144 lacus
2400 3101 2557 3144 extra
2588 3090 2891 3155 civitatem,
2932 3102 2988 3145 et
3026 3094 3196 3163 exivit
3232 3096 3457 3163 sanguis

1877 3180 1945 3234 de
1976 3180 2097 3234 lacu
2151 3195 2323 3250 usque
2353 3183 2419 3235 ad
2451 3182 2633 3237 frenos
2674 3197 2939 3251 equorum
2970 3199 3068 3253 per
3098 3186 3271 3241 stadia
3305 3187 3456 3243 mille

1876 3285 2072 3325 selecti
2082 3282 2130 3325 ta
2139 3311 2154 3325 .

1947 3362 2104 3434 [ϐαρ.
2136 3361 2283 3435 XV.]
2316 3364 2384 3418 Et
2417 3364 2519 3418 vidi
2549 3364 2692 3419 aliud
2724 3366 2936 3435 signum
2961 3367 3012 3420 in
3036 3368 3175 3423 coelo
3201 3383 3455 3438 magnum

1876 3464 1931 3508 et
1960 3455 2228 3521 mirabile,
2256 3458 2479 3526 angelos
2503 3468 2734 3527 septem,
2759 3459 3020 3514 habentes
3044 3462 3228 3529 plagas
3249 3470 3454 3530 septem

1816 3608 1821 3615 ,
1875 3548 2043 3601 notis.
2070 3551 2226 3602 imas.
2249 3548 2519 3629 Quoniam
2543 3550 2595 3603 iit
2619 3551 2724 3605 illis
2742 3562 3118 3606 consummata
3133 3563 3216 3607 est
3237 3554 3316 3608 ira
3334 3553 3452 3608 Dei.

1874 3637 1941 3691 Et
1968 3639 2073 3692 vidi
2098 3649 2352 3709 tauquam
2381 3654 2529 3695 mare
2557 3632 2785 3694 vitreum
2820 3643 3038 3695 inistnm
3065 3644 3209 3709 igne,
3245 3653 3301 3697 et
3336 3657 3453 3706 eos,

1874 3731 1965 3798 qui
2003 3730 2249 3784 vicerunt
2284 3731 2536 3797 bestiam,
2572 3740 2626 3785 et
2656 3732 2946 3799 imaginem
2978 3733 3123 3803 ejus,
3168 3744 3224 3789 et
3258 3749 3450 3789 nume-

1878 3838 1996 3875 rum
2030 3824 2268 3877 nominis
2299 3824 2440 3892 ejus,
2469 3833 2674 3878 stantes
2700 3838 2860 3890 super
2890 3841 3039 3879 mare
3070 3826 3326 3888 vitreum,
3358 3827 3455 3880 ha-

1874 3906 2069 3968 bentes
2107 3915 2345 3971 citharas
2379 3916 2472 3970 Dei
2520 3933 2534 3970 :
2566 3926 2624 3970 et
2650 3927 2938 3972 cantantes
2973 3919 3244 3972 canticum
3280 3917 3451 3988 Moysi

1876 4007 2018 4062 Servi
2073 4005 2187 4073 Dei,
2219 4019 2272 4061 et
2308 4008 2584 4063 canticum
2626 4010 2785 4079 Agni,
2827 4010 3072 4064 dicentes
3104 4029 3117 4064 :
3154 4010 3342 4079 stagna
3399 4019 3454 4064 et

1879 4098 2145 4153 mirabilia
2172 4110 2296 4154 sunt
2319 4109 2622 4169 operatua,
2648 4102 2875 4156 Domine
2898 4102 3041 4156 Deos
3062 4104 3448 4172 omnipotens:

1872 4193 2034 4261 justas
2059 4204 2110 4246 et
2133 4208 2272 4246 verae
2296 4205 2423 4247 sunt
2451 4193 2546 4247 via:
2568 4205 2692 4258 tum,
2714 4209 2810 4249 rex
2828 4198 3169 4250 sazculorutn.
3195 4196 3326 4262 Quis
3343 4212 3452 4255 non

154 4305 295 4342 rum
367 4301 472 4340 non
514 4294 601 4339 est
653 4287 930 4339 inventum
980 4285 1349 4346 mendacium,
1385 4283 1502 4336 sine
1565 4283 1771 4335 macula
1880 4283 2093 4336 timebit
2137 4272 2208 4348 te,
2244 4284 2493 4345 Domine,
2525 4294 2578 4338 et
2627 4285 2994 4352 inagniticahit
3027 4300 3224 4340 nomen
3261 4288 3455 4341 tuum?

151 4380 324 4433 enim
362 4390 489 4433 sunt
518 4390 644 4433 ante
671 4378 927 4431 thronum
965 4377 1080 4431 Dei.
1118 4377 1181 4429 Et
1214 4376 1318 4429 vidi
1348 4375 1578 4427 alterum
1606 4389 1767 4442 auge-
1877 4376 2003 4443 quia
2029 4373 2174 4452 solus
2204 4374 2330 4444 pius
2354 4393 2414 4430 es
2441 4391 2456 4430 :
2481 4377 2739 4443 quoniam
2767 4392 2957 4431 omnes
2982 4391 3170 4444 gentes
3205 4381 3451 4444 venient,

146 4471 280 4525 lum
336 4471 611 4523 volantem
646 4485 741 4538 per
774 4470 1007 4521 medium
1042 4468 1189 4530 cmli,
1219 4466 1507 4519 habentem
1532 4466 1775 4533 Evange-
1807 4497 1853 4552 ο
1878 4476 1933 4519 et
1971 4467 2277 4519 adorabunt
2309 4468 2362 4520 in
2398 4477 2693 4535 conspectu
2727 4479 2839 4534 tuo,
2873 4473 3132 4536 quoniam
3168 4470 3292 4542 [ηιε.
3324 4474 3452 4524 add.

148 4564 304 4615 lium
367 4574 657 4625 aeternum,
693 4572 750 4613 ut
785 4560 1189 4626 cvangelizarct
1240 4558 1557 4613 sedentibus
1610 4572 1772 4624 super
1882 4557 2085 4632 omnia]
2105 4559 2307 4628 judicia
2337 4571 2421 4612 tua
2449 4560 2736 4614 manifesta
2762 4574 2909 4616 sunt.
2936 4560 3001 4615 Et
3029 4576 3147 4629 post
3172 4566 3288 4618 inec
3323 4566 3451 4630 vidi,

150 4669 423 4718 terram,
460 4664 512 4705 et
545 4668 709 4722 super
732 4668 945 4704 omnem
980 4662 1214 4720 gentem,
1250 4659 1303 4703 et
1330 4650 1555 4711 tribum,
1586 4659 1639 4701 et
1671 4650 1773 4701 lin-
1880 4664 1931 4703 et
1957 4670 2084 4705 erce
2112 4663 2361 4720 apertum
2392 4664 2475 4705 est
2501 4653 2760 4721 templum
2796 4657 3126 4709 tabernaculi
3163 4660 3454 4711 testimonii

141 4765 374 4813 gnam,
401 4758 454 4798 et
484 4746 763 4815 populum,
791 4745 974 4798 dicens
1007 4758 1199 4812 magna
1227 4758 1360 4795 vace
1387 4761 1399 4795 :
1431 4742 1641 4796 'I'imete
1672 4743 1774 4795 Do-
1882 4736 1935 4797 in
1964 4744 2142 4796 cmlo:
2173 4753 2220 4796 ct
2253 4744 2507 4797 exierunt
2530 4746 2938 4813 septentangeli
2964 4748 3223 4801 habentes
3247 4762 3456 4817 septem

138 4844 501 4904 minum,et
525 4842 650 4893 date
681 4840 756 4892 illi
788 4840 1076 4902 honorem,
1112 4840 1241 4907 quia
1268 4840 1409 4891 venit
1434 4836 1774 4904 horajudicii
1882 4836 2162 4904 pl:igas.de
2200 4836 2424 4905 templo,
2478 4837 2658 4889 vestiti
2693 4836 2802 4890 lino
2843 4836 2964 4904 Ims.
3014 4838 3216 4911 lapide]
3252 4845 3457 4895 mundo
3520 4822 3527 4837 ’

136 4936 324 5001 ejus;
374 4942 436 4985 et
464 4936 694 4986 adorato
728 4948 854 4985 eum
883 4934 972 5000 qui
1039 4933 1167 4986 fecit
1218 4933 1416 4984 curtum
1454 4941 1505 4983 ct
1549 4941 1772 4993 terram,
1879 4939 1934 4978 et
1967 4928 2218 4991 candido,
2242 4939 2297 4980 et
2328 4929 2608 4996 praecineti
2644 4930 2787 4981 circa
2822 4943 3045 4997 pectora
3073 4934 3225 4989 zonis
3253 4935 3452 4987 aureis.

136 5042 323 5081 ritate
348 5026 374 5055 ³
411 5034 463 5076 et
493 5023 678 5078 fontes
715 5039 1001 5092 aquarum.
1026 5023 1092 5076 Et
1138 5024 1275 5076 altus
1304 5022 1527 5090 angelus
1557 5034 1775 5074 secutus
1878 5017 1946 5070 Et
1975 5034 2141 5071 unum
2167 5022 2235 5072 de
2264 5029 2497 5087 quatuor
2520 5020 2846 5074 animalibus
2875 5021 3026 5074 dedit
3056 5034 3262 5091 septem
3289 5040 3454 5091 ange-

132 5130 259 5188 est,
296 5116 549 5169 dicens:
580 5113 808 5179 Cecidit,
837 5114 1035 5167 recidit
1066 5113 1299 5183 Babylon
1326 5113 1414 5165 illa
1444 5129 1632 5180 magna
1657 5128 1774 5179 qua:
1880 5110 1946 5163 lis
1975 5124 2183 5178 septem
2217 5111 2432 5178 phialas
2459 5127 2676 5176 aureas,
2709 5113 2901 5181 plenas
2926 5116 3221 5168 iracundia:
3252 5116 3343 5168 Dei
3377 5117 3454 5168 vi-

131 5227 162 5261 a
208 5209 377 5260 vino
419 5205 514 5258 ira:
547 5205 931 5260 fornicatiOuis
965 5222 1073 5259 sua:
1106 5208 1315 5273 potavit
1344 5219 1531 5256 omnes
1564 5214 1771 5272 gentes.
1881 5205 2058 5256 ventis
2094 5204 2146 5253 in
2179 5206 2374 5256 saecula
2411 5193 2757 5257 satcul'oruni.
2796 5206 2863 5259 Et
2896 5207 2987 5273 ini,
3009 5208 3171 5260 ir'lttttt
3203 5222 3285 5261 est
3314 5220 3453 5260 tein-

132 5300 199 5353 Ei
237 5275 482 5353 tertius
503 5299 727 5367 angelus
758 5308 974 5353 secutus
997 5308 1080 5349 est
1115 5296 1256 5360 illos,
1290 5296 1481 5349 dicens
1506 5309 1635 5347 voce
1665 5311 1775 5345 ma-
1878 5298 2026 5364 plum
2064 5296 2214 5349 fumo
2246 5311 2273 5347 a
2311 5297 2593 5364 majestate
2632 5297 2746 5361 Dei,
2798 5308 2855 5351 ct
2887 5302 2953 5353 dc
2988 5305 3177 5351 virtute
3211 5300 3328 5367 rjus
3353 5311 3455 5353 ret

127 5412 253 5464 gn:
294 5411 314 5446 :
361 5390 436 5443 Si
470 5392 591 5458 quis
619 5391 928 5444 adoravcrit
952 5390 1181 5443 bestiam
1216 5401 1269 5440 et
1307 5389 1595 5455 imaginem
1632 5387 1770 5455 ejus,
1878 5403 2043 5440 nemo
2076 5398 2288 5455 poterat
2325 5388 2553 5442 introire
2587 5392 2640 5442 in
2683 5402 2770 5442 ten
2797 5393 2963 5459 plum,
2999 5394 3166 5443 donec
3196 5408 3438 5446 consum-

132 5503 193 5543 et
229 5486 547 5552 acceperit
578 5485 951 5538 characterem
984 5484 1035 5534 in
1065 5483 1250 5535 fronte
1285 5496 1381 5534 sua
1413 5488 1505 5533 aut
1535 5479 1588 5534 in
1614 5495 1773 5531 manu
1880 5491 2163 5534 marentur
2192 5492 2398 5550 septem
2435 5481 2610 5552 plaga:
2643 5494 2850 5551 septem
2882 5486 3195 5549 angelorum

208 5618 461 5675 ’Addit
504 5630 687 5673 noster
720 5634 822 5673 ms.
861 5629 907 5679 et
932 5620 1078 5685 vixit,
1121 5618 1264 5687 quod
1306 5626 1387 5671 est
1422 5631 1487 5668 ex
1525 5614 1765 5670 infcriori

1879 5617 2005 5670 dtnu
2030 5615 2156 5671 etin
2181 5617 2381 5671 Graecis
2409 5618 2610 5688 aliquot
2635 5619 2787 5671 libris
2813 5629 2918 5679 est,
2938 5622 3031 5671 καὶ
3057 5618 3233 5671 arma.
3267 5620 3333 5672 τὰ
3356 5622 3452 5674 αὐ-

128 5700 453 5750 contextu
491 5694 593 5742 huc
623 5691 873 5743 ascitum.
1637 5757 1644 5760 _
1877 5689 2012 5747 τοῖς.
2039 5699 2221 5744 noster
2253 5705 2466 5758 quoque
2498 5705 2599 5743 ins.
2633 5691 2794 5741 habet
2849 5702 2897 5742 et
2927 5692 3103 5743 omnia
3147 5707 3261 5760 qua:
3305 5708 3357 5744 in
3387 5696 3459 5746 cis

206 5766 388 5819 Ῥιο
430 5762 611 5812 verbis
644 5776 785 5811 mare
814 5771 860 5812 et
902 5761 1068 5828 fontes
1107 5775 1388 5830 aquarum,
1415 5757 1775 5825 quetnadnto-
1880 5769 2025 5813 sunt.

525 5860 794 5916 l’aTttoL.
840 5856 879 5904 Υ
904 5855 945 5900 ἵ
967 5854 981 5907 Ι
1002 5855 1078 5913 Χ.

3074 5853 3146 5916 29
