3946 6170
516 340 626 405 907

518 544 793 600 dicentem
829 556 1036 613 septem
1078 546 1325 613 angelis:
1365 544 1461 611 Ite,
1494 556 1547 599 et
1593 546 1855 600 eﬂ'undite
1887 558 2092 615 septem

515 638 727 706 phialas
749 638 843 693 ira:
869 638 960 692 Dei
988 640 1039 692 in
1066 648 1289 694 terram.
1324 641 1387 695 Et
1416 641 1545 695 abiit
1574 642 1804 710 primus,
1837 652 1889 696 et
1912 640 2099 695 eii‘udit

518 731 753 800 phialam
783 746 936 784 suam
988 732 1042 787 itt
1073 741 1297 795 terram,
1331 744 1382 787 et
1414 732 1614 788 factum
1649 744 1731 787 est
1764 734 1961 787 vulnus
1997 748 2099 788 sa:-

518 836 647 877 vum
670 834 723 875 et
757 824 1054 890 pessimum
1084 826 1137 877 in
1172 826 1423 879 homines
1469 826 1558 893 qui
1594 826 1865 880 habebant
1907 826 2100 881 chara-

518 924 720 968 cterem
749 915 932 969 bestiae
955 958 968 979 ,
1003 927 1058 969 et
1088 916 1140 968 in
1164 932 1255 969 eos
1275 918 1365 984 qui
1399 916 1761 970 adoraveruut
1810 917 2098 985 imaginem

518 1007 657 1075 ejus.
689 1006 756 1060 Et
785 1008 1063 1061 secundus
1095 1008 1320 1078 angelus
1356 1008 1549 1062 eliudit
1586 1009 1820 1078 phialam
1858 1025 2010 1062 suam
2047 1009 2099 1061 in

518 1114 691 1163 mare,
725 1109 780 1153 et
832 1100 1009 1155 factus
1040 1112 1124 1155 est
1177 1104 1399 1170 sanguis
1457 1115 1711 1171 tanquam
1764 1104 1960 1154 mortui
2005 1111 2102 1155 :et

518 1195 701 1247 omnis
732 1194 913 1245 anima
946 1194 1136 1247 vivens
1168 1205 1383 1248 mortua
1419 1204 1500 1248 est
1535 1194 1586 1246 iu
1617 1194 1770 1247 mari.
1813 1194 1869 1244 lit
1915 1195 2103 1246 tertius

518 1283 711 1339 effudit
741 1284 971 1351 phialam
1000 1300 1152 1337 suam
1184 1301 1338 1354 super
1368 1286 1584 1337 ﬂumina
1645 1296 1698 1339 et
1730 1301 1890 1353 super
1932 1284 2108 1337 fontes

520 1392 807 1446 aquarum,
842 1386 896 1430 et
927 1377 1101 1431 factus
1128 1386 1209 1431 est
1248 1379 1491 1447 sanguis.
1536 1379 1601 1430 Et
1635 1381 1813 1428 amlivi
1855 1377 2107 1445 angelum

522 1486 785 1539 aquarum
820 1472 1091 1524 dicentem
1126 1488 1138 1525 :
1167 1469 1353 1523 Justus
1385 1486 1465 1533 es,
1505 1470 1728 1524 Domine
1752 1474 1791 1532 ¹,
1822 1486 1914 1537 qut
1946 1486 2027 1532 es,
2054 1479 2107 1520 et

520 1570 611 1637 qtti
637 1583 758 1622 eras
779 1578 1029 1627 sanctus,
1060 1568 1148 1632 qui
1177 1568 1286 1619 lia-c
1311 1566 1564 1632 judicasti
1600 1584 1612 1618 :
1642 1566 1763 1631 quia
1789 1564 2108 1629 sanguinem

523 1668 839 1715 sanctorum
864 1669 918 1712 et
946 1664 1332 1727 prophetarum
1363 1658 1691 1717 effuderunt,
1718 1667 1771 1709 et
1796 1656 2109 1717 sanguinem

523 1754 601 1807 eis
622 1753 817 1807 dedisti
841 1752 1026 1805 bibere
1054 1766 1068 1804 :
1094 1751 1397 1818 dignieuim
1422 1761 1568 1803 sunt.
1597 1750 1661 1802 Et
1681 1748 1857 1801 audivi
1885 1747 2111 1800 alterum

1438 342 1501 402 S.
1539 341 1970 401 lilERONYMl
2026 347 2283 404 l)l\'l.\'A
2336 342 2863 403 BIBHOTHECA.

590 450 747 524 [Cap.
780 450 942 524 XVl.]
978 452 1042 506 Et
1070 451 1247 505 audivi
1282 464 1470 506 vocem
1502 468 1750 524 magnam
1779 455 1845 507 de
1876 456 2095 521 templo,
2130 461 2171 516 Α

3681 332 3775 395 9θι8

2273 457 2427 528 [ηαρ.
2466 454 2655 521 ΧῊΗ
2678 454 2747 507 Et
2774 452 2922 506 venit
2949 464 3085 505 unus
3115 449 3181 505 de
3213 457 3415 519 septem
3444 445 3673 515 angelis,
3699 447 3776 515 qui

2203 551 2473 604 habebant
2501 558 2707 616 septem
2737 544 2967 614 phialas,
3000 552 3054 597 et
3085 544 3294 595 locutus
3321 547 3403 594 est
3436 554 3672 604 mecum,
3709 540 3777 590 di-

2202 656 2335 695 cens
2367 658 2379 693 :
2414 640 2571 701 Veni,
2606 639 2891 693 ostendam
2930 636 3021 689 tibi
3054 635 3453 687 damnationem
3487 630 3777 685 meretricis

2204 746 2433 802 magnae,
2458 746 2578 800 qua
2603 732 2757 785 sedet
2781 743 2945 799 super
2968 741 3133 798 aquas
3161 727 3381 785 multas.
3404 740 3525 777 cum
3548 738 3652 793 qua
3682 723 3782 777 for-

2204 823 2372 877 nicati
2401 832 2529 876 sunt
2557 837 2711 892 rcges
2741 831 2920 886 terrae,
2947 830 2998 873 et
3029 819 3281 873 inebriati
3307 828 3434 873 sunt
3460 821 3549 889 qui
3578 820 3778 874 inhabi-

2209 926 2322 969 tant
2353 926 2553 970 terram
2593 917 2658 969 de
2692 916 2818 969 vino
2852 913 3255 983 prostitutiouis
3289 913 3428 981 ejus.
3466 914 3532 967 Et
3566 915 3779 969 abstulit

2208 1025 2291 1063 me
2313 1010 2365 1061 itt
2400 1008 2591 1076 spiritu
2631 1007 2682 1060 itt
2717 1007 3013 1061 desertum.
3044 1003 3109 1059 Ει
3140 1004 3247 1058 vidi
3282 1004 3563 1057 mulierem
3592 1005 3777 1059 seden-

2211 1116 2316 1156 tem
2367 1116 2530 1169 super
2559 1100 2791 1153 bestiam
2840 1099 3173 1163 coccineam,
3226 1096 3436 1164 plenam
3470 1098 3776 1152 nominibus

2213 1190 2580 1257 blasphemire,
2611 1187 2903 1242 habentem
2930 1189 3105 1257 capita
3133 1198 3361 1257 septem,
3392 1196 3445 1241 et
3468 1204 3675 1241 cornua
3706 1193 3779 1243 de-

2210 1299 2349 1336 cem.
2380 1283 2445 1336 Et
2471 1292 2662 1335 mulier
2685 1292 2801 1334 erat
2826 1282 3160 1335 circumdata
3188 1295 3443 1349 purpura,
3468 1289 3518 1335 et
3544 1282 3778 1345 coccino,

2213 1392 2264 1434 et
2296 1380 2545 1433 inaurata
2595 1393 2749 1442 auro,
2789 1387 2840 1431 ει
2873 1376 3048 1445 lapide
3076 1376 3341 1445 pretioso,
3376 1384 3427 1429 et
3460 1372 3777 1442 margaritis,

2215 1473 2418 1525 habens
2443 1473 2695 1539 poculum
2728 1484 2949 1523 aureum
2984 1467 3035 1521 in
3069 1483 3227 1520 manu
3258 1482 3380 1530 sua,
3408 1466 3630 1533 plenum
3666 1464 3777 1515 abo-

2217 1563 2536 1623 minationc,
2571 1571 2623 1614 et
2656 1560 3001 1614 immunditia
3053 1559 3431 1612 fornicationis
3459 1558 3603 1627 ejus.
3645 1555 3707 1608 Et
3736 1556 3776 1606 in

2219 1651 2393 1703 fronte
2428 1650 2547 1719 ejus
2578 1664 2774 1727 nomen
2834 1652 3121 1717 scriptum,
3161 1649 3472 1720 Mysterinm
3502 1666 3515 1700 :
3563 1648 3775 1715 Babylon

2220 1758 2436 1811 magna,
2463 1750 2640 1796 mater
2666 1742 3107 1806 foruicationum,
3130 1751 3184 1796 et
3204 1742 3669 1797 abominationum
3697 1751 3781 1792 ter-

524 1844 591 1897 ab
622 1844 779 1897 altari
804 1846 822 1874 '
854 1844 1122 1898 dicentem
1152 1861 1165 1895 :
1191 1843 1391 1902 Etiam.
1424 1842 1648 1895 Domine
1693 1842 1832 1894 Deus
1865 1842 2109 1908 omnipo-
2148 1818 2187 1873 Β
2221 1849 2311 1885 ται.
2349 1832 2414 1896 Et
2445 1832 2552 1885 vidi
2589 1832 2871 1886 mulierem
2908 1832 3117 1887 ebriam
3171 1832 3237 1886 de
3285 1833 3552 1900 sanguine
3587 1842 3778 1884 saucio—

524 1946 664 1999 tens,
698 1951 824 1989 vera
860 1945 915 1988 et
957 1936 1102 2005 justa
1130 1934 1333 2004 judicia
1376 1945 1485 1991 tua.
1524 1934 1587 1987 Et
1622 1943 1847 2004 quartus
1884 1932 2105 2001 angelus

523 2025 710 2081 effudit
740 2027 975 2093 phialam
1006 2041 1155 2079 suam
1181 2027 1233 2079 iu
1262 2027 1453 2089 solem,
1475 2035 1529 2079 et
1553 2026 1736 2079 datum
1768 2036 1846 2079 est
1874 2025 1948 2079 illi
1974 2034 2104 2077 aestu

525 2116 759 2185 atnigere
798 2119 1067 2181 homines,
1097 2129 1149 2170 et
1178 2118 1282 2186 igni
1312 2135 1326 2173 ;
1363 2129 1415 2172 et
1448 2128 1818 2171 :estuaveruut
1859 2116 2108 2171 homines

523 2217 659 2263 metu
686 2224 903 2276 magno,
930 2217 983 2261 et
1010 2208 1530 2276 blasphemaverunt
1560 2224 1754 2263 nomen
1782 2209 1871 2263 Dei
1898 2207 2109 2262 haben-

526 2302 596 2353 tis
625 2309 946 2369 potestatem
973 2314 1137 2367 super
1166 2300 1266 2352 has
1294 2301 1499 2367 plagas,
1530 2316 1704 2369 neque
1734 2307 1961 2368 egerunt
1991 2314 2110 2366 pce-

523 2389 838 2451 nitentiam,
867 2398 924 2441 ut
956 2390 1148 2441 darent
1175 2388 1249 2441 illi
1282 2392 1505 2457 gloriam
1529 2391 1569 2444 ⁸.
1606 2389 1669 2443 Ει
1695 2392 1913 2458 quintus
1946 2405 2109 2457 ange-

526 2482 611 2535 lus
638 2480 827 2534 eﬂ‘udit
861 2480 1097 2548 phialam
1153 2495 1305 2533 suam
1358 2495 1521 2546 super
1553 2483 1736 2535 sedem
1788 2482 1973 2535 bestia:
2006 2500 2017 2534 :
2055 2490 2110 2533 et

525 2575 724 2627 lactant
756 2582 839 2627 est
873 2586 1099 2641 regnum
1123 2571 1237 2639 ejus
1270 2573 1638 2635 tenebrosum,
1671 2581 1725 2626 et
1753 2572 2108 2627 commandu-

523 2675 789 2718 caverunt
810 2662 931 2736 [mm
959 2663 1337 2731 comederunt]
1368 2665 1580 2731 linguas
1602 2680 1727 2719 suas
1754 2680 1860 2734 pra:
1886 2665 2111 2720 dolore:

523 2767 577 2811 et
610 2759 1135 2824 blasphemaverunt
1185 2756 1352 2809 Deum
1404 2758 1552 2821 εαξη,
1588 2772 1698 2826 ιιι-ιε
1734 2758 2014 2813 doloribus
2055 2769 2111 2813 et

523 2848 845 2901 vulneribus
885 2846 999 2899 suis
1016 2846 1058 2912 ⁸,
1098 2857 1152 2899 ει
1201 2864 1305 2898 non
1344 2856 1575 2914 egerunt
1629 2844 2004 2916 paenitentiam
2040 2865 2107 2904 ex

521 2940 779 3008 operibus
832 2938 968 2992 suis.
1023 2937 1088 2991 Et
1135 2951 1322 2992 sextus
1372 2938 1594 3006 angelus
1648 2939 1833 2993 etludit
1870 2940 2104 3008 phialam

524 3047 679 3087 suam
714 3030 767 3085 in
797 3031 999 3085 tlumen
1034 3031 1161 3085 illud
1184 3048 1432 3101 magnum
1456 3033 1825 3101 Euphratem:
1862 3044 1916 3087 et
1938 3034 2112 3087 sicca-

523 3125 600 3177 vit
625 3138 821 3191 aquam
851 3123 990 3191 ejus,
1019 3130 1075 3175 ut
1100 3133 1500 3190 prmpararetur
1528 3124 1611 3175 via
1652 3123 1866 3193 regibus
1899 3124 1964 3175 ab
1987 3131 2105 3175 ortu

521 3216 675 3270 solis.
708 3214 774 3269 Et
809 3216 916 3268 vidi
947 3215 1014 3269 de
1061 3228 1155 3267 ore
1187 3214 1465 3279 draconis,
1500 3224 1552 3267 et
1584 3214 1650 3267 de
1681 3230 1778 3269 ore
1813 3215 2023 3278 bestiae,
2054 3223 2107 3268 et

522 3306 591 3360 de
641 3321 737 3359 ore
786 3305 1317 3374 pseudoprophetae'
1358 3306 1584 3373 spiritus
1640 3316 1747 3359 tres
1800 3306 2106 3359 immundos

524 3400 576 3451 iu
606 3397 831 3451 modum
884 3411 1164 3452 ranarum.
1201 3395 1335 3449 Sunt
1377 3396 1522 3449 enim
1555 3398 1778 3464 spiritus
1810 3400 2103 3453 daemonio-

525 3506 644 3544 rum
682 3489 942 3544 lacieutes
993 3488 1173 3557 signa.
1215 3500 1269 3543 et
1322 3490 1623 3558 procedunt
1657 3491 1721 3543 ad
1760 3505 1914 3559 reges
1946 3490 2105 3544 totius

525 3596 683 3637 terra:
707 3596 1038 3652 congregare
1073 3582 1191 3636 illos
1215 3584 1267 3635 in
1300 3582 1541 3651 prmlium
1574 3582 1638 3637 ad
1668 3583 1811 3637 diem
1850 3600 2103 3652 maguum

522 3674 914 3744 omnipotentis
952 3673 1065 3728 Dei.
1099 3674 1239 3729 Ecce
1277 3677 1434 3729 venio
1461 3678 1602 3729 sicut
1637 3675 1741 3728 fur.
1785 3676 1981 3729 Beatus
2013 3677 2102 3743 qui

523 3770 728 3839 vigilat,
766 3780 819 3825 et
848 3768 1086 3825 custodit
1120 3770 1448 3823 vestimenta
1477 3783 1596 3832 sua,
1633 3782 1697 3821 ne
1726 3769 1900 3821 nudus
1920 3769 2105 3821 ambu-

526 3865 617 3928 let,
663 3871 717 3916 et
766 3863 982 3916 videant
1030 3860 1414 3929 turpitudinem
1466 3862 1604 3929 ejus.
1644 3859 1711 3915 Et
1758 3862 2106 3929 congregabit

526 3955 645 4010 illos
694 3956 747 4007 in
801 3955 978 4009 locum
1049 3956 1141 4022 qui
1181 3966 1410 4008 vocatur
1447 3953 1715 4008 llebraice
1763 3956 2103 4024 Armagedon

527 4049 649 4121 [ηπ.
676 4046 1100 4117 llermagedou].
1128 4046 1191 4099 Et
1214 4048 1476 4114 septimus
1500 4047 1721 4111 angelus
1744 4045 1930 4101 eﬂudit
1956 4048 2105 4116 phia-

524 4143 629 4194 lam
658 4155 812 4196 suam
844 4140 896 4193 in
930 4154 1132 4202 aerem,
1161 4148 1215 4192 et
1254 4139 1420 4192 exivit
1454 4154 1556 4192 vox
1593 4155 1783 4206 magna
1816 4141 1879 4193 de
1910 4141 2105 4209 templo

523 4247 565 4289 a.
586 4230 1045 4294 throno,dicens:
1082 4228 1307 4282 Factum
1339 4239 1442 4283 est.
1469 4231 1531 4283 Et
1558 4229 1693 4285 facta
1720 4240 1845 4285 sunt
1868 4229 2102 4301 fulgura,

523 4335 577 4377 et
605 4336 765 4376 voces
796 4330 853 4376 et
884 4323 1148 4384 tonitrua,
1188 4330 1241 4374 et
1282 4328 1621 4376 terra-motus
1667 4321 1840 4377 factus
1870 4332 1951 4377 est
1987 4338 2104 4375 ma-

524 4431 684 4485 gnus.
709 4414 883 4483 qualis
910 4428 1184 4480 nunquam
1214 4412 1333 4475 luit,
1364 4428 1427 4466 ex
1458 4428 1565 4481 quo
1608 4414 1857 4469 homines
1885 4413 2105 4469 fuerunt

2222 1940 2360 1989 rum,
2396 1934 2449 1979 et
2492 1925 2555 1978 de
2593 1939 2859 1993 sanguine
2918 1936 3215 1995 martyrum
3268 1923 3417 1978 Jesu.
3472 1923 3541 1977 Et
3577 1924 3779 1975 miratus

2216 2032 2361 2081 sum,
2394 2034 2515 2069 cum
2551 2017 2813 2071 vidissmn
2859 2017 3030 2081 illam,
3068 2019 3432 2070 admiratione
3479 2031 3693 2084 magna.
3726 2014 3778 2069 Et

2193 2099 2353 2163 dixit
2387 2111 2515 2163 mihi
2549 2110 2770 2176 angelus
2799 2125 2813 2165 :
2846 2108 3023 2175 Quare
3061 2108 3320 2164 miraris?
3357 2110 3467 2177 Ego
3500 2110 3679 2161 dicam
3706 2107 3781 2159 tibi

2218 2210 2623 2255 sacramentum
2678 2200 2942 2265 mulieris,
2981 2210 3035 2255 et
3070 2202 3255 2255 bestiae
3287 2216 3406 2269 qua:
3450 2210 3627 2269 portat
3660 2214 3779 2259 eant,

2219 2309 2335 2361 qua:
2378 2296 2541 2347 habet
2570 2296 2743 2363 capita
2774 2304 2979 2363 septem
3041 2304 3090 2347 et
3121 2309 3325 2347 cornua
3360 2295 3570 2348 decem.
3597 2291 3777 2353 Bestia,

2218 2404 2380 2455 quam
2409 2386 2610 2448 vidisti,
2646 2385 2766 2449 fuit,
2811 2395 2864 2440 et
2901 2402 3005 2440 non
3040 2395 3154 2450 est,
3202 2396 3250 2439 et
3284 2401 3577 2438 ascensura
3612 2396 3693 2437 est
3727 2384 3781 2435 de

2219 2476 2439 2544 abysso,
2478 2484 2531 2529 et
2561 2476 2611 2527 itt
2652 2475 2926 2528 interitum
2962 2474 3057 2528 ibit
3084 2493 3095 2527 :
3132 2485 3183 2528 et
3211 2474 3553 2527 mirabuntur
3582 2471 3782 2525 inhabi-

2219 2577 2397 2622 tantes
2436 2577 2632 2622 terram
2666 2570 2921 2637 (quorum
2958 2584 3064 2621 non
3101 2575 3226 2620 sunt
3259 2567 3461 2634 scripta
3496 2566 3706 2619 narnina
3734 2564 3781 2616 in

2219 2662 2358 2715 libro
2382 2661 2514 2715 Viue
2542 2676 2570 2715 a
2594 2661 2982 2715 constitutione
3007 2659 3237 2729 mundi),
3268 2661 3511 2712 videntes
3543 2659 3783 2720 bestiam,

2220 2770 2340 2823 quae
2393 2765 2529 2817 erat,
2560 2760 2615 2806 et
2647 2768 2755 2807 non
2789 2763 2893 2807 est.
2936 2752 3001 2805 Et
3034 2752 3122 2807 hic
3154 2763 3237 2806 est
3266 2768 3481 2816 sensus,
3514 2754 3599 2821 qui
3638 2752 3789 2807 habet

2221 2846 2566 2915 sapientiam.
2598 2846 2817 2915 Septem
2841 2854 3044 2915 captta,
3071 2856 3279 2914 septem
3302 2853 3509 2899 montes
3531 2857 3679 2910 sunt,
3704 2858 3786 2898 su-

2218 2954 2313 3006 per
2337 2954 2471 3008 quos
2506 2939 2701 2992 mulier
2730 2938 2904 3004 sedet,
2940 2947 2995 2992 et
3024 2952 3174 3008 reges
3202 2947 3407 3007 septem
3446 2946 3589 2992 sunt.
3625 2937 3785 3004 Quin-

2218 3041 2324 3099 que
2347 3027 2685 3092 ceciderunt,
2714 3042 2855 3081 unus
2883 3038 2987 3092 est,
3020 3038 3074 3082 et
3096 3028 3236 3082 alius
3262 3029 3501 3081 nondum
3533 3030 3710 3082 venit:
3736 3034 3786 3080 et

2219 3137 2341 3175 cum
2372 3122 2607 3187 venerit,
2639 3129 2854 3189 oportet
2907 3121 3056 3174 illum
3110 3120 3271 3174 breve
3312 3133 3525 3189 tempus
3556 3134 3782 3174 manere.

2137 3178 2179 3235 ϐ
2213 3215 2277 3268 Ει
2315 3217 2505 3279 bestia,
2539 3228 2822 3300 quaaerat,
2862 3224 2915 3270 et
2952 3232 3057 3270 non
3088 3228 3190 3278 est,
3226 3226 3278 3271 et
3307 3217 3419 3287 ipsa
3454 3226 3639 3271 octava
3668 3225 3779 3269 est;

2211 3320 2263 3362 et
2296 3310 2361 3363 de
2390 3326 2595 3377 septem
2648 3321 2750 3373 est,
2802 3322 2852 3363 et
2885 3311 2935 3364 in
2973 3312 3248 3364 interitum
3292 3312 3457 3363 vadit.
3495 3310 3560 3363 Et
3606 3312 3779 3365 decem

2212 3401 2332 3474 [ms.
2369 3410 2472 3454 lac.
2512 3401 2575 3454 Et
2608 3401 2815 3474 decem]
2850 3416 3077 3468 cornua,
3107 3418 3226 3471 quae
3258 3403 3463 3467 vidisti,
3497 3406 3676 3458 decem
3706 3416 3779 3455 re-

2212 3511 2304 3560 ges
2340 3506 2469 3547 sunt
2497 3513 2509 3547 :
2546 3497 2635 3561 qui
2672 3509 2893 3563 regnum
2927 3498 3165 3549 nondum
3196 3506 3546 3563 acceperunt,
3578 3497 3667 3550 sed
3698 3510 3780 3561 po-

2215 3594 2457 3638 testatem
2500 3595 2753 3652 tanquam
2812 3601 2966 3655 rcges
3025 3602 3125 3639 una
3177 3587 3309 3641 hora
3364 3589 3625 3657 accipient
3669 3597 3779 3656 ροει

2212 3678 2461 3729 bestiam.
2499 3674 2560 3729 Hi
2600 3693 2765 3730 unum
2800 3680 3089 3732 consilium
3127 3679 3345 3745 habent,
3373 3691 3429 3734 et
3461 3682 3706 3733 virtutem
3733 3688 3783 3732 et

2212 3778 2534 3837 potestatem
2574 3785 2726 3824 suam
2764 3772 2947 3824 bestiae
2978 3775 3212 3827 tradent.
3259 3770 3324 3825 Hi
3359 3788 3481 3826 cum
3517 3775 3664 3841 Agno
3694 3789 3784 3840 pu—

2211 3862 2476 3928 gnabunl,
2507 3872 2559 3916 et
2588 3862 2772 3931 Agnus
2801 3864 2982 3918 vincet
3016 3864 3169 3919 illos:
3224 3864 3486 3935 quoniam
3536 3864 3786 3916 Dominus

2210 3955 2589 4008 dominorum“
2615 3966 2714 4021 est,
2744 3967 2797 4009 et
2819 3956 2933 4011 Rex
2962 3973 3166 4027 regum,
3193 3969 3244 4012 et
3266 3960 3357 4026 qui
3382 3974 3503 4011 cum
3530 3957 3617 4009 illo
3640 3966 3780 4017 sunt,

2210 4049 2409 4111 vocati,
2438 4049 2614 4115 electi,
2642 4059 2695 4103 et
2735 4050 2940 4105 ﬁdeles.
2973 4049 3039 4105 Et
3068 4051 3204 4104 dixit
3240 4051 3366 4104 mibi
3401 4068 3415 4105 :
3448 4053 3610 4120 Aquas
3657 4065 3785 4118 quas

2211 4137 2386 4191 vidisti
2422 4142 2509 4192 ubi
2566 4143 2819 4193 meretrix
2854 4142 3027 4209 sedet,
3080 4142 3265 4213 populi
3318 4153 3470 4211 sunt,
3501 4153 3549 4199 et
3575 4156 3782 4214 gentes,

2210 4239 2261 4284 et
2296 4230 2513 4297 linguae.
2554 4232 2620 4285 Et
2653 4233 2841 4287 decem
2877 4249 3081 4289 cornua
3134 4252 3257 4304 qua:
3289 4236 3477 4291 vidisti
3509 4239 3554 4290 in
3588 4236 3787 4301 bestia,

2210 4319 2262 4375 hi
2295 4322 2479 4375 odient
2536 4323 2904 4389 fornicariam,
2960 4336 3013 4379 et
3062 4328 3357 4381 desolatam
3393 4328 3580 4383 facient
3617 4328 3783 4389 illam,

2207 4423 2261 4465 et
2292 4411 2515 4477 undam,
2556 4425 2607 4469 et
2638 4431 2833 4471 carnes
2890 4417 3005 4485 ejus
3063 4420 3484 4483 manducabunt,
3519 4429 3567 4472 cl
3614 4420 3783 4487 ipsam

525 4521 690 4574 super
713 4517 935 4571 terram,
962 4506 1088 4559 talis
1118 4514 1479 4568 terrarmutus,
1499 4510 1575 4559 sic
1602 4522 1842 4574 magnus.
1872 4507 1935 4560 Et
1960 4508 2099 4561 facta
2139 4539 2180 4593 ι)
2209 4503 2319 4572 igni
2366 4508 2819 4561 concremabunt.
2858 4509 2996 4561 Deus
3032 4512 3173 4563 enim
3207 4510 3359 4563 dedit
3406 4512 3461 4563 in
3493 4514 3648 4565 corda
3692 4526 3782 4562 eo-

525 4611 609 4653 est
658 4599 850 4653 civitas
884 4614 1074 4666 magna
1115 4598 1167 4650 in
1203 4609 1311 4650 tres
1353 4608 1533 4666 partes
1558 4614 1573 4653 :
1601 4608 1657 4651 et
1694 4601 1943 4653 civitates
1974 4613 2102 4667 gen-

529 4693 663 4744 tium
693 4691 1023 4744 ceciderunt.
1050 4688 1119 4741 Et
1147 4688 1383 4759 BabyEOu
1421 4705 1611 4756 magna
1645 4692 1792 4745 venit
1817 4692 1866 4744 in
1895 4707 2101 4745 memo-

532 4785 667 4835 riam
698 4791 823 4834 ante
849 4782 1037 4844 Deum,
1068 4781 1295 4834 dareilli
1321 4783 1544 4836 calicem
1574 4784 1680 4836 viui
1716 4783 2102 4853 indignationis

529 4879 626 4930 ira
655 4874 793 4943 ejus.
827 4872 893 4927 Et
916 4874 1090 4927 omnis
1126 4873 1302 4928 insula
1334 4874 1488 4943 fugit,
1519 4886 1569 4928 et
1603 4887 1811 4931 montes
1843 4894 1945 4930 non
1975 4889 2103 4931 sunt

529 4965 753 5018 inventi.
789 4964 854 5017 Et
880 4966 1084 5035 grando
1118 4980 1305 5033 magna
1343 4967 1484 5019 sicut
1527 4967 1788 5022 talentum
1818 4968 2101 5023 descendit

526 5056 594 5109 de
620 5054 756 5109 cutio
789 5056 840 5107 in
866 5055 1116 5110 homines
1145 5073 1158 5108 :
1185 5067 1238 5109 et
1266 5056 1776 5125 blasphemaveruut
1808 5058 1972 5113 Deum
2008 5066 2100 5113 ho-

529 5149 698 5201 mines
736 5156 959 5217 pr0pter
986 5148 1193 5218 plagam
1232 5152 1514 5221 grandinis
1562 5170 1575 5206 :
1616 5153 1873 5222 quoniam
1908 5169 2096 5221 magna

524 5242 662 5295 facta
697 5250 776 5294 est
814 5240 1180 5295 vehementer.

597 5374 695 5427 ‘Ut
736 5374 787 5427 in
816 5374 1022 5449 graecis
1062 5378 1354 5435 nonnullis.
1412 5379 1483 5429 ita
1528 5391 1578 5430 et
1613 5380 1667 5430 in
1722 5379 1912 5433 Latino
1961 5385 2097 5449 apud

520 5460 619 5499 nos
648 5461 774 5509 ins.,
804 5444 1046 5509 Domine,
1080 5449 1439 5502 desideratur.

594 5515 831 5568 'lterum
867 5520 1029 5570 verba
1063 5517 1127 5567 ab
1163 5517 1346 5579 altari,
1389 5534 1511 5570 cun:
1548 5519 1749 5573 Graecis
1792 5519 1996 5587 ειιίιμιυι
2032 5522 2097 5572 li-

521 5586 659 5643 bris,
690 5594 873 5636 uoster
902 5602 1121 5653 quoque
1163 5604 1261 5639 ins.
1299 5590 1526 5652 ignorat.

588 5654 754 5705 'Plus
783 5654 941 5706 habet
978 5668 1161 5709 noster
1200 5672 1299 5719 ms,
1363 5670 1414 5709 ut
1448 5676 1549 5711 non
1584 5660 1868 5711 «adorarent
1904 5666 2097 5713 da'mo-

520 5728 625 5781 κὶα,
654 5733 709 5772 ιιι
744 5723 927 5776 darent
965 5728 1042 5776 illi
1072 5730 1317 5791 gloriam.

592 5791 934 5846 ’l‘rouomen
964 5799 1095 5860 suis,
1116 5800 1202 5851 hic
1230 5809 1281 5851 et
1306 5800 1655 5868 subsequendi
1686 5804 1925 5869 proxime
1955 5804 2093 5869 loco,

2207 4611 2350 4661 rum,
2399 4607 2455 4648 ut
2492 4597 2695 4650 faciant
2720 4600 2859 4667 quod
2896 4601 3153 4668 placitum
3186 4612 3266 4653 est
3301 4602 3373 4654 illi
3414 4619 3427 4655 :
3459 4613 3509 4657 ut
3542 4604 3665 4654 dent
3702 4614 3783 4652 re-

2204 4701 2365 4755 gnum
2392 4703 2550 4744 suum
2582 4690 2786 4751 bestiae,
2814 4693 2983 4745 d0nec
3008 4706 3460 4747 consummentur
3487 4697 3639 4747 verba
3666 4693 3777 4744 Dei.

2205 4778 2271 4834 Et
2302 4783 2494 4835 mulier
2514 4798 2674 4847 quam
2700 4785 2901 4849 vidisti,
2942 4794 3026 4839 est
3066 4785 3254 4841 civitas
3288 4803 3510 4857 magna,
3536 4801 3655 4854 quae
3691 4786 3777 4838 ha.

2206 4875 2295 4928 bet
2330 4890 2553 4941 regnum
2590 4891 2751 4945 super
2783 4893 2936 4947 reges
2980 4889 3154 4931 terrae.

2276 4967 2431 5040 [Cap.
2472 4968 2684 5042 XVII”
2723 4972 2784 5025 Ει
2833 4982 2954 5037 post
3018 4973 3133 5026 haec
3166 4974 3274 5027 vidi
3312 4972 3478 5025 aiium
3525 4970 3769 5039 angelum

2204 5065 2617 5117 ιιε›εειιιιυιιιειυ
2668 5067 2732 5118 de
2768 5068 2925 5129 coelo,
2978 5068 3262 5119 habentem
3312 5076 3629 5133 potestatem
3669 5078 3776 5114 ma-

2203 5171 2359 5221 gnam
2394 5176 2403 5205 :
2441 5166 2491 5206 et
2532 5166 2671 5208 terra
2707 5157 3005 5208 iiittmittala
3042 5166 3121 5207 est
3157 5174 3182 5207 a
3217 5157 3384 5225 gloria
3416 5157 3540 5223 ejus.
3584 5152 3649 5203 Et
3682 5168 3773 5203 ex.

2202 5247 2458 5299 clamavit
2494 5248 2544 5299 in
2582 5246 2900 5299 fortitudine
2947 5248 2986 5309 ',
3038 5249 3265 5300 dicens:
3312 5248 3525 5307 Cecidit,
3579 5245 3779 5297 reci-dit

2205 5390 2343 5441 idem
2374 5404 2469 5439 ms.
2508 5398 2665 5440 tacet.

2275 5460 2466 5508 ‘s‘nldtt
2499 5464 2663 5510 exim
2700 5467 2886 5510 noster
2925 5474 3047 5523 ms.,
3084 5458 3225 5526 quod
3260 5468 3314 5510 et
3350 5457 3401 5509 in
3436 5454 3639 5507 Graecis
3672 5455 3781 5505 ali-

2202 5526 2419 5596 quibus,
2449 5528 2703 5589 ἐξελθεῖν,
2736 5529 2981 5580 habetur.

2277 5598 2296 5626 ⁶
2322 5596 2426 5648 Pro
2455 5600 2784 5649 dominorum
2816 5610 2910 5663 est,
2948 5602 3000 5651 in
3031 5610 3217 5653 nostro
3248 5612 3346 5653 ms.
3374 5608 3476 5648 uno
3498 5604 3584 5648 est
3613 5595 3789 5649 verbo

2202 5670 2525 5719 demittatur.

2278 5738 2294 5765 τ
2332 5736 2497 5789 Voces
2546 5739 2597 5788 in
2649 5740 2988 5807 fortitudine,
3043 5753 3164 5793 eum
3221 5749 3398 5793 nostro
3444 5751 3539 5789 ius.
3600 5734 3791 5789 Grati

2202 5810 2365 5861 etiam
2413 5806 2655 5863 nonnulli
2692 5820 2890 5865 tacent.
