3946 6170
259 593 400 642 rum,
432 594 485 636 et
517 590 760 642 custodia
795 597 972 652 omnis
999 601 1222 670 spiritus
1252 607 1540 682 immundi,
1574 629 1624 674 et
1653 633 1835 678 custo-

252 668 339 721 dia
372 674 548 728 omnis
581 679 820 736 volueris
868 668 1162 748 immunda:
1207 707 1262 751 et
1317 701 1530 762 odibilis
1561 724 1576 761 :
1605 711 1726 779 quia
1769 715 1835 769 de

251 763 379 817 vino
432 763 523 820 ira:
560 765 684 840 [ms.
719 773 786 828 de
834 776 933 850 ira]
988 780 1360 849 fornicationis
1408 797 1529 865 ejus
1582 802 1830 862 hiberunt

247 866 436 908 omnes
485 869 715 925 gentes:
745 877 799 918 et
845 883 1002 941 rcges
1054 881 1214 932 terra:
1259 895 1381 938 cum
1436 888 1523 944 illa
1573 891 1825 952 fornicati

245 958 416 1002 sunt:
451 960 504 1004 et
553 967 884 1016 mercatores
937 977 1094 1022 terrae
1143 972 1210 1026 de
1259 977 1457 1035 Virtute
1507 977 1822 1047 deliciarum

241 1037 358 1105 ejus
391 1040 586 1098 divites
628 1045 757 1103 facti
794 1064 942 1111 sunt.
978 1057 1046 1112 Et
1093 1063 1276 1120 audivi
1323 1070 1482 1126 aliam
1525 1091 1710 1134 vocem
1761 1085 1825 1141 de

236 1128 397 1194 caelo,
433 1132 700 1192 dicentem
736 1157 751 1198 :
787 1143 942 1200 Exite
991 1149 1059 1203 de
1109 1152 1220 1220 illa,
1259 1162 1486 1227 populus
1539 1183 1733 1228 meus:
1767 1183 1823 1228 ut

241 1235 304 1272 ne
335 1226 629 1296 participes
657 1232 778 1286 sitis
809 1237 1131 1296 delictorum
1161 1226 1300 1316 ejus,
1330 1226 1382 1306 et
1418 1256 1483 1309 de
1513 1259 1682 1328 plagis
1706 1266 1822 1334 ejus

234 1326 344 1365 non
379 1320 679 1387 accipiatis.
713 1326 992 1399 Quoniam
1037 1352 1400 1405 pervenerunt
1447 1363 1666 1415 peccata
1699 1357 1818 1424 ejus

231 1419 404 1471 usque
455 1412 521 1464 ad
557 1416 776 1483 coelum,
812 1432 865 1475 et
900 1431 1216 1489 recordatus
1266 1448 1346 1491 est
1397 1440 1659 1502 Dominus
1715 1450 1816 1505 ini-

228 1499 501 1564 quitatum
551 1507 690 1575 ejus.
727 1511 954 1572 Reddite
1003 1520 1077 1576 illi
1129 1527 1272 1582 sicut
1320 1540 1370 1585 et
1423 1533 1534 1603 ipsa
1584 1499 1816 1598 reddidit

230 1592 382 1646 vobis
411 1611 429 1650 :
457 1605 510 1649 et
541 1599 811 1670 dopiicate
843 1611 1076 1680 duplicia
1116 1625 1415 1678 secundum
1443 1592 1612 1696 opera
1650 1635 1765 1706 ejus
1794 1657 1807 1694 :

1460 1679 1612 1696 τνκ
1652 1679 1765 1706 .j..-
1795 1679 1804 1694 .

222 1679 275 1732 in
309 1688 524 1751 poculo,
558 1706 664 1758 quo
699 1697 933 1767 miscuit,
965 1706 1186 1763 miscete
1229 1711 1305 1765 illi
1343 1717 1581 1785 duplum.
1617 1723 1804 1788 Quart.

220 1780 337 1826 tum
375 1778 694 1846 gloriﬁcavit
724 1803 805 1855 se,
838 1803 892 1846 et
922 1795 974 1848 in
1006 1797 1215 1856 deliciis
1261 1804 1391 1874 fuit;
1443 1822 1645 1867 tantum
1680 1817 1804 1871 date

1936 1013 2144 1066 corum,
2181 1017 2233 1058 et
2274 1010 2399 1066 tibia
2450 1024 2780 1091 Canentium,
2816 1042 2870 1085 et
2922 1038 3043 1093 tuha
3096 1059 3202 1099 non
3253 1053 3500 1111 audietur

2768 1088 2776 1091 Ἴ
2953 1088 3043 1093 ήηη
3096 1088 3202 1099 -..η-
3253 1088 3498 1111 uuuuzuu

1931 1088 1982 1142 in
2029 1099 2080 1146 te
2113 1099 2342 1165 amplius
2372 1121 2387 1158 :
2417 1118 2472 1161 et
2519 1117 2695 1171 oumis
2743 1124 2938 1180 artifex
2989 1136 3164 1190 omnis
3208 1147 3343 1200 artis
3392 1164 3498 1205 non

2996 1181 3164 1190 ---π-υ
3208 1181 3343 1200 uano
3392 1181 3497 1205 ιιυιι

1927 1181 2234 1243 invenietur
2263 1192 2312 1246 in
2347 1207 2398 1250 te
2432 1205 2661 1271 amplius
2687 1227 2698 1262 :
2724 1223 2777 1266 et
2805 1229 2901 1271 vox
2933 1222 3084 1280 mola:
3112 1244 3214 1284 non
3248 1238 3497 1297 audietur

2999 1273 3010 1276 γ
3041 1273 3083 1280 -ν
3112 1273 3214 1284 --υιι
3248 1273 3493 1297 ιπιΙυΙςιιΙι

1925 1273 1977 1326 in
2015 1286 2066 1330 te
2115 1283 2352 1351 amplius
2383 1307 2396 1344 :
2431 1303 2481 1345 et
2529 1288 2620 1354 lux
2663 1300 2895 1364 lucernae
2940 1330 3047 1370 non
3094 1319 3295 1382 lucebit
3345 1332 3396 1385 in
3448 1345 3499 1390 te

1925 1367 2148 1390 λη,.,1ἷ--Α
2189 1388 2197 1390 μ
2241 1387 2276 1390 κλ

2961 1367 2970 1368 κ
3019 1367 3046 1370 κ-
3094 1367 3295 1382 --νν-.ηι
3345 1367 3396 1385 Ill
3448 1367 3497 1390 ιε

1922 1367 2152 1434 amplius
2186 1387 2279 1428 :et
2330 1395 2428 1434 vox
2481 1393 2666 1456 sponsi
2730 1408 2780 1450 et
2834 1415 3048 1470 sponsa:
3095 1429 3200 1469 non
3248 1423 3497 1481 audietur

1922 1456 2092 1481 null”...
2129 1460 2174 1481 ευ
2232 1472 2244 1481 Α
2443 1476 2451 1481 ·

2863 1456 2877 1470 ι
2934 1456 3046 1463 η-..
3095 1456 3200 1469 ..ν-ι
3248 1456 3493 1481 αυυιςιυῐ

1919 1456 2093 1512 adhuc
2127 1460 2178 1514 in
2230 1472 2325 1522 te:
2363 1476 2485 1540 quia
2535 1496 2866 1545 mercatores
2914 1496 2986 1550 tui
3031 1515 3185 1558 erant
3220 1511 3493 1582 principes

1921 1552 2077 1582 lar-rm
2161 1557 2279 1582 ....:..
2339 1563 2379 1582 ιη
2588 1571 2614 1582 Α
2659 1576 2689 1582 ··

3041 1552 3051 1553 γ
3097 1552 3184 1558 _._-_
3220 1552 3493 1582 ,σι-ιιιγιυ

1921 1552 2108 1615 terrae,
2159 1557 2282 1623 quia
2336 1563 2386 1616 in
2443 1571 2721 1631 veneficiis
2785 1584 2888 1637 tuis
2940 1602 3252 1651 erraverunt
3303 1617 3493 1664 omnes

1921 1648 2099 1664 Mn,”
2158 1645 2214 1664 η,
2257 1650 2267 1660 .

1915 1648 2121 1706 gentes.
2158 1645 2219 1699 Et
2254 1650 2306 1703 in
2337 1670 2398 1708 ea
2432 1665 2650 1732 sanguis
2680 1675 3063 1740 prophetarum
3096 1696 3145 1738 et
3177 1703 3488 1753 sanctorum

2680 1731 2693 1736 _
2781 1731 2793 1740 _
3101 1731 3145 1738 --
3177 1731 3488 1753 ..-ηυυιυιιι

1914 1731 2166 1790 inventus
2220 1753 2332 1810 est;
2385 1759 2437 1802 et
2487 1758 2729 1814 omnium
2786 1769 2876 1834 qui
2935 1771 3204 1833 interfecti
3257 1798 3383 1844 sunt
3431 1793 3488 1846 in

1913 1833 2078 1880 terra.

219 1862 296 1918 illi
333 1878 657 1929 tormentum
689 1892 743 1933 et
774 1882 976 1940 luctum
1012 1908 1025 1942 :
1060 1893 1184 1959 quia
1221 1896 1271 1950 in
1310 1903 1470 1956 corde
1501 1919 1600 1959 suo
1632 1908 1800 1964 dicit:
1837 1885 1881 1943 Β

218 1953 418 2014 SedeO‘
450 1966 631 2033 regina
664 1987 680 2026 :
708 1982 760 2025 et
806 1975 966 2032 vidua
1010 1997 1116 2036 non
1152 2000 1270 2040 sum
1310 2007 1322 2043 :
1357 2000 1408 2045 ct
1447 1993 1647 2050 lotium
1693 2013 1798 2055 non

213 2052 431 2108 videbo.
473 2056 598 2113 ldeo
628 2060 678 2115 in
723 2080 825 2118 una
860 2070 945 2124 die
977 2076 1194 2130 venient
1243 2080 1410 2150 plagae
1456 2087 1597 2156 ejus,
1630 2106 1796 2158 mors,

209 2153 262 2196 et
290 2144 486 2213 luctus,
515 2160 569 2204 et”
598 2149 791 2220 fames,
825 2169 878 2213 et
909 2162 1030 2230 igne
1063 2171 1417 2228 comburetur
1444 2195 1459 2230 :
1489 2179 1614 2247 quia
1643 2183 1798 2239 fortis

207 2246 294 2289 est
331 2235 494 2306 Deus,
545 2248 635 2312 qui
677 2249 948 2333 judifabit
986 2257 1151 2314 illam.
1190 2263 1255 2316 Et
1299 2235 1525 2332 ﬂebunt,
1556 2282 1609 2326 et
1638 2276 1795 2344 plan-

205 2339 339 2395 gent
371 2344 429 2384 se
477 2348 637 2403 super
681 2325 827 2394 illam
863 2359 1016 2414 reges
1055 2359 1234 2420 terrae,
1273 2356 1364 2424 qui
1398 2374 1519 2414 cum
1555 2363 1640 2417 illa
1677 2367 1790 2421 for-

205 2420 375 2472 nicati
416 2433 563 2489 sunt,
610 2437 664 2481 et
713 2430 762 2483 in
801 2433 1014 2492 deliciis
1052 2442 1320 2512 vixerunt,
1371 2463 1492 2504 cum
1548 2456 1792 2513 viderent

199 2510 416 2567 fumum
461 2516 693 2576 incendii
739 2525 856 2594 ejus
885 2544 901 2581 :
934 2530 1097 2602 longe
1127 2510 1334 2595 stantes
1378 2555 1599 2616 propter
1633 2551 1788 2606 tirno-

197 2616 318 2655 rem
376 2617 766 2667 tormentorum
801 2617 941 2686 ejus,
992 2621 1234 2683 dicentes
1269 2644 1284 2686 :
1317 2631 1424 2697 Vae,
1457 2651 1556 2699 var,
1590 2641 1784 2699 civitas

192 2690 292 2744 illa
349 2713 538 2766 magna
588 2700 854 2774 Babylon,
907 2712 1098 2769 civitas
1148 2715 1236 2772 illa
1288 2721 1442 2779 fortis
1478 2745 1491 2779 :
1526 2733 1782 2799 quoniam

193 2801 308 2837 una
369 2788 498 2842 hora
552 2793 699 2850 venit
747 2799 1010 2868 judicium
1066 2814 1242 2865 tuum.
1303 2812 1366 2869 Et
1418 2824 1781 2890 negotiatores

189 2887 362 2932 terra:
407 2880 609 2937 ﬂebunt
686 2898 739 2940 et
793 2889 1051 2961 lugchunt
1093 2913 1256 2969 super
1304 2904 1450 2960 illam
1481 2880 1779 2981 :vquoniani

187 2983 410 3024 merces
457 2988 646 3030 eorum
696 2995 852 3034 nemo
899 2995 1044 3040 emet
1089 2993 1341 3063 amplius,
1382 3011 1592 3058 merces
1633 3009 1775 3074 auri,

183 3069 244 3112 et
290 3064 528 3132 argenti,
582 3077 634 3121 et
689 3069 882 3138 lapidis
937 3079 1182 3150 pretiosi,
1235 3095 1289 3139 et
1341 3097 1671 3163 margaritae,
1723 3113 1776 3156 et

182 3153 362 3222 hyssi,
408 3166 462 3210 et
493 3174 766 3229 purpurae,
796 3176 848 3220 et
881 3171 1065 3238 serici,
1099 3185 1155 3228 et
1203 3182 1348 3234 cocci
1386 3180 1504 3254 [mm
1540 3191 1771 3265 coccini]

178 3248 258 3314 (et
290 3263 458 3302 omne
490 3252 690 3321 lignum
731 3258 992 3328 tbyinum,
1024 3276 1077 3320 et
1108 3273 1289 3325 omnia
1320 3289 1444 3329 vasa
1478 3279 1678 3346 eboris,
1713 3297 1767 3341 et

173 3342 368 3394 omnia
407 3360 531 3398 vasa
584 3349 648 3400 de
695 3351 870 3417 lapide
921 3351 1190 3428 pretioso,
1239 3374 1294 3419 et
1335 3381 1663 3439 teratnento,
1711 3391 1766 3433 et

175 3430 353 3497 ferro,
386 3445 438 3488 et
471 3452 762 3507 marmore,
795 3456 847 3499 et
882 3449 1334 3528 cinnamomum),
1364 3471 1415 3514 et
1445 3467 1764 3524 odoranten-

172 3533 363 3578 torum
400 3529 442 3592 ’,
487 3540 538 3582 et
585 3539 862 3602 unguenti,
894 3551 947 3594 et
981 3542 1176 3611 thuris,
1207 3559 1262 3602 et
1293 3553 1422 3616 vini,
1455 3566 1508 3609 et
1547 3559 1675 3626 olei,
1707 3573 1762 3617 et

167 3615 392 3679 similae,
453 3631 506 3674 et
563 3627 747 3690 tritici,
798 3640 852 3684 et
902 3633 1292 3706 jumentorum,
1347 3657 1400 3698 et
1451 3651 1653 3716 ovium,
1703 3669 1758 3710 et

164 3719 463 3775 equorum,
493 3719 545 3764 et
574 3715 883 3785 rhedarum,
919 3733 972 3777 et
1010 3729 1423 3799 mancipiorum,
1455 3751 1509 3791 et
1551 3745 1758 3796 anima-

164 3812 297 3850 rutn
331 3800 636 3860 hominum.
682 3808 743 3862 Et
778 3827 936 3878 poma
984 3817 1242 3876 desiderii
1276 3827 1471 3882 animae
1508 3842 1608 3888 tua:
1649 3836 1758 3891 dis-

160 3903 461 3945 cesserunt
489 3909 518 3946 a
548 3906 621 3959 te,
651 3910 702 3952 et
730 3907 911 3957 omnia
958 3908 1172 3979 pinguia
1200 3925 1251 3968 et
1285 3921 1539 3984 praeclara
1572 3928 1749 3993 perie-

156 3992 304 4036 rurit
334 3999 363 4034 a
399 3993 472 4050 te,
501 3999 557 4040 et
586 3993 818 4059 amplius
864 3997 949 4050 illa
979 3999 1089 4068 jaru
1140 4021 1245 4059 non
1282 4009 1576 4069 invenient.
1615 4017 1753 4072 Mer-

150 4079 387 4127 catores
420 4075 632 4143 horum,
664 4083 753 4150 qui
799 4085 998 4143 divites
1046 4090 1172 4146 facti
1221 4106 1368 4164 sunt,
1402 4102 1470 4154 ab
1500 4118 1562 4157 ea
1599 4107 1752 4179 longe

147 4162 392 4216 stabunt
479 4182 703 4238 prepter
770 4177 1018 4234 timorem
1111 4194 1503 4247 tormentorum
1584 4199 1743 4267 ejus,

141 4252 367 4308 ﬂentes
436 4272 499 4311 ac
541 4260 808 4330 lugentes,
856 4279 910 4322 et
943 4272 1220 4331 dicentes:
1259 4278 1366 4345 Vae,
1410 4299 1503 4350 vae,
1555 4291 1748 4348 civitas

136 4347 240 4396 iila
293 4363 508 4414 magna,
544 4368 663 4420 qua:
695 4363 892 4412 amicta
937 4376 1056 4440 erat
1084 4367 1269 4437 bysso,
1307 4383 1360 4427 et
1392 4392 1655 4447 purpura,
1692 4395 1745 4438 et

130 4447 353 4497 cocco,
390 4446 442 4489 et
467 4439 725 4496 deaurata
759 4460 872 4500 erat
905 4433 1055 4518 auro,
1089 4467 1142 4510 et
1177 4459 1356 4529 lapide
1391 4470 1650 4535 pretioso,
1688 4484 1742 4528 et

126 4528 476 4596 margaritis
522 4547 535 4581 :
587 4537 844 4600 quoniam
923 4543 1026 4597 tina
1091 4549 1221 4604 hora
1281 4552 1556 4614 destitutae
1613 4575 1742 4619 sunt

119 4629 322 4673 larius
357 4621 559 4676 divitiae
584 4628 605 4677 ?
633 4625 697 4678 Et
735 4635 911 4686 omnis
945 4641 1299 4710 gubernator,
1336 4659 1388 4702 et
1423 4656 1600 4708 omnis
1645 4661 1735 4725 qui

116 4711 173 4761 in
218 4712 423 4763 lacum
458 4719 694 4788 navigat,
730 4734 782 4775 et
811 4738 1009 4794 nuntur,
1038 4741 1092 4784 ct
1127 4739 1217 4801 qui
1251 4738 1304 4790 in
1341 4745 1474 4796 mari
1507 4762 1742 4814 operari:

112 4814 237 4866 tur,
278 4805 454 4874 longe
482 4819 770 4881 steterunt,
803 4830 856 4870 et
883 4820 1254 4882 clamaverunt
1289 4833 1528 4890 videntes
1559 4845 1734 4896 locum

105 4899 392 4950 incendii
440 4899 578 4967 ejus,
627 4907 866 4965 dicentes
901 4928 914 4966 :
947 4913 1076 4980 Quae
1120 4921 1311 4977 similis
1353 4927 1557 4984 civitati
1607 4936 1734 4991 huic

104 4988 400 5059 ina-gum?
431 4991 495 5043 Et
548 4997 808 5054 miserunt
863 5008 1138 5072 pulverem
1185 5031 1347 5084 super
1391 5023 1566 5090 capita
1611 5042 1728 5095 sua,

97 5094 157 5134 et
199 5085 609 5140 ciarnavcrunt
657 5089 846 5148 ﬂentes
895 5108 950 5152 et
1002 5101 1266 5171 lugentes,
1299 5111 1540 5170 dicentes
1569 5131 1588 5174 ι
1616 5117 1725 5184 Vae,

99 5192 212 5239 vae,
279 5178 499 5232 civitas
548 5179 638 5233 illa
691 5200 911 5256 magna,
947 5190 1000 5245 in
1040 5209 1144 5263 qua
1185 5199 1378 5256 divites
1429 5205 1552 5260 facti
1601 5223 1726 5266 sunt

90 5283 328 5321 DIIIIICS
415 5271 505 5336 qui
559 5273 830 5332 habebant
880 5296 1042 5338 naves
1095 5288 1148 5340 in
1208 5292 1375 5357 mari,
1427 5297 1494 5350 de
1539 5304 1726 5367 pretiis

89 5363 227 5429 ejus
263 5377 282 5414 :
322 5363 594 5428 quoniam
630 5381 733 5420 una
780 5370 911 5425 hora
947 5375 1186 5433 desolata
1223 5393 1326 5436 est.
1378 5386 1598 5444 Exsulta
1634 5409 1724 5446 su-

87 5474 196 5522 per
239 5470 419 5518 caui,
453 5459 674 5524 caelum,
710 5470 765 5515 et
808 5468 980 5521 sancti
1025 5476 1280 5538 apostoli,
1317 5487 1370 5531 et
1401 5486 1671 5550 propheta:
1704 5507 1716 5541 :

160 5611 180 5648 ί
225 5611 397 5666 Pius
429 5612 590 5668 habet
625 5629 812 5674 noster
848 5638 982 5700 tum,
1016 5635 1064 5678 et
1107 5644 1394 5699 amomum,
1435 5649 1486 5691 et
1526 5646 1717 5700 odora-

79 5695 459 5747 menlarum,
507 5702 637 5746 εις..
672 5702 727 5741 ttt
774 5695 908 5747 etin
945 5695 1146 5752 Gr'azms
1190 5695 1393 5772 aliquot
1437 5709 1587 5766 libris
1624 5721 1714 5771 καὶ

75 5759 388 5823 ἄμωμον,
428 5756 543 5816 καὶ,
575 5770 679 5810 etc.

151 5829 174 5859 ι
219 5825 459 5886 Vaces,
487 5834 535 5876 cl
577 5830 770 5895 gloria,
805 5833 1017 5904 ignorat
1048 5853 1233 5900 noster
1275 5863 1374 5904 ms.
1407 5865 1528 5906 cum
1557 5853 1706 5913 Grae—

1977 2001 2132 2075 [Cap.
2169 2011 2338 2082 XIX]
2373 2017 2498 2077 Post
2535 2027 2646 2083 haec
2688 2037 2862 2090 audivi
2898 2047 3050 2110 quasi
3087 2064 3273 2108 vocem
3319 2062 3478 2114 tuba-

1907 2107 2024 2149 rum
2056 2103 2342 2161 multarum
2374 2112 2424 2166 in
2454 2117 2591 2172 creto
2617 2122 2909 2186 dicentium
2941 2150 2956 2189 ξ
2988 2137 3218 2197 Alleluia
3246 2149 3475 2217 ,.Salus,

1907 2193 1952 2217 α,
2001 2189 2164 2217 arma-
2204 2197 2222 2217 ε
2289 2210 2329 2217 --
2422 2201 2431 2216 ι
2589 2209 2620 2217 -

3013 2189 3046 2190 η
3081 2189 3218 2197 ηπ.-
3246 2189 3475 2217 ,_..-....,

1902 2193 1957 2236 et
2000 2189 2168 2257 gloria
2204 2197 2244 2263 ³,
2281 2210 2333 2253 et
2384 2201 2555 2261 virtus
2589 2209 2696 2268 Deo
2727 2232 2911 2277 nostro
2942 2237 3024 2281 est
3053 2269 3068 2293 ,
3103 2235 3230 2300 quia
3268 2255 3391 2294 vera
3423 2255 3479 2298 et

2892 2275 2902 2277 -
2947 2275 3023 2281 ν--
3053 2275 3068 2293 ,
3105 2275 3230 2300 ..ιιι-ι
3274 2275 3391 2294 una
3423 2275 3476 2298 ut.

1893 2275 2038 2344 justa
2082 2284 2286 2352 judicia
2335 2307 2462 2350 sunt
2495 2301 2634 2371 ejus,
2672 2311 2760 2376 qui
2787 2311 3052 2379 judicavit
3087 2324 3152 2378 tle
3189 2335 3476 2392 meretrice

1901 2385 2110 2441 magna,
2142 2393 2261 2445 qua:
2306 2392 2544 2457 corrupit
2582 2403 2775 2453 terram
2830 2403 2883 2458 in
2931 2414 3314 2477 prostitutione
3351 2437 3471 2492 sua,

1901 2471 1944 2492 nl
1982 2465 2270 2492 ..:...I:--_.2.
2315 2491 2324 2492 ,
2484 2484 2492 2492 .

2931 2465 2946 2477 _
3109 2465 3313 2474 mw..-
3351 2465 3471 2492 -..η

1895 2471 1947 2513 et
1982 2465 2274 2526 vindicavit
2307 2484 2620 2547 sanguinem
2671 2505 2948 2551 servorum
2997 2517 3219 2563 suorum
3257 2513 3320 2568 de
3352 2532 3471 2572 ma-

1895 2553 2053 2611 nibus
2082 2560 2223 2629 ejus.
2263 2564 2326 2621 Et
2359 2569 2553 2627 iterum
2587 2579 2839 2640 dixerunt
2873 2606 2886 2643 :
2915 2553 3163 2655 Alleluia.
3195 2601 3260 2657 Et
3292 2605 3468 2666 fuus

2981 2645 3163 2655 ηπ--.
3195 2645 3260 2657 ...
3292 2645 3468 2666 .........

1890 2645 2007 2712 ejus
2036 2655 2284 2710 ascendit
2329 2659 2379 2714 in
2417 2668 2610 2724 saecula
2662 2679 3006 2740 sieculorum.
3056 2682 3124 2744 Et
3155 2696 3468 2756 ceciderunt

2748 2729 3006 2740 -__--_.-..
3056 2729 3124 2744 uc
3156 2729 3465 2756 νυιιυσῐυιιι

1888 2729 2130 2799 Seniores
2182 2749 2368 2820 viginti
2419 2771 2672 2829 quatuor,
2719 2781 2771 2823 et
2816 2788 3049 2842 quatuor
3097 2786 3374 2858 animalia,
3409 2803 3465 2850 et

1888 2829 2247 2858 ηΑΛ-.ι-----λυ-
2287 2841 2323 2858 Π

2837 2829 2848 2842 Ι
2931 2829 3037 2834 ._.--
3098 2829 3374 2858 —..--uulla.
3409 2829 3463 2850 τ’.

1886 2829 2251 2895 adoraverunt
2283 2841 2449 2902 Deum
2475 2859 2750 2915 sedentem
2780 2880 2942 2935 super
2972 2873 3248 2946 thronum,
3279 2884 3463 2941 dicen-

1886 2926 2131 2946 ,ημμη
2567 2943 2605 2946 _

1886 2928 1964 2974 ιθε
1995 2937 2007 2974 τ
2038 2926 2227 2992 Amen.
2279 2934 2530 2997 Alleluia.
2564 2943 2630 3000 Et
2667 2965 2763 3006 vox
2804 2926 2870 3010 de
2917 2961 3111 3020 throno
3157 2926 3341 3040 exivit,
3376 2976 3460 3030 di-

1886 3024 2007 3040 ηο...
2037 3033 2047 3040 .
2081 3016 2097 3040 Ι
2216 3023 2252 3040 .,
2362 3028 2448 3040 ...
2536 3035 2566 3040 -_

3160 3016 3341 3040 ______,
3376 3016 3454 3030 π

1883 3024 2048 3069 cens:
2077 3016 2316 3077 Laudem
2344 3028 2506 3086 dicite
2532 3035 2640 3090 Deo
2672 3047 2878 3112 ndstro,
2905 3063 3096 3108 omnes
3127 3061 3267 3114 servi
3295 3066 3412 3133 ejus
3438 3109 3454 3134 ,

1883 3111 1929 3134 al
1960 3107 2047 3134 ιιι-ζ
2079 3110 2274 3134 ιι.-.--ε-
2593 3129 2642 3134 .--

2864 3107 2874 3112 -
3080 3107 3087 3108 κ
3129 3107 3203 3112 νν-
3227 3107 3266 3114 --
3297 3107 3324 3115 ν
3352 3107 3412 3119 -υ
3438 3109 3454 3134 ι

1880 3111 1932 3155 et
1959 3107 2047 3174 qui
2079 3110 2279 3169 timetis
2309 3134 2454 3188 eum,
2484 3129 2662 3194 pusilli
2691 3144 2751 3188 et
2774 3143 2973 3210 magni.
3000 3143 3066 3199 Et
3090 3152 3270 3207 audivi
3297 3107 3454 3224 qiuasi

2869 3206 2888 3210 -
3263 3206 3266 3207 ⁷
3311 3206 3454 3224 1““”“

1885 3206 2264 3261 vocemturbae
2300 3211 2320 3241 ³
2363 3227 3001 3289 magrre,etsicutvocem
3024 3255 3290 3310 aquarum
3320 3250 3456 3304 mul-

1881 3299 2134 3359 tarum,et
2159 3302 2297 3355 sient
2317 3321 2501 3362 vocem
2527 3315 2880 3376 tonitruormn
2905 3343 3221 3400 magnorum
3234 3329 3450 3397 [dicen-

1872 3383 2000 3438 tiutn
2024 3402 2038 3438 :
2060 3389 2284 3446 Alleluia
2309 3413 2323 3453 ;
2351 3404 2603 3467 quoniam
2634 3416 2874 3478 regnavit
2897 3418 3157 3481 Dominus
3185 3427 3321 3486 Deus
3355 3451 3450 3489 no-

1866 3484 1976 3528 ster
2009 3484 2372 3552 omnipotens.
2398 3495 2760 3571 Gaudeamus,
2786 3519 2839 3563 et
2877 3516 3238 3586 exsultemus,
3262 3534 3315 3580 et
3349 3529 3446 3582 de-

1867 3582 1986 3622 mus
2009 3571 2232 3639 gloriam
2264 3581 2311 3633 ei
2337 3600 2350 3634 :
2372 3585 2497 3652 quia
2524 3606 2784 3649 venerunt
2807 3605 3006 3669 nuptiae
3031 3610 3163 3678 Agni
3192 3631 3204 3664 :
3229 3627 3280 3669 et
3308 3634 3444 3675 uxor

1863 3662 1978 3726 ejus
2014 3676 2332 3736 prum-aravit
2371 3692 2448 3733 se.
2489 3683 2552 3735 Et
2582 3685 2762 3742 datum
2795 3706 2878 3748 est
2922 3698 3014 3763 illi,
3066 3714 3120 3755 ttt
3162 3713 3440 3779 ςοορθι-ίαι

1863 3764 1918 3779 οη
1955 3754 2163 3779 ι...,.,ε..-
2219 3777 2236 3779 η
2283 3765 2292 3779 1
2390 3770 2400 3779 .
2504 3771 2514 3779 .

1860 3764 1918 3804 se
1952 3754 2170 3823 byssino
2213 3765 2514 3832 splendenti
2564 3784 2617 3828 et
2661 3785 2908 3840 candido.
2950 3789 3230 3860 Byssinum
3266 3754 3434 3867 cnim.

1856 4029 1960 4082 cati
1996 4046 2139 4088 sunt.
2177 4037 2240 4091 Et
2271 4041 2398 4097 dicit
2434 4050 2562 4104 milii
2597 4069 2612 4110 :

1854 4118 1921 4172 Et
1968 4127 2138 4180 recidi
2193 4143 2316 4187 ante

2657 4057 2777 4114 llaec
2808 4066 2968 4119 verba
3003 4068 3094 4125 Dei
3124 4089 3247 4128 wra
3280 4093 3428 4138 sunt.

2364 4140 2525 4204 pedes
2572 4146 2709 4214 ejus,
2761 4163 2817 4206 ut
2861 4157 3146 4218 adorarent
3180 4183 3327 4225 eum.
3364 4175 3430 4230 Et

1853 4213 1983 4270 όὶιῖι
2015 4220 2143 4274 mibi
2175 4241 2189 4283 ;
2229 4225 2376 4295 Vide,
2411 4249 2479 4288 ne
2518 4236 2710 4296 feceris
2742 4261 2756 4298 :
2788 4262 3082 4310 conservus
3123 4269 3244 4318 tuus
3283 4280 3425 4335 sum,

1853 4316 1900 4335 nl
1951 4303 2175 4335 r..-.-..._-_
2235 4329 2244 4335 .
2499 4331 2508 4335 -

1852 4316 1904 4358 et
1950 4303 2180 4368 fratrum
2235 4329 2447 4377 tuorum
2497 4331 2805 4390 habentium
2862 4347 3227 4406 tcstirnOuiunr
3272 4355 3400 4413 Jesu

1852 4396 2015 4452 Deum
2064 4405 2248 4462 adora.
2299 4411 2692 4479 Testimonium
2737 4432 2877 4484 enim
2913 4434 3058 4504 Jesu,
3092 4452 3172 4496 est

3045 4495 3057 4504 ν
3133 4495 3143 4496 ί
3204 4495 3424 4516 -ι-”“·““”

1853 4495 2167 4561 prephetiaz.
2204 4501 2270 4554 Et
2313 4507 2414 4559 vidi
2466 4512 2661 4568 coelum
2695 4533 2964 4593 apt-rium,
2998 4541 3050 4582 et
3095 4548 3220 4590 ecce
3250 4553 3424 4608 equus

1853 4585 1995 4608 nil“...
2056 4598 2098 4608 η·
2143 4607 2148 4608 γ
2210 4593 2221 4603 ⁵
2337 4599 2346 4608 ¹
2391 4603 2396 4608 ¹

2731 4585 2739 4586 ,
2951 4585 2963 4593 ,
3105 4585 3116 4586 κ
3137 4585 3218 4590 η-
3253 4585 3424 4608 η-..-

1776 4587 1818 4639 D
1847 4585 2016 4649 albus,
2049 4598 2102 4640 et
2132 4593 2221 4660 qui
2255 4599 2398 4651 sedel
2421 4610 2474 4654 at
2506 4619 2669 4674 θυρίσιν
2699 4626 2841 4678 eum,
2875 4623 3170 4680 vocabatur
3197 4629 3424 4703 Fidelis,

1846 4686 1893 4703 AI
1930 4678 2094 4703 If”..-
2136 4698 2146 4703 _
2192 4701 2198 4703 _
2221 4698 2229 4703 .
2424 4693 2434 4703 .
2537 4698 2546 4703 .
2582 4701 2587 4703 .
2666 4702 2671 4703 ,

3197 4678 3219 4682 _
3245 4678 3423 4703 --ν...,,

1844 4686 1897 4728 et
1930 4678 2097 4733 Verax
2135 4698 2148 4734 :
2183 4698 2231 4738 et
2263 4704 2383 4741 cum
2414 4693 2622 4760 justitia
2657 4702 2878 4775 judicat,
2916 4724 2968 4764 et
3013 4732 3232 4788 pugnat.
3270 4726 3423 4785 Oculi

1843 4781 2023 4822 autem
2074 4774 2192 4841 ejus
2246 4781 2385 4834 sicut
2434 4784 2646 4842 flamma
2699 4795 2871 4863 ignis,
2909 4814 2961 4858 et
3006 4807 3059 4861 in
3095 4816 3270 4881 capite
3303 4821 3423 4888 ejus

1843 4860 2032 4888 .!:.J....
2064 4879 2141 4888 Α...
2297 4871 2326 4888 t.
2434 4877 2443 4888 .
2506 4879 2515 4888 .

2725 4860 2742 4862 ,_
2858 4860 2866 4863 .
3008 4860 3012 4861 ν
3049 4860 3054 4861 γ
3101 4860 3268 4881 —~.---v
3303 4860 3420 4888 νδνδ

1839 4860 2143 4916 diademata
2200 4871 2390 4935 multa,
2432 4877 2636 4936 habens
2689 4903 2884 4946 nomen
2942 4899 3228 4968 scriptum,
3277 4916 3420 4979 quod

3058 4958 3068 4967 ,
3215 4958 3228 4968 ,
3280 4958 3416 4979 Ἰ---

1837 4967 1991 5006 neruo
2028 4958 2180 5011 novit
2212 4963 2311 5014 nisi
2346 4965 2480 5034 ipse.
2518 4970 2580 5024 Et
2617 4980 2838 5034 vestitus
2873 4999 2986 5040 erat
3021 5004 3167 5049 veste
3201 5015 3416 5068 aspersa

3125 5045 3164 5049 γ-
3201 5045 3416 5068 -,ν,-....,..

1836 5045 2102 5112 sanguine
2135 5066 2150 5102 :
2182 5058 2234 5103 ct
2272 5069 2492 5112 vocatur
2522 5079 2718 5123 nomen
2753 5072 2893 5140 ejus,
2928 5076 3164 5141 Verbum
3199 5089 3314 5147 Dei.
3351 5095 3415 5149 Et
3507 5118 3515 5124 ·

1835 5137 2108 5192 exercitus
2146 5145 2236 5210 qui
2290 5161 2415 5200 sunt
2468 5153 2479 5203 i

1943 5229 1988 5280 is
2037 5231 2195 5295 albis,
2233 5240 2410 5294 vestiti
2447 5244 2666 5313 byssino
2713 5255 2836 5311 albo
2884 5272 2937 5316 ct
2974 5271 3192 5324 mundo.
3232 5272 3292 5324 Et
3343 5279 3411 5331 de

1826 5331 1918 5371 Ore
1948 5318 2063 5388 ejus
2093 5329 2332 5391 procedit
2361 5333 2575 5401 gladius
2621 5359 2685 5396 ex
2721 5358 2947 5421 utraque
2977 5365 3128 5426 parte
3165 5374 3356 5421 atutus
3392 5405 3404 5438 ε

1826 5420 1880 5461 nt
1929 5411 1980 5464 in
2034 5413 2151 5482 ipso
2189 5425 2451 5484 percutiat
2502 5446 2690 5498 gentes
2727 5455 2740 5493 :
2777 5451 2827 5494 ct
2862 5411 2993 5510 ipse.
3021 5465 3057 5498 rt
3077 5462 3164 5518 get
3207 5468 3297 5508 eas
3351 5462 3402 5510 in

1823 5505 1972 5571 virga
2025 5506 2201 5563 ferrea
2235 5528 2248 5564 :
2279 5523 2332 5568 et
2387 5519 2497 5588 ipse
2551 5527 2725 5583 Calcat
2775 5537 3008 5589 torcular
3038 5544 3147 5595 vini
3199 5544 3403 5604 furoris

1821 5657 1909 5733 cis_
1933 5659 2206 5733 plerisque
2242 5671 2387 5727 aliis.

1891 5725 1910 5754 ³
1945 5729 2088 5834 uti!"
2119 5725 2227 5813 ἠ’-5⁸
2265 5725 2403 5834 ἀἰδὲ
2435 5749 2669 5834 ρῖδτθηο
2709 5770 2804 5822 [πυ
2832 5763 3027 5834 ,Νινύας
3063 5777 3403 5834 conscritiett-

1891 5815 1961 5834 ...ε
2034 5819 2210 5834 -.........
2266 5825 2346 5834 η...
2434 5833 2439 5834 ,

2435 5798 2450 5814 ι
2549 5798 2669 5814 -·--ν
2709 5798 2803 5822 ι--υ
2841 5798 3027 5831 nunc,
3063 5798 3403 5834 τυιιδιςηιιεη-

1820 5798 1962 5851 tibus
2010 5801 2212 5857 Gra'cis
2261 5813 2577 5877 quibusdam
2631 5829 3057 5906 excutiam-mus,
3114 5844 3163 5898 in
3201 5849 3404 5912 (lu-mm

1820 5879 1914 5912 “ﬁt-
1957 5872 2258 5912 σάλπιν-τμ
2295 5895 2387 5912 nan
2468 5885 2574 5912 ιῖι...

1816 5879 1914 5930 est,
1957 5872 2387 5947 σάλπιγγος-μευ
2418 5884 2597 5950 ὄχλον,
