3946 6170
552 382 652 448 911

1499 377 1560 440 S.
1598 377 2030 439 HIERONYMI
2074 379 2337 442 DIVINA
2379 382 2908 447 BIBLIOTHECA.

3701 380 3791 441 lli?

551 505 648 559 ira:
676 500 768 557 Dei
798 498 1209 569 omnipotentis.
1242 494 1305 549 Et
1334 494 1499 550 habet
1531 495 1582 547 in
1612 494 1958 556 vestimento,
1991 502 2044 546 et
2077 492 2129 546 in
2164 504 2205 557 Α
2239 506 2509 563 mortuos,
2548 513 2771 566 magnos
2814 508 2867 552 et
2914 498 3159 565 pusillos,
3196 503 3401 549 stantes
3434 495 3487 547 in
3519 503 3793 560 conspectu

553 594 759 650 femore
788 606 887 645 suo
919 590 1181 654 scriptum
1213 606 1225 641 :
1255 585 1367 641 Rex
1406 600 1615 655 regum,
1652 597 1703 639 et
1746 584 2003 639 Dominus
2034 585 2128 638 do-

550 686 899 742 minantium.
937 682 1000 735 Et
1027 680 1134 734 vidi
1168 695 1332 733 unum
1375 678 1625 749 angelum
1658 686 1889 731 stantem
1918 678 1968 729 in
1994 676 2125 740 solc,

549 790 603 837 et
659 779 916 835 clamavit
960 789 1093 831 voce
1144 788 1360 844 magna,
1398 772 1590 827 dicens
1634 772 1888 827 omnibus
1937 772 2127 825 avibus

548 886 671 943 quae
695 869 948 925 volabant
972 882 1073 937 per
1103 866 1334 922 medium
1362 864 1481 920 cceli
1514 884 1526 919 :
1564 862 1773 928 Venite,
1804 873 1857 917 et
1885 878 2116 932 congre-

549 962 752 1036 gamini
803 962 867 1015 ad
919 974 1131 1017 canam
1185 972 1436 1024 magnam
1497 955 1626 1022 Dei;
1681 964 1738 1009 ut
1788 954 2127 1007 manducetis

548 1068 743 1111 carnes
772 1068 979 1125 regum,
1008 1062 1061 1107 et
1096 1065 1291 1105 carnes
1321 1049 1687 1112 tribunorum,
1716 1056 1769 1101 et
1799 1062 1991 1101 carnes
2022 1045 2129 1099 ior-

550 1148 683 1203 tium
710 1187 724 1211 ,
761 1156 816 1200 et
865 1159 1059 1200 carnes
1093 1157 1384 1212 equorum,
1433 1149 1486 1196 et
1535 1140 1841 1194 sedentium
1882 1143 1934 1191 in
1974 1137 2126 1205 ipsis,

547 1251 600 1295 et
630 1254 825 1293 carnes
868 1237 1109 1292 omnium
1157 1236 1478 1299 liberorum,
1507 1243 1561 1288 et
1592 1248 1893 1296 servorum,
1932 1242 1985 1285 et
2031 1247 2129 1299 pu-

547 1332 817 1397 sillorum,
848 1339 905 1384 et
938 1344 1277 1399 magnorum.
1334 1328 1394 1378 Et
1428 1326 1534 1380 vidi
1586 1326 1839 1390 bestiam,
1888 1333 1941 1378 et
1975 1339 2131 1393 reges

550 1435 729 1488 terras,
763 1432 815 1477 et
857 1423 1133 1477 exercitus
1162 1435 1347 1475 eorum
1394 1427 1774 1486 congregatos,
1826 1417 1890 1471 ad
1926 1418 2132 1471 facien-

548 1518 676 1571 dum
708 1514 952 1585 praelium
979 1528 1101 1568 cum
1128 1512 1219 1567 illo
1271 1511 1358 1580 qui
1388 1511 1608 1565 sedebat
1646 1510 1699 1563 in
1730 1522 1891 1578 equo,
1926 1517 1980 1561 et
2008 1521 2130 1559 cum

551 1609 792 1663 exercitu
830 1609 965 1672 ejus.
995 1606 1061 1660 Et
1098 1604 1436 1675 apprehensa
1471 1611 1555 1657 est
1598 1601 1791 1667 bestia,
1828 1608 1885 1654 et
1916 1615 2038 1654 cum
2070 1614 2131 1653 ea

550 1700 1023 1771 pseudopropheta
1054 1715 1068 1751 :
1103 1698 1192 1767 qui
1227 1696 1353 1751 fecit
1399 1694 1554 1765 signa
1586 1709 1767 1749 coram
1819 1694 1956 1763 ipso,
2006 1691 2131 1761 qui-

551 1794 653 1848 bus
675 1792 889 1847 seduxit
913 1805 1007 1846 eos
1046 1789 1139 1859 qui
1169 1799 1498 1857 acceperunt
1527 1785 1897 1840 characterem
1925 1784 2131 1846 bestiae,

2235 588 2437 653 throni,
2475 599 2527 642 et
2563 590 2686 643 libri
2739 590 2907 658 aperti
2942 598 3070 643 sunt
3100 607 3112 645 :
3146 596 3201 643 et
3250 588 3387 641 alius
3418 585 3554 640 liber
3599 595 3799 654 apertus

2238 682 2435 749 estqui
2472 690 2554 735 est
2585 682 2715 735 Vitae
2745 720 2759 741 .
2806 694 2858 735 et
2910 681 3135 751 iudicati
3184 691 3307 733 sunt
3361 678 3561 733 mortui
3614 692 3678 730 ex
3733 678 3797 730 his

2240 786 2359 840 qua}
2386 773 2586 841 scripta
2623 784 2782 827 erant
2812 773 2864 826 in
2911 773 3087 840 liliris,
3120 775 3416 826 secundum
3459 785 3622 838 opera
3673 770 3797 837 ipso-

2242 879 2383 917 rum.
2416 863 2481 918 Et
2515 866 2658 919 dedit
2704 881 2852 920 mare
2896 877 3139 920 mortuos
3188 867 3280 935 qui
3329 866 3382 919 in
3426 878 3493 919 eo
3534 874 3692 916 erant
3725 875 3798 918 :et

2242 972 2389 1010 mors
2437 965 2490 1010 et
2543 958 2788 1012 infernus
2838 960 3102 1013 dederunt
3151 969 3393 1012 mortuos
3423 971 3571 1020 suos,
3618 956 3711 1024 qui
3757 956 3796 1007 in

2240 1049 2370 1115 ipsis
2401 1060 2554 1103 erant
2586 1068 2600 1105 :
2630 1060 2682 1104 et
2710 1051 3008 1120 judicatum
3056 1060 3135 1104 est
3170 1051 3235 1105 de
3264 1049 3489 1118 singulis
3518 1050 3795 1101 seiunctum

2237 1156 2399 1209 opera
2438 1143 2706 1211 ipsorum.
2759 1143 2821 1196 Et
2860 1143 3102 1197 infernus
3140 1152 3189 1197 et
3224 1158 3369 1197 mors
3403 1143 3553 1195 missi
3593 1153 3718 1196 sunt
3756 1143 3794 1193 in

2237 1242 2489 1302 stagnum
2542 1235 2702 1304 ignis.
2756 1234 2879 1289 Ηῖεο
2925 1246 3009 1289 est
3059 1251 3203 1288 mors
3256 1234 3493 1288 secunda
3525 1234 3566 1288 '.
3619 1233 3686 1287 Et
3725 1235 3794 1301 qui

2238 1340 2342 1378 non
2373 1328 2621 1379 inventus
2650 1336 2731 1380 est
2769 1328 2820 1379 in
2867 1326 3005 1381 libro
3040 1326 3173 1381 Vitae
3202 1327 3458 1395 scriptus,
3493 1325 3699 1379 missus
3728 1336 3793 1377 est

2238 1414 2293 1467 in
2330 1425 2578 1485 stagnum
2615 1418 2771 1485 ignis.

2314 1505 2471 1577 [Cap.
2497 1507 2666 1579 XXI.)
2696 1510 2759 1562 Et
2788 1510 2892 1563 vidi
2926 1509 3122 1562 cmlum
3159 1524 3374 1568 novum.
3406 1519 3458 1561 et
3493 1517 3693 1560 terram
3721 1523 3794 1559 uo~

2242 1615 2384 1653 vam.
2418 1599 2657 1653 Primum
2696 1602 2837 1654 enim
2871 1602 3093 1664 caelum,
3129 1614 3179 1654 et
3206 1603 3375 1670 prima
3407 1608 3552 1653 terra
3582 1600 3729 1659 abiit,
3756 1610 3795 1651 et

2244 1706 2391 1746 mare
2421 1692 2533 1762 jam
2572 1708 2676 1746 ttOu
2729 1705 2829 1751 cet.
2870 1695 2933 1748 Et
2972 1710 3082 1764 ego
3129 1682 3365 1748 Joannes
3412 1694 3517 1747 vidi
3576 1703 3793 1746 sanctam

2243 1784 2515 1838 civitatem
2563 1784 2865 1841 Jerusalem
2917 1802 3106 1841 novam
3139 1787 3556 1841 descendentem
3591 1794 3656 1837 de
3688 1784 3798 1836 (celo

548 1897 608 1942 et
637 1886 730 1956 qui
765 1886 1133 1937 adoraverunt
1160 1879 1450 1949 imaginem
1484 1876 1622 1945 ejus.
1667 1875 1784 1929 Vivi
1824 1875 1971 1929 missi
2014 1883 2140 1928 sunt
2172 1867 2209 1918 Β
2242 1892 2271 1927 a
2305 1876 2434 1940 Deo,
2470 1888 2712 1945 paratam
2774 1880 2913 1932 sicut
2960 1894 3211 1946 sponsam
3247 1888 3491 1931 ornatam
3540 1876 3654 1929 viro
3698 1891 3791 1927 suo.

553 1976 609 2029 hi
638 1976 743 2028 duo
774 1972 826 2025 in
856 1982 1109 2042 stagnum
1156 1968 1295 2039 ignis
1336 1966 1580 2021 ardentis
1614 1965 1892 2034 sulphure.
1928 1964 1993 2019 Et
2032 1978 2136 2018 cae-

546 2065 654 2121 teri
681 2065 846 2119 occisi
881 2073 1006 2117 sunt
1038 2062 1089 2115 in
1124 2060 1301 2132 gladio
1337 2058 1574 2114 sedentis
1604 2072 1769 2126 super
1795 2070 2019 2124 equum,
2044 2056 2135 2124 qui

556 2159 797 2228 procedit
824 2160 889 2211 de
918 2171 1015 2210 ore
1041 2155 1208 2225 ipsius
1235 2170 1248 2206 :
1275 2164 1326 2207 et
1356 2166 1545 2207 omnes
1570 2164 1694 2205 aves
1727 2157 1984 2203 saturatas
2012 2157 2139 2203 sunt

555 2251 817 2306 carnibus
864 2264 1076 2303 eorum.

630 2343 787 2417 [ϐαρ.
826 2340 973 2413 XX]
1029 2339 1109 2393 Et'
1144 2340 1247 2392 vidi
1295 2338 1542 2407 angelum
1600 2337 2018 2391 descendentem
2075 2337 2139 2387 de

557 2439 717 2504 (mlo,
748 2436 1034 2489 habentem
1064 2434 1268 2486 clavem
1297 2430 1501 2500 abyssi,
1527 2439 1579 2484 et
1606 2441 1851 2484 catenam
1890 2443 2136 2497 magnam

558 2533 612 2585 in
647 2545 810 2584 manu
844 2543 965 2581 sua.
994 2526 1058 2579 Et
1093 2522 1453 2594 apprehendit
1481 2521 1796 2585 draconem,
1830 2529 2136 2588 serpentem

559 2623 863 2691 antiquum,
902 2620 989 2689 qui
1028 2626 1111 2673 est
1162 2616 1408 2670 diabolus
1454 2622 1507 2668 et
1544 2612 1797 2678 Satanas,
1853 2624 1906 2667 et
1955 2612 2141 2682 ligavit

558 2731 682 2769 eum
718 2729 816 2785 per
848 2726 1018 2766 annos
1054 2709 1197 2763 mille
1232 2725 1245 2762 :
1276 2718 1329 2762 et
1367 2706 1512 2761 misit
1540 2721 1662 2761 eum
1697 2706 1749 2759 in
1785 2706 2057 2774 abyssum,
2088 2714 2142 2757 et

558 2806 755 2864 clausit
788 2816 841 2860 et
868 2802 1101 2875 signavit
1135 2815 1301 2869 super
1330 2798 1502 2860 illum,
1538 2807 1592 2850 ut
1623 2810 1725 2850 non
1770 2796 1995 2849 scducat
2026 2809 2142 2847 am-

559 2901 703 2969 plius
750 2907 954 2966 gentes,
990 2894 1165 2949 donec
1197 2898 1642 2946 consummentur
1685 2888 1832 2941 milie
1881 2888 2003 2942 anni
2043 2898 2143 2943 :et.

558 3002 681 3063 post
728 2990 843 3045 hate
889 2994 1102 3058 oportet
1147 2984 1298 3054 illum
1345 2982 1478 3037 solvi
1524 2980 1740 3036 tnodico
1776 2990 2039 3050 tempore.
2078 2977 2143 3031 Et

558 3086 665 3138 vidi
714 3083 893 3149 sedes,
939 3089 989 3135 et
1023 3080 1285 3133 sederunt
1319 3091 1483 3146 super
1511 3090 1627 3139 eas,
1662 3084 1715 3128 et
1746 3073 2008 3143 judicium
2052 3073 2145 3126 da-

2240 1966 2309 2020 Ει
2344 1967 2524 2021 audivi
2575 1982 2757 2023 vocem
2815 1985 3062 2039 magnam
3119 1970 3185 2023 de
3241 1969 3435 2023 throno
3485 1970 3792 2021 dicentem:

2241 2058 2381 2113 Ecce
2414 2060 2820 2114 tabernaculum
2869 2060 2958 2114 Dei
3010 2078 3130 2115 cum
3166 2061 3496 2123 hominibus,
3527 2068 3582 2114 et
3613 2061 3797 2114 habita-

2242 2152 2320 2205 bit
2364 2167 2488 2206 cum
2540 2155 2639 2208 cis.
2691 2154 2753 2207 Et
2808 2154 2907 2222 ipsi
2952 2154 3180 2223 populus
3229 2154 3348 2223 ejus
3394 2164 3584 2216 erunt,
3620 2164 3677 2207 et
3708 2158 3797 2221 ipse

2244 2243 2385 2296 Deus
2418 2259 2543 2297 cum
2571 2245 2649 2299 eis
2684 2248 2786 2299 erit
2819 2260 3008 2299 eorum
3044 2247 3186 2299 Deus
3218 2262 3234 2299 :
3264 2255 3317 2300 et
3361 2245 3632 2324 absterget
3683 2243 3797 2296 Deus

2242 2351 2458 2390 omnem
2497 2338 2789 2408 iacrymam
2839 2339 2906 2391 ab
2935 2340 3111 2393 oculis
3140 2355 3328 2393 eorum
3362 2350 3455 2395 :et
3498 2356 3640 2393 mors
3682 2339 3797 2391 ulna

2245 2445 2348 2482 non
2380 2430 2508 2493 erit,
2544 2446 2718 2499 neque
2764 2432 2962 2497 luctus,
2998 2447 3176 2500 neque
3210 2432 3435 2497 clamor,
3470 2447 3637 2501 neque
3672 2432 3800 2483 dolor

2244 2521 2347 2574 erit
2379 2521 2544 2587 ultra,
2577 2524 2703 2590 quia
2756 2526 2927 2589 prima
2974 2525 3243 2578 abierUnt.
3284 2524 3344 2576 Et
3379 2525 3627 2591 dixitqui
3670 2526 3803 2575 sede-

2245 2612 2335 2666 bat
2390 2614 2438 2664 in
2490 2613 2681 2667 throno
2716 2630 2730 2669 ;
2768 2614 2903 2669 Ecce
2956 2630 3091 2670 nova
3143 2615 3283 2670 facio
3326 2616 3531 2668 omnia.
3578 2613 3644 2666 Et
3690 2614 3805 2665 dixit

2249 2707 2377 2758 mihi
2412 2705 2429 2735 ³
2462 2723 2474 2759 :
2507 2705 2717 2772 Scribe,
2756 2708 2881 2775 quia
2923 2708 3036 2763 hate
3069 2708 3231 2762 verba
3261 2707 3569 2760 ﬁdelissima
3596 2716 3741 2767 sunt,
3762 2713 3807 2757 et

2246 2810 2397 2850 vera.
2431 2795 2496 2848 Et
2527 2797 2663 2851 dixit
2696 2798 2825 2852 mihi
2859 2815 2872 2852 :
2904 2799 3127 2852 Factum
3158 2809 3262 2854 est.
3297 2796 3407 2865 Ego
3436 2812 3550 2850 sum
3583 2801 3619 2849 Α
3658 2808 3707 2849 et
3735 2798 3804 2847 tl:

2248 2889 2481 2952 initium,
2516 2900 2571 2943 et
2616 2889 2759 2944 linis.
2808 2891 2921 2961 Ego
2957 2891 3161 2945 sitienti
3198 2892 3334 2947 dabo
3381 2892 3448 2947 de
3486 2891 3627 2945 fonte
3674 2904 3811 2956 aquae

2249 2982 2376 3037 vita:
2400 2986 2597 3064 gratis.
2631 2986 2732 3051 Qui
2783 2988 2989 3055 vicerit,
3024 2989 3318 3056 possidebit
3351 2988 3488 3049 hac.
3524 2996 3577 3045 et
3615 3001 3710 3041 ero
3743 2987 3808 3039 illi

2251 3074 2417 3140 Deus,
2453 3088 2504 3132 cl
2537 3078 2629 3133 ille
2666 3080 2768 3134 erit
2796 3080 2924 3134 mihi
2956 3082 3118 3136 illius.
3156 3081 3382 3136 Timidis
3417 3092 3619 3146 autem,
3656 3089 3705 3132 et
3737 3079 3811 3131 in-

563 3190 675 3233 tum
708 3186 791 3228 est
834 3173 940 3227 illis
970 3190 981 3225 z
1015 3181 1067 3225 et
1094 3172 1304 3224 animas
1349 3167 1739 3223 dccdilatorum
1802 3175 2019 3236 propter
2067 3176 2145 3219 te—
2174 3207 2221 3265 Ο
2252 3169 2512 3233 credulis,
2545 3180 2599 3224 et
2631 3172 2945 3237 exsecratis,
2996 3180 3051 3226 et
3100 3172 3407 3236 homicidis,
3438 3182 3491 3225 et
3536 3171 3812 3225 fornicato-

561 3268 870 3324 stimonium
903 3266 1053 3329 .lesu,
1082 3274 1133 3316 et
1167 3272 1387 3333 propter
1421 3263 1642 3315 verbum
1677 3260 1791 3323 Dei,
1827 3269 1879 3313 et
1909 3260 2003 3327 qui
2039 3274 2143 3313 non

563 3362 927 3413 adoraverunt
978 3354 1231 3415 bestiam,
1284 3365 1456 3420 neque
1512 3351 1801 3419 imaginem
1857 3350 1994 3419 ejus,
2046 3365 2146 3404 nec

560 3457 885 3517 acceperunt
936 3448 1308 3501 characterem
1354 3449 1471 3512 ejus
1520 3444 1572 3497 iu
1631 3444 1932 3505 fictilibus,
1967 3446 2143 3496 autin

564 3543 817 3597 manibus
869 3541 1018 3603 suis,
1069 3548 1121 3591 et
1174 3538 1460 3601 vixerunt,
1506 3544 1561 3589 et
1611 3546 1972 3601 regnaverunt
2024 3548 2144 3584 cum

565 3632 965 3691 Chrisiomille
997 3632 1175 3684 annis.
1220 3630 1409 3683 Cameri
1464 3634 1801 3679 mortuorqu
1840 3640 1941 3675 non
1996 3625 2145 3683 vixe-

564 3740 715 3794 runt,
743 3729 915 3781 donec
951 3730 1398 3779 consummentur
1432 3720 1575 3773 mille
1607 3732 1755 3771 anni.
1793 3715 1915 3770 Haec
1946 3727 2027 3767 est
2066 3731 2148 3768 re-

567 3819 834 3877 surrectio
865 3819 1059 3888 prima.
1091 3815 1310 3879 Beatus,
1348 3820 1401 3866 et
1437 3823 1679 3874 sanctus,
1709 3809 1802 3878 qui
1837 3808 1995 3861 habet
2028 3823 2147 3877 par-

568 3922 676 3967 tem
706 3912 757 3963 in
797 3906 1200 3963 resurrectione
1250 3904 1422 3972 prima
1460 3918 1474 3955 :
1511 3903 1563 3955 in
1611 3901 1693 3954 his
1736 3901 1973 3953 secunda
2006 3912 2151 3951 mors

572 4020 687 4061 non
715 4005 877 4058 habet
915 4009 1238 4072 potestatem
1269 4013 1283 4051 :
1316 3999 1408 4050 sed
1438 4004 1598 4049 erunt
1632 3993 1939 4048 sacerdotes
1974 3991 2061 4043 Dei
2100 4000 2152 4045 ct

569 4098 797 4162 tjhristi,
825 4106 878 4149 et
922 4092 1219 4163 regnabuut
1252 4105 1371 4143 cum
1422 4088 1510 4140 illo
1544 4087 1689 4140 mille
1722 4087 1899 4138 annis.
1930 4084 1992 4137 Et
2032 4099 2153 4137 cum

569 4188 926 4245 consummati
960 4185 1161 4238 iuerint
1193 4181 1337 4235 mille
1374 4180 1524 4243 anni,
1558 4179 1797 4233 solvetur
1828 4176 2061 4231 Satanas
2089 4180 2153 4229 de

569 4298 792 4341 carcere
824 4298 943 4347 suo,
974 4289 1025 4333 et
1060 4277 1251 4337 exibit.
1285 4285 1338 4331 et
1376 4274 1599 4329 seducet
1634 4282 1822 4341 gentes
1875 4285 1994 4339 qua:
2026 4277 2151 4324 sum

569 4389 731 4444 super
763 4382 998 4440 quatuor
1036 4369 1265 4437 angulos
1317 4377 1498 4428 terrm,
1547 4365 1661 4433 Gog
1739 4374 1793 4416 et
1843 4361 2050 4430 Magog,
2097 4373 2155 4416 et

568 4465 918 4534 congregabit
950 4476 1046 4516 eos
1093 4463 1145 4514 in
1182 4458 1452 4529 praelium,
1488 4474 1716 4528 quorum
1765 4470 2026 4509 numerus
2073 4465 2153 4507 est

2253 3260 2422 3323 ribus,
2459 3269 2513 3315 et
2545 3260 2821 3326 veneﬁcis,
2848 3272 2903 3316 et
2938 3262 3259 3326 idololatris,
3293 3274 3348 3317 et
3379 3264 3628 3317 omnibus
3673 3277 3809 3315 meu-

2253 3352 2503 3415 dacibus,
2535 3368 2660 3421 pars
2696 3352 2910 3407 illorum
2937 3355 3041 3409 erit
3082 3356 3133 3408 in
3166 3366 3357 3424 stagno
3390 3358 3596 3410 ardenti
3628 3356 3740 3423 igne
3766 3364 3812 3406 et

2252 3440 2511 3506 sulphure
2546 3459 2560 3496 :
2598 3444 2745 3512 quod
2781 3454 2864 3499 est
2910 3460 3059 3501 mors
3093 3451 3352 3500 secunda.
3394 3446 3461 3500 Et
3504 3450 3645 3500 venit
3692 3462 3811 3499 unus

2255 3533 2321 3585 de
2345 3544 2550 3601 septem
2577 3537 2780 3607 angelis
2813 3538 3142 3592 habentibus
3176 3539 3386 3607 phialas
3413 3539 3599 3607 plenas
3626 3551 3811 3605 septeni

2254 3626 2425 3696 plagis
2476 3630 2809 3696 novissimis,
2857 3640 2911 3685 et
2956 3632 3174 3686 locutus
3214 3643 3296 3687 est
3338 3649 3570 3697 mecum,
3599 3634 3811 3685 dit-ens:

2258 3714 2412 3783 Veni,
2445 3727 2498 3772 et
2544 3724 2829 3775 ostendam
2862 3723 2953 3777 tibi
2990 3739 3264 3793 sponsam,
3315 3740 3539 3779 uxorem
3578 3724 3730 3791 Agui.
3760 3722 3818 3774 Et

2256 3811 2476 3875 sustulit
2511 3828 2593 3866 me
2620 3814 2669 3866 in
2703 3816 2894 3883 spiritu
2936 3818 2987 3870 in
3018 3828 3254 3871 montem
3289 3834 3541 3887 magnum
3571 3830 3617 3871 et
3662 3816 3816 3869 altum

2256 3902 2382 3973 [ms.
2412 3916 2521 3957 tac.
2551 3915 2601 3958 ct
2626 3906 2840 3978 altum],
2868 3917 2921 3961 et
2946 3910 3182 3961 osrendit
3216 3910 3345 3963 mihi
3391 3913 3657 3963 civitatem
3704 3923 3819 3961 san-

2258 3986 2397 4048 ctam
2415 3994 2714 4050 Jerusalem
2739 3999 3155 4053 descendentem
3179 4002 3243 4055 de
3271 4002 3411 4055 crs-lo
3433 4018 3461 4054 a
3487 4004 3604 4064 Deo,
3628 4004 3817 4055 haben-

2260 4096 2365 4140 tem
2418 4088 2721 4143 claritatem
2775 4090 2916 4145 Dei:
2965 4102 3017 4145 et
3069 4093 3246 4145 lumen
3280 4099 3399 4163 ejus
3450 4097 3617 4150 simile
3670 4095 3817 4164 lspiii

2256 4182 2497 4249 pretioso
2552 4191 2809 4251 tauquam
2839 4183 3000 4252 lapidi
3032 4186 3277 4255 jaspidis,
3314 4189 3455 4242 sicut
3498 4189 3815 4258 crystallum.

2258 4270 2322 4325 Et
2358 4273 2591 4328 habebat
2636 4290 2849 4328 murum
2900 4292 3157 4346 magnum
3208 4288 3261 4331 et
3311 4281 3504 4345 altum,
3550 4282 3821 4332 habentem

2258 4375 2443 4435 portas
2497 4367 2785 4421 duodecim
2826 4385 2837 4421 :
2873 4377 2927 4421 et
2978 4371 3029 4421 in
3066 4372 3234 4437 portis
3268 4372 3489 4440 angelos
3532 4371 3821 4431 duodeiim,

2258 4469 2309 4512 et
2357 4460 2572 4513 nomina
2625 4462 2906 4531 inscripta,
2941 4479 3061 4531 qua:
3109 4474 3233 4518 sunt
3279 4468 3500 4518 nomina
3552 4464 3823 4517 duodecim

568 4560 707 4611 sicut
759 4571 919 4609 arena
975 4554 1162 4605 maris.
1215 4549 1279 4602 Et
1314 4552 1674 4603 ascenderunt
1707 4563 1869 4616 super
1904 4547 2147 4600 latitudi-
2186 4564 2229 4621 ι)
2261 4552 2495 4603 tribuum
2528 4552 2759 4605 ﬁliorum
2787 4553 2976 4611 Israel.
3007 4556 3087 4607 Ab
3110 4556 3317 4609 oriente
3348 4570 3515 4624 porta:
3541 4568 3661 4619 trts,
3691 4569 3739 4607 (ι
3764 4556 3824 4606 ab

569 4665 691 4703 Item
725 4647 848 4719 ima.
886 4641 1252 4712 altitudinem]
1310 4655 1483 4704 terrae,
1520 4652 1575 4694 ct
1605 4642 1937 4694 circuierutit
1973 4649 2147 4691 castra

570 4750 920 4801 sanctorum,
973 4747 1027 4789 ct
1086 4736 1359 4786 civitatem
1418 4734 1691 4785 dilectam.
1755 4732 1817 4784 Et
1873 4731 2150 4784 descendit

573 4834 710 4902 ignis
738 4847 765 4883 a
797 4832 904 4883 Deo
934 4832 998 4882 de
1029 4830 1185 4893 malo,
1219 4840 1268 4880 et
1306 4829 1579 4881 devoravit
1612 4842 1703 4878 eos
1736 4842 1749 4880 :
1784 4837 1833 4880 et
1882 4826 2147 4888 diabolus,

570 4927 660 4995 qui
695 4923 982 4977 scilurebat
1016 4936 1129 4984 eos,
1166 4919 1364 4971 missus
1399 4928 1481 4971 est
1523 4922 1572 4969 in
1624 4928 1873 4988 stagnum
1922 4916 2058 4984 ignis
2098 4927 2151 4967 et

572 5017 865 5085 sulphuris,
918 5015 1006 5066 ubi
1055 5022 1107 5065 ct
1141 5014 1306 5065 bestia
1342 5020 1392 5062 ct
1437 5013 1903 5080 pseudOprnpheta
1935 5009 2149 5060 crucia-

571 5114 773 5164 lmntur
808 5110 893 5161 die
920 5122 981 5159 ac
1013 5115 1169 5158 nocte
1204 5106 1214 5133 '
1250 5106 1299 5155 in
1338 5104 1534 5157 simula
1572 5105 1915 5156 smculorum.
1951 5100 2015 5152 Et
2044 5100 2148 5151 vidi

573 5208 830 5258 thronum
887 5214 1137 5267 maguum
1186 5197 1510 5259 candidum,
1565 5208 1617 5250 et
1664 5197 1935 5248 sedentem
1987 5208 2150 5261 super

571 5313 718 5359 cum,
752 5311 781 5349 a
829 5293 983 5364 cujus
1028 5298 1320 5359 conspectu
1377 5290 1509 5360 fugit
1558 5300 1700 5342 terra
1736 5298 1788 5342 et
1842 5288 2064 5351 coelum,
2100 5296 2151 5339 et

570 5391 722 5445 locus
772 5402 876 5441 noa
930 5394 1013 5439 est
1054 5384 1307 5438 inventus
1340 5382 1415 5435 eis
1463 5381 1585 5452 [nm
1641 5385 1705 5433 ab
1758 5378 1878 5449 eis].
1928 5378 1993 5431 Et
2044 5378 2148 5431 vidi

644 5570 658 5598 ¹
693 5568 851 5622 Juxta
903 5565 1150 5618 Grmcum
1203 5572 1431 5625 textum,
1486 5563 1580 5615 καὶ
1634 5562 2149 5631 βασανισθήσονται,

574 5646 892 5705 ιιΐενιιωιιιιιιι
925 5636 1119 5705 δ’ϐΐῦο
1174 5634 1783 5705 cruciabuntnnnoster
1834 5635 2032 5701 aliique
2084 5650 2151 5686 ex

569 5703 885 5762 Corbe‘enm
924 5703 1255 5757 Bibliotheca
1306 5718 1406 5755 Ius.
1455 5703 1575 5756 libri
1609 5713 1655 5754 et
1690 5703 2028 5770 particulam,
2082 5703 2153 5755 le-

571 5787 809 5844 guutquc
847 5776 953 5827 alio
1002 5773 1171 5827 ferme
1205 5788 1393 5827 sensu.
1437 5782 1485 5827 ει
1534 5772 1913 5828 cruciabumur
1957 5776 2040 5827 die
2091 5790 2150 5827 ac

574 5854 742 5908 nocte,
780 5852 889 5896 etc.

2260 4644 2515 4711 aquilone
2548 4656 2713 4711 portzc
2751 4656 2878 4711 ttcs,
2910 4657 2965 4700 et
2996 4648 3062 4699 ab
3096 4660 3280 4701 austro
3315 4660 3483 4717 μοι-ιω
3512 4664 3627 4709 tres,
3683 4662 3732 4700 et
3763 4650 3824 4698 ab

2255 4750 2449 4791 occasu
2494 4746 2659 4806 portae
2701 4748 2825 4792 tres.
2862 4739 2923 4793 Et
2969 4757 3156 4795 murus
3200 4744 3440 4796 civitatis
3474 4745 3670 4796 habens
3710 4744 3819 4793 iun—

2256 4830 2503 4882 dnmcnta
2551 4830 2860 4895 duodecim,
2900 4843 2953 4885 ct
3004 4841 3053 4886 in
3108 4837 3239 4903 ipsis
3275 4838 3550 4889 duodecim
3611 4834 3818 4887 nomina

2256 4922 2538 4975 duodecim
2564 4922 2581 4951 ⁴
2614 4925 2978 4989 apostolorum
3000 4927 3155 4994 Λευὶ.
3187 4928 3246 4980 Ει
3276 4934 3365 4995 qui
3387 4930 3697 4997 loquebatur
3720 4943 3822 4977 ute-

2257 5032 2403 5077 cum,
2455 5017 2685 5069 Ιιυὺιςιωι
2723 5035 3030 5072 tuensuram
3080 5023 3434 5075 arundineam
3488 5038 3721 5081 auream,
3769 5028 3823 5071 ut

2256 5108 2535 5161 metiretur
2569 5109 2863 5171 civitatein,
2894 5120 2948 5163 et
2987 5121 3167 5178 portas
3210 5114 3350 5181 ejus,
3396 5125 3448 5167 et
3482 5128 3712 5165 inomni.
3762 5111 3823 5161 Et

2255 5198 2447 5251 civitas
2480 5202 2530 5251 in
2560 5202 2769 5267 quadro
2816 5202 2988 5269 posita
3021 5213 3121 5266 est,
3160 5215 3213 5255 et
3242 5206 3513 5274 longitudo
3538 5205 3653 5267 eius
3685 5212 3827 5253 tanta

2256 5300 2339 5343 est
2368 5300 2567 5358 quanta
2607 5301 2661 5343 et
2703 5292 2973 5346 latitudo:
3013 5304 3067 5347 et
3103 5310 3322 5348 mensus
3351 5306 3429 5349 est
3462 5294 3731 5348 civitatein
3766 5292 3831 5344 de

2259 5381 2529 5433 arundine
2558 5395 2719 5434 aurea
2755 5397 2850 5450 per
2881 5384 3049 5436 stadia
3089 5385 3369 5436 duodecim
3403 5384 3552 5435 millia
3582 5395 3598 5433 :
3633 5391 3691 5433 et
3718 5382 3832 5432 ιου-

2292 5564 2347 5641 η²
2381 5561 2602 5641 Repetit.
2626 5563 2764 5641 idem
2791 5580 2901 5641 ins.
2941 5566 3023 5619 liT-c
3070 5568 3252 5629 verba,
3290 5576 3521 5634 stagnum
3551 5560 3723 5628 ignis,
3760 5558 3837 5611 [θ’

2256 5631 2361 5685 cile
2389 5650 2455 5685 es
2488 5634 2604 5685 libri
2632 5634 2755 5687 albo
2790 5637 2840 5687 in
2879 5647 3079 5688 lc‘Xluill
3114 5642 3342 5689 intrusa.

2328 5705 2347 5733 '
2378 5704 2598 5756 Addidit
2628 5716 2809 5756 noster
2842 5720 2940 5759 tua.
2973 5708 3057 5761 hic
3089 5721 3286 5759 nomen
3314 5704 3533 5773 angelus.

2328 5773 2555 5846 ‘Neque
2582 5773 2799 5827 Graecus
2831 5784 3032 5841 textus,
3073 5793 3247 5846 neque
3274 5771 3448 5831 uoster
3469 5786 3567 5825 ius.
3600 5771 3671 5824 τὸ
3702 5771 3845 5827 duo-

2257 5843 2426 5897 decim
2463 5844 2547 5897 hic
2579 5854 2851 5914 repetunt.
