3946 6170
238 314 343 376 913

1364 323 1429 386 Β.
1478 324 1808 389 JOANNIS
1851 329 2385 394 APOCALYPSIS.

3385 334 3495 400 9H

233 426 438 498 gitudo,
472 435 525 481 et
574 428 823 495 altitudo,
863 439 907 485 et
946 430 1176 488 latitudo
1208 435 1345 505 ejus,
1394 440 1620 507 aequalia
1664 450 1809 496 sunt.
1844 454 1891 510 Α
1921 447 2038 499 cuia
2069 447 2412 501 saeculorum.
2446 444 2509 500 Et
2538 445 2671 502 dixit
2706 447 2834 502 mihi
2880 445 3045 505 :llaec
3082 447 3242 502 verba
3288 448 3493 506 ﬁdelis-

233 520 296 572 Et
346 535 562 573 mensus
613 530 695 577 est
750 539 966 577 murum
1020 526 1137 594 ejus
1186 538 1399 582 centum
1452 534 1811 603 quadraginta

232 620 463 677 quatuor
491 613 815 675 cubitorum,
853 630 1105 670 mensura
1150 619 1402 681 hominis.
1437 640 1557 690 quae
1600 635 1685 678 est
1717 641 1811 679 an-

230 698 353 767 geli.
382 699 448 753 Et
476 711 593 755 erat
623 711 894 758 structura
922 708 1066 761 muri
1098 709 1217 779 ejus
1248 725 1314 764 ex
1349 713 1526 782 lapide
1548 715 1762 785 jaspide
1794 733 1808 773 :

232 791 342 856 ipsa
397 806 525 844 vero
593 793 819 861 civitas,
875 812 1065 851 aurum
1127 804 1382 855 mundum
1440 806 1617 861 simile
1675 810 1811 862 vitro

230 884 451 935 mundo.
487 884 546 936 Et
584 884 932 941 fundamenta
984 892 1121 944 muri
1156 893 1409 958 civitatis,
1440 900 1588 953 omni
1634 900 1811 968 lapide

230 975 465 1038 pretioso
522 987 734 1029 ornata.
792 976 1227 1035 Fundamentum
1289 986 1546 1051 primum,
1602 989 1807 1057 jaspis:

227 1066 550 1129 Secundum,
577 1068 899 1135 sapphirus:
930 1074 1170 1136 tertium,
1195 1075 1579 1133 chalrezlouius
1605 1095 1621 1146 ;
1645 1095 1808 1147 quar-

230 1166 361 1219 tum,
388 1159 705 1226 smaragdus
734 1176 749 1224 ;
775 1161 1057 1226 quintum,
1088 1168 1389 1237 sardonyx;
1421 1181 1668 1231 sextum,
1696 1188 1811 1224 sar-

226 1247 346 1299 dius
376 1264 391 1313 ;
418 1250 730 1317 septimum,
762 1255 1126 1323 chrysolithos
1159 1275 1174 1323 ;
1221 1270 1494 1323 octavum,
1523 1262 1761 1331 beryllus
1791 1282 1804 1327 ;

226 1354 451 1404 nonum,
490 1344 776 1411 t0pazius;
816 1346 1111 1414 decimum,
1156 1351 1593 1421 chrysoprasus;
1634 1354 1807 1407 unde-

226 1430 450 1494 cimum,
485 1433 848 1502 hyacinthus;
898 1437 1299 1505 duodecimum,
1330 1442 1689 1512 amethystus.
1742 1444 1806 1497 Et

224 1524 512 1577 duodecim
567 1538 758 1594 perite,
812 1532 1095 1586 duodecim
1151 1536 1457 1602 margaritae
1511 1547 1661 1600 sunt,
1714 1552 1807 1604 per

222 1612 464 1682 singulas
494 1633 508 1668 :
540 1626 594 1670 et
644 1619 873 1688 singula:
920 1633 1087 1691 portae
1119 1635 1275 1678 erant
1307 1642 1371 1679 ex
1405 1628 1630 1697 singulis
1662 1643 1806 1683 mar-

220 1703 416 1771 garitis
448 1722 463 1759 :
494 1719 549 1761 et
591 1709 765 1777 platea
817 1714 1052 1768 civitatis
1095 1732 1285 1771 aurum
1340 1722 1637 1787 mundum,
1688 1732 1804 1775 tan-

220 1813 385 1864 quam
419 1799 615 1854 vitrum
666 1804 1023 1872 perlucidum.
1054 1808 1123 1861 Et
1173 1809 1425 1877 templum
1465 1826 1568 1865 non
1606 1814 1709 1866 vidi
1746 1816 1799 1867 in
1837 1787 1877 1839 Β

217 1907 303 1943 ea.
345 1891 602 1947 Dominus
638 1899 781 1949 enim
817 1897 958 1953 Deus
989 1903 1331 1967 omnipotens
1366 1904 1621 1972 templum
1656 1906 1800 1961 illius

215 1993 322 2041 esu
354 1990 408 2035 et
437 1985 645 2053 Agnus.
679 1986 743 2041 Et
776 1989 965 2044 civitas
991 2007 1095 2045 non
1128 2004 1245 2064 eget
1271 1996 1407 2061 sole,
1439 2011 1614 2065 neque
1647 1998 1798 2062 luua,

220 2082 279 2125 ut
313 2074 529 2129 luceant
557 2078 610 2131 in
651 2096 735 2133 ea.
766 2080 897 2135 Nam
926 2086 1149 2138 claritas
1184 2087 1272 2140 Dt'l
1306 2088 1630 2145 illuminavit
1655 2107 1796 2157 eam,

212 2177 267 2218 et
300 2167 523 2221 lucerna
554 2172 670 2240 ejus
695 2182 775 2227 est
806 2177 1009 2245 Agnus.
1042 2180 1105 2231 Et
1134 2178 1491 2234 ambulabunt
1524 2191 1710 2249 gentes
1744 2184 1795 2236 in

212 2258 421 2313 lumine
451 2261 566 2328 ejus
596 2282 612 2317 :
649 2274 701 2319 et
737 2283 887 2336 rcges
925 2279 1078 2324 terrae
1129 2272 1351 2327 adorent
1384 2275 1607 2343 gloriam
1640 2292 1792 2329 suam

208 2364 263 2403 et
299 2354 559 2409 honorem
596 2358 645 2410 iu
680 2359 845 2415 illam.
889 2362 947 2416 Et
980 2376 1149 2432 portm
1183 2346 1299 2432 ejus
1336 2382 1442 2420 non
1478 2369 1796 2424 claudentur

208 2459 310 2510 per
339 2446 481 2497 diem
516 2463 530 2501 :
565 2464 665 2501 uox
700 2454 843 2504 enim
881 2469 985 2505 non
1019 2456 1121 2507 erit
1166 2457 1293 2510 illic.
1328 2458 1393 2510 Et
1422 2460 1648 2513 afferent
1680 2463 1794 2531 glo-

210 2534 351 2584 riam
403 2534 553 2605 [mss.
606 2539 729 2591 add.
783 2542 962 2611 suam]
1020 2553 1074 2596 et
1136 2546 1396 2599 honorem
1448 2552 1684 2617 gentium
1738 2552 1792 2606 in

207 2621 385 2676 illam.
420 2622 534 2680 Non
566 2628 787 2682 intrabit
819 2631 869 2685 in
898 2649 1016 2684 eam
1051 2632 1064 2663 ¹
1097 2634 1314 2702 aliquod
1356 2640 1791 2708 coinquinatum,

206 2722 309 2764 aut
361 2716 817 2773 abominationem
869 2722 1099 2788 faciens,
1148 2736 1200 2780 et
1254 2730 1638 2795 mendacium,
1690 2734 1789 2788 nisi

201 2806 300 2869 qui
374 2808 558 2876 scripti
621 2822 749 2866 sunt
811 2814 867 2868 in
929 2814 1068 2871 libro
1127 2816 1257 2874 Viue
1313 2818 1464 2890 [ms.
1526 2826 1650 2877 add.
1712 2823 1790 2897 et]

202 2896 377 2961 Agui.

276 2990 438 3061 [Cap.
466 2991 659 3067 XXIIJ
685 2994 752 3050 Et
781 2999 1020 3055 ostendit
1048 3002 1174 3057 mihi
1208 3003 1430 3060 fluvium
1459 3023 1614 3077 aqua}
1642 3012 1787 3075 vitae,

202 3085 557 3150 splendidum
617 3101 871 3155 tauquam
912 3097 1248 3162 crystallum,
1289 3102 1669 3167 procedentem
1724 3108 1789 3161 de

201 3177 343 3229 sede
374 3179 467 3231 Dei
498 3192 550 3234 et
577 3182 733 3251 Agui.
759 3184 817 3237 lu
844 3186 1021 3240 medio
1054 3190 1251 3255 platea:
1285 3192 1423 3258 ejus,
1456 3205 1507 3247 et
1538 3211 1605 3249 ex
1642 3209 1791 3250 utra-

201 3280 319 3333 que
358 3278 507 3334 parte
555 3270 796 3327 fluminis
830 3274 1035 3344 lignum
1095 3280 1243 3343 vitze,
1303 3283 1539 3339 alferens
1575 3288 1792 3343 fructus

199 3358 522 3423 duodecim,
577 3376 672 3428 per
722 3380 937 3421 menses
995 3369 1237 3439 singulos
1291 3376 1519 3430 reddens
1552 3378 1788 3433 fructmn

199 3466 393 3517 suum,
426 3460 481 3503 et
520 3451 649 3507 folia
675 3455 803 3524 ligni
830 3458 896 3511 ad
928 3460 1216 3515 sanitatem
1251 3467 1512 3531 gentium.
1542 3467 1607 3520 Et
1631 3484 1792 3525 omne

200 3543 562 3598 maledictum
615 3562 722 3600 non
754 3549 857 3607 erit
894 3553 1129 3619 amplius
1177 3573 1190 3607 :
1226 3558 1320 3609 sed
1360 3559 1379 3590 ⁸
1407 3559 1565 3614 sedes
1606 3562 1702 3615 Dei
1733 3574 1791 3617 et

210 3637 359 3702 Λευὶ
396 3638 447 3689 in
510 3638 597 3691 illa
634 3653 816 3702 erunt,
871 3654 925 3697 et
959 3648 1100 3700 servi
1141 3647 1258 3715 ejus
1307 3652 1545 3705 servient
1585 3654 1683 3707 illi.
1725 3656 1788 3708 Et

200 3729 475 3783 videbunt
508 3730 701 3787 faciem
732 3735 848 3804 ejus
884 3753 899 3793 :
928 3749 981 3791 ct
1018 3754 1215 3793 nmueu
1250 3743 1364 3810 ejus
1391 3744 1441 3795 in
1469 3744 1738 3801 frontibus
1768 3746 1787 3777 ⁸

200 3836 427 3876 eorum.
464 3822 526 3875 Et
559 3840 664 3879 nox
698 3828 835 3882 ultra
892 3845 995 3883 non
1030 3835 1133 3886 erit
1172 3852 1184 3885 :
1218 3845 1269 3886 et
1309 3852 1414 3887 non
1449 3840 1681 3904 cgebunt
1723 3841 1789 3895 de

198 3913 420 3968 lumine
474 3917 728 3985 lucernae,
760 3936 936 3988 neque
985 3924 1187 3979 lumine
1214 3929 1367 3991 solis,
1397 3931 1652 3997 quoniam
1679 3932 1787 3987 Do-

197 4005 398 4063 minus
427 4008 570 4065 Deus
601 4012 933 4069 illuminabit
972 4016 1111 4081 illos,
1135 4032 1190 4074 et
1223 4024 1530 4089 regnabunt
1581 4025 1632 4078 iu
1684 4041 1787 4079 sae-

1920 536 2055 590 sima
2102 548 2246 601 sunt,
2298 548 2351 592 et
2384 554 2533 596 vera.
2594 538 2655 592 Et
2691 538 2949 594 Dominus
3000 537 3143 593 Deus
3204 540 3489 607 spirituum

1920 628 2311 696 prophetarum
2348 630 2498 683 misit
2529 616 2779 701 angelum
2822 645 2979 685 suum
3007 632 3298 687 ostendere
3317 633 3491 688 servis

1916 719 2029 772 suis
2064 736 2184 789 quae
2215 730 2428 790 oportet
2455 723 2567 776 fieri
2597 725 2727 776 cito.
2774 723 2836 776 Et
2861 738 2987 778 ecce
3018 725 3180 778 venio
3209 725 3486 780 velociter.

1918 809 2113 863 Beatus
2145 814 2233 879 qui
2255 811 2523 866 custodit‘
2553 815 2714 867 verba
2738 815 3036 882 prOpbetiae
3053 815 3174 869 libri
3209 815 3390 885 hujus.
3424 816 3491 871 Et

1915 916 2013 969 ego
2038 900 2296 965 Joannes,
2339 904 2431 970 qui
2474 903 2678 969 audivi,
2714 916 2767 958 et
2798 906 2902 958 vidi
2941 906 3075 960 haec.
3104 908 3171 961 Et
3200 918 3484 978 postquam

1913 994 2212 1057 audissem,
2257 1004 2309 1048 et
2339 996 2623 1062 vidissem,
2689 998 2864 1051 cecidi
2914 1008 2975 1050 ut
3030 998 3314 1055 adorarem
3357 1010 3486 1053 ante

1916 1083 2081 1150 pedes
2133 1086 2328 1153 angeli,
2362 1086 2451 1154 qui
2511 1087 2643 1139 mihi
2685 1088 2799 1141 haec
2853 1090 3174 1144 ostendebat
3208 1108 3223 1144 :
3259 1099 3311 1146 et
3347 1091 3485 1145 dixit

1913 1174 2039 1245 [ms.
2073 1175 2227 1248 dicit]
2266 1177 2396 1230 mihi
2428 1195 2441 1233 :
2479 1176 2611 1233 Vide
2636 1195 2704 1232 ne
2742 1180 2937 1234 feceris
2966 1198 2981 1248 ;
3015 1196 3309 1237 conservus
3338 1185 3482 1237 enim

1914 1265 2036 1337 [ms.
2065 1279 2167 1321 Iac.
2204 1268 2374 1340 enim]
2425 1280 2547 1322 tuus
2582 1286 2722 1336 sum,
2755 1282 2802 1324 et
2843 1271 3069 1326 fratrum
3097 1283 3308 1327 tuorum
3350 1291 3481 1344 pro-

1912 1358 2220 1424 phetarum,
2258 1367 2311 1411 et
2333 1373 2518 1411 eorum
2569 1360 2659 1428 qui
2687 1373 2907 1414 servant
2940 1362 3100 1417 verba
3134 1366 3437 1434 prephetite
3462 1365 3482 1396 ⁸

1912 1446 2037 1499 libri
2067 1447 2227 1517 hujus
2261 1464 2276 1501 :
2320 1447 2485 1502 Deum
2519 1449 2703 1503 adora.
2735 1448 2798 1502 Et
2832 1451 2958 1505 dicit
2987 1453 3118 1506 mihi
3152 1452 3269 1507 :Nc
3303 1455 3483 1523 signa-

1910 1540 2054 1592 veris
2110 1541 2273 1593 verba
2309 1541 2610 1609 prOphetiae
2645 1542 2766 1595 libri
2809 1544 2970 1614 hujus
3006 1561 3021 1599 :
3073 1554 3288 1613 tempus
3335 1547 3480 1599 enim

1910 1644 2074 1697 prope
2110 1640 2214 1685 est.
2245 1630 2347 1696 Qui
2377 1641 2556 1695 nocet,
2587 1643 2779 1687 noceat
2817 1633 2991 1687 adhuc
3024 1652 3037 1699 ;
3073 1643 3128 1689 et
3152 1636 3243 1702 qui
3276 1634 3331 1687 in
3364 1650 3482 1689 sor-

1910 1718 2068 1772 dibus
2102 1728 2208 1784 est,
2242 1720 2521 1775 sordescat
2553 1722 2773 1789 adhuc;
2802 1730 2858 1777 et
2897 1724 2990 1790 qui
3019 1724 3198 1791 justus
3220 1734 3325 1787 est,
3383 1725 3471 1791 iu-

1907 1812 2174 1865 stilicetur
2209 1812 2385 1866 adhuc
2409 1813 2469 1879 ';
2515 1823 2571 1868 et
2600 1824 2842 1882 sanctus,
2874 1816 3247 1872 sanctificetur
3277 1819 3475 1873 adhuc.

1909 1900 2046 1953 Ecce
2079 1901 2240 1955 venio
2294 1902 2423 1967 cito,
2460 1912 2512 1956 et
2569 1918 2780 1961 merces
2813 1921 2930 1961 mea
2964 1921 3175 1961 mecum
3213 1915 3317 1975 est,
3354 1909 3479 1962 red-

1864 2038 1869 2043 .
1907 1995 2036 2047 dere
2070 1994 2367 2063 unicuique
2393 1994 2694 2071 securuum
2731 2012 2895 2066 opera
2926 2012 3043 2052 sua.
3079 2000 3190 2069 Ego
3219 2013 3335 2054 sum
3358 2001 3401 2053 A
3425 2009 3481 2053 et

1906 2084 1965 2147 ο.
2023 2085 2228 2153 primus
2274 2094 2327 2140 et
2378 2087 2743 2153 novissimus,
2802 2088 3126 2159 principium
3186 2098 3241 2146 et
3293 2090 3477 2145 finis'.

1906 2174 2053 2230 Beati
2111 2178 2203 2246 qui
2238 2180 2415 2232 lavant
2473 2179 2642 2235 stolas
2691 2196 2819 2236 suas
2875 2181 2930 2236 in
2963 2184 3233 2253 sanguine
3269 2181 3405 2253 Agni
3435 2184 3478 2247 ',

1906 2280 1961 2319 ut
2019 2269 2091 2322 sit
2152 2280 2389 2338 potestas
2446 2285 2635 2324 eorum
2694 2272 2750 2325 in
2813 2272 2958 2342 ligno
3022 2273 3187 2339 vitae,
3258 2284 3313 2328 et
3385 2288 3479 2341 per

1906 2369 2092 2426 portas
2155 2360 2362 2416 intrent
2426 2362 2479 2415 in
2557 2362 2855 2417 civitatem.
2921 2364 3077 2419 Foris
3141 2380 3353 2433 canes,
3426 2375 3480 2420 et

1904 2451 2162 2517 veneﬁci,
2216 2463 2271 2506 et
2327 2452 2618 2521 impudici,
2679 2466 2732 2509 et
2798 2456 3122 2525 homicidae,
3197 2467 3250 2512 et
3320 2457 3478 2512 idolis

1901 2543 2200 2598 servientes
2233 2545 2275 2605 ’,
2329 2555 2383 2599 et
2432 2549 2610 2601 onmis
2664 2549 2756 2618 qui
2814 2558 2961 2603 amat
3002 2560 3054 2603 et
3088 2549 3217 2603 facit
3248 2551 3477 2603 menda-

1893 2633 2065 2704 ’cium.
2102 2633 2215 2703 Ego
2273 2634 2430 2691 Jesus
2468 2640 2587 2692 misi
2642 2639 2892 2708 angelum
2951 2655 3149 2702 meum,
3194 2643 3475 2695 testificari

1901 2726 2055 2780 vobis
2086 2728 2197 2781 inec
2230 2728 2279 2782 iu
2309 2728 2587 2787 Ecclesiis.
2611 2733 2721 2801 Ego
2750 2748 2868 2786 sum
2896 2734 3046 2786 radix
3079 2743 3134 2789 et
3170 2750 3341 2801 genus
3374 2735 3477 2787 Da-

1901 2820 2013 2882 vid,
2049 2820 2201 2873 stella
2234 2824 2515 2890 splendida
2554 2833 2609 2877 et
2663 2825 2953 2879 matutina.
2990 2825 3056 2878 Et
3089 2825 3316 2894 spiritus
3347 2823 3473 2896 [ms.

1898 2910 2154 2982 sponsus]
2188 2922 2242 2967 et
2281 2929 2480 2982 sponsa
2514 2915 2743 2969 dicunt:
2777 2913 2935 2969 Veni.
2979 2915 3045 2969 Et
3067 2916 3157 2985 qui
3188 2915 3357 2983 audit,
3392 2915 3475 2970 di-

1900 3012 2007 3070 cat,
2047 3003 2202 3057 Veni.
2238 3005 2302 3059 Et
2360 3007 2454 3073 qui
2488 3007 2622 3072 sitit,
2666 3008 2851 3062 veniat
2884 3024 2899 3073 ;
2941 3016 2996 3063 et
3034 3008 3126 3078 qui
3162 3008 3295 3072 vult,
3326 3009 3473 3062 acci-

1900 3096 2007 3160 piat
2056 3110 2253 3163 aquam
2311 3097 2436 3151 vitae
2486 3098 2681 3166 gratis.
2717 3099 3008 3152 Contestor
3064 3098 3210 3152 enim
3243 3098 3286 3129 ¹⁰
3318 3098 3467 3153 onmi

1895 3187 2137 3243 audienti
2170 3190 2331 3243 verba
2368 3192 2667 3260 prophetiae
2706 3190 2829 3244 libri
2887 3190 3045 3259 hujus
3078 3206 3096 3247 :
3129 3190 3184 3245 Si
3210 3192 3332 3259 quis
3384 3207 3473 3259 ap-

1894 3284 2137 3349 posuerit
2201 3284 2268 3337 ad
2316 3284 2453 3347 hrec,
2503 3292 2736 3353 apponet
2798 3282 2944 3355 [ms.
2991 3283 3262 3356 apponat]
3330 3283 3474 3338 Deus

1892 3391 2054 3439 super
2117 3376 2265 3430 illum
2331 3378 2517 3447 plagas
2572 3382 2807 3449 scriptas
2857 3381 2908 3433 in
2967 3381 3105 3435 libro
3155 3382 3280 3434 isto.
3319 3378 3382 3432 Et
3424 3378 3471 3434 si

1892 3468 2015 3536 quis
2065 3466 2384 3523 diminuerit
2449 3472 2513 3524 de
2558 3472 2738 3526 verbis
2788 3473 2909 3526 libri
2954 3473 3246 3542 prophetia:
3286 3474 3469 3542 hujus,

1892 3557 2099 3611 auferet
2133 3558 2256 3629 [ms.
2290 3560 2520 3634 auferat]
2574 3561 2716 3616 Deus
2752 3574 2959 3631 partem
2989 3566 3110 3633 ejus
3166 3566 3229 3616 de
3263 3564 3399 3616 libro
3431 3565 3471 3595 “

1900 3646 2052 3709 Vitae,
2106 3658 2159 3701 et
2190 3651 2254 3703 de
2287 3650 2519 3704 Civitate
2559 3650 2775 3717 sancta,
2810 3663 2865 3707 et
2898 3654 2963 3707 de
2998 3654 3080 3707 his
3118 3669 3237 3720 qua:
3268 3655 3467 3718 scripta

1894 3748 2021 3792 sunt
2057 3739 2107 3790 in
2140 3739 2277 3793 libro
2313 3742 2436 3794 isto.
2486 3741 2624 3795 Dicit
2656 3744 2743 3804 qui
2800 3744 3171 3799 testimonium
3221 3746 3470 3813 perhibet

1895 3829 2127 3882 istorum
2168 3847 2182 3885 :
2235 3830 2409 3885 Etiam
2467 3835 2625 3889 venio
2659 3836 2788 3889 cito.
2827 3838 3020 3890 Amen.
3060 3837 3213 3901 Veni,
3242 3838 3468 3891 Domine

1890 3916 2041 3975 Jesu.
2063 3920 2248 3974 Gratia
2275 3923 2487 3979 Domini
2511 3926 2687 3981 nostri
2723 3925 2853 3983 Jesu
2888 3927 3093 3985 Christi
3125 3931 3169 3961 "
3200 3945 3319 3984 cum
3348 3944 3467 3983 om-

1892 4013 2050 4067 nibus
2089 4013 2263 4071 vobis.
2308 4019 2506 4072 Amen.

1101 4118 1327 4186 Explicit
1391 4119 1524 4172 liber
1590 4120 1937 4191 Apocalypsis
2003 4125 2069 4180 Β.
2149 4127 2375 4183 Joannis
2412 4130 2672 4201 Apostoli.

562 4230 742 4288 ωερε
786 4234 827 4266 ¹⁸
860 4236 1005 4293 CUM
1044 4236 1222 4293 PACE
1261 4238 1770 4297 BIBLIOTHECAM
1811 4242 2200 4303 HIERONYMI
2239 4247 2673 4304 PRESBYTER!
2712 4250 3109 4307 BETHLEEM.

264 4374 285 4452 ξ
328 4372 436 4453 Ms.
467 4373 828 4459 Noninlraliit
853 4383 1044 4459 ineant
1073 4386 1419 4459 immundum,
1454 4396 1546 4440 aut
1581 4389 1785 4459 aliquid

173 4444 630 4519 coinquinatum,
679 4460 725 4502 et
755 4452 955 4516 faciens
986 4444 1455 4519 abominationem,
1494 4467 1601 4512 etc.

1894 4405 1999 4459 que
2047 4393 2100 4446 in
2136 4392 2659 4475 Graacohillansunt.’
2704 4396 2822 4475 Ilios
2844 4396 3076 4475 propius
3104 4395 3170 4449 ad
3214 4392 3460 4475 (lt-mcum

1894 4472 2101 4516 veteres
2125 4464 2364 4517 nonnulli
2394 4464 2609 4519 codices
2637 4464 2815 4518 Latini
2842 4464 3040 4520 habent
3067 4476 3115 4519 et
3140 4467 3328 4534 portis,
3364 4479 3462 4533 pro

276 4517 300 4594 ξ
341 4514 524 4602 Ltatini
574 4514 908 4602 alii‘co'dices
941 4539 1133 4602 magno
1183 4514 1510 4602 numero,'e_t
1542 4543 1637 4596 pro
1664 4531 1777 4594 sed,
1812 4537 1858 4597 ο
1884 4514 1949 4585 et
1972 4549 2065 4597 per
2086 4514 2272 4601 portus
2302 4514 2566 4599 {inest—er,
2596 4544 2651 4587 ut
2681 4550 2774 4602 per
2808 4544 3013 4602 portas.

173 4597 237 4639 ut
259 4585 344 4662 _iu
374 4583 573 4662 Graeco
599 4590 714 4649 καὶ.
744 4590 970 4645 habent.
1000 4583 1122 4646 Mox
1156 4609 1252 4662 pro
1278 4583 1455 4660 erunt,
1492 4583 1779 4661 legendum

172 4657 455 4734 videatur
506 4659 701 4713 minori
754 4677 984 4717 numero
1034 4657 1170 4731 erit;
1210 4657 1665 4734 quemadmodum
1734 4673 1784 4724 in

167 4726 414 4778 Graeco.

253 4794 276 4824 ³
320 4794 459 4877 Plus
493 4796 657 4853 habet
700 4811 889 4877 noster
927 4820 1027 4857 ms.
1092 4821 1277 4858 nomen
1306 4805 1419 4873 ejus
1448 4810 1700 4877 scriptum
1729 4810 1786 4864 in

166 4865 493 4935 frontibus,
551 4879 657 4923 etc.
695 4870 883 4925 Graeco
937 4884 1117 4927 tamen
1174 4865 1782 4935 textu'uonau'nuentc.

250 4933 525 5009 Egester
556 4954 685 5005 ms.,
729 4944 819 5009 qui
867 4947 1144 5000 custodiet.

246 5003 484 5085 {Tollit
518 5008 647 5061 illud
673 5003 1179 5088 prop/reticentester
1202 5032 1327 5070 cum
1365 5017 1635 5088 plerisque
1666 5020 1787 5075 aliis

164 5076 413 5159 Latinis
442 5092 599 5141 mss.,
622 5076 1078 5147 quemadmodum
1114 5098 1169 5140 et
1210 5076 1437 5142 Gneo-us
1464 5076 1578 5159 ipse
1608 5102 1787 5145 textus

165 5148 343 5199 facit.

247 5217 273 5246 ‘
303 5214 472 5273 Idem
509 5236 637 5283 ms.,
668 5230 716 5274 et
737 5221 918 5291 justus
946 5224 1272 5294 justiﬁcetur
1297 5231 1468 5285 adhuc
1500 5247 1518 5285 :
1550 5233 1641 5287 alii
1673 5249 1788 5288 ma-

163 5301 285 5354 gno
330 5302 690 5367 numero,-st_
720 5296 898 5360 justus
942 5297 1220 5364 justitiam
1273 5300 1432 5367 faciet
1473 5304 1667 5357 adhuc.
1723 5304 1783 5361 S.

164 5360 519 5442 pyprianus
562 5363 827 5442 his‘huuc
855 5360 1032 5420 locum
1072 5371 1147 5423 ita
1178 5360 1376 5424 recitat
1408 5387 1422 5435 ;
1448 5373 1635 5427 Justus
1654 5360 1784 5442 jus?

164 5432 325 5481 ιέυηι
362 5433 538 5499 faciat
579 5433 773 5486 adhuc.

250 5502 273 5581 ς’
318 5501 628 5581 lutegrum_
655 5506 863 5581 huncce
892 5509 1245 5581 versiculum,
1277 5508 1387 5581 Ego
1426 5529 1541 5566 sum
1570 5515 1614 5568 Δ
1644 5523 1689 5567 et
1720 5515 1781 5579 Ω,

165 5572 408 5639 prima:
443 5575 850 5636 “novissimus,
874 5578 1202 5653 principium
1233 5572 1277 5634 et
1304 5572 1447 5651 finis,
1474 5584 1565 5653 qui
1599 5572 1783 5640 tamen

167 5660 225 5696 ιιι
258 5644 485 5718 Graeco
518 5654 622 5705 est,
664 5653 847 5718 noster
876 5644 983 5701 ms.
1017 5644 1251 5718 ignorat.

239 5715 265 5744 ⁸
322 5713 520 5768 Verba
558 5728 777 5793 quoque
808 5715 933 5793 ista,
992 5713 1325 5789 iu'sunguine
1378 5725 1535 5793 Aqui,
1599 5735 1784 5783 noster

172 5802 281 5841 ms.
355 5799 500 5838 cum
548 5786 817 5853 plerisque
849 5790 966 5846 aliis
1006 5786 1244 5862 antiquis
1273 5786 1472 5871 omittit
1510 5786 1530 5861 ς’
1568 5797 1659 5850 sed
1690 5814 1783 5855 ne-

1962 4605 1982 4633 ”
2011 4604 2174 4687 Attidit
2225 4615 2408 4657 noster
2451 4618 2555 4657 ms.
2589 4604 2655 4658 de
2692 4619 2812 4687 suo.
2841 4614 2894 4685 et
2920 4607 3291 4687 fornicatores.
3327 4676 3361 4687 Δ.
3413 4675 3426 4687 .

1961 4673 2009 4704 ¹⁰
2039 4672 2143 4746 Pro
2172 4676 2309 4727 enim
2364 4682 2552 4728 noster
2581 4688 2703 4728 cum
2763 4672 3039 4746 plerisque
3088 4672 3211 4731 aliis
3244 4675 3459 4731 Latinis

1890 4743 2042 4797 libris
2068 4744 2238 4813 habet
2280 4761 2395 4813 ego.

1966 4811 2379 4887 ‘lVetustior'es
2419 4811 2597 4867 Latini
2633 4815 2754 4869 libri
2809 4816 2873 4887 de
2906 4818 3049 4887 ligno
3098 4816 3328 4882 habent,
3360 4830 3461 4885 pro

1889 4889 1952 4939 de
1975 4885 2130 4946 libro.
2156 4887 2310 4954 juxta
2343 4884 2612 4954 Graecum
2642 4888 2749 4938 ἀπὸ
2775 4885 2869 4937 τοῦ
2898 4884 3082 4953 ξύλου.

1968 4957 2008 4987 ⁸³
2052 4955 2222 5009 Voces
2257 4956 2442 5035 nostri,
2473 4964 2527 5007 et
2578 4953 2803 5036 Christi,
2858 4967 2971 5036 tum
3010 4966 3311 5036 postrema;
3339 4955 3460 5036 duae

1891 5027 2056 5080 vobis.
2093 5026 2278 5090 Amen,
2312 5027 2573 5080 omittunt
2617 5036 2728 5078 tum
2768 5026 2975 5094 Latini,
3005 5037 3115 5082 tum
3140 5028 3315 5083 Graeci
3344 5025 3455 5079 ali-

1930 5108 2022 5150 uot
2052 5095 2195 5149 libri.

1889 5114 2022 5248 fuit?
2049 5114 2377 5248 “abhorreth
2406 5167 2535 5237 legit
2565 5169 2617 5221 in
2649 5168 2757 5222 line
2808 5165 3061 5248 Epistolas
3091 5167 3158 5221 ad
3194 5167 3452 5248 Hebr?“

1890 5235 2059 5292 codex
2090 5250 2191 5289 ms.
2242 5234 2537 5291 Bibliorum
2574 5234 2869 5292 sacrorum'
2895 5239 2954 5293 S.
2987 5239 3292 5293 Germania
3324 5234 3453 5288 Pra-

1892 5308 1976 5368 tis,
2017 5312 2235 5359 notatus
2270 5322 2498 5362 numero
2554 5310 2667 5373 l5;
2724 5323 2831 5361 non
2884 5311 3030 5365 enim
3063 5308 3212 5375 juxta
3245 5318 3449 5375 morem

1888 5387 2207 5430 caeterorum
2256 5392 2389 5431 mss.
2428 5371 2676 5432 codicum
2721 5379 2977 5433 terminat
3011 5371 3213 5430 Novum
3265 5371 3454 5427 Testa-

1888 5457 2133 5524 mentum
2184 5446 2592 5524 Apocalypseos
2648 5449 2809 5524 libro,
2829 5518 2841 5524 _
2867 5450 2958 5503 sed
2984 5443 3321 5524 Epistolanad
3349 5442 3452 5497 lle—

1887 5516 2062 5596 braaos
2086 5531 2111 5596 ,ε
2150 5529 2275 5586 post
2303 5514 2463 5596 quam
2499 5514 2797 5587 Epistolam
2828 5518 2888 5596 in_
2919 5520 3106 5596 eodem
3130 5514 3317 5596 codice
3348 5529 3451 5595 an-

1890 5581 2196 5667 tiquissimo
2225 5596 2278 5643 et
2305 5581 2523 5667 optima:
2546 5581 2692 5642 notae
2739 5585 3150 5667 sequitunliber
3181 5581 3449 5667 Ριηιοζίε,

1886 5658 1978 5724 qui
2005 5658 2166 5737 nobis
2198 5655 2420 5712 mutilus
2460 5668 2731 5737 superest,
2768 5656 2962 5739 injuria
2990 5663 3321 5739 temporum.
3354 5655 3452 5712 Le.

1886 5723 1973 5795 gat
2004 5726 2164 5789 igitur
2195 5744 2313 5781 cum
2350 5743 2475 5795 pace
2515 5723 2713 5793 quique
2748 5723 3027 5781 studiosus
3058 5725 3232 5781 sancti
3279 5723 3451 5781 Eun-

1892 5794 1959 5849 bii
1998 5796 2560 5867 Hieronymt'lhrinmn
2593 5794 2993 5864 Bibliothecum,
3019 5812 3139 5867 quo:
3172 5804 3228 5853 ul
3274 5801 3452 5856 omni-
