3946 6170
186 375 282 440 917

1449 377 1702 439 VARLE
1741 376 2180 442 LECTIONES.

3341 381 3446 444 918

185 493 546 551 Artaxerxen,
581 488 716 540 ﬁunt
751 503 834 541 ιιι.
863 486 926 540 Et
952 487 1019 542 ab
1045 488 1348 543 Artaxerxe
1371 505 1540 556 usque
1560 491 1757 551 Arsen,
1791 496 1836 551 Α
1865 493 1991 545 anni
2024 508 2117 546 νιι.
2151 494 2188 545 A
2225 492 2383 548 Decio
2414 508 2585 560 usque
2617 494 2683 547 ad
2723 492 2938 548 Gallum
2975 503 3030 548 et
3068 493 3446 556 Volusianum,

186 562 311 615 anni
354 575 501 612 xxvi.
559 560 640 612 Ab
692 561 825 612 Arae
868 572 995 612 vero
1050 575 1221 627 usque
1265 561 1328 613 ad
1364 561 1581 623 Darium
1624 560 1762 614 tiuut

186 630 312 684 anni
345 646 422 683 tv.
458 629 495 681 A
526 629 684 699 Dario
709 639 887 699 autem
921 644 1094 699 usque
1123 629 1189 682 ad
1223 631 1606 691 Alexandrum.
1633 639 1762 684 sunt

185 702 310 753 anni
334 715 406 753 Vl.
428 699 509 752 Ab
536 697 848 768 Alexandro
877 697 1021 752 enim
1056 717 1228 768 usque
1260 703 1324 753 ad
1350 701 1760 760 [‘tholemmum,

182 782 310 824 sunt
342 772 465 822 anni
505 785 558 822 v.
614 769 679 822 Et
719 772 783 821 de
822 767 1156 824 Ptholema‘o
1195 787 1368 840 usque
1398 773 1462 826 ad
1496 770 1765 823 Philadel-

186 840 376 907 phum,
415 841 552 893 ﬁunt
583 841 710 892 anni
738 855 827 892 ιιι..
853 840 895 890 Α
920 841 1277 909 Philadelpho
1309 857 1477 909 usque
1502 842 1566 894 ad
1597 842 1763 894 Ever-

183 921 389 982 gctem,
424 910 551 962 anni
583 925 811 982 xxxviii.
850 910 932 963 Ab
973 910 1238 978 Evergcte
1275 923 1456 965 autem
1487 926 1656 982 usque
1692 911 1759 965 ad

183 978 655 1046 Philaphatorem,
710 981 844 1032 llnnt
900 983 1023 1035 anni
1079 998 1226 1036 xxvi.
1285 984 1330 1036 A
1382 978 1764 1049 Philapliatore

183 1054 332 1102 enim
382 1066 552 1119 usque
583 1049 649 1103 ad
685 1051 1042 1117 lipiphanem,
1076 1055 1200 1105 sunt
1229 1054 1352 1105 anni
1387 1068 1521 1106 xvu.
1579 1051 1646 1104 Et
1695 1050 1761 1105 de

187 1121 472 1187 Epiplzane
509 1135 680 1185 usque
732 1122 797 1174 ad
851 1119 1295 1186 Philometorem,
1343 1125 1472 1174 anni
1511 1137 1658 1174 xxiv.
1715 1121 1761 1173 Α

186 1190 587 1260 Ριιιιιιιιιιθιοιε
610 1191 828 1257 quidem
897 1207 1070 1258 usque
1133 1191 1260 1245 item
1302 1195 1366 1243 ad
1417 1190 1758 1260 Evergctem,

185 1263 315 1312 anni
351 1276 514 1314 xxxv.
550 1258 614 1311 Et
647 1263 716 1313 ab
741 1261 1002 1328 Evergete
1033 1279 1204 1327 usque
1233 1263 1300 1317 ad
1336 1258 1602 1324 Soterem,
1637 1269 1765 1314 sunt

186 1332 319 1384 anni
352 1346 506 1385 χιιι.
557 1333 600 1382 A
653 1331 847 1401 Soterc
879 1347 1050 1401 usque
1079 1337 1145 1386 ad
1191 1333 1578 1401 Alexandrum,
1636 1331 1764 1384 anui

186 1415 326 1454 xvu.
386 1403 466 1453 Ab
512 1400 825 1455 Alexandro
855 1400 983 1454 vero
1027 1418 1197 1471 usque
1229 1405 1295 1457 ad
1347 1400 1763 1465 Ptholentaeum,

185 1471 320 1523 tium
350 1472 478 1524 anni
511 1487 562 1523 x.
615 1471 658 1523 A
706 1471 1033 1527 Pthulemzeo
1082 1487 1252 1540 usque
1299 1473 1366 1526 ad
1421 1472 1766 1540 Dionysium,

183 1541 315 1594 anni
350 1556 469 1594 vm.
505 1543 550 1594 A
601 1541 855 1612 Dimiysio
902 1557 1031 1612 vero
1079 1559 1249 1612 usque
1284 1545 1348 1596 ad
1391 1541 1764 1612 C|e0patratn,

185 1621 313 1682 suist
369 1617 498 1665 anni
548 1627 678 1667 xxx.
725 1611 790 1667 Et
822 1628 852 1665 a
901 1611 1184 1682 Cleomtra
1245 1612 1518 1682 usquead
1557 1611 1762 1666 Iulium

185 1681 482 1745 Ctmrem,
511 1685 638 1736 atmi
676 1685 806 1737 duo.
850 1683 893 1737 A
927 1681 1071 1736 Julio
1103 1701 1277 1750 usque
1307 1681 1375 1738 ad
1404 1681 1764 1737 Octavianum

184 1751 518 1820 Augustum,
551 1761 675 1805 sunt
709 1755 835 1807 anni
881 1768 936 1805 v.
983 1753 1049 1807 Et
1094 1757 1160 1807 ab
1194 1755 1493 1809 Octaviano
1522 1755 1763 1820 Augusto

1867 577 2044 614 annus
2078 579 2239 618 unus.
2291 565 2335 616 Α
2383 563 2536 618 Gallo
2576 567 2641 616 ad
2676 564 3020 618 Valerianum
3061 565 3186 617 anni
3236 564 3367 617 duo.
3405 567 3448 619 A

1871 630 2158 702 Valeriano
2184 649 2360 702 usque
2406 635 2469 686 ad
2499 636 2814 696 Claudium,
2850 635 2977 687 anni
3021 650 3108 686 xv.
3152 635 3194 688 A
3220 634 3452 688 Claudio

1867 701 2013 756 enim
2050 719 2221 770 usque
2266 701 2330 755 ad
2388 705 2766 761 Aureli-munt.
2813 705 2938 757 anni
2991 705 3120 757 duo.
3173 704 3254 757 Ab
3281 704 3453 757 Aure-

1869 772 2016 824 liano
2054 789 2225 841 usque
2256 775 2320 824 ad
2353 773 2622 836 Tacitum,
2652 776 2776 828 anni
2814 792 2862 828 ν.
2899 777 2938 826 A
2965 773 3156 828 Tacito
3185 789 3356 841 usque
3386 775 3452 826 ad

1867 841 2132 902 Probum,
2163 846 2288 897 anni
2318 845 2451 897 duo.
2502 847 2544 899 Α
2575 846 2749 897 Probo
2783 847 2848 897 ad
2875 844 3099 906 Carum,
3139 847 3264 896 anni
3302 860 3354 896 ν.
3387 843 3453 896 Et

1869 929 1896 964 δ
1936 913 2075 966 Caro
2127 930 2304 980 usque
2353 915 2417 967 ad
2455 915 2865 974 Diocletianum,
2903 915 3026 966 anni
3069 917 3198 968 duo.
3250 915 3294 967 A
3328 914 3456 966 Dio-

1867 982 2104 1052 cletiano
2130 999 2256 1037 vero
2279 999 2448 1052 usque
2473 986 2537 1039 ad
2561 986 3003 1044 Constantinum,
3028 990 3153 1038 anni
3191 985 3326 1037 ﬁunt
3359 1000 3451 1038 xx.

1868 1052 1943 1124 De
1974 1051 2360 1124 Constantino
2401 1071 2568 1124 usque
2593 1054 3112 1124 adCoustautium,
3148 1056 3276 1106 anni
3319 1069 3448 1107 xxx.

1865 1122 1910 1192 Α
1959 1121 2282 1178 Constantio
2316 1121 2496 1192 usque
2537 1126 2602 1178 ad
2635 1122 2908 1178 lulianum
2955 1126 3084 1178 anni
3127 1141 3276 1192 xxiv.
3316 1123 3381 1176 Et
3420 1140 3450 1176 δ

1865 1191 2081 1246 Juliano
2117 1209 2288 1261 usque
2320 1191 2413 1247 ad,
2439 1192 2754 1258 Jevianum,
2787 1196 2916 1250 anni
2950 1193 3078 1248 duo.
3121 1198 3163 1247 A
3223 1191 3450 1247 Joviano

1867 1278 1926 1315 cr
1965 1278 1998 1315 o
2031 1279 2204 1331 usque
2259 1266 2324 1317 ad
2382 1266 2821 1321 Valentinianum
2857 1265 2913 1319 ﬁt
2944 1279 3119 1317 annus
3158 1278 3320 1317 unus.
3375 1265 3452 1317 De

1870 1280 2252 1386 Vagentiuiauo
2287 1350 2456 1386 usaue
2508 1337 2573 1386 ad
2629 1334 2932 1386 Valentem.
2989 1334 3115 1386 anni
3157 1350 3234 1386 XI.
3291 1331 3452 1386 Etde

1870 1330 2252 1388 Valentiniano
2287 1350 2456 1402 usque
2508 1337 2573 1388 ad
2629 1334 2932 1398 Valentem,
2989 1334 3115 1387 anni
3157 1350 3234 1388 ιιι.
3291 1331 3356 1386 Et
3385 1335 3454 1387 de

1868 1402 2098 1458 Va'ente
2132 1420 2305 1474 usque
2337 1405 2404 1458 ad
2439 1404 2827 1468 Theodosium,
2864 1403 2989 1458 anni
3019 1419 3090 1457 tv.
3123 1404 3166 1456 A
3191 1403 3450 1458 Theodo-

1868 1475 1948 1527 sio
2007 1490 2137 1528 vero
2192 1489 2362 1541 usque
2396 1478 2462 1529 ad
2511 1474 2870 1537 Archadium,
2911 1474 3038 1543 anni
3066 1475 3313 1543 xvnaAb
3348 1474 3451 1528 Ar-

1870 1544 2066 1598 cbadio
2097 1559 2267 1610 usque
2299 1547 2363 1597 ad
2397 1545 2718 1610 Honorium,
2750 1546 2878 1598 anni
2913 1542 3030 1596 χιιι.
3086 1544 3167 1598 Ab
3205 1542 3452 1595 Honorio

1871 1630 2044 1682 usque
2075 1616 2140 1667 ad
2180 1615 2572 1680 Theodosium,
2608 1615 2742 1668 anni
2780 1629 2869 1668 xv.
2928 1615 2973 1668 A
3014 1613 3328 1667 Theodosio
3359 1627 3453 1667 us-

1871 1700 1975 1751 que
2007 1685 2073 1738 ad
2114 1683 2438 1738 Martiannm
2468 1687 2594 1739 anni
2623 1700 2775 1739 xxvi.
2813 1683 2879 1737 Et
2913 1698 2943 1738 δ
2979 1683 3246 1737 Martiano
3280 1695 3451 1751 usque

1869 1759 1936 1806 ad
1969 1755 2232 1817 Leonem,
2259 1757 2384 1808 anni
2410 1773 2482 1810 Vl.
2538 1756 2581 1808 A
2614 1755 2796 1809 Leone
2825 1767 2954 1808 vero
3000 1767 3174 1822 usque
3216 1753 3284 1806 ad
3316 1753 3443 1806 item

187 1838 361 1888 usque
415 1828 482 1875 ad
536 1823 835 1887 Christum,
875 1824 1012 1878 liunt
1069 1829 1193 1877 anui
1248 1839 1381 1877 xui.
1440 1822 1536 1875 ιΙιε
1576 1825 1763 1893 linitur
1798 1839 1838 1893 Β
1871 1824 2132 1888 Leonem,
2165 1827 2290 1879 anui
2322 1841 2487 1881 χιιι-ιι.
2548 1827 2677 1879 Item
2722 1841 2750 1878 a
2803 1822 2987 1879 Leone
3023 1838 3194 1891 usque
3229 1826 3294 1874 ad
3348 1822 3448 1876 Ze-

184 1894 380 1965 guinta
417 1904 550 1965 aetas
585 1909 758 1947 annos
810 1896 1018 1948 habens
1073 1911 1248 1950 DLxxx
1284 1895 1439 1965 [Lege
1481 1889 1763 1962 omnis].

185 1961 248 2016 Et
275 1963 420 2016 liuut
451 1964 616 2018 simul
644 1967 769 2018 διιηί
803 1969 1046 2034 quinque
1076 1961 1294 2020 aetatum
1330 1961 1714 2019 auubccccut.

726 2125 931 2182 ΕΤΔὸ
985 2125 1236 2182 SEXTA.

251 2241 631 2313 Ainativitate
683 2241 899 2299 Domini
952 2243 1122 2297 nostri
1179 2242 1309 2299 Jesu
1347 2243 1552 2299 Christi
1599 2259 1771 2313 usque

185 2317 253 2367 ad
290 2312 597 2375 Tiberium.
646 2323 1004 2368 numerantur
1037 2315 1165 2368 anni
1218 2329 1344 2368 xxiv
1377 2317 1415 2369 ί.
1467 2315 1511 2368 A
1545 2312 1770 2369 Tiberio

184 2398 322 2438 vero
373 2398 547 2451 usque
584 2385 652 2437 ad
691 2388 997 2452 passionem
1039 2385 1267 2449 Christi,
1330 2392 1460 2439 sunt
1519 2388 1646 2439 anui
1699 2401 1770 2440 xv

183 2449 544 2527 [Legexvitn
595 2468 660 2507 ea;
695 2449 890 2527 Beda].
925 2449 1044 2527 Εἰδ
1078 2454 1281 2509 Christi
1315 2458 1570 2527 passione
1599 2472 1770 2526 usque

183 2523 249 2578 ad
281 2523 505 2588 Gaium,
529 2533 656 2579 sunt
686 2527 810 2596 anni
838 2523 889 2579 v.
921 2525 964 2578 A
995 2525 1130 2580 Gaio
1163 2523 1334 2596 usque
1363 2527 1428 2579 ad
1459 2523 1766 2592 Claudium,

180 2609 318 2648 anni
352 2609 432 2647 tv.
473 2596 535 2648 Et
596 2610 626 2648 a
679 2595 908 2651 Claudio
954 2610 1124 2664 usque
1171 2595 1260 2650 ad’
1289 2595 1586 2663 Neronem,
1632 2599 1769 2652 tiunt

1874 1910 2068 1950 nonem
2108 1898 2165 1949 Iit
2213 1911 2386 1951 annos
2441 1911 2604 1951 unus.
2655 1895 2724 1949 Et
2779 1895 2848 1949 de
2893 1893 3113 1949 Zenone
3163 1907 3334 1960 usque
3381 1893 3449 1946 ad

1873 1967 2246 2028 Auastasium,
2304 1968 2439 2022 tium
2495 1968 2622 2020 anni
2691 1981 2800 2019 ιιι.
2856 1967 2935 2021 Ab
2984 1966 3274 2017 Anastasio
3322 1979 3452 2018 vero

1875 2051 2042 2105 usque
2081 2041 2146 2090 ad
2178 2035 2473 2100 .lnstinum,
2515 2047 2640 2091 sunt
2690 2035 2818 2090 anni
2874 2051 3004 2090 xvu.
3069 2033 3197 2105 Et_a
3229 2032 3451 2086 Justino

1874 2102 2046 2175 usriue
2076 2112 2141 2159 ad
2177 2107 2566 2171 Justinianum,
2598 2108 2725 2160 anni
2776 2121 2849 2158 ιι.
2907 2105 3039 2159 Item
3086 2119 3114 2156 a
3142 2102 3452 2175 Justiniano

1874 2172 2048 2244 usque
2076 2179 2140 2230 ad
2171 2177 2443 2231 Justinum
2471 2188 2598 2231 sunt
2630 2175 2756 2230 anni
2789 2191 2972 2229 xxxix.
3011 2175 3140 2228 Item
3171 2187 3200 2225 δ
3233 2172 3452 2227 Justino

1875 2250 2136 2314 usquead
2169 2246 2471 2310 Tiberium,
2528 2249 2654 2301 anni
2685 2260 2806 2300 χιιι.
2861 2247 2905 2298 A
2931 2244 3158 2298 Tiberio
3184 2258 3357 2310 usque
3385 2245 3451 2314 ad

1875 2312 2219 2380 Mauricium,
2259 2322 2397 2370 liunt
2433 2319 2574 2378 ,‘Hltti
2634 2334 2705 2370 tv.
2767 2319 2805 2368 A
2863 2315 3121 2368 Mauricio
3164 2328 3337 2382 usque
3384 2312 3452 2367 ad

1875 2386 2071 2440 Focam
2111 2402 2233 2440 sunt
2258 2391 2384 2440 anni
2418 2404 2510 2440 xx.
2560 2391 2603 2439 A
2638 2388 2776 2440 γοοδ
2808 2401 2977 2453 usque
3009 2384 3075 2438 ad
3109 2382 3450 2445 Heraclium,

1874 2459 2000 2512 anni
2037 2473 2150 2512 viti.
2185 2458 2265 2511 Ab
2298 2459 2547 2513 Heraclio
2580 2473 2747 2526 usliue
2779 2459 2844 2511 ad
2881 2460 2925 2512 ⁸.

181 2668 316 2718 anni
351 2680 467 2719 xw.
504 2666 547 2717 A
589 2664 802 2720 Nerone
855 2681 981 2720 vero
1016 2640 1186 2736 daque
1249 2669 1315 2720 ad
1352 2640 1766 2736 Vespasianum,

177 2747 312 2806 sunt
346 2738 472 2788 anni
503 2751 615 2806 xlv.
662 2736 732 2790 Et
779 2737 846 2790 de
883 2736 1214 2806 Vespasiano
1259 2752 1431 2806 usque
1463 2738 1530 2790 ad
1559 2736 1768 2804 Titum,

178 2805 316 2875 anni
349 2818 427 2859 ιιι.
457 2807 500 2858 A
532 2805 655 2861 Tito
706 2821 880 2875 usque
927 2805 1005 2861 adi
1056 2805 1444 2872 Domitianum,
1477 2809 1608 2862 anni
1638 2809 1768 2863 duo.

178 2874 248 2928 Et
293 2892 326 2927 δ
391 2875 698 2932 Domitiano
749 2874 923 2944 usque
967 2879 1034 2932 ad
1081 2876 1342 2940 Nervam,
1379 2881 1506 2931 anni
1560 2893 1671 2932 xu.
1719 2883 1763 2932 A

181 2947 368 3000 Nerva
406 2962 578 3013 usque
617 2950 683 3001 ad
707 2947 1028 3015 Trajanum,
1065 2949 1123 3001 tit
1153 2963 1329 3001 annus
1362 2962 1520 3003 unus.
1555 2950 1600 3003 A
1634 2948 1769 3000 'l‘ra-

175 3017 312 3090 jano
363 3017 592 3090 quidem
635 3034 807 3090 usque
861 3021 930 3072 ad
987 3018 1305 3080 Adrtanum,
1344 3020 1592 3090 auniixtv
1636 3016 1770 3090 [Pro

182 3084 356 3158 m1.
394 3088 480 3142 Ab
517 3084 757 3142 Adriano
795 3102 968 3158 usmte
999 3093 1065 3142 ad
1093 3091 1446 3151 Antoninum,
1475 3089 1610 3143 ﬁunt
1637 3084 1766 3142 anui

182 3171 301 3210 ut.
334 3157 403 3211 Et
435 3164 502 3211 ab
527 3159 796 3213 Antonino
824 3157 993 3228 ttstpte
1015 3159 1082 3213 ad
1115 3163 1241 3211 item
1267 3160 1620 3223 Antoninum,
1641 3160 1766 3212 δηιιὶ

185 3243 348 3281 ιιιιι.
404 3231 488 3282 Ab
523 3232 800 3282 Antonino
825 3243 1004 3284 autem
1041 3245 1212 3298 usque
1263 3232 1329 3283 ad
1386 3228 1766 3293 Commodum,

182 3303 328 3351 bunt
361 3299 494 3352 anni
519 3313 634 3354 xu.
657 3302 703 3352 A
725 3299 1024 3353 Commodo
1046 3315 1190 3354 enim
1212 3315 1380 3367 usque
1407 3304 1472 3353 ad
1517 3299 1764 3352 Helvium

177 3367 560 3435 Pertinacem,
588 3374 716 3423 anni
750 3385 868 3423 χιιι.
903 3371 968 3424 Et
1000 3371 1066 3424 de
1097 3371 1285 3423 Helvio
1311 3385 1484 3438 usque
1509 3373 1574 3424 ad
1606 3371 1768 3423 Seve-

179 3453 335 3502 rum,
368 3441 428 3492 (‘tt
456 3455 631 3495 anuus
661 3457 819 3493 unus.
852 3444 890 3493 A
919 3441 1119 3495 δύναιο
1139 3455 1309 3508 usque
1336 3449 1400 3494 ad
1433 3441 1768 3493 Antoninum

175 3511 554 3573 Caraeatlam,
585 3522 714 3565 sunt
746 3513 872 3564 anni
905 3527 1059 3564 xvut.
1085 3511 1166 3564 Ab
1195 3512 1462 3564 Antooino
1487 3511 1769 3566 Caracalla

181 3595 368 3647 usque
406 3582 478 3633 ad
506 3581 833 3646 Macrinmu,
863 3585 991 3635 anni
1028 3597 1121 3635 vn.
1169 3583 1212 3634 A
1244 3581 1486 3636 Μαι-τωο
1515 3596 1638 3634 vero
1675 3596 1763 3633 us-

180 3667 296 3718 que
343 3653 414 3704 ad
472 3653 748 3705 Aureliqu
782 3654 840 3706 ιιι
893 3669 1071 3710 annus
1121 3669 1283 3704 unus.
1319 3651 1387 3704 Et
1424 3657 1490 3705 de
1540 3651 1765 3704 Aurelio

180 3736 364 3789 usque
392 3723 464 3774 ad
494 3721 883 3784 Alexandrum,
907 3726 1030 3775 anni
1056 3738 1130 3776 tv.
1159 3727 1238 3776 Ab
1261 3721 1570 3776 Alexandro
1595 3736 1763 3789 usque

181 3797 252 3842 ad
288 3791 673 3855 Maximinum,
707 3796 842 3846 tiuut
876 3796 999 3846 anui
1035 3809 1154 3847 xm.
1216 3794 1260 3846 A
1298 3792 1591 3845 Maximino
1632 3808 1767 3859 quo-

177 3877 295 3928 que
331 3878 508 3930 usque
549 3867 613 3917 ad
655 3863 1014 3926 Genti-auum,
1047 3867 1172 3917 anui
1202 3879 1284 3917 ιιι.
1318 3866 1363 3916 Δ
1393 3864 1666 3917 Gordiano
1698 3861 1766 3914 ad

181 3931 506 4003 Philippum
531 3948 657 3988 anui
684 3951 757 3989 Vt.
794 3935 858 3989 Et
887 3951 914 3988 δ
950 3936 1201 4005 i’bilippo
1227 3951 1395 4004 usque
1419 3939 1486 3987 ad
1520 3935 1766 3997 Decium,

261 4131 281 4162 ‘
323 4130 640 4210 Legendum
676 4148 787 4210 xiv,
839 4143 995 4210 ut_ex
1045 4137 1184 4190 Beda
1246 4137 1499 4210 colligere
1551 4144 1656 4210 est,
1711 4147 1780 4187 ex

176 4219 304 4272 quo
325 4204 448 4275 lete
479 4213 590 4258 tota
620 4204 832 4275 sumpta
873 4207 1084 4261 videtur
1118 4211 1231 4263 haec
1253 4204 1636 4275 Chi-ottologia.

256 4276 280 4304 ⁸
317 4273 453 4328 haec
483 4273 759 4335 vetuState‘
779 4279 958 4333 deleta
985 4280 1085 4349 legi
1113 4282 1339 4334 minitne
1366 4273 1676 4348 potuerunt.

1872 2813 2011 2867 fiunt
2054 2814 2179 2867 anni
2207 2827 2373 2866 xxvtt.
2413 2813 2453 2866 A
2483 2809 2842 2866 Constantino
2871 2822 3042 2876 usque
3071 2805 3138 2860 ad
3169 2804 3448 2876 Iustinia—

1873 2899 2028 2946 num,
2069 2883 2195 2936 anni
2233 2897 2368 2936 xvu.
2418 2883 2462 2936 A
2499 2879 2814 2934 Iustiniano
2853 2875 3025 2946 usque
3057 2877 3124 2931 ad
3162 2875 3454 2946 Pippinum

1873 2958 2141 3008 seniorem
2179 2953 2312 3006 liunt
2344 2953 2470 3004 anni
2520 2952 2652 3005 duo.
2698 2950 2742 3002 A
2775 2947 3003 3018 Pippino
3029 2950 3453 3018 seniorepsqne

1872 3024 1940 3077 ad
1969 3023 2249 3085 Carolum,
2284 3025 2408 3076 anni
2442 3037 2608 3075 xxvu.
2643 3022 2683 3074 A
2717 3014 2914 3094 Carolo
2954 3018 3226 3094 usquead
3258 3014 3449 3094 Pippi-

1876 3111 2001 3145 num
2053 3101 2109 3146 et
2153 3095 2557 3155 Carlomanunt,
2605 3092 2733 3144 anni
2773 3105 2941 3143 xxvii.
2991 3087 3368 3156 EtaPippino
3400 3095 3454 3138 et

1873 3163 2204 3217 Carlomano
2230 3180 2398 3230 usque
2427 3164 2552 3217 dum
2583 3161 2841 3230 Pippinns
2867 3175 2956 3212 rex
2985 3160 3317 3230 constitutus
3343 3164 3450 3216 est,

1876 3236 2010 3285 tiunt
2048 3234 2179 3287 anni
2207 3250 2260 3286 ιι.
2313 3227 2363 3287 A
2395 3233 2620 3300 Pippino
2669 3227 2794 3283 vero
2843 3244 3016 3300 usque
3044 3231 3110 3281 ad
3148 3227 3367 3300 Carlum
3400 3230 3459 3277 et

1873 3303 2284 3369 Curlomauum,
2333 3297 2468 3357 anui
2497 3297 2636 3356 xvu.
2687 3300 2751 3352 Et
2789 3315 2818 3352 a
2863 3299 3023 3352 Carlo
3051 3307 3104 3350 et
3129 3297 3458 3369 Carlomano

1876 3374 2046 3440 usque
2079 3377 2142 3425 ad
2179 3366 2424 3434 Curlunt,
2480 3374 2615 3426 ﬁunt
2662 3373 2788 3423 anui
2838 3385 2912 3424 tv.
2966 3370 3030 3440 Et
3063 3368 3186 3420 inde
3217 3366 3459 3419 Dontnus

1874 3439 2108 3516 Ka_roltis
2141 3445 2290 3497 solus
2330 3459 2556 3514 rcgnum
2590 3443 2852 3508 suscepit,
2888 3452 2942 3493 et
2982 3439 3096 3516 Deo
3115 3442 3456 3516 protegente!

1876 3514 2141 3582 gubernat
2183 3530 2370 3588 usque
2397 3509 2799 3588 iuprmseutetn
2844 3509 3451 3588 annumlehcitermqui

1876 3577 1959 3636 cst
2009 3599 2184 3636 annus
2226 3577 2374 3654 regni
2415 3577 2532 3652 eius
2564 3596 2692 3642 tht.
2727 3581 2956 3654 imperii
2985 3586 3166 3654 autem
3204 3591 3276 3654 lx.
3318 3577 3459 3626 Sunt

1879 3663 2060 3706 autem
2094 3655 2256 3707 totius
2288 3649 2513 3707 summa:
2552 3654 2619 3703 ab
2657 3651 2871 3717 origine
2904 3649 3088 3720 tnuudi
3123 3649 3246 3720 armi
3270 3659 3460 3720 usque

1876 3724 1928 3776 in
1962 3734 2284 3791 praesentem
2331 3739 2530 3776 unuum
2574 3715 2923 3791 Musaeum
2958 3719 3003 3770 ³.
3047 3719 3087 3788 A
3119 3715 3459 3791 ΔΗιιιιιοιιιιει)

1881 3785 2212 3861 imperatore
2259 3808 2430 3862 usque
2477 3795 2544 3846 ad
2601 3790 2963 3862 Hlotharing
3005 3785 3148 3862 anni
3203 3799 3372 3862 xxvii.
3416 3785 3457 3832 Α

1879 3855 2164 3915 Hlothario
2201 3855 2528 3931 inruperatore
2575 3875 2748 3930 usque
2793 3859 2862 3912 ad
2907 3855 3248 3910 Hlmbarium
3289 3855 3460 3906 tilium

1880 3934 2017 4005 ejus,
2053 3937 2177 3987 anni
2204 3949 2357 3988 xvut.
2440 3962 2447 3968 -

1958 4138 1977 4170 ⁸
2005 4135 2056 4191 ls
2089 4147 2176 4191 est
2199 4150 2374 4189 anuus
2397 4133 2602 4189 Christi
2635 4131 2759 4186 809.
2783 4129 2988 4186 Caetera
3013 4143 3134 4198 qua:
3158 4131 3462 4194 sequuntur

1888 4208 2099 4277 adjecta
2133 4209 2407 4262 videntur.

1055 4479 3461 4504 W—

1502 4670 2206 4768 ADMONITIO

568 4878 651 4944 IN
696 4880 1320 4956 SUBSEQUENTEM
1377 4875 2004 4942 COLLECTIONEM
2051 4873 2565 4937 VARIANTIUM
2617 4871 3117 4936 LECTIONUM.

253 5258 570 5315 Variantes
600 5259 998 5328 subsequentes
1025 5259 1316 5314 Lectiones
1339 5257 1557 5328 coilegit
1587 5259 1640 5314 in
1673 5272 1845 5312 unum
1868 5270 2070 5327 corpus
2093 5254 2435 5312 clarissimus
2464 5255 2573 5320 vir,
2608 5269 2859 5310 summus
2888 5253 2943 5309 in
2983 5266 3041 5308 re
3072 5247 3470 5319 arcbeologica,

161 5356 563 5413 Bllnchinus.
617 5352 904 5408 Desiderio
938 5353 1094 5406 valde
1140 5355 1406 5408 habentes
1441 5353 1492 5406 in
1541 5353 1644 5408 hac
1683 5368 1821 5408 nova
1865 5355 2182 5408 recensione
2233 5349 2574 5404 Bibliotheca?
2606 5348 2815 5404 Divina:
2849 5364 2983 5420 opus
3013 5361 3179 5418 quam
3231 5344 3472 5398 maxime

159 5449 552 5520 locupletari,
583 5464 690 5504 non
725 5448 1094 5522 dubitavimus
1129 5447 1180 5502 in
1217 5447 1571 5516 appendicem
1608 5449 1711 5501 huc
1751 5446 1948 5503 afferre
1981 5446 2365 5500 documentum
2391 5443 2547 5512 cujus
2573 5444 2953 5511 opportunitas
2984 5449 3135 5508 patet
3163 5453 3228 5492 ex
3266 5435 3466 5494 titulo:

163 5552 402 5606 Divina
460 5548 838 5614 Bibliotheca,.
874 5563 968 5600 seu
1014 5525 1302 5603 Variantes
1335 5545 1618 5599 Lectiones
1667 5542 1862 5598 Veteris
1902 5541 2217 5597 Testamenzi
2251 5541 2412 5610 juxta
2450 5539 2766 5594 llebraicam
2800 5539 3074 5592 ueritatem
3107 5533 3380 5594 translati.
3418 5546 3470 5588 et

165 5647 336 5703 Novi
378 5643 577 5698 Graue
607 5643 730 5710 ﬁdei
759 5643 953 5713 redditi
987 5659 1019 5695 a
1050 5642 1111 5697 S.
1147 5641 1371 5694 Eusebio
1411 5639 1730 5709 Hieronymo
1774 5636 2106 5692 Stridonemi
2135 5635 2462 5703 presbytero,
2514 5649 2652 5686 nunc
2681 5630 2913 5698 primum
2945 5627 3002 5678 in
3040 5627 3205 5680 lucem
3239 5624 3472 5692 emisere,

162 5761 238 5799 α
269 5739 670 5808 antiquissimo
703 5737 876 5790 radice
906 5737 1262 5802 manuscriplo
1293 5732 1562 5787 Tolelame
1599 5732 1871 5794 Ecclesia,
1916 5729 2147 5785 Gothicis
2187 5727 2379 5779 litteris
2414 5726 2633 5791 scripto,
2667 5731 2713 5774 et
2745 5721 2817 5772 ad
2849 5718 3132 5773 editionem
3171 5715 3471 5771 Bibliormn

165 5849 488 5895 sacrorum
522 5831 580 5887 Ρ.
608 5831 829 5886 Ioannis
865 5830 1112 5887 Ilentenii
1141 5827 1552 5894 .llechliuicmis,
1585 5843 1728 5886 anno
1758 5824 1968 5882 Domini
2000 5823 2152 5888 I569,
2195 5818 2434 5889 Lugduni
2491 5829 2807 5870 excusat-um
2847 5811 2984 5884 apud
3019 5810 3342 5868 Gulielmum
3381 5811 3458 5865 Ro
