3992 6182
365 264 473 326 979

1767 266 2169 330 APPENDIX.

3505 274 3599 337 980

362 392 495 438 rent.
529 410 617 453 -—d
643 380 733 453 20.
768 380 869 442 eis,
903 379 1079 453 (Deest
1118 381 1171 434 in
1206 383 1324 435 cod.
1353 382 1369 443 ἱ
1401 407 1470 418 --
1493 378 1581 453 25.
1636 381 1925 437 consilium
1958 388 2003 444 Α
2042 409 2098 417 -—
2132 383 2215 436 16.
2246 383 2595 437 Jesbi-bcnob
2624 425 2637 445 ,
2669 384 3005 443 Jesbidenob.
3037 415 3090 427 --
3116 386 3203 439 18.
3228 385 3372 451 Sapb
3407 426 3422 449 ,
3450 384 3595 453 Seph.

361 468 540 506 suum.
566 451 827 517 (Additur
865 452 1159 521 sunm.)-—
1186 452 1327 507 Ibid.
1371 452 1730 520 surrexitque.
1801 453 1931 521 (De-

362 531 479 575 sunt
502 523 550 573 in
577 522 717 587 cod.)
740 550 809 559 ——
834 522 962 574 ibid.
1000 523 1162 576 domo
1192 538 1311 587 sua,
1348 524 1402 575 in
1419 521 1571 573 domo
1587 538 1706 575 sua.
1736 552 1804 563 —
1838 523 1930 576 24.

361 592 518 646 Israel
553 606 672 641 cum
708 607 793 651 co.
831 591 1000 645 Israel
1029 593 1116 657 qui
1144 602 1292 644 erant
1335 608 1453 644 cum
1485 600 1564 644 eat.
1591 620 1662 632 —
1686 592 1773 645 25.
1810 592 1930 657 fuit,

361 670 494 714 erat.
536 691 600 701 —
622 660 713 712 27.
745 663 951 720 Castra,
996 662 1145 725 Sobi,
1177 662 1395 725 Castra,
1421 662 1663 726 Madtan,
1692 662 1837 717 Sobi.
1864 692 1934 701 —

361 732 443 786 28.
479 734 843 800 polentain,et
881 733 1081 794 fabam,
1108 722 1163 785 et
1203 722 1425 793 lentem,
1455 744 1508 784 et
1555 722 1775 798 frixum,
1814 732 1933 800 pul-

360 812 611 864 mentum,
638 812 681 852 et
703 799 880 867 fabam
911 812 954 853 et
979 801 1168 853 lentem
1214 801 1412 867 frixum
1443 803 1578 856 oleo.

930 933 1155 989 CAPUT
1185 936 1366 991 XVIII.

436 1033 584 1086 Vers.
623 1031 673 1082 1.
700 1043 811 1092 eos,
833 1044 974 1083 eum.
1002 1058 1072 1067 ——
1101 1029 1154 1082 2.
1176 1030 1391 1083 tertiam
1418 1038 1625 1097 partem
1653 1031 1756 1085 sub
1775 1044 1935 1084 manu

358 1105 514 1165 Joab,
554 1101 761 1153 tertiam
790 1101 885 1151 sub
922 1117 1082 1151 manu
1109 1099 1267 1152 Joab.
1294 1130 1364 1139 —
1387 1099 1528 1154 Ibid.
1567 1101 1781 1153 tertiam
1816 1116 1937 1169 par-

358 1184 464 1227 tem
507 1172 606 1227 sub
645 1185 805 1221 manu
850 1170 1028 1227 Ethai,
1057 1171 1267 1222 tertiam
1285 1172 1378 1222 sub
1400 1187 1558 1223 manu
1583 1169 1766 1223 Ethai.
1787 1200 1857 1210 -——-
1878 1172 1932 1224 5.

358 1246 492 1306 sive,
521 1243 583 1293 si.
641 1267 710 1278 —-
743 1239 798 1292 5.
856 1240 1188 1307 principibus
1239 1255 1355 1307 pro,
1412 1248 1517 1292 etc.
1558 1279 1571 1301 ,
1605 1241 1931 1308 principibus

366 1312 540 1366 Israel
563 1327 676 1378 pro,
703 1317 804 1361 etc.
834 1336 902 1348 --
930 1311 983 1363 8.
1014 1308 1116 1378 fuit
1173 1319 1352 1362 autem
1396 1309 1465 1362 ibi
1503 1310 1769 1378 praelium,
1838 1313 1939 1378 fuit

357 1386 429 1435 ibi
457 1382 695 1446 prndium
747 1389 943 1433 autem.
972 1407 1042 1419 --
1076 1377 1128 1432 9.
1168 1380 1459 1443 insederat,
1504 1377 1802 1432 ’insedcbat.
1872 1409 1937 1421 -—

360 1454 448 1506 1".
481 1454 600 1504 tulit
631 1464 760 1515 ergo
786 1458 919 1511 tres,
966 1451 1084 1501 tulit
1117 1465 1240 1515 ergo
1272 1448 1406 1501 Ioab
1436 1460 1558 1501 tres.
1594 1478 1663 1488 —-
1688 1449 1777 1502 18.
1814 1465 1935 1512 suo,

360 1532 436 1584 ct,
463 1530 569 1575 etc.
600 1560 614 1583 ,
665 1536 782 1580 suo,
819 1520 1192 1571 monimentum
1238 1520 1462 1571 nominis
1510 1522 1635 1583 mei,
1662 1529 1732 1580 et,
1763 1527 1937 1572 etc.—

359 1592 449 1646 26.
482 1592 642 1645 alter.
675 1588 927 1657 (Additur
948 1592 1002 1640 in
1046 1587 1187 1659 cod.)
1218 1616 1279 1625 —-
1306 1587 1401 1642 28.
1446 1590 1931 1657 bomines,omnes.

936 1726 1163 1783 CAPUT
1192 1725 1335 1781 XIX.

444 1820 593 1874 Vers.
611 1819 663 1875 5.
694 1820 1136 1892 ingressus'ergo,
1155 1821 1413 1888 ingressus
1432 1829 1511 1874 est
1540 1838 1684 1892 ergo.
1705 1850 1773 1861 —
1797 1819 1940 1884 Ibid,

368 1892 528 1955 dixit,
554 1904 599 1944 et
655 1888 811 1943 dixit.
839 1919 909 1928 -—
936 1888 989 1942 6.
1017 1888 1070 1943 et
1104 1891 1171 1944 de
1227 1892 1400 1944 servis
1439 1891 1566 1945 tuis.
1599 1888 1843 1960 '(Desunt
1889 1894 1945 1945 in

364 1960 673 2024 cod.)-9.
730 1960 999 2021 cenabat,
1059 1961 1382 2016 certabatur.
1416 1962 1598 2014 —11.
1655 1962 1941 2027 Abiathar,

364 2034 437 2085 nrt
458 2032 734 2085 Abiathar.
798 2058 868 2068 ——
894 2028 1032 2083 Ibid.
1088 2030 1140 2099 in
1174 2031 1336 2099 domo
1376 2030 1513 2099 eius,
1538 2040 1593 2084 ut
1631 2032 1937 2083 reducerent
1982 2074 1983 2077 η

364 2119 483 2155 eum
514 2107 565 2155 in
587 2103 799 2154 domum
823 2101 956 2168 ejus.
998 2129 1049 2171 έ
1085 2097 1229 2171 Ibid.
1256 2097 1416 2153 Inda.
1442 2099 1591 2171 (Non
1613 2103 1866 2153 habentur
1890 2104 1945 2154 in

366 2173 506 2233 cod.)
534 2196 603 2208 -—-
642 2172 725 2223 15.
757 2186 815 2222 es
845 2172 866 2222 ?
892 2169 1162 2237 (Additur
1204 2169 1257 2222 in
1298 2169 1544 2236 cod.)--
1576 2170 1662 2224 15.
1697 2172 1939 2237 usquein

365 2242 610 2307 Galgala.
658 2240 835 2307 (Deest
888 2241 1101 2308 usque.)
1151 2267 1215 2277 —-
1247 2239 1335 2292 17.
1364 2241 1507 2293 servi
1538 2255 1663 2294 cum
1696 2254 1784 2294 eo.
1830 2256 1942 2292 ser-

364 2314 411 2364 vi
433 2322 583 2363 erant
610 2327 727 2363 cum
782 2325 860 2362 eo.
888 2339 959 2351 -—
992 2308 1079 2363 19.
1113 2324 1384 2377 egressus,
1412 2311 1699 2379 ingressus.
1753 2339 1824 2349 -—
1851 2309 1942 2363 20.

365 2393 418 2435 et
451 2383 677 2445 idcirco,
707 2380 793 2431 sed
830 2380 1047 2433 idcirco.
1080 2405 1149 2417 --
1179 2379 1269 2430 22.
1302 2379 1453 2431 mihi.
1494 2379 1671 2449 (Deest
1715 2381 1770 2432 in
1804 2380 1943 2446 cod.)

365 2478 433 2490 —
464 2451 555 2504 26.
592 2452 654 2503 Et
686 2448 1129 2517 rcspmuleus,qui
1155 2448 1588 2515 respondens.—-
1622 2451 1771 2503 Ibid.
1803 2451 1945 2500 dixi-

366 2536 493 2586 que,
518 2522 651 2573 dixi.
701 2548 769 2558 -ο
794 2519 1006 2573 Ibid.ct
1035 2521 1337 2572 ascendens
1366 2558 1382 2583 ,
1420 2522 1726 2573 ascendens.
1759 2548 1831 2560 —
1854 2520 1942 2573 27.

367 2607 449 2644 es.
485 2590 631 2647 (Non
668 2591 887 2661 habetur
920 2590 973 2640 in
1007 2589 1236 2657 cod.)—-—
1269 2588 1356 2641 29.
1390 2591 1488 2661 ei.
1510 2593 1684 2661 (Deest
1713 2592 1767 2642 in
1803 2592 1944 2659 cod.)

364 2686 435 2699 —-
456 2660 543 2713 51.
563 2661 698 2715 dies.
737 2659 1100 2723 (Desideratur
1124 2660 1178 2710 in
1210 2661 1421 2725 cod.)-—
1441 2659 1528 2715 35.
1555 2676 1794 2728 pOssnm.
1819 2661 1947 2719 (Ad-

364 2730 511 2781 ditur
554 2731 606 2781 in
660 2730 801 2795 cod.)
852 2756 922 2799 -—_-
986 2728 1120 2782 Ibid.
1149 2730 1240 2791 sit,
1295 2731 1376 2797 ﬁt.
1423 2732 1607 2784 -50.
1656 2732 1943 2799 procedam

364 2800 607 2852 famulus
630 2811 751 2851 tuus
786 2800 850 2851 ab
876 2797 1111 2852 Iordane
1174 2808 1353 2853 tecum
1385 2815 1400 2865 ;
1461 2816 1592 2862 non,
1625 2797 1740 2853 etc.
1767 2839 1781 2863 ,
1807 2815 1944 2866 pra:-

365 2872 548 2921 cedam
604 2870 833 2937 famulus
862 2878 983 2922 tuus
1009 2869 1076 2921 ad
1097 2869 1385 2922 Jordanem
1442 2869 1646 2933 tecum;
1678 2886 1792 2933 nec,
1845 2878 1942 2922 etc.

364 2966 435 2977 —
462 2939 549 2991 57.
578 2942 894 3008 Chamaam,
925 2938 1177 2992 Chamaa.
1218 2970 1284 2980 -—
1315 2941 1404 2993 58.
1453 2940 1591 2993 Dixlt
1621 2944 1820 3008 itaque,
1852 2940 1945 2991 Di-

366 3011 569 3077 xitque.
598 3038 668 3051 —
701 3006 841 3060 Ibid.
868 3009 1183 3078 Cbaniaam,
1209 3010 1466 3063 Chamaa.
1496 3036 1571 3048 -——
1594 3008 1680 3064 40.
1715 3006 1942 3078 ’6518³-

363 3057 584 3143 i‘...‘:,‘".1
615 3057 1620 3148 cuiuisii‘engat,‘actam“:
1635 3057 1712 3119 Ξ-
1744 3057 1944 3133 ἱέζῗέ-
1967 3057 2013 3120 C

368 3166 511 3215 gem,
560 3151 863 3218 magisque,
900 3158 1007 3203 etc.
1039 3188 1054 3215 ,
1105 3166 1275 3220 regem
1313 3160 1363 3203 et
1414 3152 1792 3219 primogenitus
1847 3165 1939 3219 ego

367 3236 506 3282 situt,
534 3222 819 3287 magisque,
850 3228 949 3272 etc.

966 3330 1196 3386 CAPUT
1230 3330 1349 3385 XX.

447 3418 597 3495 vers.
634 3421 684 3495 1..
715 3432 1017 3495 quoqucut
1049 3423 1124 3478 ibi
1155 3433 1303 3495 esset
1332 3464 1346 3487 ,
1379 3432 1435 3477 ut
1463 3425 1537 3477 ibi
1561 3432 1693 3480 esset
1720 3442 1941 3495 quoque.

367 3522 438 3532 —
481 3491 616 3544 Ibid.
653 3488 788 3544 Seba
819 3488 1012 3555 ,VSiba.
1057 3523 1125 3534 ——
1169 3493 1311 3547 Ibid.
1346 3496 1396 3547 in
1447 3496 1609 3547 David
1644 3488 1742 3557 ,ἐνί
1790 3488 1943 3549 domo

366 3563 564 3615 David.
591 3587 657 3601 -ο
689 3560 826 3613 Ibid.
855 3574 1127 3617 revertere
1160 3602 1174 3625 ,
1208 3566 1353 3618 vade.
1388 3595 1455 3607 -—
1486 3566 1539 3619 2.
1569 3564 1710 3620 Seba
1739 3606 1753 3629 ,
1790 3569 1939 3621 Siba.

365 3660 436 3672 -——
463 3631 604 3685 Ibid.
635 3629 938 3685 Jerusalem
969 3670 985 3695 ,
1006 3636 1060 3686 in
1116 3634 1437 3687 Jerusalem.
1467 3665 1537 3673 —
1575 3638 1627 3689 5.
1659 3641 1707 3689 in
1758 3648 1943 3689 CUslu-

367 3702 508 3775 iliam
534 3743 550 3767 ,
579 3702 896 3775 custodiam.
930 3730 997 3775 f-
1027 3705 1078 3756 6.
1112 3704 1249 3758 Seba
1280 3744 1295 3769 ,
1318 3705 1482 3775 Δδίὺα.
1506 3735 1569 3745 -—-
1602 3708 1652 3759 7.
1678 3721 1894 3775 quoque
1924 3748 1938 3770 ,

370 3771 545 3845 (Deest
567 3773 622 3845 in
650 3774 790 3845 cod.)
822 3800 879 3809 -—
922 3773 1225 3845 14.nsque.
1282 3772 1429 3845 (Non
1455 3778 1673 3828 habetur
1702 3777 1757 3827 in
1789 3771 1930 3840 cod.)

367 3869 437 3881 --
494 3840 636 3894 Ibid.
690 3840 1133 3896 Beth-maaclia.‘
1182 3847 1236 3895 in
1290 3840 1669 3897 'Bethmecha.
1726 3876 1793 3885 —
1859 3847 1942 3900 15.

366 3910 776 3972 Belli-tuaaclia,
810 3911 1146 3983 Bethmecha.
1185 3941 1248 3951 -—
1274 3915 1356 3966 17.
1392 3915 1453 3966 Et
1489 3915 1575 3968 illc
1613 3919 1889 3983 respondit
1922 3934 1935 3968 :

367 3983 498 4052 Ego,
529 3983 616 4046 qui
663 3982 925 4052 respondit
956 3998 973 4040 ;
1016 3981 1127 4052 Ego
1159 4000 1300 4037 sum.
1329 4012 1394 4022 -—
1428 3983 1560 4037 Ibid.
1612 3981 1903 4040 Sermones
1931 4026 1944 4049 ,

366 4050 762 4124 Sermonem.——
788 4050 1329 4124 18.illa,_se'nno,ctc.
1360 4068 1372 4103 :
1404 4054 1496 4105 illa
1527 4056 1685 4120 dixit,
1706 4069 1944 4124 rogantes

368 4131 557 4188 rogant
589 4123 681 4190 qui
709 4130 829 4173 sunt
862 4121 915 4173 in
946 4122 1129 4183 Abela,
1163 4134 1211 4175 et
1240 4125 1293 4175 in
1326 4124 1440 4176 Dan
1472 4124 1718 4179 dicentes:
1740 4121 1944 4191 Sermo,

366 4201 465 4245 etc.
503 4218 571 4228 —-
606 4192 744 4243 Ibid.
806 4192 1184 4259 proﬁciebant.
1240 4194 1395 4265 (vers.
1454 4195 1565 4262 19.)
1620 4194 1811 4248 Nonne
1849 4213 1947 4265 ego

367 4274 495 4333 sum
522 4276 660 4327 quae,
697 4270 800 4314 etc.
828 4301 844 4327 ,
875 4261 1263 4333 pertranseant.
1297 4261 1420 4314 Non
1447 4261 1679 4332 egosum
1711 4268 1821 4333 qui,
1845 4261 1943 4319 es}.

366 4359 437 4367 —
472 4330 614 4383 Ibid.
648 4341 876 4384 matrem
929 4334 980 4384 in
1036 4330 1197 4385 Israel
1222 4374 1238 4398 ,
1270 4330 1494 4385 matrem
1528 4330 1730 4388 Israel.
1752 4363 1820 4374 —-
1849 4338 1938 4389 21.

369 4412 546 4456 suam.
598 4400 771 4471 (Deest
803 4403 859 4453 in
881 4402 1021 4466 cod.)
1059 4429 1130 4441 —-
1178 4402 1316 4458 Ibid.
1357 4407 1669 4459 ret-edemus
1696 4445 1709 4466 ,
1736 4408 1907 4458 recedi

369 4485 508 4545 mus.
556 4501 633 4545 —-_
658 4472 747 4534 25,
783 4486 912 4545 ergo
937 4510 951 4535 ,
984 4481 1291 4545 autema—i
1316 4472 1475 4545 Ibid.
1499 4489 1739 4529 omnem.
1793 4476 1939 4545 (Non

372 4540 592 4592 habetur
616 4541 671 4594 in
707 4542 851 4609 cod.)
883 4568 952 4578 -
977 4542 1066 4595 21.
1095 4542 1294 4595 Aliilud
1323 4581 1338 4606 ,
1378 4543 1569 4596 Altiud.

972 4676 1196 4733 CAPUT
1231 4679 1374 4735 XXI.

452 4765 601 4843 vers.
633 4770 684 4843 1A.
728 4771 1049 4843 sanguinum
1082 4814 1098 4839 ,
1136 4781 1197 4843 et
1244 4778 1573 4843 sanguinem.
1598 4806 1667 4816 -—
1694 4776 1748 4829 2.
1792 4789 1946 4833 erant

370 4838 437 4891 de
492 4838 617 4892 ﬁliis
654 4838 853 4903 Israel,“
896 4853 1017 4895 sunt
1064 4838 1127 4894 de
1167 4838 1363 4897 Israel:
1399 4875 1469 4885 —
1509 4843 1650 4900 Ibid.
1688 4856 1743 4901 et
1783 4847 1950 4903 voluit

370 4908 501 4960 Saul
562 4918 862 4975 percutere,
922 4928 983 4965 ne
1016 4916 1323 4981 perimerent
1360 4915 1501 4978 illos,
1534 4927 1581 4969 et
1631 4917 1787 4970 voluit
1817 4915 1947 4970 Saul

369 4988 778 5057 unpercuteret.
813 5008 884 5057 —-_
928 4982 981 5036 5.
1037 4982 1176 5057 Quid
1236 4982 1430 5057 faciam
1476 4988 1671 5040 vobis?
1700 5000 1750 5040 et
1802 4988 1945 5052 quiut

374 5049 476 5099 erit
512 5051 678 5101 vestri
708 5049 1004 5114 piaculum,
1035 5063 1092 5106 ut
1126 5053 1461 5108 benedicalis
1511 5049 1947 5111 bazrcditati'Da—

373 5117 545 5193 mini;
578 5117 863 5193 (Versat)
916 5123 1280 5193 digeruntque
1318 5124 1365 5178 ei
1417 5124 1756 5181 Gabaonitaa‘.
1818 5128 1954 5193 (Ad-

373 5186 569 5258 glutttur
594 5189 648 5258 in
686 5186 930 5258 cod.)'—-
962 5190 1014 5244 6.
1047 5200 1103 5244 ut
1137 5232 1151 5257 ,
1188 5186 1256 5245 et.
1299 5223 1368 5233 —-
1413 5194 1463 5246 8.
1498 5194 1593 5248 Aia
1623 5236 1638 5258 ,
1672 5186 1853 5249 Achia.
1885 5225 1955 5235 —

373 5255 507 5334 Ibid.
537 5257 734 5334 Micliol
758 5298 774 5324 ,
809 5255 1020 5334 ’IIerob.
1196 5264 1251 5317 9.
1284 5263 1337 5334 in
1364 5275 1577 5334 monte.
1625 5255 1844 5334 (Desunt
1899 5267 1952 5319 in

373 5325 539 5403 rem).
563 5356 636 5403 Δ-
677 5327 901 5403 10111³
933 5372 946 5396 ,
980 5333 1170 5403 Achia.
1202 5362 1273 5371 ——
1318 5333 1405 5385 11.
1461 5325 1662 5387 fecerat
1712 5337 1951 5403 Resplia,

372 5397 475 5448 lilia
512 5396 653 5471 Aia»,
681 5398 804 5466 fecit
839 5399 1066 5467 Resp/ia,
1090 5400 1206 5471 [ilia
1260 5405 1440 5454 Achia.
1473 5432 1540 5441 —
1576 5406 1662 5459 15.
1694 5396 1957 5471 collikenl

373 5474 454 5519 tes
482 5505 496 5531 ,
528 5466 796 5535 colligens.
832 5501 900 5509 —
934 5466 1018 5525 11.
1051 5466 1100 5525 et
1132 5470 1379 5526 Jonatha:
1408 5509 1421 5534 ,
1451 5483 1498 5527 et
1541 5491 1658 5529 ossa
1687 5466 1953 5532 Jonallne.

2035 483 2103 497 υ·-
2137 454 2270 506 Ibid.
2317 455 2385 523 de
2435 470 2633 522 genere
2673 458 2977 521 gigantum.
3041 457 3350 517 (Adduntur
3382 458 3433 508 in
3469 460 3597 523 cod.)

2034 554 2103 563 ——
2139 524 2229 577 20.
2257 524 2340 575 vir
2366 522 2468 576 fuit
2517 525 2769 579 excelsus
2799 567 2814 588 ,
2848 528 2928 577 vir
2974 526 3227 581 excelsus.
3261 555 3329 566 -——
3376 524 3513 578 Ibid.
3540 526 3601 579 de

2035 594 2242 677 origine
2267 635 2298 677 ,‘
2322 595 2386 647 de
2419 609 2621 660 genere.
2664 625 2730 639 -ι
2758 596 2848 649 21.
2884 596 2950 648 Et
3009 596 3423 664 blasplicmavit,
3474 595 3604 677 b‘las-

2035 665 2321 730 pltemavit.

2596 732 2829 788 CAPUT
2878 735 3046 791 XXII.

2116 822 2261 876 Vers.
2281 823 2336 876 5.
2366 823 2507 894 Dens
2525 822 2679 894 fortis
2699 862 2721 894 ν,
2759 823 2896 877 Deus
2919 842 3059 877 meus
3086 825 3262 894 fortis.
3287 852 3357 865 -—
3378 822 3515 875 Ibid.
3544 824 3605 875 li-

2038 894 2253 948 berabis
2278 935 2293 958 ,
2323 893 2739 947 liberabit.-—6.
2765 894 2996 957 inferni,
3025 893 3201 961 inferi.
3224 924 3287 934 —
3317 894 3370 947 7.
3396 894 3567 945 veniet
3587 933 3601 953 ,

2037 965 2231 1037 veniat.
2255 991 2349 1037 λ-τ-
2383 962 2436 1037 8.
2465 977 2753 1037 _c0nc_ussa
2783 1004 2798 1028 ,
2857 976 3138 1037 commota.
3176 993 3242 1002 --
3292 963 3445 1037 Ibid.
3509 964 3601 1015 eis.

2040 1033 2217 1099 (Deest
2248 1031 2481 1099 in'cod.)
2512 1056 2579 1072 --
2609 1034 2662 1087 9.
2696 1037 2760 1087 de
2798 1049 2891 1087 ore
2920 1072 2933 1095 ,
2965 1035 3029 1086 de
3055 1050 3198 1086 nare.
3231 1063 3297 1073 ——
3326 1034 3465 1085 Ibid.
3486 1048 3601 1085 suc-

2040 1104 2184 1153 censi
2218 1140 2234 1166 ,
2266 1102 2488 1155 incensi.
2523 1131 2593 1140 —
2644 1103 2730 1154 10.
2768 1113 2822 1156 ct
2872 1103 3152 1157 inclinavit
3180 1143 3193 1166 ,
3227 1103 3513 1155 inclinavit.
3542 1129 3626 1143 -ι

2041 1172 2127 1225 12.
2185 1172 2464 1241 latibulum
2504 1210 2519 1233 ,
2578 1170 2854 1225 latibulum
2909 1189 3081 1226 suum.
3119 1203 3189 1212 —
3220 1174 3307 1226 15.
3357 1172 3599 1241 fulgore,

2041 1242 2269 1309 fulgure.
2304 1239 2483 1294 -11,
2515 1242 2706 1306 dabit,
2740 1242 2906 1297 dedit.
2940 1272 3010 1283 —-
3048 1243 3129 1297 15.
3167 1241 3344 1307 fulgur
3377 1239 3456 1295 et'
3480 1257 3600 1294 con-

2040 1314 2310 1377 sumpsit,
2358 1310 2574 1377 fulgura
2629 1314 2969 1377 consumpsit.
3002 1344 3070 1353 —
3123 1312 3205 1366 16.
3254 1311 3487 1374 Domini,
3523 1312 3603 1369 ab,

2039 1393 2143 1433 etc.
2186 1420 2201 1439 ,
2231 1380 2441 1432 Domini
2469 1391 2517 1432 et
2552 1380 2641 1443 ab,
2682 1392 2782 1435 etc.
2815 1409 2883 1421 ——
2932 1382 3019 1435 18.
3054 1392 3106 1434 et
3140 1384 3209 1434 ab
3260 1383 3375 1443 his,
3412 1381 3472 1432 ab
3508 1381 3603 1434 his.

2040 1479 2107 1487 —
2144 1450 2228 1503 19.
2260 1449 2562 1521 aliiictionis
2628 1468 2757 1505 mea:
2790 1493 2803 1515 ,
2836 1452 3131 1521 aﬂlictionis
3168 1461 3217 1502 et
3252 1449 3605 1521 tribulationis

2042 1536 2188 1574 niew.
2220 1547 2288 1559 -ο-
2316 1519 2403 1573 20.
2442 1522 2738 1591 coinplacui
2767 1564 2783 1588 ,
2815 1519 3013 1591 placui.
3042 1522 3201 1575 -29.
3234 1529 3311 1585 tu,
3350 1519 3603 1591 Domine.

2043 1590 2265 1659 (Desunt
2299 1591 2352 1659 in
2386 1590 2526 1655 cod.)
2554 1620 2625 1628 —
2659 1592 2753 1647 52.
2779 1588 2899 1656 quis
2946 1602 3029 1646 est
3083 1593 3224 1645 Deus
3256 1631 3270 1652 ,
3308 1591 3423 1659 quis
3453 1588 3605 1641 Deus.

2044 1657 2109 1700 ὲ-
2144 1658 2285 1713 Ibid.
2321 1657 2485 1710 Deum
2521 1672 2763 1714 nostrum
2794 1662 2815 1714 Ἰ
2885 1661 3172 1714 Dominum
3230 1657 3461 1713 nostrum
3492 1658 3514 1709 ?
3548 1686 3610 1698 --

1972 1728 2014 1783 Β
2044 1728 2131 1783 54.
2164 1738 2406 1785 statuens
2426 1765 2442 1789 ,
2472 1732 2678 1785 statuit.
2702 1760 2769 1769 —-
2792 1731 2880 1785 37.
2919 1730 3173 1785 deﬁcient
3200 1769 3217 1795 ,
3253 1731 3523 1792 deﬁciant.
3547 1756 3611 1769 —-

2047 1799 2138 1852 58.
2173 1806 2457 1852 convertar
2479 1835 2494 1859 ,
2524 1810 2875 1854 convertatur.
2899 1830 2958 1843 —
3000 1800 3091 1854 59.
3126 1814 3446 1854 consmnam
3497 1812 3602 1849 eos.

2049 1868 2198 1935 (Non
2233 1869 2493 1920 habentur
2530 1870 2583 1921 in
2614 1872 2751 1936 cod.)
2779 1900 2844 1910 —
2878 1871 2966 1925 10.
2997 1870 3278 1925 accinxisti
3311 1908 3326 1933 ,
3364 1869 3606 1935 accingit.

2044 1964 2113 1977 -ι
2153 1940 2291 1993 Ibid.
2321 1938 2613 1992 incurvasti
2647 1980 2661 2002 ,
2696 1942 3021 1994 incurvabis.
3044 1968 3113 1978 —-
3136 1939 3275 1993 Ibid.
3300 1942 3493 1991 subtus
3511 1955 3609 1997 me,

2046 2009 2140 2062 sub
2179 2025 2279 2061 me.
2320 2036 2390 2047 —
2424 2005 2513 2059 41.
2546 2011 2819 2066 custodias
2878 2026 2962 2062 me
3004 2012 3081 2071 in,
3139 2020 3244 2063 etc.
3283 2050 3298 2075 ,
3356 2008 3611 2058 custodies

2044 2080 2123 2143 in,
2158 2090 2257 2131 etc.
2280 2107 2351 2119 —
2388 2074 2525 2131 Ibid.
2545 2084 2745 2131 Servict
2769 2118 2784 2142 ,
2808 2081 3053 2134 servient.
3084 2108 3154 2118 —
3180 2074 3291 2132 45.
3317 2077 3415 2130 ﬁlii
3458 2076 3610 2128 alieni

2048 2151 2302 2202 resistent
2358 2146 2512 2207 mihi,
2563 2149 2749 2201 auditu
2785 2152 2935 2203 auris
2986 2150 3236 2204 obedieut
3291 2147 3443 2201 mihi.
3500 2143 3604 2215 (Ita

2047 2218 2269 2270 habebat
2302 2218 2452 2270 lectio
2484 2226 2627 2269 vetus
2660 2236 2676 2281 ;
2716 2222 2886 2278 modo,
2916 2235 2975 2271 ea
3004 2235 3179 2283 erasa,
3216 2219 3290 2270 ita
3334 2215 3612 2284 superscrio

2048 2289 2189 2339 bitur
2217 2328 2232 2352 ,
2264 2288 2454 2340 auditu
2492 2291 2639 2341 auris
2702 2290 3001 2343 obaudient
3034 2290 3184 2353 milii,
3213 2290 3307 2343 lilii
3331 2287 3497 2341 alieni
3536 2299 3614 2338 re-

2047 2360 2243 2412 sistent
2269 2356 2447 2423 milii.)
2611 2427 3025 2484 CAPUTxxm

2130 2519 2273 2572 Vera.
2320 2521 2373 2574 5.
2418 2522 2696 2575 δοιιὶὶηυιιι
2726 2561 2738 2581 ,
2796 2522 3051 2573 omnium.
3122 2548 3179 2559 -
3214 2520 3271 2574 5.
3323 2520 3609 2583 voluntas,

2046 2600 2368 2657 votumptas.
2425 2590 2538 2656 (Ita
2596 2594 2847 2660 scriptum
2906 2590 3125 2655 inveni.)
3175 2618 3247 2630 -—
3296 2589 3348 2645 8.
3398 2592 3612 2645 fortium

2050 2660 2413 2713 David-David
2452 2662 2645 2714 sedens
2673 2700 2687 2723 ,
2718 2664 2933 2730 fortium
2965 2660 3132 2713 David
3151 2667 3358 2715 sedens.
3384 2692 3455 2701 —
3481 2661 3610 2714 Ibid.

2049 2729 2350 2795 interfecit,
2383 2732 2653 2798 inter/icit.
2685 2729 2754 2768 —F
2781 2732 2832 2783 9.
2867 2731 3127 2784 Ahohiles
3156 2772 3170 2794 ,
3206 2731 3395 2784 Ahohi.
3427 2760 3495 2771 —-
3529 2732 3612 2785 15.

2047 2814 2238 2867 aquam
2272 2803 2335 2852 de
2370 2804 2487 2852 lacu
2515 2839 2529 2863 ,
2559 2802 2782 2869 (Desunt
2812 2803 2863 2851 in
2892 2802 3036 2864 cod.)
3063 2831 3128 2839 —
3162 2799 3303 2853 Ibid.
3327 2817 3381 2855 ο.
3442 2802 3612 2869 (Deest

2046 2869 2101 2919 in
2129 2870 2224 2920 cod
2254 2869 2271 2939 )
2297 2898 2366 2908 —-
2390 2870 2479 2923 20.
2516 2872 2565 2921 in
2588 2872 2789 2939 (diebus
2824 2909 2837 2931 ,
2875 2872 3073 2924 diebus.
3098 2899 3166 2910 -—
3192 2871 3283 2925 21.
3309 2870 3608 2932 interfecit,

2045 2938 2428 3010 percussit.A—
2455 2940 2543 2992 25.
2584 2938 2802 3003 llarodi,
2829 2942 2971 2992 Elica
2996 2943 3060 2993 de
3104 2941 3323 3004 Harodi,
3350 2944 3509 3010 (vers.
3527 2939 3612 3007 26)

2048 3007 2209 3061 Heles
2242 3012 2306 3063 tle
2341 3007 2537 3068 Plialti.
2571 3010 2696 3062 llira
2731 3009 2874 3062 filius
2926 3011 3095 3063 Acccs
3119 3051 3135 3075 ,
3169 3007 3528 3070 Arari,'Elica
3558 3010 3615 3061 de

2049 3079 2279 3141 Harodi,
2318 3078 2482 3131 IIelas
2514 3086 2577 3131 de
2618 3078 2879 3142 I’Iielethi,
2918 3079 3080 3131 [liras
3120 3082 3261 3148 ﬁlius
3311 3081 3526 3133 Sacces.
3567 3107 3614 3119 -

2044 3150 2133 3201 28.
2166 3148 2428 3202 Ahohites
2460 3148 2696 3201 Maharai
2733 3148 3166 3215 Neltllillatlllles,
3201 3153 3355 3211 (vers.
3385 3152 3479 3210 20)
3519 3148 3615 3201 lle-

2047 3218 2130 3271 led
2184 3220 2325 3273 lilius
2378 3218 2575 3282 Baaua,
2620 3229 2672 3274 et
2700 3220 2813 3287 ipse
2838 3218 3255 3286 Ni-tOpIiatliites
3284 3263 3301 3287 ,
3339 3220 3614 3272 Achiothes

2048 3288 2298 3342 Maharai
2349 3287 2639 3342 Phathites.
2672 3317 2744 3329 —
2787 3288 2876 3342 29.
2909 3292 2976 3341 de
3011 3288 3248 3342 Gabaatb
3277 3330 3292 3355 ,
3365 3290 3613 3342 delebeth.

2048 3357 2161 3427 (Ita
2217 3359 2470 3429 scriptum
2501 3361 2715 3427 inveni.)
2745 3361 2916 3412 -50.
2946 3358 3366 3412 Pliaratlionites
3396 3401 3411 3425 ,
3447 3359 3616 3412 Phra-

2047 3429 2293 3481 thonites.
2326 3456 2396 3471 αι-
2421 3430 2509 3482 52.
2539 3429 2721 3481 Eliaba
2747 3432 2811 3482 ile
2831 3430 3085 3481 Sznlaboni
3120 3472 3134 3495 ,
3169 3429 3383 3481 Elialba
3409 3432 3472 3482 de
3498 3428 3616 3483 Sal-

2048 3499 2189 3551 boni.
2221 3528 2289 3537 —
2328 3498 2463 3553 Ibid.
2525 3498 2799 3552 Junatlian
2834 3538 2849 3560 ,
2879 3498 3115 3551 Jonatha
3173 3510 3220 3552 et
3258 3501 3388 3551 Ara.
3424 3528 3495 3537 ——
3530 3500 3614 3550 55.

2049 3572 2233 3629 Sarar,
2267 3574 2506 3621 Arni-itus
2537 3607 2552 3632 ,
2588 3570 2750 3631 Suar,
2793 3572 3056 3623 Arorites.
3096 3599 3159 3611 —-
3224 3569 3312 3622 51.
3371 3572 3567 3623 Asabai
3604 3608 3616 3627 ,

2046 3638 2285 3691 Saasbai.
2328 3668 2396 3709 -τ
2424 3637 2514 3691 58.
2558 3637 2836 3709 Icilii-itas,
2870 3639 3048 3693 ϐάτοι)
3074 3650 3128 3692 et
3170 3642 3281 3709 ipse
3310 3638 3569 3694 Jetlirites
3596 3677 3609 3699 .

2046 3708 2515 3774 Bictltrites,.lereb
2544 3718 2592 3762 et
2630 3709 2736 3775 ipse
2764 3708 3062 3763 Btcthrites.

2594 3845 2822 3900 CAPUT
2882 3845 3073 3900 XXIV.

2115 3936 2253 3991 Vers.
2292 3939 2346 3992 2.
2379 3954 2470 3993 rex
2502 3978 2517 4001 .
2547 3939 2739 3993 David.
2778 3970 2848 3979 ——
2895 3940 3039 3993 Ibid.
3071 3939 3366 3994 Der-salice
3393 3980 3408 4002 ,
3437 3939 3619 3995 Βενθε-

2051 4012 2156 4060 bee.
2190 4037 2257 4049 -—
2311 4012 2366 4063 4.
2416 4013 2719 4077 principum
2776 4013 3046 4064 exercitus
3088 4050 3102 4075 ,
3151 4012 3453 4080 principum
3513 4014 3622 4077 ejus

2048 4080 2303 4132 exercitus
2332 4118 2347 4145 ,
2382 4080 2633 4147 (Additur
2685 4096 2808 4133 vero
2860 4081 3024 4148 ejus.)
3062 4110 3127 4118 —-—
3176 4080 3315 4131 Ibid.
3350 4082 3624 4147 principes

2050 4151 2285 4218 militum
2317 4186 2333 4212 ,
2382 4152 2622 4218 princeps
2679 4152 2923 4203 militum.
2976 4180 3027 4190 —
3056 4150 3109 4203 5.
3135 4150 3248 4203 Gad
3278 4190 3291 4212 ,
3327 4149 3528 4204 Caath.
3560 4177 3625 4190 ——

2052 4232 2103 4286 6.
2142 4217 2304 4271 Hadsi
2339 4259 2353 4282 ,
2391 4217 2585 4270 Hodsi.
2618 4249 2686 4261 —
2740 4220 2825 4273 10.
2875 4220 3170 4273 transferas
3199 4258 3213 4279 ,
3246 4232 3511 4273 transeas.
3561 4247 3626 4258 —-

2054 4290 2141 4343 11.
2178 4288 2449 4340 videntem
2495 4288 2663 4342 David
2687 4329 2699 4352 ,
2735 4291 3010 4343 videntem.
3057 4319 3127 4330 —
3160 4292 3243 4344 15.
3279 4293 3458 4343 veniet
3492 4334 3507 4354 ,
3547 4306 3625 4341 vc-

2054 4360 2188 4411 niat.
2236 4385 2307 4395 —
2350 4358 2435 4410 11.
2485 4357 2748 4413 Coarctor
2780 4400 2794 4420 ,
2854 4370 3031 4411 arctor
3093 4360 3339 4429 undique.
3375 4387 3446 4398 —
3484 4361 3621 4411 Ibid.

1736 4411 1936 4497 νεξξξίξς
1968 4419 2017 4476 D
2049 4430 2322 4497 hominum
2348 4466 2363 4492 ,
2386 4411 2750 4495 hominm-451
2762 4411 2987 4495 5.usque
3013 4431 3077 4481 ad
3111 4411 3399 4483 Bers'a-liee
3422 4468 3440 4495 ,
3467 4445 3628 4497 usque

2049 4496 2345 4550 Ber-sabee.
2398 4524 2468 4536 -—
2524 4498 2607 4550 16.
2663 4513 2839 4554 suam.
2902 4498 3073 4566 (Deest
3110 4500 3162 4551 in
3207 4500 3449 4563 cod.)—
3488 4500 3627 4552 Ibid.

2051 4567 2390 4619 amictionem
2420 4606 2435 4630 ,
2471 4567 2799 4637 afﬂictionem
2828 4584 3030 4621 eorum.
3072 4600 3138 4610 ——
3186 4569 3324 4621 Ibid.
3375 4570 3577 4622 sutlicit
3606 4605 3621 4627 .

2051 4637 2255 4705 sufﬁcit,
2279 4638 2483 4704 suﬁicit.
2511 4667 2579 4679 —
2607 4636 2741 4690 Ibid.
2766 4653 2906 4690 nunc
2925 4640 3141 4691 contine
3171 4653 3389 4689 manum
3448 4654 3625 4689 illam.

2058 4705 2380 4776 (Adduntur,
2404 4715 2597 4773 praeter
2625 4707 2928 4759 adverbium
2956 4723 3115 4773 nunc,
3146 4709 3285 4776 quod
3308 4723 3402 4759 nec
3426 4709 3481 4760 in
3504 4724 3625 4756 con-

2058 4786 2222 4838 textu,
2256 4790 2345 4827 nec
2382 4777 2434 4827 in
2466 4778 2697 4846 margine
2735 4778 3083 4846 habetur.)—
3120 4778 3447 4831 18.Aulein.
3501 4776 3629 4842 (Ad-

2054 4846 2202 4898 ditur
2256 4846 2311 4896 in
2348 4846 2492 4910 cod.)
2533 4874 2602 4884 --
2634 4845 2723 4900 20.
2775 4849 3044 4912 transire,
3103 4852 3297 4900 venire.
3332 4875 3402 4886 —
3453 4847 3546 4897 21.
3580 4854 3631 4896 et

2055 4928 2309 4981 egressus
2336 4952 2350 4976 ,
2384 4930 2644 4982 egressus.
2677 4945 2744 4955 —-
2780 4917 2872 4969 25.
2912 4918 3233 4985 pr0pitiatus
3264 4954 3279 4981 ,
3314 4916 3629 4982 repropitia-

2056 4994 2161 5037 ius.

2127 5052 2239 5122 (Ita
2279 5054 2500 5106 habetur
2533 5055 2587 5106 in
2634 5055 2752 5108 cod.
2784 5052 3001 5107 Gothico
3064 5055 3259 5108 litteris
3314 5054 3630 5123 majoribus,

2054 5125 2187 5178 sicut
2227 5134 2276 5175 et
2310 5124 2363 5175 in
2395 5125 2566 5191 fronte
2596 5125 2753 5193 hujus
2789 5125 2929 5194 libri,
2964 5133 3011 5177 et
3059 5126 3317 5194 sequentis
3379 5141 3397 5176 ε
3449 5124 3631 5193 Expli-

2056 5196 2128 5245 cit
2161 5194 2315 5255 liber,
2346 5197 2434 5259 qui
2462 5198 2759 5248 secundum
2795 5193 3149 5263 Septuaginta
3204 5196 3485 5249 secundus
3537 5196 3632 5248 ba-

2057 5266 2253 5326 betur;
2284 5263 2351 5333 ini
2392 5266 2492 5316 hac
2550 5273 2731 5317 autem
2784 5261 2960 5317 sancti
2996 5261 3312 5333 Hieronymi
3360 5265 3631 5323 editione,

2054 5348 2174 5401 quae
2212 5347 2275 5385 ex
2310 5332 2539 5386 Hebraeo
2575 5343 2677 5396 est,
2709 5336 2916 5401 primus
2938 5343 2993 5387 et
3018 5332 3296 5390 secundus
3328 5334 3629 5400 Samuelis,

2058 5417 2197 5457 unus
2224 5404 2274 5455 in
2312 5417 2521 5457 canone
2551 5403 2938 5471 computatur.)
