  <div class='ocr_page' id='page_1' title='image "/cluster/home/n/w/nwhite01/storage/ocr_20150623/29/hvd.32044096580519/539.png"; bbox 0 0 3992 6182; ppageno 0'>
   <div class='ocr_carea' id='block_1_1' title="bbox 448 277 585 345">
    <p class='ocr_par' dir='ltr' id='par_1_1' title="bbox 448 277 585 345">
     <span class='ocr_line' id='line_1_1' title="bbox 448 277 585 345; baseline -0.022 0"><span class='ocrx_word' id='word_1_1' title='bbox 448 277 585 345; x_wconf 75' lang='grc'><strong>1047</strong></span> 
     </span>
    </p>
   </div>
   <div class='ocr_carea' id='block_1_2' title="bbox 1865 285 2266 349">
    <p class='ocr_par' dir='ltr' id='par_1_2' title="bbox 1865 285 2266 349">
     <span class='ocr_line' id='line_1_2' title="bbox 1865 285 2266 349; baseline 0.015 -6"><span class='ocrx_word' id='word_1_2' title='bbox 1865 285 2266 349; x_wconf 68' lang='lat' dir='ltr'><strong>APPENDIX.</strong></span> 
     </span>
    </p>
   </div>
   <div class='ocr_carea' id='block_1_3' title="bbox 3545 291 3690 356">
    <p class='ocr_par' dir='ltr' id='par_1_3' title="bbox 3545 291 3690 356">
     <span class='ocr_line' id='line_1_3' title="bbox 3545 291 3690 356; baseline -0.041 0"><span class='ocrx_word' id='word_1_3' title='bbox 3545 291 3690 356; x_wconf 73' lang='grc'><strong>1018</strong></span> 
     </span>
    </p>
   </div>
   <div class='ocr_carea' id='block_1_4' title="bbox 1482 604 2658 699">
    <p class='ocr_par' dir='ltr' id='par_1_4' title="bbox 1482 604 2658 699">
     <span class='ocr_line' id='line_1_4' title="bbox 1482 604 2658 699; baseline 0.004 -5"><span class='ocrx_word' id='word_1_4' title='bbox 1482 604 2658 699; x_wconf 66' lang='lat' dir='ltr'><strong>PROPHETLAISALE.</strong></span> 
     </span>
    </p>
   </div>
   <div class='ocr_carea' id='block_1_5' title="bbox 845 762 3320 847">
    <p class='ocr_par' dir='ltr' id='par_1_5' title="bbox 845 762 3320 847">
     <span class='ocr_line' id='line_1_5' title="bbox 845 762 3320 847; baseline 0 -22"><span class='ocrx_word' id='word_1_5' title='bbox 845 764 946 844; x_wconf 80' lang='lat' dir='ltr'><strong>(In</strong></span> <span class='ocrx_word' id='word_1_6' title='bbox 986 762 1336 844; x_wconf 73' lang='lat' dir='ltr'><strong>exemplari</strong></span> <span class='ocrx_word' id='word_1_7' title='bbox 1367 763 1632 825; x_wconf 80' lang='lat' dir='ltr'><strong>Gothico</strong></span> <span class='ocrx_word' id='word_1_8' title='bbox 1664 762 1876 823; x_wconf 82' lang='lat' dir='ltr'><strong>Isaias</strong></span> <span class='ocrx_word' id='word_1_9' title='bbox 1915 763 2196 841; x_wconf 76' lang='lat' dir='ltr'><strong>sequitur</strong></span> <span class='ocrx_word' id='word_1_10' title='bbox 2220 771 2364 841; x_wconf 82' lang='lat' dir='ltr'><strong>post</strong></span> <span class='ocrx_word' id='word_1_11' title='bbox 2409 772 2699 842; x_wconf 76' lang='lat' dir='ltr'><strong>quartum</strong></span> <span class='ocrx_word' id='word_1_12' title='bbox 2738 766 2965 828; x_wconf 87' lang='lat' dir='ltr'><strong>librum</strong></span> <span class='ocrx_word' id='word_1_13' title='bbox 2998 765 3320 847; x_wconf 65' lang='lat' dir='ltr'><strong>Regum.)-</strong></span> 
     </span>
    </p>
   </div>
   <div class='ocr_carea' id='block_1_6' title="bbox 799 1034 1678 1092">
    <p class='ocr_par' dir='ltr' id='par_1_6' title="bbox 799 1034 1678 1092">
     <span class='ocr_line' id='line_1_6' title="bbox 799 1034 1678 1092; baseline 0.005 -4"><span class='ocrx_word' id='word_1_14' title='bbox 799 1037 857 1091; x_wconf 78' lang='grc' dir='ltr'><strong>Β.</strong></span> <span class='ocrx_word' id='word_1_15' title='bbox 888 1034 1266 1092; x_wconf 68' lang='lat' dir='ltr'><strong>IIIEIIONYIII</strong></span> <span class='ocrx_word' id='word_1_16' title='bbox 1309 1035 1678 1092; x_wconf 59' lang='lat' dir='ltr'><strong>PREFATIO</strong></span> 
     </span>
    </p>
   </div>
   <div class='ocr_carea' id='block_1_7' title="bbox 538 1129 1922 1194">
    <p class='ocr_par' dir='ltr' id='par_1_7' title="bbox 538 1129 1922 1194">
     <span class='ocr_line' id='line_1_7' title="bbox 538 1129 1922 1194; baseline -0.002 -8"><span class='ocrx_word' id='word_1_17' title='bbox 538 1133 610 1186; x_wconf 81' lang='lat' dir='ltr'><strong>Au</strong></span> <span class='ocrx_word' id='word_1_18' title='bbox 637 1131 850 1184; x_wconf 68' lang='lat' dir='ltr'><strong>Psvuu</strong></span> <span class='ocrx_word' id='word_1_19' title='bbox 885 1145 954 1182; x_wconf 82' lang='lat' dir='ltr'><strong>ET</strong></span> <span class='ocrx_word' id='word_1_20' title='bbox 987 1129 1349 1194; x_wconf 72' lang='lat' dir='ltr'><strong>Eusrocnmu,</strong></span> <span class='ocrx_word' id='word_1_21' title='bbox 1391 1145 1443 1182; x_wconf 72' lang='lat' dir='ltr'><strong>IN</strong></span> <span class='ocrx_word' id='word_1_22' title='bbox 1479 1144 1922 1184; x_wconf 65' lang='lat' dir='ltr'><strong>Tnsusurlousu</strong></span> 
     </span>
    </p>
   </div>
   <div class='ocr_carea' id='block_1_8' title="bbox 797 1199 1647 1254">
    <p class='ocr_par' dir='ltr' id='par_1_8' title="bbox 797 1199 1647 1254">
     <span class='ocr_line' id='line_1_8' title="bbox 797 1199 1647 1254; baseline 0.002 -4"><span class='ocrx_word' id='word_1_23' title='bbox 797 1201 950 1252; x_wconf 69' lang='lat' dir='ltr'><strong>Iswa</strong></span> <span class='ocrx_word' id='word_1_24' title='bbox 977 1216 1041 1251; x_wconf 72' lang='lat' dir='ltr'><strong>ex</strong></span> <span class='ocrx_word' id='word_1_25' title='bbox 1064 1199 1332 1252; x_wconf 59' lang='lat' dir='ltr'><strong>&quot;summa</strong></span> <span class='ocrx_word' id='word_1_26' title='bbox 1359 1215 1647 1254; x_wconf 66' lang='lat' dir='ltr'><strong>vannus.</strong></span> 
     </span>
    </p>
   </div>
   <div class='ocr_carea' id='block_1_9' title="bbox 520 1290 2014 1360">
    <p class='ocr_par' dir='ltr' id='par_1_9' title="bbox 520 1290 2014 1360">
     <span class='ocr_line' id='line_1_9' title="bbox 520 1290 2014 1360; baseline 0.001 -15"><span class='ocrx_word' id='word_1_27' title='bbox 520 1291 766 1359; x_wconf 78' lang='lat' dir='ltr'><strong>Intprcss.</strong></span> <span class='ocrx_word' id='word_1_28' title='bbox 805 1290 901 1344; x_wconf 86' lang='lat' dir='ltr'><strong>lin.</strong></span> <span class='ocrx_word' id='word_1_29' title='bbox 932 1291 984 1344; x_wconf 81' lang='lat'><strong>&#39;5.</strong></span> <span class='ocrx_word' id='word_1_30' title='bbox 1022 1301 1074 1343; x_wconf 86' lang='lat' dir='ltr'><strong>et</strong></span> <span class='ocrx_word' id='word_1_31' title='bbox 1102 1292 1326 1356; x_wconf 80' lang='lat' dir='ltr'><strong>aliqnitl.</strong></span> <span class='ocrx_word' id='word_1_32' title='bbox 1353 1292 1485 1343; x_wconf 82' lang='lat' dir='ltr'><strong>Con.</strong></span> <span class='ocrx_word' id='word_1_33' title='bbox 1517 1300 1562 1344; x_wconf 68' lang='grc' dir='ltr'><strong>ει</strong></span> <span class='ocrx_word' id='word_1_34' title='bbox 1589 1309 1675 1346; x_wconf 87' lang='lat' dir='ltr'><strong>eos</strong></span> <span class='ocrx_word' id='word_1_35' title='bbox 1704 1292 1925 1360; x_wconf 82' lang='lat' dir='ltr'><strong>aliquid.</strong></span> <span class='ocrx_word' id='word_1_36' title='bbox 1945 1323 2014 1332; x_wconf 92' lang='lat'><strong>-—</strong></span> 
     </span>
    </p>
   </div>
   <div class='ocr_carea' id='block_1_10' title="bbox 442 1361 2010 1427">
    <p class='ocr_par' dir='ltr' id='par_1_10' title="bbox 442 1361 2010 1427">
     <span class='ocr_line' id='line_1_10' title="bbox 442 1361 2010 1427; baseline 0.001 -11"><span class='ocrx_word' id='word_1_37' title='bbox 442 1363 558 1416; x_wconf 84' lang='lat' dir='ltr'><strong>Lin.</strong></span> <span class='ocrx_word' id='word_1_38' title='bbox 595 1363 646 1415; x_wconf 72' lang='grc'><strong>4.</strong></span> <span class='ocrx_word' id='word_1_39' title='bbox 682 1362 764 1413; x_wconf 75' lang='lat' dir='ltr'><strong>vel</strong></span> <span class='ocrx_word' id='word_1_40' title='bbox 813 1361 1091 1424; x_wconf 79' lang='lat' dir='ltr'><strong>operibus,</strong></span> <span class='ocrx_word' id='word_1_41' title='bbox 1118 1361 1196 1413; x_wconf 83' lang='lat' dir='ltr'><strong>vel</strong></span> <span class='ocrx_word' id='word_1_42' title='bbox 1241 1361 1304 1414; x_wconf 84' lang='lat' dir='ltr'><strong>de</strong></span> <span class='ocrx_word' id='word_1_43' title='bbox 1355 1362 1618 1427; x_wconf 74' lang='lat' dir='ltr'><strong>operibus.</strong></span> <span class='ocrx_word' id='word_1_44' title='bbox 1668 1393 1735 1402; x_wconf 87' lang='lat'><strong>--</strong></span> <span class='ocrx_word' id='word_1_45' title='bbox 1766 1363 1886 1416; x_wconf 86' lang='lat' dir='ltr'><strong>Lin.</strong></span> <span class='ocrx_word' id='word_1_46' title='bbox 1922 1363 2010 1418; x_wconf 71' lang='grc'><strong>54.</strong></span> 
     </span>
    </p>
   </div>
   <div class='ocr_carea' id='block_1_11' title="bbox 439 1429 1832 1499">
    <p class='ocr_par' dir='ltr' id='par_1_11' title="bbox 439 1429 1832 1499">
     <span class='ocr_line' id='line_1_11' title="bbox 439 1429 1832 1499; baseline -0.001 -13"><span class='ocrx_word' id='word_1_47' title='bbox 439 1433 763 1499; x_wconf 54' lang='lat' dir='ltr'><strong>Babylonia.</strong></span> <span class='ocrx_word' id='word_1_48' title='bbox 799 1429 1172 1498; x_wconf 80' lang='lat' dir='ltr'><strong>Babylonium.</strong></span> <span class='ocrx_word' id='word_1_49' title='bbox 1207 1459 1276 1472; x_wconf 90' lang='lat'><strong>—</strong></span> <span class='ocrx_word' id='word_1_50' title='bbox 1313 1430 1432 1485; x_wconf 87' lang='lat' dir='ltr'><strong>Lin.</strong></span> <span class='ocrx_word' id='word_1_51' title='bbox 1463 1432 1552 1486; x_wconf 79' lang='grc'><strong>56.</strong></span> <span class='ocrx_word' id='word_1_52' title='bbox 1585 1432 1729 1498; x_wconf 83' lang='lat' dir='ltr'><strong>ejus,</strong></span> <span class='ocrx_word' id='word_1_53' title='bbox 1763 1434 1832 1485; x_wconf 88' lang='lat' dir='ltr'><strong>ci.</strong></span> 
     </span>
    </p>
   </div>
   <div class='ocr_carea' id='block_1_12' title="bbox 509 1500 2016 1570">
    <p class='ocr_par' dir='ltr' id='par_1_12' title="bbox 509 1500 2016 1570">
     <span class='ocr_line' id='line_1_12' title="bbox 509 1500 2016 1570; baseline -0.001 -15"><span class='ocrx_word' id='word_1_54' title='bbox 509 1505 901 1568; x_wconf 72' lang='lat' dir='ltr'><strong>Argumentum</strong></span> <span class='ocrx_word' id='word_1_55' title='bbox 930 1504 981 1554; x_wconf 88' lang='lat' dir='ltr'><strong>in</strong></span> <span class='ocrx_word' id='word_1_56' title='bbox 1018 1501 1363 1568; x_wconf 86' lang='lat' dir='ltr'><strong>Prophetiam</strong></span> <span class='ocrx_word' id='word_1_57' title='bbox 1396 1500 1565 1566; x_wconf 70' lang='lat' dir='ltr'><strong>Isaim,</strong></span> <span class='ocrx_word' id='word_1_58' title='bbox 1597 1501 1745 1570; x_wconf 76' lang='lat' dir='ltr'><strong>(Non</strong></span> <span class='ocrx_word' id='word_1_59' title='bbox 1797 1502 2016 1555; x_wconf 79' lang='lat' dir='ltr'><strong>habetur</strong></span> 
     </span>
    </p>
   </div>
   <div class='ocr_carea' id='block_1_13' title="bbox 438 1573 1357 1695">
    <p class='ocr_par' dir='ltr' id='par_1_13' title="bbox 438 1573 1357 1695">
     <span class='ocr_line' id='line_1_13' title="bbox 438 1573 1357 1695; baseline -0.005 -68"><span class='ocrx_word' id='word_1_60' title='bbox 438 1577 489 1627; x_wconf 87' lang='lat' dir='ltr'><strong>in</strong></span> <span class='ocrx_word' id='word_1_61' title='bbox 524 1573 667 1635; x_wconf 87' lang='lat' dir='ltr'><strong>cod.)</strong></span> <span class='ocrx_word' id='word_1_62' title='bbox 1073 1639 1302 1695; x_wconf 69' lang='lat' dir='ltr'><strong>CAPUT</strong></span> <span class='ocrx_word' id='word_1_63' title='bbox 1339 1640 1357 1693; x_wconf 69' lang='lat' dir='ltr'><strong>l</strong></span> 
     </span>
    </p>
   </div>
   <div class='ocr_carea' id='block_1_14' title="bbox 516 1729 2017 1800">
    <p class='ocr_par' dir='ltr' id='par_1_14' title="bbox 516 1729 2017 1800">
     <span class='ocr_line' id='line_1_14' title="bbox 516 1729 2017 1800; baseline -0.002 -13"><span class='ocrx_word' id='word_1_64' title='bbox 516 1735 656 1788; x_wconf 75' lang='lat' dir='ltr'><strong>I’ers.</strong></span> <span class='ocrx_word' id='word_1_65' title='bbox 697 1734 752 1789; x_wconf 83' lang='grc'><strong>5.</strong></span> <span class='ocrx_word' id='word_1_66' title='bbox 795 1734 987 1787; x_wconf 74' lang='lat' dir='ltr'><strong>Autem</strong></span> <span class='ocrx_word' id='word_1_67' title='bbox 1019 1748 1128 1794; x_wconf 85' lang='lat' dir='ltr'><strong>me,</strong></span> <span class='ocrx_word' id='word_1_68' title='bbox 1163 1732 1382 1800; x_wconf 83' lang='lat' dir='ltr'><strong>(Desunt</strong></span> <span class='ocrx_word' id='word_1_69' title='bbox 1420 1732 1474 1784; x_wconf 83' lang='lat' dir='ltr'><strong>in</strong></span> <span class='ocrx_word' id='word_1_70' title='bbox 1501 1731 1646 1798; x_wconf 87' lang='lat' dir='ltr'><strong>cod.)</strong></span> <span class='ocrx_word' id='word_1_71' title='bbox 1673 1762 1740 1772; x_wconf 91' lang='lat'><strong>-—</strong></span> <span class='ocrx_word' id='word_1_72' title='bbox 1779 1729 1918 1784; x_wconf 88' lang='lat' dir='ltr'><strong><em>Ibid.</em></strong></span> <span class='ocrx_word' id='word_1_73' title='bbox 1962 1742 2017 1784; x_wconf 74' lang='lat' dir='ltr'><strong>et</strong></span> 
     </span>
    </p>
   </div>
   <div class='ocr_carea' id='block_1_15' title="bbox 439 1801 2016 1870">
    <p class='ocr_par' dir='ltr' id='par_1_15' title="bbox 439 1801 2016 1870">
     <span class='ocr_line' id='line_1_15' title="bbox 439 1801 2016 1870; baseline 0.001 -17"><span class='ocrx_word' id='word_1_74' title='bbox 439 1806 694 1868; x_wconf 83' lang='lat' dir='ltr'><strong>populus.</strong></span> <span class='ocrx_word' id='word_1_75' title='bbox 735 1803 976 1870; x_wconf 83' lang='lat' dir='ltr'><strong>populus.</strong></span> <span class='ocrx_word' id='word_1_76' title='bbox 1015 1833 1084 1842; x_wconf 90' lang='lat'><strong>-—-</strong></span> <span class='ocrx_word' id='word_1_77' title='bbox 1115 1804 1167 1857; x_wconf 69' lang='grc'><strong>4.</strong></span> <span class='ocrx_word' id='word_1_78' title='bbox 1212 1803 1336 1855; x_wconf 83' lang='lat' dir='ltr'><strong>lilits</strong></span> <span class='ocrx_word' id='word_1_79' title='bbox 1388 1803 1692 1860; x_wconf 69' lang='lat' dir='ltr'><strong>sceleratis.</strong></span> <span class='ocrx_word' id='word_1_80' title='bbox 1730 1801 1826 1867; x_wconf 83' lang='lat' dir='ltr'><strong>ﬁlii</strong></span> <span class='ocrx_word' id='word_1_81' title='bbox 1857 1802 2016 1854; x_wconf 58' lang='lat' dir='ltr'><strong>scelea</strong></span> 
     </span>
    </p>
   </div>
   <div class='ocr_carea' id='block_1_16' title="bbox 440 1869 2015 1940">
    <p class='ocr_par' dir='ltr' id='par_1_16' title="bbox 440 1869 2015 1940">
     <span class='ocr_line' id='line_1_16' title="bbox 440 1869 2015 1940; baseline -0.001 -14"><span class='ocrx_word' id='word_1_82' title='bbox 440 1877 564 1928; x_wconf 87' lang='lat' dir='ltr'><strong>rati.</strong></span> <span class='ocrx_word' id='word_1_83' title='bbox 594 1904 660 1912; x_wconf 94' lang='lat'><strong>—</strong></span> <span class='ocrx_word' id='word_1_84' title='bbox 691 1869 743 1926; x_wconf 88' lang='lat'><strong>8.</strong></span> <span class='ocrx_word' id='word_1_85' title='bbox 779 1873 1205 1940; x_wconf 72' lang='lat' dir='ltr'><strong>derelinquetnr,</strong></span> <span class='ocrx_word' id='word_1_86' title='bbox 1237 1872 1579 1940; x_wconf 71' lang='lat' dir='ltr'><strong>relinquetur.</strong></span> <span class='ocrx_word' id='word_1_87' title='bbox 1612 1901 1679 1910; x_wconf 91' lang='lat'><strong><em>—</em></strong></span> <span class='ocrx_word' id='word_1_88' title='bbox 1715 1869 1853 1924; x_wconf 87' lang='lat' dir='ltr'><strong><em>Ibid.</em></strong></span> <span class='ocrx_word' id='word_1_89' title='bbox 1917 1887 2015 1924; x_wconf 83' lang='lat' dir='ltr'><strong>cu-</strong></span> 
     </span>
    </p>
   </div>
   <div class='ocr_carea' id='block_1_17' title="bbox 440 1941 2017 2006">
    <p class='ocr_par' dir='ltr' id='par_1_17' title="bbox 440 1941 2017 2006">
     <span class='ocr_line' id='line_1_17' title="bbox 440 1941 2017 2006; baseline -0.001 -12"><span class='ocrx_word' id='word_1_90' title='bbox 440 1945 769 2001; x_wconf 81' lang='lat' dir='ltr'><strong>cumerario.</strong></span> <span class='ocrx_word' id='word_1_91' title='bbox 799 1951 850 1997; x_wconf 90' lang='lat' dir='ltr'><strong>et</strong></span> <span class='ocrx_word' id='word_1_92' title='bbox 877 1943 1040 2006; x_wconf 90' lang='lat' dir='ltr'><strong>sicut,</strong></span> <span class='ocrx_word' id='word_1_93' title='bbox 1076 1944 1461 2002; x_wconf 84' lang='lat' dir='ltr'><strong>cucumerario,</strong></span> <span class='ocrx_word' id='word_1_94' title='bbox 1485 1944 1641 1995; x_wconf 72' lang='lat' dir='ltr'><strong>sicut.</strong></span> <span class='ocrx_word' id='word_1_95' title='bbox 1687 1941 1867 1993; x_wconf 80' lang='grc'><strong>-15.</strong></span> <span class='ocrx_word' id='word_1_96' title='bbox 1903 1957 2017 1993; x_wconf 70' lang='lat' dir='ltr'><strong>ex-</strong></span> 
     </span>
    </p>
   </div>
   <div class='ocr_carea' id='block_1_18' title="bbox 439 2010 2017 2081">
    <p class='ocr_par' dir='ltr' id='par_1_18' title="bbox 439 2010 2017 2081">
     <span class='ocr_line' id='line_1_18' title="bbox 439 2010 2017 2081; baseline -0.003 -16"><span class='ocrx_word' id='word_1_97' title='bbox 439 2015 675 2078; x_wconf 73' lang='lat' dir='ltr'><strong>audiam,</strong></span> <span class='ocrx_word' id='word_1_98' title='bbox 731 2015 971 2066; x_wconf 82' lang='lat' dir='ltr'><strong>audiam.</strong></span> <span class='ocrx_word' id='word_1_99' title='bbox 998 2043 1068 2054; x_wconf 88' lang='lat'><strong><em>—</em></strong></span> <span class='ocrx_word' id='word_1_100' title='bbox 1097 2012 1234 2065; x_wconf 87' lang='lat' dir='ltr'><strong><em>Ibid.</em></strong></span> <span class='ocrx_word' id='word_1_101' title='bbox 1273 2015 1438 2074; x_wconf 69' lang='lat' dir='ltr'><strong>cnim,</strong></span> <span class='ocrx_word' id='word_1_102' title='bbox 1478 2012 1652 2081; x_wconf 90' lang='lat' dir='ltr'><strong>(Deest</strong></span> <span class='ocrx_word' id='word_1_103' title='bbox 1684 2014 1739 2065; x_wconf 83' lang='lat' dir='ltr'><strong>in</strong></span> <span class='ocrx_word' id='word_1_104' title='bbox 1780 2010 1922 2074; x_wconf 89' lang='lat' dir='ltr'><strong>cod.)</strong></span> <span class='ocrx_word' id='word_1_105' title='bbox 1951 2040 2017 2050; x_wconf 95' lang='lat'>—</span> 
     </span>
    </p>
   </div>
   <div class='ocr_carea' id='block_1_19' title="bbox 439 2081 2019 2152">
    <p class='ocr_par' dir='ltr' id='par_1_19' title="bbox 439 2081 2019 2152">
     <span class='ocr_line' id='line_1_19' title="bbox 439 2081 2019 2152; baseline -0.004 -15"><span class='ocrx_word' id='word_1_106' title='bbox 439 2085 528 2137; x_wconf 84' lang='lat'><strong><em>2|.</em></strong></span> <span class='ocrx_word' id='word_1_107' title='bbox 563 2084 756 2152; x_wconf 67' lang='lat' dir='ltr'><strong>indicii</strong></span> <span class='ocrx_word' id='word_1_108' title='bbox 785 2083 827 2147; x_wconf 88' lang='lat'><strong>?,</strong></span> <span class='ocrx_word' id='word_1_109' title='bbox 874 2083 1127 2152; x_wconf 87' lang='lat' dir='ltr'><strong>judicio?</strong></span> <span class='ocrx_word' id='word_1_110' title='bbox 1159 2112 1229 2120; x_wconf 84' lang='lat'><strong>——</strong></span> <span class='ocrx_word' id='word_1_111' title='bbox 1256 2082 1347 2136; x_wconf 64' lang='lat'><strong>24.</strong></span> <span class='ocrx_word' id='word_1_112' title='bbox 1413 2083 1572 2147; x_wconf 79' lang='lat' dir='ltr'><strong>Deus,</strong></span> <span class='ocrx_word' id='word_1_113' title='bbox 1609 2081 1748 2151; x_wconf 85' lang='lat' dir='ltr'><strong>(Non</strong></span> <span class='ocrx_word' id='word_1_114' title='bbox 1796 2081 2019 2133; x_wconf 83' lang='lat' dir='ltr'><strong>habetur</strong></span> 
     </span>
    </p>
   </div>
   <div class='ocr_carea' id='block_1_20' title="bbox 439 2156 1376 2277">
    <p class='ocr_par' dir='ltr' id='par_1_20' title="bbox 439 2156 1376 2277">
     <span class='ocr_line' id='line_1_20' title="bbox 439 2156 1376 2277; baseline -0.005 2"><span class='ocrx_word' id='word_1_115' title='bbox 439 2157 492 2208; x_wconf 50' lang='lat' dir='ltr'><strong>in</strong></span> <span class='ocrx_word' id='word_1_116' title='bbox 521 2156 663 2220; x_wconf 54' lang='grc' dir='ltr'><strong>Μ’)</strong></span> <span class='ocrx_word' id='word_1_117' title='bbox 1038 2221 1266 2277; x_wconf 58' lang='lat' dir='ltr'><strong>CAPUT</strong></span> <span class='ocrx_word' id='word_1_118' title='bbox 1311 2222 1376 2274; x_wconf 83' lang='grc' dir='ltr'><strong>η.</strong></span> 
     </span>
    </p>
   </div>
   <div class='ocr_carea' id='block_1_21' title="bbox 527 2313 2014 2377">
    <p class='ocr_par' dir='ltr' id='par_1_21' title="bbox 527 2313 2014 2377">
     <span class='ocr_line' id='line_1_21' title="bbox 527 2313 2014 2377; baseline 0 -10"><span class='ocrx_word' id='word_1_119' title='bbox 527 2313 676 2368; x_wconf 83' lang='lat' dir='ltr'><strong>Vers.</strong></span> <span class='ocrx_word' id='word_1_120' title='bbox 708 2315 762 2368; x_wconf 86' lang='grc'><strong>5.</strong></span> <span class='ocrx_word' id='word_1_121' title='bbox 793 2315 991 2377; x_wconf 81' lang='lat' dir='ltr'><strong>venite,</strong></span> <span class='ocrx_word' id='word_1_122' title='bbox 1017 2324 1070 2368; x_wconf 91' lang='lat' dir='ltr'><strong>et</strong></span> <span class='ocrx_word' id='word_1_123' title='bbox 1123 2315 1500 2373; x_wconf 80' lang='lat' dir='ltr'><strong>ascendamus.</strong></span> <span class='ocrx_word' id='word_1_124' title='bbox 1537 2316 1722 2372; x_wconf 83' lang='lat' dir='ltr'><strong>uenite.</strong></span> <span class='ocrx_word' id='word_1_125' title='bbox 1754 2318 2014 2369; x_wconf 66' lang='lat' dir='ltr'><strong>ascenda»</strong></span> 
     </span>
    </p>
   </div>
   <div class='ocr_carea' id='block_1_22' title="bbox 445 2384 2012 2456">
    <p class='ocr_par' dir='ltr' id='par_1_22' title="bbox 445 2384 2012 2456">
     <span class='ocr_line' id='line_1_22' title="bbox 445 2384 2012 2456; baseline 0 -18"><span class='ocrx_word' id='word_1_126' title='bbox 445 2402 582 2439; x_wconf 87' lang='lat' dir='ltr'><strong>mus.</strong></span> <span class='ocrx_word' id='word_1_127' title='bbox 611 2413 678 2424; x_wconf 88' lang='lat'><strong>-—</strong></span> <span class='ocrx_word' id='word_1_128' title='bbox 711 2385 868 2439; x_wconf 82' lang='lat' dir='ltr'><strong>I0.et</strong></span> <span class='ocrx_word' id='word_1_129' title='bbox 893 2385 1225 2437; x_wconf 81' lang='lat' dir='ltr'><strong>abscondere</strong></span> <span class='ocrx_word' id='word_1_130' title='bbox 1252 2385 1302 2436; x_wconf 92' lang='lat' dir='ltr'><strong>in</strong></span> <span class='ocrx_word' id='word_1_131' title='bbox 1326 2384 1828 2456; x_wconf 72' lang='lat' dir='ltr'><strong>fossaabscondere</strong></span> <span class='ocrx_word' id='word_1_132' title='bbox 1849 2387 2012 2456; x_wconf 80' lang='lat' dir='ltr'><strong>fossa.</strong></span> 
     </span>
    </p>
   </div>
   <div class='ocr_carea' id='block_1_23' title="bbox 443 2455 2012 2522">
    <p class='ocr_par' dir='ltr' id='par_1_23' title="bbox 443 2455 2012 2522">
     <span class='ocr_line' id='line_1_23' title="bbox 443 2455 2012 2522; baseline -0.001 -14"><span class='ocrx_word' id='word_1_133' title='bbox 443 2486 512 2496; x_wconf 72' lang='lat'><strong>-—</strong></span> <span class='ocrx_word' id='word_1_134' title='bbox 541 2456 626 2508; x_wconf 81' lang='lat' dir='ltr'><strong>I2.</strong></span> <span class='ocrx_word' id='word_1_135' title='bbox 661 2469 878 2509; x_wconf 83' lang='lat' dir='ltr'><strong>onmem</strong></span> <span class='ocrx_word' id='word_1_136' title='bbox 905 2456 1217 2522; x_wconf 87' lang='lat' dir='ltr'><strong>superbum,</strong></span> <span class='ocrx_word' id='word_1_137' title='bbox 1251 2465 1300 2507; x_wconf 88' lang='lat' dir='ltr'><strong>et</strong></span> <span class='ocrx_word' id='word_1_138' title='bbox 1363 2455 1661 2517; x_wconf 81' lang='lat' dir='ltr'><strong>excelsum,</strong></span> <span class='ocrx_word' id='word_1_139' title='bbox 1718 2466 1772 2509; x_wconf 87' lang='lat' dir='ltr'><strong>et</strong></span> <span class='ocrx_word' id='word_1_140' title='bbox 1829 2472 2012 2521; x_wconf 77' lang='lat' dir='ltr'><strong>super,</strong></span> 
     </span>
    </p>
   </div>
   <div class='ocr_carea' id='block_1_24' title="bbox 447 2523 2016 2594">
    <p class='ocr_par' dir='ltr' id='par_1_24' title="bbox 447 2523 2016 2594">
     <span class='ocr_line' id='line_1_24' title="bbox 447 2523 2016 2594; baseline 0 -16"><span class='ocrx_word' id='word_1_141' title='bbox 447 2526 668 2592; x_wconf 81' lang='lat' dir='ltr'><strong>(Desunt</strong></span> <span class='ocrx_word' id='word_1_142' title='bbox 698 2527 752 2578; x_wconf 90' lang='lat' dir='ltr'><strong>in</strong></span> <span class='ocrx_word' id='word_1_143' title='bbox 791 2523 946 2589; x_wconf 81' lang='lat' dir='ltr'><strong>cod.)</strong></span> <span class='ocrx_word' id='word_1_144' title='bbox 979 2556 1047 2563; x_wconf 96' lang='lat'><strong>—</strong></span> <span class='ocrx_word' id='word_1_145' title='bbox 1075 2525 1161 2578; x_wconf 91' lang='grc'><strong>15.</strong></span> <span class='ocrx_word' id='word_1_146' title='bbox 1195 2538 1360 2592; x_wconf 87' lang='lat' dir='ltr'><strong>super</strong></span> <span class='ocrx_word' id='word_1_147' title='bbox 1382 2539 1571 2578; x_wconf 89' lang='lat' dir='ltr'><strong>onmes</strong></span> <span class='ocrx_word' id='word_1_148' title='bbox 1604 2526 1817 2581; x_wconf 88' lang='lat' dir='ltr'><strong>cedros.</strong></span> <span class='ocrx_word' id='word_1_149' title='bbox 1861 2542 2016 2594; x_wconf 75' lang='lat' dir='ltr'><strong>super</strong></span> 
     </span>
    </p>
   </div>
   <div class='ocr_carea' id='block_1_25' title="bbox 444 2594 1695 2665">
    <p class='ocr_par' dir='ltr' id='par_1_25' title="bbox 444 2594 1695 2665">
     <span class='ocr_line' id='line_1_25' title="bbox 444 2594 1695 2665; baseline 0 -17"><span class='ocrx_word' id='word_1_150' title='bbox 444 2599 648 2651; x_wconf 71' lang='lat' dir='ltr'><strong>cedi-os.</strong></span> <span class='ocrx_word' id='word_1_151' title='bbox 679 2627 748 2638; x_wconf 89' lang='lat'><strong>--</strong></span> <span class='ocrx_word' id='word_1_152' title='bbox 767 2596 858 2650; x_wconf 86' lang='lat'><strong>22.</strong></span> <span class='ocrx_word' id='word_1_153' title='bbox 883 2594 1000 2665; x_wconf 83' lang='lat' dir='ltr'><strong>ejus</strong></span> <span class='ocrx_word' id='word_1_154' title='bbox 1029 2605 1111 2650; x_wconf 88' lang='lat' dir='ltr'><strong>est</strong></span> <span class='ocrx_word' id='word_1_155' title='bbox 1140 2611 1155 2660; x_wconf 91' lang='lat'><strong>;</strong></span> <span class='ocrx_word' id='word_1_156' title='bbox 1191 2595 1336 2660; x_wconf 83' lang='lat' dir='ltr'><strong>quia,</strong></span> <span class='ocrx_word' id='word_1_157' title='bbox 1366 2594 1480 2662; x_wconf 94' lang='lat' dir='ltr'><strong>ejus</strong></span> <span class='ocrx_word' id='word_1_158' title='bbox 1510 2610 1525 2660; x_wconf 90' lang='lat'>;</span> <span class='ocrx_word' id='word_1_159' title='bbox 1550 2596 1695 2664; x_wconf 88' lang='lat' dir='ltr'><strong>quia.</strong></span> 
     </span>
    </p>
   </div>
   <div class='ocr_carea' id='block_1_26' title="bbox 1047 2707 1400 2765">
    <p class='ocr_par' dir='ltr' id='par_1_26' title="bbox 1047 2707 1400 2765">
     <span class='ocr_line' id='line_1_26' title="bbox 1047 2707 1400 2765; baseline -0.006 -2"><span class='ocrx_word' id='word_1_160' title='bbox 1047 2707 1275 2765; x_wconf 85' lang='lat' dir='ltr'><strong>CAPUT</strong></span> <span class='ocrx_word' id='word_1_161' title='bbox 1313 2708 1400 2763; x_wconf 92' lang='lat' dir='ltr'><strong>III.</strong></span> 
     </span>
    </p>
   </div>
   <div class='ocr_carea' id='block_1_27' title="bbox 525 2799 2014 2869">
    <p class='ocr_par' dir='ltr' id='par_1_27' title="bbox 525 2799 2014 2869">
     <span class='ocr_line' id='line_1_27' title="bbox 525 2799 2014 2869; baseline -0.002 -14"><span class='ocrx_word' id='word_1_162' title='bbox 525 2802 676 2857; x_wconf 76' lang='lat' dir='ltr'><strong>i’ers.</strong></span> <span class='ocrx_word' id='word_1_163' title='bbox 715 2803 768 2856; x_wconf 96' lang='grc'><strong>5.</strong></span> <span class='ocrx_word' id='word_1_164' title='bbox 817 2812 871 2855; x_wconf 87' lang='lat' dir='ltr'><strong>et</strong></span> <span class='ocrx_word' id='word_1_165' title='bbox 919 2800 1252 2869; x_wconf 77' lang='lat' dir='ltr'><strong>Sapientem,</strong></span> <span class='ocrx_word' id='word_1_166' title='bbox 1300 2801 1599 2866; x_wconf 72' lang='lat' dir='ltr'><strong>Sapientem</strong></span> <span class='ocrx_word' id='word_1_167' title='bbox 1629 2812 1698 2853; x_wconf 88' lang='lat' dir='ltr'><strong>et.</strong></span> <span class='ocrx_word' id='word_1_168' title='bbox 1752 2827 1821 2842; x_wconf 86' lang='lat'><strong>--</strong></span> <span class='ocrx_word' id='word_1_169' title='bbox 1853 2799 1906 2854; x_wconf 83' lang='lat'><strong>5.</strong></span> <span class='ocrx_word' id='word_1_170' title='bbox 1959 2810 2014 2853; x_wconf 85' lang='lat' dir='ltr'><strong>et</strong></span> 
     </span>
    </p>
   </div>
   <div class='ocr_carea' id='block_1_28' title="bbox 447 2871 2014 2940">
    <p class='ocr_par' dir='ltr' id='par_1_28' title="bbox 447 2871 2014 2940">
     <span class='ocr_line' id='line_1_28' title="bbox 447 2871 2014 2940; baseline -0.001 -18"><span class='ocrx_word' id='word_1_171' title='bbox 447 2875 841 2940; x_wconf 74' lang='lat' dir='ltr'><strong>unusquisque.</strong></span> <span class='ocrx_word' id='word_1_172' title='bbox 890 2872 1261 2939; x_wconf 75' lang='lat' dir='ltr'><strong>unusquisque.</strong></span> <span class='ocrx_word' id='word_1_173' title='bbox 1293 2901 1356 2910; x_wconf 93' lang='lat'><strong>——</strong></span> <span class='ocrx_word' id='word_1_174' title='bbox 1395 2872 1446 2924; x_wconf 95' lang='lat'><strong>7.</strong></span> <span class='ocrx_word' id='word_1_175' title='bbox 1498 2887 1604 2934; x_wconf 89' lang='lat' dir='ltr'><strong>me,</strong></span> <span class='ocrx_word' id='word_1_176' title='bbox 1668 2871 1806 2929; x_wconf 83' lang='lat' dir='ltr'><strong>(Non</strong></span> <span class='ocrx_word' id='word_1_177' title='bbox 1854 2881 1929 2923; x_wconf 80' lang='lat' dir='ltr'><strong>est</strong></span> <span class='ocrx_word' id='word_1_178' title='bbox 1959 2872 2014 2922; x_wconf 89' lang='lat' dir='ltr'><strong>in</strong></span> 
     </span>
    </p>
   </div>
   <div class='ocr_carea' id='block_1_29' title="bbox 449 2940 2011 3005">
    <p class='ocr_par' dir='ltr' id='par_1_29' title="bbox 449 2940 2011 3005">
     <span class='ocr_line' id='line_1_29' title="bbox 449 2940 2011 3005; baseline 0 -13"><span class='ocrx_word' id='word_1_179' title='bbox 449 2943 589 3003; x_wconf 80' lang='lat' dir='ltr'><strong>rod.)</strong></span> <span class='ocrx_word' id='word_1_180' title='bbox 617 2973 685 2982; x_wconf 94' lang='lat'><strong>—</strong></span> <span class='ocrx_word' id='word_1_181' title='bbox 709 2949 762 2996; x_wconf 79' lang='lat'><strong><em>9.</em></strong></span> <span class='ocrx_word' id='word_1_182' title='bbox 795 2942 1054 3005; x_wconf 82' lang='lat' dir='ltr'><strong>Sodoma,</strong></span> <span class='ocrx_word' id='word_1_183' title='bbox 1113 2940 1376 2994; x_wconf 63' lang='lat' dir='ltr'><strong>Sodomae.</strong></span> <span class='ocrx_word' id='word_1_184' title='bbox 1412 2941 1591 2995; x_wconf 71' lang='grc'><strong>-14.</strong></span> <span class='ocrx_word' id='word_1_185' title='bbox 1646 2941 1882 3004; x_wconf 72' lang='lat' dir='ltr'><strong>vineam,</strong></span> <span class='ocrx_word' id='word_1_186' title='bbox 1937 2949 2011 3002; x_wconf 91' lang='lat' dir='ltr'><strong>et,</strong></span> 
     </span>
    </p>
   </div>
   <div class='ocr_carea' id='block_1_30' title="bbox 448 3009 2014 3078">
    <p class='ocr_par' dir='ltr' id='par_1_30' title="bbox 448 3009 2014 3078">
     <span class='ocr_line' id='line_1_30' title="bbox 448 3009 2014 3078; baseline 0.001 -16"><span class='ocrx_word' id='word_1_187' title='bbox 448 3013 652 3066; x_wconf 80' lang='lat' dir='ltr'><strong>uincam</strong></span> <span class='ocrx_word' id='word_1_188' title='bbox 687 3028 877 3076; x_wconf 87' lang='lat' dir='ltr'><strong>meam,</strong></span> <span class='ocrx_word' id='word_1_189' title='bbox 909 3020 981 3065; x_wconf 85' lang='lat' dir='ltr'><strong>et.</strong></span> <span class='ocrx_word' id='word_1_190' title='bbox 1005 3041 1073 3048; x_wconf 95' lang='lat'><strong>—</strong></span> <span class='ocrx_word' id='word_1_191' title='bbox 1112 3009 1255 3062; x_wconf 90' lang='lat' dir='ltr'><strong><em>Ibid.</em></strong></span> <span class='ocrx_word' id='word_1_192' title='bbox 1298 3009 1568 3078; x_wconf 85' lang='lat' dir='ltr'><strong>pauperis,</strong></span> <span class='ocrx_word' id='word_1_193' title='bbox 1611 3026 1918 3076; x_wconf 82' lang='lat' dir='ltr'><strong>pauperum.</strong></span> <span class='ocrx_word' id='word_1_194' title='bbox 1947 3040 2014 3051; x_wconf 90' lang='lat'><strong>—-</strong></span> 
     </span>
    </p>
   </div>
   <div class='ocr_carea' id='block_1_31' title="bbox 454 3080 2017 3149">
    <p class='ocr_par' dir='ltr' id='par_1_31' title="bbox 454 3080 2017 3149">
     <span class='ocr_line' id='line_1_31' title="bbox 454 3080 2017 3149; baseline -0.001 -16"><span class='ocrx_word' id='word_1_195' title='bbox 454 3081 536 3134; x_wconf 71' lang='lat'><strong>16.</strong></span> <span class='ocrx_word' id='word_1_196' title='bbox 563 3081 754 3147; x_wconf 67' lang='lat' dir='ltr'><strong>gradu,</strong></span> <span class='ocrx_word' id='word_1_197' title='bbox 789 3097 993 3149; x_wconf 82' lang='lat' dir='ltr'><strong>gressu.</strong></span> <span class='ocrx_word' id='word_1_198' title='bbox 1025 3111 1096 3128; x_wconf 76' lang='lat'><strong>—</strong></span> <span class='ocrx_word' id='word_1_199' title='bbox 1130 3081 1215 3134; x_wconf 84' lang='grc'><strong>19.</strong></span> <span class='ocrx_word' id='word_1_200' title='bbox 1263 3090 1317 3133; x_wconf 87' lang='lat' dir='ltr'><strong>et</strong></span> <span class='ocrx_word' id='word_1_201' title='bbox 1368 3080 1776 3145; x_wconf 82' lang='lat' dir='ltr'><strong>discriminalta,</strong></span> <span class='ocrx_word' id='word_1_202' title='bbox 1829 3080 2017 3135; x_wconf 70' lang='lat' dir='ltr'><strong>discri-</strong></span> 
     </span>
    </p>
   </div>
   <div class='ocr_carea' id='block_1_32' title="bbox 448 3150 1382 3219">
    <p class='ocr_par' dir='ltr' id='par_1_32' title="bbox 448 3150 1382 3219">
     <span class='ocr_line' id='line_1_32' title="bbox 448 3150 1382 3219; baseline -0.002 -15"><span class='ocrx_word' id='word_1_203' title='bbox 448 3151 687 3206; x_wconf 87' lang='lat' dir='ltr'><strong>minalia.</strong></span> <span class='ocrx_word' id='word_1_204' title='bbox 731 3181 797 3191; x_wconf 95' lang='lat'><strong><em>—</em></strong></span> <span class='ocrx_word' id='word_1_205' title='bbox 821 3152 908 3203; x_wconf 83' lang='lat'><strong><em>20.</em></strong></span> <span class='ocrx_word' id='word_1_206' title='bbox 933 3150 1170 3219; x_wconf 84' lang='lat' dir='ltr'><strong>palliola.</strong></span> <span class='ocrx_word' id='word_1_207' title='bbox 1194 3150 1382 3217; x_wconf 86' lang='lat' dir='ltr'><strong>pallia.</strong></span> 
     </span>
    </p>
   </div>
   <div class='ocr_carea' id='block_1_33' title="bbox 1041 3258 1396 3315">
    <p class='ocr_par' dir='ltr' id='par_1_33' title="bbox 1041 3258 1396 3315">
     <span class='ocr_line' id='line_1_33' title="bbox 1041 3258 1396 3315; baseline -0.011 0"><span class='ocrx_word' id='word_1_208' title='bbox 1041 3258 1269 3315; x_wconf 80' lang='lat' dir='ltr'><strong>CAPUT</strong></span> <span class='ocrx_word' id='word_1_209' title='bbox 1309 3260 1396 3312; x_wconf 89' lang='lat' dir='ltr'><strong>IV.</strong></span> 
     </span>
    </p>
   </div>
   <div class='ocr_carea' id='block_1_34' title="bbox 527 3375 2020 3445">
    <p class='ocr_par' dir='ltr' id='par_1_34' title="bbox 527 3375 2020 3445">
     <span class='ocr_line' id='line_1_34' title="bbox 527 3375 2020 3445; baseline -0.003 -13"><span class='ocrx_word' id='word_1_210' title='bbox 527 3379 679 3432; x_wconf 71' lang='lat' dir='ltr'><strong>Vers.</strong></span> <span class='ocrx_word' id='word_1_211' title='bbox 713 3379 761 3430; x_wconf 86' lang='grc'><strong>1.</strong></span> <span class='ocrx_word' id='word_1_212' title='bbox 797 3379 1094 3445; x_wconf 63' lang='lat' dir='ltr'><strong>invocetur,</strong></span> <span class='ocrx_word' id='word_1_213' title='bbox 1133 3385 1363 3445; x_wconf 75' lang='lat' dir='ltr'><strong>vocetur.</strong></span> <span class='ocrx_word' id='word_1_214' title='bbox 1400 3405 1467 3414; x_wconf 95' lang='lat'>—</span> <span class='ocrx_word' id='word_1_215' title='bbox 1500 3375 1554 3428; x_wconf 95' lang='lat'><strong>2.</strong></span> <span class='ocrx_word' id='word_1_216' title='bbox 1595 3384 1647 3428; x_wconf 89' lang='lat' dir='ltr'><strong>et</strong></span> <span class='ocrx_word' id='word_1_217' title='bbox 1675 3375 1938 3445; x_wconf 79' lang='lat' dir='ltr'><strong>gloria,&#39;et</strong></span> <span class='ocrx_word' id='word_1_218' title='bbox 1965 3377 2020 3430; x_wconf 84' lang='lat' dir='ltr'><strong><em>in</em></strong></span> 
     </span>
    </p>
   </div>
   <div class='ocr_carea' id='block_1_35' title="bbox 451 3443 2018 3520">
    <p class='ocr_par' dir='ltr' id='par_1_35' title="bbox 451 3443 2018 3520">
     <span class='ocr_line' id='line_1_35' title="bbox 451 3443 2018 3520; baseline -0.003 -17"><span class='ocrx_word' id='word_1_219' title='bbox 451 3451 642 3520; x_wconf 80' lang='lat' dir='ltr'><strong>gloria.</strong></span> <span class='ocrx_word' id='word_1_220' title='bbox 675 3477 743 3486; x_wconf 89' lang='lat'><strong><em>—</em></strong></span> <span class='ocrx_word' id='word_1_221' title='bbox 777 3447 829 3520; x_wconf 66' lang='lat'><strong>3.</strong></span> <span class='ocrx_word' id='word_1_222' title='bbox 851 3443 1594 3520; x_wconf 65' lang='lat' dir='ltr'><strong>in_JerusaletIt,Jerusalem.</strong></span> <span class='ocrx_word' id='word_1_223' title='bbox 1807 3447 2018 3510; x_wconf 83' lang='lat' dir='ltr'><strong>sordes,</strong></span> 
     </span>
    </p>
   </div>
   <div class='ocr_carea' id='block_1_36' title="bbox 452 3515 2018 3584">
    <p class='ocr_par' dir='ltr' id='par_1_36' title="bbox 452 3515 2018 3584">
     <span class='ocr_line' id='line_1_36' title="bbox 452 3515 2018 3584; baseline -0.004 -10"><span class='ocrx_word' id='word_1_224' title='bbox 452 3515 680 3574; x_wconf 63' lang='lat' dir='ltr'><strong>Sordem.</strong></span> <span class='ocrx_word' id='word_1_225' title='bbox 707 3547 775 3556; x_wconf 89' lang='lat'><strong>——-</strong></span> <span class='ocrx_word' id='word_1_226' title='bbox 805 3516 945 3569; x_wconf 91' lang='lat' dir='ltr'><strong><em>Ibid.</em></strong></span> <span class='ocrx_word' id='word_1_227' title='bbox 979 3516 1029 3567; x_wconf 90' lang='lat' dir='ltr'><strong>in</strong></span> <span class='ocrx_word' id='word_1_228' title='bbox 1049 3515 1263 3581; x_wconf 77' lang='lat' dir='ltr'><strong>spiritu,</strong></span> <span class='ocrx_word' id='word_1_229' title='bbox 1297 3517 1534 3584; x_wconf 83' lang='lat' dir='ltr'><strong>spiritus,</strong></span> <span class='ocrx_word' id='word_1_230' title='bbox 1565 3547 1632 3555; x_wconf 92' lang='lat'><strong>-—</strong></span> <span class='ocrx_word' id='word_1_231' title='bbox 1656 3515 1796 3580; x_wconf 84' lang='lat' dir='ltr'><strong>Ibid,</strong></span> <span class='ocrx_word' id='word_1_232' title='bbox 1824 3517 2018 3584; x_wconf 79' lang='lat' dir='ltr'><strong>Spiritu</strong></span> 
     </span>
    </p>
   </div>
   <div class='ocr_carea' id='block_1_37' title="bbox 454 3583 2016 3654">
    <p class='ocr_par' dir='ltr' id='par_1_37' title="bbox 454 3583 2016 3654">
     <span class='ocr_line' id='line_1_37' title="bbox 454 3583 2016 3654; baseline -0.001 -11"><span class='ocrx_word' id='word_1_233' title='bbox 454 3590 686 3653; x_wconf 80' lang='lat' dir='ltr'><strong>ardoris,</strong></span> <span class='ocrx_word' id='word_1_234' title='bbox 715 3587 929 3654; x_wconf 76' lang='lat' dir='ltr'><strong>spiritus</strong></span> <span class='ocrx_word' id='word_1_235' title='bbox 959 3583 1189 3640; x_wconf 82' lang='lat' dir='ltr'><strong>ardoris.</strong></span> <span class='ocrx_word' id='word_1_236' title='bbox 1234 3613 1303 3622; x_wconf 86' lang='lat'><strong>——</strong></span> <span class='ocrx_word' id='word_1_237' title='bbox 1332 3583 1385 3638; x_wconf 83' lang='lat'><strong>5.</strong></span> <span class='ocrx_word' id='word_1_238' title='bbox 1410 3586 1462 3639; x_wconf 91' lang='lat' dir='ltr'><strong>in</strong></span> <span class='ocrx_word' id='word_1_239' title='bbox 1488 3597 1663 3648; x_wconf 87' lang='lat' dir='ltr'><strong>nocte,</strong></span> <span class='ocrx_word' id='word_1_240' title='bbox 1685 3601 1777 3653; x_wconf 85' lang='lat' dir='ltr'><strong>per</strong></span> <span class='ocrx_word' id='word_1_241' title='bbox 1796 3583 2016 3641; x_wconf 85' lang='lat' dir='ltr'><strong>noctem.</strong></span> 
     </span>
    </p>
   </div>
   <div class='ocr_carea' id='block_1_38' title="bbox 1077 3699 1408 3758">
    <p class='ocr_par' dir='ltr' id='par_1_38' title="bbox 1077 3699 1408 3758">
     <span class='ocr_line' id='line_1_38' title="bbox 1077 3699 1408 3758; baseline -0.009 0"><span class='ocrx_word' id='word_1_242' title='bbox 1077 3699 1304 3758; x_wconf 97' lang='lat' dir='ltr'><strong>CAPUT</strong></span> <span class='ocrx_word' id='word_1_243' title='bbox 1344 3700 1408 3755; x_wconf 86' lang='lat' dir='ltr'><strong>V.</strong></span> 
     </span>
    </p>
   </div>
   <div class='ocr_carea' id='block_1_39' title="bbox 535 3793 2014 3864">
    <p class='ocr_par' dir='ltr' id='par_1_39' title="bbox 535 3793 2014 3864">
     <span class='ocr_line' id='line_1_39' title="bbox 535 3793 2014 3864; baseline -0.001 -12"><span class='ocrx_word' id='word_1_244' title='bbox 535 3798 682 3852; x_wconf 76' lang='lat' dir='ltr'><strong>Vera.</strong></span> <span class='ocrx_word' id='word_1_245' title='bbox 713 3797 769 3851; x_wconf 89' lang='grc'><strong>5.</strong></span> <span class='ocrx_word' id='word_1_246' title='bbox 797 3795 920 3855; x_wconf 81' lang='lat' dir='ltr'><strong>viri.</strong></span> <span class='ocrx_word' id='word_1_247' title='bbox 953 3798 1050 3852; x_wconf 81' lang='lat' dir='ltr'><strong>vir.</strong></span> <span class='ocrx_word' id='word_1_248' title='bbox 1073 3824 1144 3836; x_wconf 89' lang='grc'><strong><em>--</em></strong></span> <span class='ocrx_word' id='word_1_249' title='bbox 1173 3799 1227 3852; x_wconf 81' lang='lat'><strong>5.</strong></span> <span class='ocrx_word' id='word_1_250' title='bbox 1257 3811 1376 3864; x_wconf 77' lang='lat' dir='ltr'><strong>ego.</strong></span> <span class='ocrx_word' id='word_1_251' title='bbox 1410 3793 1588 3862; x_wconf 88' lang='lat' dir='ltr'><strong>(Deest</strong></span> <span class='ocrx_word' id='word_1_252' title='bbox 1620 3796 1674 3848; x_wconf 88' lang='lat' dir='ltr'><strong>in</strong></span> <span class='ocrx_word' id='word_1_253' title='bbox 1704 3795 1845 3864; x_wconf 90' lang='lat' dir='ltr'><strong>cod.)</strong></span> <span class='ocrx_word' id='word_1_254' title='bbox 1866 3826 1934 3836; x_wconf 95' lang='lat'><strong><em>—</em></strong></span> <span class='ocrx_word' id='word_1_255' title='bbox 1963 3797 2014 3852; x_wconf 88' lang='lat'><strong><em>7.</em></strong></span> 
     </span>
    </p>
   </div>
   <div class='ocr_carea' id='block_1_40' title="bbox 451 3866 2019 3940">
    <p class='ocr_par' dir='ltr' id='par_1_40' title="bbox 451 3866 2019 3940">
     <span class='ocr_line' id='line_1_40' title="bbox 451 3866 2019 3940; baseline -0.011 -16"><span class='ocrx_word' id='word_1_256' title='bbox 451 3870 738 3940; x_wconf 77' lang='lat' dir='ltr'><strong>justitiam,</strong></span> <span class='ocrx_word' id='word_1_257' title='bbox 782 3867 1073 3940; x_wconf 65' lang='lat' dir='ltr'><strong>injustitia.</strong></span> <span class='ocrx_word' id='word_1_258' title='bbox 1103 3898 1170 3910; x_wconf 70' lang='grc' dir='ltr'><strong>-ι-</strong></span> <span class='ocrx_word' id='word_1_259' title='bbox 1203 3867 1270 3940; x_wconf 32' lang='grc'><strong>8.-</strong></span> <span class='ocrx_word' id='word_1_260' title='bbox 1305 3879 1482 3940; x_wconf 35' lang='lat' dir='ltr'><strong>agro,</strong></span> <span class='ocrx_word' id='word_1_261' title='bbox 1509 3866 1580 3940; x_wconf 75' lang='lat' dir='ltr'><strong><em>ad</em></strong></span> <span class='ocrx_word' id='word_1_262' title='bbox 1620 3881 1836 3940; x_wconf 67' lang='lat' dir='ltr'><strong>agru_m,_</strong></span> <span class='ocrx_word' id='word_1_263' title='bbox 1867 3867 2019 3940; x_wconf 65' lang='lat'><strong>..__9,</strong></span> 
     </span>
    </p>
   </div>
   <div class='ocr_carea' id='block_1_41' title="bbox 455 3933 2024 4004">
    <p class='ocr_par' dir='ltr' id='par_1_41' title="bbox 455 3933 2024 4004">
     <span class='ocr_line' id='line_1_41' title="bbox 455 3933 2024 4004; baseline -0.004 -10"><span class='ocrx_word' id='word_1_264' title='bbox 455 3933 608 4001; x_wconf 74' lang='lat' dir='ltr'><strong>meis,</strong></span> <span class='ocrx_word' id='word_1_265' title='bbox 634 3938 772 4004; x_wconf 83' lang='lat' dir='ltr'><strong>(Non</strong></span> <span class='ocrx_word' id='word_1_266' title='bbox 805 3933 1024 3990; x_wconf 81' lang='lat' dir='ltr'><strong>habetur</strong></span> <span class='ocrx_word' id='word_1_267' title='bbox 1057 3937 1110 3990; x_wconf 89' lang='lat' dir='ltr'><strong>in</strong></span> <span class='ocrx_word' id='word_1_268' title='bbox 1141 3936 1279 4004; x_wconf 90' lang='lat' dir='ltr'><strong>cod.)</strong></span> <span class='ocrx_word' id='word_1_269' title='bbox 1306 3933 1376 3974; x_wconf 65' lang='grc' dir='ltr'><strong>-έ-</strong></span> <span class='ocrx_word' id='word_1_270' title='bbox 1403 3933 1540 3987; x_wconf 83' lang='lat' dir='ltr'><strong><em>Ibid.</em></strong></span> <span class='ocrx_word' id='word_1_271' title='bbox 1571 3937 1701 3992; x_wconf 72' lang='lat' dir='ltr'><strong>brec.</strong></span> <span class='ocrx_word' id='word_1_272' title='bbox 1732 3936 1866 3990; x_wconf 83' lang='lat' dir='ltr'><strong>dicit</strong></span> <span class='ocrx_word' id='word_1_273' title='bbox 1923 3937 2024 3987; x_wconf 82' lang='lat' dir='ltr'><strong>Do-</strong></span> 
     </span>
    </p>
   </div>
   <div class='ocr_carea' id='block_1_42' title="bbox 456 4005 2015 4066">
    <p class='ocr_par' dir='ltr' id='par_1_42' title="bbox 456 4005 2015 4066">
     <span class='ocr_line' id='line_1_42' title="bbox 456 4005 2015 4066; baseline -0.003 -4"><span class='ocrx_word' id='word_1_274' title='bbox 456 4013 636 4063; x_wconf 84' lang='lat' dir='ltr'><strong>minus</strong></span> <span class='ocrx_word' id='word_1_275' title='bbox 676 4008 1034 4066; x_wconf 74' lang='lat' dir='ltr'><strong>exercituum,</strong></span> <span class='ocrx_word' id='word_1_276' title='bbox 1073 4008 1182 4061; x_wconf 78' lang='lat' dir='ltr'><strong>Itwc</strong></span> <span class='ocrx_word' id='word_1_277' title='bbox 1213 4005 1420 4058; x_wconf 86' lang='lat' dir='ltr'><strong>Domini</strong></span> <span class='ocrx_word' id='word_1_278' title='bbox 1456 4007 1796 4059; x_wconf 77' lang='lat' dir='ltr'><strong>exercituum.</strong></span> <span class='ocrx_word' id='word_1_279' title='bbox 1831 4035 1895 4046; x_wconf 53' lang='grc' dir='ltr'><strong>κ-</strong></span> <span class='ocrx_word' id='word_1_280' title='bbox 1929 4005 2015 4057; x_wconf 78' lang='lat' dir='ltr'><strong>H.</strong></span> 
     </span>
    </p>
   </div>
   <div class='ocr_carea' id='block_1_43' title="bbox 454 4075 2023 4150">
    <p class='ocr_par' dir='ltr' id='par_1_43' title="bbox 454 4075 2023 4150">
     <span class='ocr_line' id='line_1_43' title="bbox 454 4075 2023 4150; baseline -0.004 -17"><span class='ocrx_word' id='word_1_281' title='bbox 454 4082 572 4150; x_wconf 81' lang='lat' dir='ltr'><strong>ejus</strong></span> <span class='ocrx_word' id='word_1_282' title='bbox 608 4080 675 4133; x_wconf 88' lang='lat' dir='ltr'><strong>ad</strong></span> <span class='ocrx_word' id='word_1_283' title='bbox 717 4091 1067 4150; x_wconf 80' lang='lat' dir='ltr'><strong>eunt,_o_mnes</strong></span> <span class='ocrx_word' id='word_1_284' title='bbox 1091 4079 1158 4129; x_wconf 90' lang='lat' dir='ltr'><strong>ad</strong></span> <span class='ocrx_word' id='word_1_285' title='bbox 1185 4092 1323 4150; x_wconf 79' lang='lat' dir='ltr'><strong>eum.</strong></span> <span class='ocrx_word' id='word_1_286' title='bbox 1348 4075 1505 4150; x_wconf 70' lang='lat' dir='ltr'><strong>—_—-I9.</strong></span> <span class='ocrx_word' id='word_1_287' title='bbox 1534 4085 1590 4127; x_wconf 90' lang='lat' dir='ltr'><strong>ut</strong></span> <span class='ocrx_word' id='word_1_288' title='bbox 1619 4075 1940 4150; x_wconf 83' lang='lat' dir='ltr'><strong>videanms,_</strong></span> <span class='ocrx_word' id='word_1_289' title='bbox 1975 4085 2023 4127; x_wconf 91' lang='lat' dir='ltr'><strong>et</strong></span> 
     </span>
    </p>
   </div>
   <div class='ocr_carea' id='block_1_44' title="bbox 456 4145 2020 4210">
    <p class='ocr_par' dir='ltr' id='par_1_44' title="bbox 456 4145 2020 4210">
     <span class='ocr_line' id='line_1_44' title="bbox 456 4145 2020 4210; baseline -0.003 -7"><span class='ocrx_word' id='word_1_290' title='bbox 456 4145 746 4203; x_wconf 72' lang='lat' dir='ltr'><strong>videamus.</strong></span> <span class='ocrx_word' id='word_1_291' title='bbox 775 4177 845 4186; x_wconf 82' lang='lat'><strong>——</strong></span> <span class='ocrx_word' id='word_1_292' title='bbox 865 4145 956 4199; x_wconf 86' lang='lat'><strong><em>20.</em></strong></span> <span class='ocrx_word' id='word_1_293' title='bbox 984 4161 1226 4199; x_wconf 87' lang='lat' dir='ltr'><strong>amarum</strong></span> <span class='ocrx_word' id='word_1_294' title='bbox 1268 4146 1320 4198; x_wconf 85' lang='lat' dir='ltr'><strong>in</strong></span> <span class='ocrx_word' id='word_1_295' title='bbox 1351 4145 1529 4210; x_wconf 84' lang='lat' dir='ltr'><strong>dulce,</strong></span> <span class='ocrx_word' id='word_1_296' title='bbox 1558 4159 1798 4196; x_wconf 77' lang='lat' dir='ltr'><strong>amarum</strong></span> <span class='ocrx_word' id='word_1_297' title='bbox 1851 4146 2020 4198; x_wconf 82' lang='lat' dir='ltr'><strong>dulce.</strong></span> 
     </span>
    </p>
   </div>
   <div class='ocr_carea' id='block_1_45' title="bbox 456 4213 2025 4284">
    <p class='ocr_par' dir='ltr' id='par_1_45' title="bbox 456 4213 2025 4284">
     <span class='ocr_line' id='line_1_45' title="bbox 456 4213 2025 4284; baseline -0.004 -13"><span class='ocrx_word' id='word_1_298' title='bbox 456 4250 526 4259; x_wconf 97' lang='lat'><em>—</em></span> <span class='ocrx_word' id='word_1_299' title='bbox 558 4219 648 4272; x_wconf 61' lang='lat'><strong><em>24.</em></strong></span> <span class='ocrx_word' id='word_1_300' title='bbox 682 4216 1218 4284; x_wconf 84' lang='lat' dir='ltr'><strong>blasphemaverunt,</strong></span> <span class='ocrx_word' id='word_1_301' title='bbox 1277 4216 1745 4267; x_wconf 73' lang='lat' dir='ltr'><strong>exacerbavcrunt.</strong></span> <span class='ocrx_word' id='word_1_302' title='bbox 1777 4213 1891 4279; x_wconf 90' lang='lat' dir='ltr'><strong>(Ita</strong></span> <span class='ocrx_word' id='word_1_303' title='bbox 1929 4215 2025 4266; x_wconf 75' lang='lat' dir='ltr'><strong>Ira-</strong></span> 
     </span>
    </p>
   </div>
   <div class='ocr_carea' id='block_1_46' title="bbox 458 4285 2027 4354">
    <p class='ocr_par' dir='ltr' id='par_1_46' title="bbox 458 4285 2027 4354">
     <span class='ocr_line' id='line_1_46' title="bbox 458 4285 2027 4354; baseline -0.004 -14"><span class='ocrx_word' id='word_1_304' title='bbox 458 4293 537 4343; x_wconf 73' lang='lat' dir='ltr'><strong>Iret</strong></span> <span class='ocrx_word' id='word_1_305' title='bbox 570 4289 720 4341; x_wconf 80' lang='lat' dir='ltr'><strong>lectio</strong></span> <span class='ocrx_word' id='word_1_306' title='bbox 761 4286 1044 4349; x_wconf 82' lang='lat' dir='ltr'><strong>vetus;sed</strong></span> <span class='ocrx_word' id='word_1_307' title='bbox 1075 4287 1262 4338; x_wconf 80' lang='lat' dir='ltr'><strong>litteris</strong></span> <span class='ocrx_word' id='word_1_308' title='bbox 1296 4285 1509 4337; x_wconf 82' lang='lat' dir='ltr'><strong>vetustis</strong></span> <span class='ocrx_word' id='word_1_309' title='bbox 1546 4287 1600 4336; x_wconf 89' lang='lat' dir='ltr'><strong>in</strong></span> <span class='ocrx_word' id='word_1_310' title='bbox 1635 4299 1803 4352; x_wconf 87' lang='lat' dir='ltr'><strong>marg.</strong></span> <span class='ocrx_word' id='word_1_311' title='bbox 1831 4285 2027 4354; x_wconf 81' lang='lat' dir='ltr'><strong>legitur</strong></span> 
     </span>
    </p>
   </div>
   <div class='ocr_carea' id='block_1_47' title="bbox 458 4355 2028 4426">
    <p class='ocr_par' dir='ltr' id='par_1_47' title="bbox 458 4355 2028 4426">
     <span class='ocr_line' id='line_1_47' title="bbox 458 4355 2028 4426; baseline -0.003 -15"><span class='ocrx_word' id='word_1_312' title='bbox 458 4372 513 4411; x_wconf 87' lang='lat' dir='ltr'><strong>ut</strong></span> <span class='ocrx_word' id='word_1_313' title='bbox 543 4362 595 4412; x_wconf 87' lang='lat' dir='ltr'><strong>in</strong></span> <span class='ocrx_word' id='word_1_314' title='bbox 625 4356 864 4424; x_wconf 70' lang='lat' dir='ltr'><strong>excusa.)</strong></span> <span class='ocrx_word' id='word_1_315' title='bbox 899 4385 964 4399; x_wconf 86' lang='lat'><strong>--</strong></span> <span class='ocrx_word' id='word_1_316' title='bbox 995 4356 1092 4426; x_wconf 76' lang='lat'><strong>25.</strong></span> <span class='ocrx_word' id='word_1_317' title='bbox 1144 4355 1400 4426; x_wconf 71' lang='lat' dir='ltr'><strong>pupulum</strong></span> <span class='ocrx_word' id='word_1_318' title='bbox 1455 4369 1636 4426; x_wconf 74' lang='lat' dir='ltr'><strong>suum,</strong></span> <span class='ocrx_word' id='word_1_319' title='bbox 1685 4355 1929 4426; x_wconf 73' lang='lat' dir='ltr'><strong>populos.</strong></span> <span class='ocrx_word' id='word_1_320' title='bbox 1959 4385 2028 4392; x_wconf 99' lang='lat'>—</span> 
     </span>
    </p>
   </div>
   <div class='ocr_carea' id='block_1_48' title="bbox 458 4423 2027 4490">
    <p class='ocr_par' dir='ltr' id='par_1_48' title="bbox 458 4423 2027 4490">
     <span class='ocr_line' id='line_1_48' title="bbox 458 4423 2027 4490; baseline -0.004 -6"><span class='ocrx_word' id='word_1_321' title='bbox 458 4430 590 4484; x_wconf 87' lang='lat' dir='ltr'><strong><em>Ibid.</em></strong></span> <span class='ocrx_word' id='word_1_322' title='bbox 624 4443 767 4490; x_wconf 85' lang='lat' dir='ltr'><strong>eum,</strong></span> <span class='ocrx_word' id='word_1_323' title='bbox 798 4441 906 4478; x_wconf 82' lang='lat' dir='ltr'><strong>eos.</strong></span> <span class='ocrx_word' id='word_1_324' title='bbox 936 4457 1004 4464; x_wconf 96' lang='lat'><strong><em>—</em></strong></span> <span class='ocrx_word' id='word_1_325' title='bbox 1031 4425 1122 4478; x_wconf 68' lang='lat'><strong>“)6.</strong></span> <span class='ocrx_word' id='word_1_326' title='bbox 1144 4423 1408 4488; x_wconf 19' lang='lat' dir='ltr'><strong>felevabit,</strong></span> <span class='ocrx_word' id='word_1_327' title='bbox 1456 4423 1666 4478; x_wconf 83' lang='lat' dir='ltr'><strong>levabit.</strong></span> <span class='ocrx_word' id='word_1_328' title='bbox 1692 4451 1762 4462; x_wconf 90' lang='lat'><strong>—-</strong></span> <span class='ocrx_word' id='word_1_329' title='bbox 1792 4424 1884 4479; x_wconf 86' lang='lat'><strong><em>29.</em></strong></span> <span class='ocrx_word' id='word_1_330' title='bbox 1918 4424 2027 4478; x_wconf 82' lang='lat' dir='ltr'><strong>Ieo-</strong></span> 
     </span>
    </p>
   </div>
   <div class='ocr_carea' id='block_1_49' title="bbox 461 4496 1303 4568">
    <p class='ocr_par' dir='ltr' id='par_1_49' title="bbox 461 4496 1303 4568">
     <span class='ocr_line' id='line_1_49' title="bbox 461 4496 1303 4568; baseline -0.006 -15"><span class='ocrx_word' id='word_1_331' title='bbox 461 4500 566 4563; x_wconf 87' lang='lat' dir='ltr'><strong>nis,</strong></span> <span class='ocrx_word' id='word_1_332' title='bbox 594 4498 786 4568; x_wconf 76' lang='lat' dir='ltr'><strong>rugiet,</strong></span> <span class='ocrx_word' id='word_1_333' title='bbox 817 4496 1001 4560; x_wconf 87' lang='lat' dir='ltr'><strong>leonis,</strong></span> <span class='ocrx_word' id='word_1_334' title='bbox 1037 4505 1082 4550; x_wconf 88' lang='lat' dir='ltr'><strong>et</strong></span> <span class='ocrx_word' id='word_1_335' title='bbox 1112 4496 1303 4563; x_wconf 88' lang='lat' dir='ltr'><strong>rugiet.</strong></span> 
     </span>
    </p>
   </div>
   <div class='ocr_carea' id='block_1_50' title="bbox 1047 4605 1410 4662">
    <p class='ocr_par' dir='ltr' id='par_1_50' title="bbox 1047 4605 1410 4662">
     <span class='ocr_line' id='line_1_50' title="bbox 1047 4605 1410 4662; baseline -0.006 0"><span class='ocrx_word' id='word_1_336' title='bbox 1047 4605 1279 4662; x_wconf 82' lang='lat' dir='ltr'><strong>CAPUT</strong></span> <span class='ocrx_word' id='word_1_337' title='bbox 1325 4605 1410 4660; x_wconf 85' lang='lat' dir='ltr'><strong>VI.</strong></span> 
     </span>
    </p>
   </div>
   <div class='ocr_carea' id='block_1_51' title="bbox 536 4698 2025 4769">
    <p class='ocr_par' dir='ltr' id='par_1_51' title="bbox 536 4698 2025 4769">
     <span class='ocr_line' id='line_1_51' title="bbox 536 4698 2025 4769; baseline -0.002 -15"><span class='ocrx_word' id='word_1_338' title='bbox 536 4702 678 4754; x_wconf 83' lang='lat' dir='ltr'><strong>Vers.</strong></span> <span class='ocrx_word' id='word_1_339' title='bbox 715 4702 767 4756; x_wconf 88' lang='grc'><strong>1.</strong></span> <span class='ocrx_word' id='word_1_340' title='bbox 822 4699 1120 4769; x_wconf 79' lang='lat' dir='ltr'><strong>replebant,</strong></span> <span class='ocrx_word' id='word_1_341' title='bbox 1175 4699 1483 4760; x_wconf 82' lang='lat' dir='ltr'><strong>implebant.</strong></span> <span class='ocrx_word' id='word_1_342' title='bbox 1524 4728 1579 4735; x_wconf 96' lang='lat'><strong>—</strong></span> <span class='ocrx_word' id='word_1_343' title='bbox 1613 4699 1665 4752; x_wconf 90' lang='lat'><strong>2.</strong></span> <span class='ocrx_word' id='word_1_344' title='bbox 1716 4698 2025 4764; x_wconf 86' lang='lat' dir='ltr'><strong>Serapbim,</strong></span> 
     </span>
    </p>
   </div>
   <div class='ocr_carea' id='block_1_52' title="bbox 465 4768 2026 4837">
    <p class='ocr_par' dir='ltr' id='par_1_52' title="bbox 465 4768 2026 4837">
     <span class='ocr_line' id='line_1_52' title="bbox 465 4768 2026 4837; baseline -0.004 -12"><span class='ocrx_word' id='word_1_345' title='bbox 465 4772 532 4825; x_wconf 88' lang='lat' dir='ltr'><strong>Et</strong></span> <span class='ocrx_word' id='word_1_346' title='bbox 565 4771 861 4828; x_wconf 76' lang='lat' dir='ltr'><strong>Seruo/tim.</strong></span> <span class='ocrx_word' id='word_1_347' title='bbox 885 4768 1068 4837; x_wconf 86' lang='lat' dir='ltr'><strong>(Inter</strong></span> <span class='ocrx_word' id='word_1_348' title='bbox 1104 4768 1272 4821; x_wconf 85' lang='lat' dir='ltr'><strong>lineas</strong></span> <span class='ocrx_word' id='word_1_349' title='bbox 1307 4771 1519 4820; x_wconf 82' lang='lat' dir='ltr'><strong>additur</strong></span> <span class='ocrx_word' id='word_1_350' title='bbox 1553 4771 1678 4831; x_wconf 86' lang='lat' dir='ltr'><strong>duo,</strong></span> <span class='ocrx_word' id='word_1_351' title='bbox 1711 4779 1766 4820; x_wconf 82' lang='lat' dir='ltr'><strong>ut</strong></span> <span class='ocrx_word' id='word_1_352' title='bbox 1797 4770 2026 4837; x_wconf 80' lang='lat' dir='ltr'><strong>legatur,</strong></span> 
     </span>
    </p>
   </div>
   <div class='ocr_carea' id='block_1_53' title="bbox 463 4837 2029 4906">
    <p class='ocr_par' dir='ltr' id='par_1_53' title="bbox 463 4837 2029 4906">
     <span class='ocr_line' id='line_1_53' title="bbox 463 4837 2029 4906; baseline -0.004 -12"><span class='ocrx_word' id='word_1_353' title='bbox 463 4845 570 4894; x_wconf 86' lang='lat' dir='ltr'><strong>duo</strong></span> <span class='ocrx_word' id='word_1_354' title='bbox 623 4838 947 4906; x_wconf 82' lang='lat' dir='ltr'><strong>Seraphim.)</strong></span> <span class='ocrx_word' id='word_1_355' title='bbox 979 4867 1049 4881; x_wconf 90' lang='lat'><strong><em>—</em></strong></span> <span class='ocrx_word' id='word_1_356' title='bbox 1082 4837 1224 4891; x_wconf 84' lang='lat' dir='ltr'><strong><em>Ibid.</em></strong></span> <span class='ocrx_word' id='word_1_357' title='bbox 1286 4839 1530 4899; x_wconf 75' lang='lat' dir='ltr'><strong>stabant,</strong></span> <span class='ocrx_word' id='word_1_358' title='bbox 1573 4839 1767 4901; x_wconf 83' lang='lat' dir='ltr'><strong>stabat,</strong></span> <span class='ocrx_word' id='word_1_359' title='bbox 1829 4838 2029 4903; x_wconf 84' lang='lat' dir='ltr'><strong>(IIabet</strong></span> 
     </span>
    </p>
   </div>
   <div class='ocr_carea' id='block_1_54' title="bbox 463 4910 2025 4974">
    <p class='ocr_par' dir='ltr' id='par_1_54' title="bbox 463 4910 2025 4974">
     <span class='ocr_line' id='line_1_54' title="bbox 463 4910 2025 4974; baseline -0.004 -10"><span class='ocrx_word' id='word_1_360' title='bbox 463 4913 616 4966; x_wconf 88' lang='lat' dir='ltr'><strong>lectio</strong></span> <span class='ocrx_word' id='word_1_361' title='bbox 643 4918 825 4970; x_wconf 69' lang='lat' dir='ltr'><strong>vetus}:</strong></span> <span class='ocrx_word' id='word_1_362' title='bbox 854 4912 940 4963; x_wconf 79' lang='lat' dir='ltr'><strong>sed</strong></span> <span class='ocrx_word' id='word_1_363' title='bbox 967 4910 1244 4961; x_wconf 82' lang='lat' dir='ltr'><strong>recentiori</strong></span> <span class='ocrx_word' id='word_1_364' title='bbox 1299 4916 1599 4960; x_wconf 82' lang='lat' dir='ltr'><strong>atramento</strong></span> <span class='ocrx_word' id='word_1_365' title='bbox 1635 4910 1773 4961; x_wconf 87' lang='lat' dir='ltr'><strong>linea</strong></span> <span class='ocrx_word' id='word_1_366' title='bbox 1810 4923 1964 4974; x_wconf 85' lang='lat' dir='ltr'><strong>super</strong></span> <span class='ocrx_word' id='word_1_367' title='bbox 1997 4923 2025 4959; x_wconf 87' lang='lat' dir='ltr'><strong>a</strong></span> 
     </span>
    </p>
   </div>
   <div class='ocr_carea' id='block_1_55' title="bbox 460 4977 2018 5050">
    <p class='ocr_par' dir='ltr' id='par_1_55' title="bbox 460 4977 2018 5050">
     <span class='ocr_line' id='line_1_55' title="bbox 460 4977 2018 5050; baseline -0.003 -16"><span class='ocrx_word' id='word_1_368' title='bbox 460 4984 692 5050; x_wconf 86' lang='lat' dir='ltr'><strong>ponitur.</strong></span> <span class='ocrx_word' id='word_1_369' title='bbox 718 4989 773 5031; x_wconf 88' lang='lat' dir='ltr'><strong>ut</strong></span> <span class='ocrx_word' id='word_1_370' title='bbox 803 4979 1010 5047; x_wconf 83' lang='lat' dir='ltr'><strong>legatur</strong></span> <span class='ocrx_word' id='word_1_371' title='bbox 1038 4977 1295 5049; x_wconf 84' lang='lat' dir='ltr'><strong>stabant,)</strong></span> <span class='ocrx_word' id='word_1_372' title='bbox 1333 5007 1402 5017; x_wconf 92' lang='lat'><strong><em>——</em></strong></span> <span class='ocrx_word' id='word_1_373' title='bbox 1422 4978 1476 5032; x_wconf 76' lang='lat'><strong>4.</strong></span> <span class='ocrx_word' id='word_1_374' title='bbox 1520 4978 1746 5046; x_wconf 81' lang='lat' dir='ltr'><strong>repleta,</strong></span> <span class='ocrx_word' id='word_1_375' title='bbox 1782 4979 2018 5046; x_wconf 85' lang='lat' dir='ltr'><strong>impleta.</strong></span> 
     </span>
    </p>
   </div>
   <div class='ocr_carea' id='block_1_56' title="bbox 459 5050 938 5113">
    <p class='ocr_par' dir='ltr' id='par_1_56' title="bbox 459 5050 938 5113">
     <span class='ocr_line' id='line_1_56' title="bbox 459 5050 938 5113; baseline -0.01 -6"><span class='ocrx_word' id='word_1_376' title='bbox 459 5081 529 5091; x_wconf 95' lang='lat'>—</span> <span class='ocrx_word' id='word_1_377' title='bbox 555 5051 608 5106; x_wconf 91' lang='lat'><strong>9.</strong></span> <span class='ocrx_word' id='word_1_378' title='bbox 637 5051 804 5113; x_wconf 88' lang='lat' dir='ltr'><strong>dices,</strong></span> <span class='ocrx_word' id='word_1_379' title='bbox 837 5050 938 5103; x_wconf 90' lang='lat' dir='ltr'><strong>dic.</strong></span> 
     </span>
    </p>
   </div>
   <div class='ocr_carea' id='block_1_57' title="bbox 1093 5117 1432 5176">
    <p class='ocr_par' dir='ltr' id='par_1_57' title="bbox 1093 5117 1432 5176">
     <span class='ocr_line' id='line_1_57' title="bbox 1093 5117 1432 5176; baseline -0.003 -3"><span class='ocrx_word' id='word_1_380' title='bbox 1093 5119 1278 5176; x_wconf 84' lang='lat' dir='ltr'><strong>APUT</strong></span> <span class='ocrx_word' id='word_1_381' title='bbox 1321 5117 1432 5172; x_wconf 86' lang='lat' dir='ltr'><strong>VII.</strong></span> 
     </span>
    </p>
   </div>
   <div class='ocr_carea' id='block_1_58' title="bbox 539 5211 2018 5280">
    <p class='ocr_par' dir='ltr' id='par_1_58' title="bbox 539 5211 2018 5280">
     <span class='ocr_line' id='line_1_58' title="bbox 539 5211 2018 5280; baseline -0.003 -14"><span class='ocrx_word' id='word_1_382' title='bbox 539 5213 692 5267; x_wconf 85' lang='lat' dir='ltr'><strong>Vers.</strong></span> <span class='ocrx_word' id='word_1_383' title='bbox 716 5212 770 5268; x_wconf 74' lang='grc'><strong>«1.</strong></span> <span class='ocrx_word' id='word_1_384' title='bbox 807 5227 892 5278; x_wconf 87' lang='lat' dir='ltr'><strong>ne,</strong></span> <span class='ocrx_word' id='word_1_385' title='bbox 911 5219 1050 5264; x_wconf 85' lang='lat' dir='ltr'><strong>‘non.</strong></span> <span class='ocrx_word' id='word_1_386' title='bbox 1078 5240 1144 5250; x_wconf 89' lang='lat'><strong>-—</strong></span> <span class='ocrx_word' id='word_1_387' title='bbox 1173 5211 1309 5265; x_wconf 87' lang='lat' dir='ltr'><strong>Ibid.</strong></span> <span class='ocrx_word' id='word_1_388' title='bbox 1355 5212 1494 5279; x_wconf 85' lang='lat' dir='ltr'><strong>regis</strong></span> <span class='ocrx_word' id='word_1_389' title='bbox 1529 5211 1719 5280; x_wconf 64' lang='lat' dir='ltr'><strong>Syriae,</strong></span> <span class='ocrx_word' id='word_1_390' title='bbox 1749 5220 1800 5264; x_wconf 85' lang='lat' dir='ltr'><strong>et</strong></span> <span class='ocrx_word' id='word_1_391' title='bbox 1825 5211 2018 5280; x_wconf 60' lang='lat' dir='ltr'><strong>Syrian</strong></span> 
     </span>
    </p>
   </div>
   <div class='ocr_carea' id='block_1_59' title="bbox 460 5280 2025 5354">
    <p class='ocr_par' dir='ltr' id='par_1_59' title="bbox 460 5280 2025 5354">
     <span class='ocr_line' id='line_1_59' title="bbox 460 5280 2025 5354; baseline -0.003 -16"><span class='ocrx_word' id='word_1_392' title='bbox 460 5286 584 5338; x_wconf 81' lang='grc'><strong>--5.</strong></span> <span class='ocrx_word' id='word_1_393' title='bbox 618 5284 769 5354; x_wconf 81' lang='lat' dir='ltr'><strong>Syria</strong></span> <span class='ocrx_word' id='word_1_394' title='bbox 805 5283 859 5336; x_wconf 89' lang='lat' dir='ltr'><strong>in</strong></span> <span class='ocrx_word' id='word_1_395' title='bbox 914 5284 1165 5354; x_wconf 80' lang='lat' dir='ltr'><strong>malum,_</strong></span> <span class='ocrx_word' id='word_1_396' title='bbox 1191 5280 1352 5354; x_wconf 80' lang='lat' dir='ltr'><strong>Syria</strong></span> <span class='ocrx_word' id='word_1_397' title='bbox 1403 5281 1622 5354; x_wconf 62' lang='lat' dir='ltr'><strong>malum.</strong></span> <span class='ocrx_word' id='word_1_398' title='bbox 1655 5309 1724 5354; x_wconf 56' lang='grc' dir='ltr'><strong>-ῖ</strong></span> <span class='ocrx_word' id='word_1_399' title='bbox 1759 5282 1843 5334; x_wconf 64' lang='lat' dir='ltr'><strong>II.</strong></span> <span class='ocrx_word' id='word_1_400' title='bbox 1879 5283 2025 5354; x_wconf 69' lang='lat' dir='ltr'><strong>dabit</strong></span> 
     </span>
    </p>
   </div>
   <div class='ocr_carea' id='block_1_60' title="bbox 466 5351 2021 5421">
    <p class='ocr_par' dir='ltr' id='par_1_60' title="bbox 466 5351 2021 5421">
     <span class='ocr_line' id='line_1_60' title="bbox 466 5351 2021 5421; baseline -0.005 -14"><span class='ocrx_word' id='word_1_401' title='bbox 466 5351 719 5408; x_wconf 79' lang='lat' dir='ltr'><strong>Dominus</strong></span> <span class='ocrx_word' id='word_1_402' title='bbox 745 5355 858 5421; x_wconf 85' lang='lat' dir='ltr'><strong>ipse</strong></span> <span class='ocrx_word' id='word_1_403' title='bbox 881 5351 1054 5414; x_wconf 81' lang='lat' dir='ltr'><strong>vobis,</strong></span> <span class='ocrx_word' id='word_1_404' title='bbox 1085 5351 1224 5404; x_wconf 78' lang='lat' dir='ltr'><strong>vobis</strong></span> <span class='ocrx_word' id='word_1_405' title='bbox 1255 5351 1397 5403; x_wconf 86' lang='lat' dir='ltr'><strong>dabit</strong></span> <span class='ocrx_word' id='word_1_406' title='bbox 1429 5352 1826 5420; x_wconf 78' lang='lat' dir='ltr'><strong>Dominusipse.</strong></span> <span class='ocrx_word' id='word_1_407' title='bbox 1860 5352 2021 5404; x_wconf 89' lang='lat' dir='ltr'><strong>-—I9.</strong></span> 
     </span>
    </p>
   </div>
   <div class='ocr_carea' id='block_1_61' title="bbox 462 5423 2024 5489">
    <p class='ocr_par' dir='ltr' id='par_1_61' title="bbox 462 5423 2024 5489">
     <span class='ocr_line' id='line_1_61' title="bbox 462 5423 2024 5489; baseline -0.003 -12"><span class='ocrx_word' id='word_1_408' title='bbox 462 5437 516 5478; x_wconf 88' lang='lat' dir='ltr'><strong>ct</strong></span> <span class='ocrx_word' id='word_1_409' title='bbox 541 5426 590 5477; x_wconf 91' lang='lat' dir='ltr'><strong>in</strong></span> <span class='ocrx_word' id='word_1_410' title='bbox 617 5423 884 5489; x_wconf 79' lang='lat' dir='ltr'><strong>(avernis,</strong></span> <span class='ocrx_word' id='word_1_411' title='bbox 917 5431 964 5474; x_wconf 91' lang='lat' dir='ltr'><strong>et</strong></span> <span class='ocrx_word' id='word_1_412' title='bbox 993 5423 1249 5475; x_wconf 75' lang='lat' dir='ltr'><strong>cavernis.</strong></span> <span class='ocrx_word' id='word_1_413' title='bbox 1281 5450 1348 5460; x_wconf 90' lang='lat'><strong>——</strong></span> <span class='ocrx_word' id='word_1_414' title='bbox 1369 5423 1457 5474; x_wconf 77' lang='lat'><strong><em>25.</em></strong></span> <span class='ocrx_word' id='word_1_415' title='bbox 1484 5425 1533 5476; x_wconf 89' lang='lat' dir='ltr'><strong>in</strong></span> <span class='ocrx_word' id='word_1_416' title='bbox 1569 5424 1749 5489; x_wconf 74' lang='lat' dir='ltr'><strong>spinas</strong></span> <span class='ocrx_word' id='word_1_417' title='bbox 1769 5431 1822 5474; x_wconf 84' lang='lat' dir='ltr'><strong>et</strong></span> <span class='ocrx_word' id='word_1_418' title='bbox 1850 5423 1900 5473; x_wconf 92' lang='lat' dir='ltr'><strong>in</strong></span> <span class='ocrx_word' id='word_1_419' title='bbox 1933 5435 2024 5473; x_wconf 77' lang='lat' dir='ltr'><strong>ve-</strong></span> 
     </span>
    </p>
   </div>
   <div class='ocr_carea' id='block_1_62' title="bbox 464 5495 1204 5562">
    <p class='ocr_par' dir='ltr' id='par_1_62' title="bbox 464 5495 1204 5562">
     <span class='ocr_line' id='line_1_62' title="bbox 464 5495 1204 5562; baseline 0.003 -17"><span class='ocrx_word' id='word_1_420' title='bbox 464 5509 608 5562; x_wconf 84' lang='lat' dir='ltr'><strong>pres,</strong></span> <span class='ocrx_word' id='word_1_421' title='bbox 640 5505 684 5547; x_wconf 90' lang='lat' dir='ltr'><strong>et</strong></span> <span class='ocrx_word' id='word_1_422' title='bbox 726 5495 902 5560; x_wconf 88' lang='lat' dir='ltr'><strong>spinas</strong></span> <span class='ocrx_word' id='word_1_423' title='bbox 938 5499 986 5544; x_wconf 87' lang='lat' dir='ltr'><strong>et</strong></span> <span class='ocrx_word' id='word_1_424' title='bbox 1007 5506 1204 5561; x_wconf 78' lang='lat' dir='ltr'><strong>vepres.</strong></span> 
     </span>
    </p>
   </div>
   <div class='ocr_carea' id='block_1_63' title="bbox 1040 5602 1442 5660">
    <p class='ocr_par' dir='ltr' id='par_1_63' title="bbox 1040 5602 1442 5660">
     <span class='ocr_line' id='line_1_63' title="bbox 1040 5602 1442 5660; baseline -0.01 0"><span class='ocrx_word' id='word_1_425' title='bbox 1040 5602 1268 5660; x_wconf 81' lang='lat' dir='ltr'><strong>CAPUT</strong></span> <span class='ocrx_word' id='word_1_426' title='bbox 1312 5603 1442 5657; x_wconf 79' lang='lat' dir='ltr'><strong>VIII.</strong></span> 
     </span>
    </p>
   </div>
   <div class='ocr_carea' id='block_1_64' title="bbox 553 5696 2030 5773">
    <p class='ocr_par' dir='ltr' id='par_1_64' title="bbox 553 5696 2030 5773">
     <span class='ocr_line' id='line_1_64' title="bbox 553 5696 2030 5773; baseline -0.001 -23"><span class='ocrx_word' id='word_1_427' title='bbox 553 5697 691 5752; x_wconf 69' lang='grc' dir='ltr'><strong>γεγε.</strong></span> <span class='ocrx_word' id='word_1_428' title='bbox 729 5701 773 5752; x_wconf 90' lang='grc'><strong>1.</strong></span> <span class='ocrx_word' id='word_1_429' title='bbox 810 5700 1053 5764; x_wconf 81' lang='lat' dir='ltr'><strong>detrahe,</strong></span> <span class='ocrx_word' id='word_1_430' title='bbox 1087 5698 1196 5773; x_wconf 86' lang='lat' dir='ltr'><strong>(Ita</strong></span> <span class='ocrx_word' id='word_1_431' title='bbox 1229 5697 1448 5754; x_wconf 85' lang='lat' dir='ltr'><strong>habebat</strong></span> <span class='ocrx_word' id='word_1_432' title='bbox 1482 5698 1631 5754; x_wconf 87' lang='lat' dir='ltr'><strong>lectio</strong></span> <span class='ocrx_word' id='word_1_433' title='bbox 1669 5706 1848 5761; x_wconf 80' lang='lat' dir='ltr'><strong>vetus;</strong></span> <span class='ocrx_word' id='word_1_434' title='bbox 1880 5696 2030 5750; x_wconf 86' lang='lat' dir='ltr'><strong>modo</strong></span> 
     </span>
    </p>
   </div>
   <div class='ocr_carea' id='block_1_65' title="bbox 2035 1039 2632 1106">
    <p class='ocr_par' dir='ltr' id='par_1_65' title="bbox 2035 1039 2632 1106">
     <span class='ocr_line' id='line_1_65' title="bbox 2035 1039 2632 1106; baseline 0.008 -14"><span class='ocrx_word' id='word_1_435' title='bbox 2035 1041 2084 1097; x_wconf 70' lang='grc' dir='ltr'>Α</span> <span class='ocrx_word' id='word_1_436' title='bbox 2111 1039 2444 1106; x_wconf 76' lang='lat' dir='ltr'><strong>detrahere.)</strong></span> <span class='ocrx_word' id='word_1_437' title='bbox 2485 1073 2556 1082; x_wconf 93' lang='lat'><strong>—-</strong></span> <span class='ocrx_word' id='word_1_438' title='bbox 2579 1043 2632 1097; x_wconf 88' lang='grc'><strong>5.</strong></span> 
     </span>
    </p>
   </div>
   <div class='ocr_carea' id='block_1_66' title="bbox 2683 1043 3687 1113">
    <p class='ocr_par' dir='ltr' id='par_1_66' title="bbox 2683 1043 3687 1113">
     <span class='ocr_line' id='line_1_66' title="bbox 2683 1043 3687 1113; baseline -0.001 -17"><span class='ocrx_word' id='word_1_439' title='bbox 2683 1043 2934 1113; x_wconf 68' lang='lat' dir='ltr'><strong>praedari,</strong></span> <span class='ocrx_word' id='word_1_440' title='bbox 2969 1044 3231 1110; x_wconf 82' lang='lat' dir='ltr'><strong>prcedare.</strong></span> <span class='ocrx_word' id='word_1_441' title='bbox 3261 1075 3332 1084; x_wconf 90' lang='lat'><strong>---</strong></span> <span class='ocrx_word' id='word_1_442' title='bbox 3366 1046 3453 1100; x_wconf 77' lang='grc'><strong>14.</strong></span> <span class='ocrx_word' id='word_1_443' title='bbox 3484 1056 3687 1109; x_wconf 84' lang='lat' dir='ltr'><strong>autem,</strong></span> 
     </span>
    </p>
   </div>
   <div class='ocr_carea' id='block_1_67' title="bbox 2115 1113 3689 1180">
    <p class='ocr_par' dir='ltr' id='par_1_67' title="bbox 2115 1113 3689 1180">
     <span class='ocr_line' id='line_1_67' title="bbox 2115 1113 3689 1180; baseline 0 -15"><span class='ocrx_word' id='word_1_444' title='bbox 2115 1113 2274 1165; x_wconf 90' lang='lat' dir='ltr'><strong>enim.</strong></span> <span class='ocrx_word' id='word_1_445' title='bbox 2310 1142 2380 1151; x_wconf 92' lang='lat'><strong>—</strong></span> <span class='ocrx_word' id='word_1_446' title='bbox 2409 1113 2495 1167; x_wconf 84' lang='lat' dir='ltr'><strong>IS.</strong></span> <span class='ocrx_word' id='word_1_447' title='bbox 2531 1115 2655 1176; x_wconf 87' lang='lat' dir='ltr'><strong>mei,</strong></span> <span class='ocrx_word' id='word_1_448' title='bbox 2687 1114 2862 1180; x_wconf 85' lang='lat' dir='ltr'><strong>(Deest</strong></span> <span class='ocrx_word' id='word_1_449' title='bbox 2918 1115 2972 1166; x_wconf 87' lang='lat' dir='ltr'><strong>in</strong></span> <span class='ocrx_word' id='word_1_450' title='bbox 3026 1115 3166 1179; x_wconf 85' lang='lat' dir='ltr'><strong>cod.)</strong></span> <span class='ocrx_word' id='word_1_451' title='bbox 3194 1147 3260 1155; x_wconf 97' lang='lat'>—</span> <span class='ocrx_word' id='word_1_452' title='bbox 3303 1115 3437 1170; x_wconf 84' lang='lat' dir='ltr'><strong><em>Ibid.</em></strong></span> <span class='ocrx_word' id='word_1_453' title='bbox 3503 1115 3689 1176; x_wconf 73' lang='lat' dir='ltr'><strong>Israel,</strong></span> 
     </span>
    </p>
   </div>
   <div class='ocr_carea' id='block_1_68' title="bbox 2116 1182 3688 1247">
    <p class='ocr_par' dir='ltr' id='par_1_68' title="bbox 2116 1182 3688 1247">
     <span class='ocr_line' id='line_1_68' title="bbox 2116 1182 3688 1247; baseline 0 -12"><span class='ocrx_word' id='word_1_454' title='bbox 2116 1182 2358 1235; x_wconf 83' lang='lat' dir='ltr'><strong>Israelis.</strong></span> <span class='ocrx_word' id='word_1_455' title='bbox 2390 1211 2458 1224; x_wconf 90' lang='lat'><strong>-—</strong></span> <span class='ocrx_word' id='word_1_456' title='bbox 2494 1183 2579 1236; x_wconf 84' lang='grc'><strong>19.</strong></span> <span class='ocrx_word' id='word_1_457' title='bbox 2604 1200 2632 1237; x_wconf 83' lang='lat' dir='ltr'><strong>a</strong></span> <span class='ocrx_word' id='word_1_458' title='bbox 2669 1185 2888 1247; x_wconf 84' lang='lat' dir='ltr'><strong>dtvinis,</strong></span> <span class='ocrx_word' id='word_1_459' title='bbox 2915 1185 3127 1237; x_wconf 85' lang='lat' dir='ltr'><strong>divinis.</strong></span> <span class='ocrx_word' id='word_1_460' title='bbox 3156 1217 3224 1227; x_wconf 89' lang='grc'><strong>--</strong></span> <span class='ocrx_word' id='word_1_461' title='bbox 3262 1184 3392 1238; x_wconf 89' lang='lat' dir='ltr'><strong><em>Ibid.</em></strong></span> <span class='ocrx_word' id='word_1_462' title='bbox 3431 1187 3688 1245; x_wconf 82' lang='lat' dir='ltr'><strong>strident,</strong></span> 
     </span>
    </p>
   </div>
   <div class='ocr_carea' id='block_1_69' title="bbox 2116 1251 3690 1323">
    <p class='ocr_par' dir='ltr' id='par_1_69' title="bbox 2116 1251 3690 1323">
     <span class='ocr_line' id='line_1_69' title="bbox 2116 1251 3690 1323; baseline -0.001 -18"><span class='ocrx_word' id='word_1_463' title='bbox 2116 1254 2368 1306; x_wconf 87' lang='lat' dir='ltr'><strong>stridunt.</strong></span> <span class='ocrx_word' id='word_1_464' title='bbox 2405 1283 2476 1294; x_wconf 91' lang='lat'><strong>——</strong></span> <span class='ocrx_word' id='word_1_465' title='bbox 2508 1251 2648 1310; x_wconf 86' lang='lat' dir='ltr'><strong><em>Ibid.</em></strong></span> <span class='ocrx_word' id='word_1_466' title='bbox 2713 1253 2953 1313; x_wconf 76' lang='lat' dir='ltr'><strong>requiret</strong></span> <span class='ocrx_word' id='word_1_467' title='bbox 3021 1255 3289 1308; x_wconf 85' lang='lat' dir='ltr'><strong>visionem</strong></span> <span class='ocrx_word' id='word_1_468' title='bbox 3339 1271 3438 1323; x_wconf 87' lang='lat' dir='ltr'><strong>pro</strong></span> <span class='ocrx_word' id='word_1_469' title='bbox 3494 1256 3690 1306; x_wconf 74' lang='lat' dir='ltr'><strong>vivisa</strong></span> 
     </span>
    </p>
   </div>
   <div class='ocr_carea' id='block_1_70' title="bbox 2120 1323 3691 1393">
    <p class='ocr_par' dir='ltr' id='par_1_70' title="bbox 2120 1323 3691 1393">
     <span class='ocr_line' id='line_1_70' title="bbox 2120 1323 3691 1393; baseline 0.001 -19"><span class='ocrx_word' id='word_1_470' title='bbox 2120 1324 2372 1386; x_wconf 60' lang='lat' dir='ltr'><strong>n&#39;ortuis,</strong></span> <span class='ocrx_word' id='word_1_471' title='bbox 2399 1324 2616 1393; x_wconf 88' lang='lat' dir='ltr'><strong>requirit</strong></span> <span class='ocrx_word' id='word_1_472' title='bbox 2643 1340 2737 1392; x_wconf 86' lang='lat' dir='ltr'><strong>pro</strong></span> <span class='ocrx_word' id='word_1_473' title='bbox 2767 1323 2893 1376; x_wconf 80' lang='lat' dir='ltr'><strong>vivis</strong></span> <span class='ocrx_word' id='word_1_474' title='bbox 2931 1339 2994 1378; x_wconf 88' lang='lat' dir='ltr'><strong>ac</strong></span> <span class='ocrx_word' id='word_1_475' title='bbox 3024 1328 3267 1379; x_wconf 78' lang='lat' dir='ltr'><strong>mortuis.</strong></span> <span class='ocrx_word' id='word_1_476' title='bbox 3303 1354 3369 1365; x_wconf 88' lang='lat'><strong>—-</strong></span> <span class='ocrx_word' id='word_1_477' title='bbox 3390 1325 3481 1378; x_wconf 82' lang='lat'><strong>22.</strong></span> <span class='ocrx_word' id='word_1_478' title='bbox 3510 1337 3564 1380; x_wconf 89' lang='lat' dir='ltr'><strong>et</strong></span> <span class='ocrx_word' id='word_1_479' title='bbox 3594 1340 3691 1377; x_wconf 81' lang='lat' dir='ltr'><strong>an-</strong></span> 
     </span>
    </p>
   </div>
   <div class='ocr_carea' id='block_1_71' title="bbox 2116 1395 2611 1463">
    <p class='ocr_par' dir='ltr' id='par_1_71' title="bbox 2116 1395 2611 1463">
     <span class='ocr_line' id='line_1_71' title="bbox 2116 1395 2611 1463; baseline 0.006 -19"><span class='ocrx_word' id='word_1_480' title='bbox 2116 1395 2312 1463; x_wconf 79' lang='lat' dir='ltr'><strong>gustia,</strong></span> <span class='ocrx_word' id='word_1_481' title='bbox 2346 1395 2611 1461; x_wconf 72' lang='lat' dir='ltr'><strong>angustia.</strong></span> 
     </span>
    </p>
   </div>
   <div class='ocr_carea' id='block_1_72' title="bbox 2716 1464 3079 1520">
    <p class='ocr_par' dir='ltr' id='par_1_72' title="bbox 2716 1464 3079 1520">
     <span class='ocr_line' id='line_1_72' title="bbox 2716 1464 3079 1520; baseline -0.006 -1"><span class='ocrx_word' id='word_1_482' title='bbox 2716 1464 2947 1520; x_wconf 81' lang='lat' dir='ltr'><strong>CAPUT</strong></span> <span class='ocrx_word' id='word_1_483' title='bbox 2989 1465 3079 1518; x_wconf 82' lang='lat' dir='ltr'><strong>IX.</strong></span> 
     </span>
    </p>
   </div>
   <div class='ocr_carea' id='block_1_73' title="bbox 2199 1555 3692 1621">
    <p class='ocr_par' dir='ltr' id='par_1_73' title="bbox 2199 1555 3692 1621">
     <span class='ocr_line' id='line_1_73' title="bbox 2199 1555 3692 1621; baseline -0.001 -11"><span class='ocrx_word' id='word_1_484' title='bbox 2199 1557 2345 1610; x_wconf 86' lang='lat' dir='ltr'><strong>Vers.</strong></span> <span class='ocrx_word' id='word_1_485' title='bbox 2376 1557 2430 1610; x_wconf 90' lang='lat'><strong><em>2.</em></strong></span> <span class='ocrx_word' id='word_1_486' title='bbox 2465 1557 2792 1618; x_wconf 83' lang='lat' dir='ltr'><strong>ambulabat,</strong></span> <span class='ocrx_word' id='word_1_487' title='bbox 2827 1557 3122 1610; x_wconf 84' lang='lat' dir='ltr'><strong>habitabat.</strong></span> <span class='ocrx_word' id='word_1_488' title='bbox 3170 1587 3242 1597; x_wconf 92' lang='lat'><strong>—</strong></span> <span class='ocrx_word' id='word_1_489' title='bbox 3367 1571 3477 1621; x_wconf 80' lang='grc' dir='ltr'><strong>(ιιιι,</strong></span> <span class='ocrx_word' id='word_1_490' title='bbox 3517 1555 3692 1619; x_wconf 82' lang='lat' dir='ltr'><strong>(Deest</strong></span> 
     </span>
    </p>
   </div>
   <div class='ocr_carea' id='block_1_74' title="bbox 2119 1626 3692 1695">
    <p class='ocr_par' dir='ltr' id='par_1_74' title="bbox 2119 1626 3692 1695">
     <span class='ocr_line' id='line_1_74' title="bbox 2119 1626 3692 1695; baseline 0 -16"><span class='ocrx_word' id='word_1_491' title='bbox 2119 1629 2172 1679; x_wconf 87' lang='lat' dir='ltr'><strong>in</strong></span> <span class='ocrx_word' id='word_1_492' title='bbox 2207 1629 2348 1694; x_wconf 82' lang='lat' dir='ltr'><strong>cod.)</strong></span> <span class='ocrx_word' id='word_1_493' title='bbox 2383 1657 2454 1667; x_wconf 89' lang='lat'><strong>—-</strong></span> <span class='ocrx_word' id='word_1_494' title='bbox 2483 1628 2536 1680; x_wconf 83' lang='lat'><strong><em>9.</em></strong></span> <span class='ocrx_word' id='word_1_495' title='bbox 2572 1638 2622 1679; x_wconf 84' lang='lat' dir='ltr'><strong>et</strong></span> <span class='ocrx_word' id='word_1_496' title='bbox 2653 1627 2814 1690; x_wconf 77' lang='lat' dir='ltr'><strong>filius,</strong></span> <span class='ocrx_word' id='word_1_497' title='bbox 2853 1628 3017 1695; x_wconf 85' lang='lat' dir='ltr'><strong>ﬁlius.</strong></span> <span class='ocrx_word' id='word_1_498' title='bbox 3047 1657 3115 1667; x_wconf 93' lang='lat'>—</span> <span class='ocrx_word' id='word_1_499' title='bbox 3153 1626 3290 1680; x_wconf 85' lang='lat' dir='ltr'><strong>Ibid.</strong></span> <span class='ocrx_word' id='word_1_500' title='bbox 3318 1641 3481 1693; x_wconf 81' lang='lat' dir='ltr'><strong>super</strong></span> <span class='ocrx_word' id='word_1_501' title='bbox 3507 1627 3692 1679; x_wconf 83' lang='lat' dir='ltr'><strong>hume-</strong></span> 
     </span>
    </p>
   </div>
   <div class='ocr_carea' id='block_1_75' title="bbox 2122 1695 3689 1765">
    <p class='ocr_par' dir='ltr' id='par_1_75' title="bbox 2122 1695 3689 1765">
     <span class='ocr_line' id='line_1_75' title="bbox 2122 1695 3689 1765; baseline -0.001 -17"><span class='ocrx_word' id='word_1_502' title='bbox 2122 1714 2239 1749; x_wconf 88' lang='lat' dir='ltr'><strong>rum</strong></span> <span class='ocrx_word' id='word_1_503' title='bbox 2273 1699 2412 1764; x_wconf 84' lang='lat' dir='ltr'><strong>ejus,</strong></span> <span class='ocrx_word' id='word_1_504' title='bbox 2435 1695 2546 1765; x_wconf 85' lang='lat' dir='ltr'><strong>ejus</strong></span> <span class='ocrx_word' id='word_1_505' title='bbox 2572 1713 2727 1764; x_wconf 84' lang='lat' dir='ltr'><strong>super</strong></span> <span class='ocrx_word' id='word_1_506' title='bbox 2763 1697 3024 1750; x_wconf 81' lang='lat' dir='ltr'><strong>humeros.</strong></span> <span class='ocrx_word' id='word_1_507' title='bbox 3053 1728 3121 1737; x_wconf 96' lang='lat'><strong>—</strong></span> <span class='ocrx_word' id='word_1_508' title='bbox 3155 1698 3290 1750; x_wconf 90' lang='lat' dir='ltr'><strong>Ibid.</strong></span> <span class='ocrx_word' id='word_1_509' title='bbox 3319 1697 3493 1761; x_wconf 88' lang='lat' dir='ltr'><strong>l&#39;ortis,</strong></span> <span class='ocrx_word' id='word_1_510' title='bbox 3518 1704 3689 1759; x_wconf 73' lang='lat' dir='ltr'><strong>pater,</strong></span> 
     </span>
    </p>
   </div>
   <div class='ocr_carea' id='block_1_76' title="bbox 2121 1766 3689 1836">
    <p class='ocr_par' dir='ltr' id='par_1_76' title="bbox 2121 1766 3689 1836">
     <span class='ocr_line' id='line_1_76' title="bbox 2121 1766 3689 1836; baseline -0.001 -17"><span class='ocrx_word' id='word_1_511' title='bbox 2121 1769 2272 1835; x_wconf 75' lang='lat' dir='ltr'><strong>{ortis</strong></span> <span class='ocrx_word' id='word_1_512' title='bbox 2304 1768 2606 1821; x_wconf 86' lang='lat' dir='ltr'><strong>dominator</strong></span> <span class='ocrx_word' id='word_1_513' title='bbox 2628 1776 2800 1836; x_wconf 87' lang='lat' dir='ltr'><strong>pater,</strong></span> <span class='ocrx_word' id='word_1_514' title='bbox 2848 1769 3096 1833; x_wconf 81' lang='lat' dir='ltr'><strong>(Additur</strong></span> <span class='ocrx_word' id='word_1_515' title='bbox 3142 1769 3449 1820; x_wconf 86' lang='lat' dir='ltr'><strong>dominator</strong></span> <span class='ocrx_word' id='word_1_516' title='bbox 3494 1766 3689 1836; x_wconf 70' lang='lat' dir='ltr'><strong>litteris</strong></span> 
     </span>
    </p>
   </div>
   <div class='ocr_carea' id='block_1_77' title="bbox 2122 1834 3692 1906">
    <p class='ocr_par' dir='ltr' id='par_1_77' title="bbox 2122 1834 3692 1906">
     <span class='ocr_line' id='line_1_77' title="bbox 2122 1834 3692 1906; baseline -0.001 -18"><span class='ocrx_word' id='word_1_517' title='bbox 2122 1834 2379 1906; x_wconf 71' lang='lat' dir='ltr'><strong>uetustis.)</strong></span> <span class='ocrx_word' id='word_1_518' title='bbox 2410 1869 2478 1878; x_wconf 93' lang='lat'><strong><em>—</em></strong></span> <span class='ocrx_word' id='word_1_519' title='bbox 2501 1837 2551 1888; x_wconf 90' lang='lat'><strong>7.</strong></span> <span class='ocrx_word' id='word_1_520' title='bbox 2579 1834 2726 1906; x_wconf 73' lang='lat' dir='ltr'><strong>pacis</strong></span> <span class='ocrx_word' id='word_1_521' title='bbox 2757 1851 2883 1899; x_wconf 90' lang='lat' dir='ltr'><strong>non,</strong></span> <span class='ocrx_word' id='word_1_522' title='bbox 2911 1839 3056 1904; x_wconf 86' lang='lat' dir='ltr'><strong>pacis</strong></span> <span class='ocrx_word' id='word_1_523' title='bbox 3080 1837 3192 1905; x_wconf 87' lang='lat' dir='ltr'><strong>ejus</strong></span> <span class='ocrx_word' id='word_1_524' title='bbox 3225 1853 3347 1889; x_wconf 85' lang='lat' dir='ltr'><strong>non.</strong></span> <span class='ocrx_word' id='word_1_525' title='bbox 3382 1864 3443 1873; x_wconf 82' lang='lat'><strong>---</strong></span> <span class='ocrx_word' id='word_1_526' title='bbox 3485 1834 3692 1888; x_wconf 83' lang='lat' dir='ltr'><strong>Ibid.et</strong></span> 
     </span>
    </p>
   </div>
   <div class='ocr_carea' id='block_1_78' title="bbox 2116 1907 3687 1973">
    <p class='ocr_par' dir='ltr' id='par_1_78' title="bbox 2116 1907 3687 1973">
     <span class='ocr_line' id='line_1_78' title="bbox 2116 1907 3687 1973; baseline 0.001 -17"><span class='ocrx_word' id='word_1_527' title='bbox 2116 1907 2347 1972; x_wconf 87' lang='lat' dir='ltr'><strong>jnstitia,</strong></span> <span class='ocrx_word' id='word_1_528' title='bbox 2378 1918 2426 1960; x_wconf 91' lang='lat' dir='ltr'><strong>et</strong></span> <span class='ocrx_word' id='word_1_529' title='bbox 2457 1909 2509 1959; x_wconf 87' lang='lat' dir='ltr'><strong>in</strong></span> <span class='ocrx_word' id='word_1_530' title='bbox 2531 1907 2764 1972; x_wconf 85' lang='lat' dir='ltr'><strong>justitia.</strong></span> <span class='ocrx_word' id='word_1_531' title='bbox 2801 1907 2962 1960; x_wconf 87' lang='grc'><strong>-11,</strong></span> <span class='ocrx_word' id='word_1_532' title='bbox 2999 1916 3291 1958; x_wconf 87' lang='lat' dir='ltr'><strong>tumultum</strong></span> <span class='ocrx_word' id='word_1_533' title='bbox 3322 1907 3687 1973; x_wconf 78' lang='lat' dir='ltr'><strong>vertet.(uers.</strong></span> 
     </span>
    </p>
   </div>
   <div class='ocr_carea' id='block_1_79' title="bbox 2122 1974 3309 2047">
    <p class='ocr_par' dir='ltr' id='par_1_79' title="bbox 2122 1974 3309 2047">
     <span class='ocr_line' id='line_1_79' title="bbox 2122 1974 3309 2047; baseline -0.003 -17"><span class='ocrx_word' id='word_1_534' title='bbox 2122 1977 2234 2047; x_wconf 85' lang='lat' dir='ltr'><strong>I2.)</strong></span> <span class='ocrx_word' id='word_1_535' title='bbox 2262 1978 2494 2047; x_wconf 79' lang='lat' dir='ltr'><strong>Syriam,</strong></span> <span class='ocrx_word' id='word_1_536' title='bbox 2529 1977 2832 2042; x_wconf 67' lang='lat' dir='ltr'><strong>tumultum,</strong></span> <span class='ocrx_word' id='word_1_537' title='bbox 2868 1976 3037 2030; x_wconf 84' lang='lat' dir='ltr'><strong>Vertet</strong></span> <span class='ocrx_word' id='word_1_538' title='bbox 3071 1974 3309 2046; x_wconf 85' lang='lat' dir='ltr'><strong>Syriam.</strong></span> 
     </span>
    </p>
   </div>
   <div class='ocr_carea' id='block_1_80' title="bbox 2729 2091 3064 2148">
    <p class='ocr_par' dir='ltr' id='par_1_80' title="bbox 2729 2091 3064 2148">
     <span class='ocr_line' id='line_1_80' title="bbox 2729 2091 3064 2148; baseline 0 -3"><span class='ocrx_word' id='word_1_539' title='bbox 2729 2091 2957 2148; x_wconf 84' lang='lat' dir='ltr'><strong>CAPUT</strong></span> <span class='ocrx_word' id='word_1_540' title='bbox 2995 2092 3064 2146; x_wconf 79' lang='grc' dir='ltr'><strong>Χ.</strong></span> 
     </span>
    </p>
   </div>
   <div class='ocr_carea' id='block_1_81' title="bbox 2204 2181 3686 2251">
    <p class='ocr_par' dir='ltr' id='par_1_81' title="bbox 2204 2181 3686 2251">
     <span class='ocr_line' id='line_1_81' title="bbox 2204 2181 3686 2251; baseline -0.003 -12"><span class='ocrx_word' id='word_1_541' title='bbox 2204 2186 2348 2241; x_wconf 75' lang='lat' dir='ltr'><strong>Vera.</strong></span> <span class='ocrx_word' id='word_1_542' title='bbox 2385 2186 2435 2240; x_wconf 87' lang='lat' dir='ltr'><strong><em>I.</em></strong></span> <span class='ocrx_word' id='word_1_543' title='bbox 2487 2185 2744 2243; x_wconf 86' lang='lat' dir='ltr'><strong>condunt,</strong></span> <span class='ocrx_word' id='word_1_544' title='bbox 2792 2185 2992 2238; x_wconf 86' lang='lat' dir='ltr'><strong>colunt.</strong></span> <span class='ocrx_word' id='word_1_545' title='bbox 3024 2212 3094 2223; x_wconf 88' lang='lat'><em>—</em></span> <span class='ocrx_word' id='word_1_546' title='bbox 3121 2184 3172 2238; x_wconf 87' lang='grc'><strong>5.</strong></span> <span class='ocrx_word' id='word_1_547' title='bbox 3206 2181 3575 2251; x_wconf 68' lang='grc' dir='ltr'><strong>οοηῐιιετειῑε,¹</strong></span> <span class='ocrx_word' id='word_1_548' title='bbox 3606 2185 3686 2248; x_wconf 77' lang='lat' dir='ltr'><strong>fu-</strong></span> 
     </span>
    </p>
   </div>
   <div class='ocr_carea' id='block_1_82' title="bbox 2121 2251 3680 2326">
    <p class='ocr_par' dir='ltr' id='par_1_82' title="bbox 2121 2251 3680 2326">
     <span class='ocr_line' id='line_1_82' title="bbox 2121 2251 3680 2326; baseline -0.006 -16"><span class='ocrx_word' id='word_1_549' title='bbox 2121 2260 2297 2326; x_wconf 80' lang='lat' dir='ltr'><strong>gietis.</strong></span> <span class='ocrx_word' id='word_1_550' title='bbox 2329 2255 2474 2326; x_wconf 20' lang='lat'><strong>-—75.</strong></span> <span class='ocrx_word' id='word_1_551' title='bbox 2506 2264 2613 2326; x_wconf 0' lang='lat' dir='ltr'><strong>(est,</strong></span> <span class='ocrx_word' id='word_1_552' title='bbox 2653 2254 2797 2326; x_wconf 76' lang='lat' dir='ltr'><strong>(Non</strong></span> <span class='ocrx_word' id='word_1_553' title='bbox 2827 2253 3047 2308; x_wconf 86' lang='lat' dir='ltr'><strong>habetur</strong></span> <span class='ocrx_word' id='word_1_554' title='bbox 3072 2256 3124 2306; x_wconf 88' lang='lat' dir='ltr'><strong>in</strong></span> <span class='ocrx_word' id='word_1_555' title='bbox 3154 2252 3395 2326; x_wconf 45' lang='lat' dir='ltr'><strong>codi—</strong></span> <span class='ocrx_word' id='word_1_556' title='bbox 3424 2251 3680 2326; x_wconf 66' lang='lat' dir='ltr'><strong>8._Dic.et,</strong></span> 
     </span>
    </p>
   </div>
   <div class='ocr_carea' id='block_1_83' title="bbox 2122 2319 3684 2392">
    <p class='ocr_par' dir='ltr' id='par_1_83' title="bbox 2122 2319 3684 2392">
     <span class='ocr_line' id='line_1_83' title="bbox 2122 2319 3684 2392; baseline -0.004 -12"><span class='ocrx_word' id='word_1_557' title='bbox 2122 2319 2268 2382; x_wconf 81' lang='lat' dir='ltr'><strong>dicit.</strong></span> <span class='ocrx_word' id='word_1_558' title='bbox 2302 2359 2368 2369; x_wconf 84' lang='lat'><strong>-—-</strong></span> <span class='ocrx_word' id='word_1_559' title='bbox 2392 2325 2532 2378; x_wconf 89' lang='lat' dir='ltr'><strong><em>Ibid.</em></strong></span> <span class='ocrx_word' id='word_1_560' title='bbox 2571 2319 2701 2386; x_wconf 82' lang='lat' dir='ltr'><strong>non,</strong></span> <span class='ocrx_word' id='word_1_561' title='bbox 2735 2323 2910 2392; x_wconf 83' lang='lat' dir='ltr'><strong>(Deest</strong></span> <span class='ocrx_word' id='word_1_562' title='bbox 2938 2327 2990 2375; x_wconf 87' lang='lat' dir='ltr'><strong>in</strong></span> <span class='ocrx_word' id='word_1_563' title='bbox 3017 2326 3158 2389; x_wconf 88' lang='lat' dir='ltr'><strong>cod.)</strong></span> <span class='ocrx_word' id='word_1_564' title='bbox 3193 2323 3350 2376; x_wconf 82' lang='lat' dir='ltr'><strong>—I2.</strong></span> <span class='ocrx_word' id='word_1_565' title='bbox 3385 2333 3438 2374; x_wconf 82' lang='lat' dir='ltr'><strong>et</strong></span> <span class='ocrx_word' id='word_1_566' title='bbox 3491 2321 3542 2374; x_wconf 89' lang='lat' dir='ltr'><strong>in</strong></span> <span class='ocrx_word' id='word_1_567' title='bbox 3599 2319 3684 2374; x_wconf 78' lang='lat' dir='ltr'><strong>Je-</strong></span> 
     </span>
    </p>
   </div>
   <div class='ocr_carea' id='block_1_84' title="bbox 2122 2392 3686 2461">
    <p class='ocr_par' dir='ltr' id='par_1_84' title="bbox 2122 2392 3686 2461">
     <span class='ocr_line' id='line_1_84' title="bbox 2122 2392 3686 2461; baseline -0.005 -10"><span class='ocrx_word' id='word_1_568' title='bbox 2122 2398 2374 2461; x_wconf 87' lang='lat' dir='ltr'><strong>rusalem,</strong></span> <span class='ocrx_word' id='word_1_569' title='bbox 2407 2407 2456 2448; x_wconf 89' lang='lat' dir='ltr'><strong>et</strong></span> <span class='ocrx_word' id='word_1_570' title='bbox 2510 2394 2826 2448; x_wconf 85' lang='lat' dir='ltr'><strong>Jerusalem.</strong></span> <span class='ocrx_word' id='word_1_571' title='bbox 2857 2424 2926 2434; x_wconf 90' lang='lat'><strong>-—</strong></span> <span class='ocrx_word' id='word_1_572' title='bbox 2955 2394 3094 2447; x_wconf 87' lang='lat' dir='ltr'><strong>Ibid.</strong></span> <span class='ocrx_word' id='word_1_573' title='bbox 3152 2394 3317 2459; x_wconf 81' lang='lat' dir='ltr'><strong>regis.</strong></span> <span class='ocrx_word' id='word_1_574' title='bbox 3346 2393 3475 2460; x_wconf 83' lang='lat' dir='ltr'><strong>regi.</strong></span> <span class='ocrx_word' id='word_1_575' title='bbox 3502 2421 3572 2430; x_wconf 93' lang='lat'><strong>-—-</strong></span> <span class='ocrx_word' id='word_1_576' title='bbox 3601 2392 3686 2461; x_wconf 65' lang='grc'><strong>14.</strong></span> 
     </span>
    </p>
   </div>
   <div class='ocr_carea' id='block_1_85' title="bbox 2119 2460 3684 2537">
    <p class='ocr_par' dir='ltr' id='par_1_85' title="bbox 2119 2460 3684 2537">
     <span class='ocr_line' id='line_1_85' title="bbox 2119 2460 3684 2537; baseline -0.003 -16"><span class='ocrx_word' id='word_1_577' title='bbox 2119 2460 2378 2537; x_wconf 80' lang='lat' dir='ltr'><strong>pennam,</strong></span> <span class='ocrx_word' id='word_1_578' title='bbox 2411 2467 2723 2537; x_wconf 87' lang='lat' dir='ltr'><strong>pinnam_.-_—_</strong></span> <span class='ocrx_word' id='word_1_579' title='bbox 2750 2463 2842 2537; x_wconf 76' lang='lat'><strong><em>25.</em></strong></span> <span class='ocrx_word' id='word_1_580' title='bbox 2888 2475 2961 2526; x_wconf 88' lang='lat' dir='ltr'><strong>et,</strong></span> <span class='ocrx_word' id='word_1_581' title='bbox 2989 2463 3135 2531; x_wconf 82' lang='lat' dir='ltr'><strong>(Non</strong></span> <span class='ocrx_word' id='word_1_582' title='bbox 3166 2473 3237 2516; x_wconf 87' lang='lat' dir='ltr'><strong>est</strong></span> <span class='ocrx_word' id='word_1_583' title='bbox 3264 2463 3327 2537; x_wconf 76' lang='lat' dir='ltr'><strong>in</strong></span> <span class='ocrx_word' id='word_1_584' title='bbox 3352 2460 3684 2537; x_wconf 45' lang='lat' dir='ltr'><strong>comi—:28.</strong></span> 
     </span>
    </p>
   </div>
   <div class='ocr_carea' id='block_1_86' title="bbox 2119 2532 3682 2606">
    <p class='ocr_par' dir='ltr' id='par_1_86' title="bbox 2119 2532 3682 2606">
     <span class='ocr_line' id='line_1_86' title="bbox 2119 2532 3682 2606; baseline -0.006 -15"><span class='ocrx_word' id='word_1_585' title='bbox 2119 2532 2170 2591; x_wconf 87' lang='lat' dir='ltr'><strong>in</strong></span> <span class='ocrx_word' id='word_1_586' title='bbox 2214 2532 2466 2606; x_wconf 77' lang='lat' dir='ltr'><strong>Magron;</strong></span> <span class='ocrx_word' id='word_1_587' title='bbox 2499 2533 2637 2606; x_wconf 80' lang='lat' dir='ltr'><strong>apud</strong></span> <span class='ocrx_word' id='word_1_588' title='bbox 2674 2533 2945 2606; x_wconf 17' lang='lat' dir='ltr'><strong>Mgnc‘lunas</strong></span> <span class='ocrx_word' id='word_1_589' title='bbox 2973 2532 3414 2606; x_wconf 0' lang='lat' dir='ltr'><strong>(corruneridabit,</strong></span> <span class='ocrx_word' id='word_1_590' title='bbox 3446 2533 3682 2606; x_wconf 58' lang='lat' dir='ltr'><strong>(Addun-</strong></span> 
     </span>
    </p>
   </div>
   <div class='ocr_carea' id='block_1_87' title="bbox 2119 2601 3678 2674">
    <p class='ocr_par' dir='ltr' id='par_1_87' title="bbox 2119 2601 3678 2674">
     <span class='ocr_line' id='line_1_87' title="bbox 2119 2601 3678 2674; baseline -0.003 -16"><span class='ocrx_word' id='word_1_591' title='bbox 2119 2617 2206 2658; x_wconf 87' lang='lat' dir='ltr'><strong>tur</strong></span> <span class='ocrx_word' id='word_1_592' title='bbox 2229 2609 2282 2660; x_wconf 88' lang='lat' dir='ltr'><strong>in</strong></span> <span class='ocrx_word' id='word_1_593' title='bbox 2302 2601 2452 2674; x_wconf 61' lang='grc' dir='ltr'><strong>ἱρά.)</strong></span> <span class='ocrx_word' id='word_1_594' title='bbox 2478 2601 2548 2643; x_wconf 61' lang='grc' dir='ltr'><strong>-ὲ</strong></span> <span class='ocrx_word' id='word_1_595' title='bbox 2577 2605 2664 2657; x_wconf 79' lang='lat'><strong>50.</strong></span> <span class='ocrx_word' id='word_1_596' title='bbox 2695 2602 2912 2670; x_wconf 80' lang='lat' dir='ltr'><strong>Gallim,</strong></span> <span class='ocrx_word' id='word_1_597' title='bbox 2950 2604 3199 2672; x_wconf 80' lang='lat' dir='ltr'><strong>Agallim.</strong></span> <span class='ocrx_word' id='word_1_598' title='bbox 3238 2633 3303 2643; x_wconf 60' lang='grc' dir='ltr'><strong>ι-</strong></span> <span class='ocrx_word' id='word_1_599' title='bbox 3328 2603 3422 2656; x_wconf 78' lang='grc'><strong>51.</strong></span> <span class='ocrx_word' id='word_1_600' title='bbox 3464 2601 3678 2667; x_wconf 72' lang='lat' dir='ltr'><strong>Gabini,</strong></span> 
     </span>
    </p>
   </div>
   <div class='ocr_carea' id='block_1_88' title="bbox 2119 2677 2383 2733">
    <p class='ocr_par' dir='ltr' id='par_1_88' title="bbox 2119 2677 2383 2733">
     <span class='ocr_line' id='line_1_88' title="bbox 2119 2677 2383 2733; baseline 0.008 -3"><span class='ocrx_word' id='word_1_601' title='bbox 2119 2677 2383 2733; x_wconf 76' lang='lat' dir='ltr'><strong>Gebimso.</strong></span> 
     </span>
    </p>
   </div>
   <div class='ocr_carea' id='block_1_89' title="bbox 2719 2743 3078 2800">
    <p class='ocr_par' dir='ltr' id='par_1_89' title="bbox 2719 2743 3078 2800">
     <span class='ocr_line' id='line_1_89' title="bbox 2719 2743 3078 2800; baseline 0 -2"><span class='ocrx_word' id='word_1_602' title='bbox 2719 2743 2950 2800; x_wconf 88' lang='lat' dir='ltr'><strong>CAPUT</strong></span> <span class='ocrx_word' id='word_1_603' title='bbox 2990 2744 3078 2798; x_wconf 78' lang='lat' dir='ltr'><strong>XI.</strong></span> 
     </span>
    </p>
   </div>
   <div class='ocr_carea' id='block_1_90' title="bbox 2198 2800 3693 2904">
    <p class='ocr_par' dir='ltr' id='par_1_90' title="bbox 2198 2800 3693 2904">
     <span class='ocr_line' id='line_1_90' title="bbox 2198 2800 3693 2904; baseline -0.007 -10"><span class='ocrx_word' id='word_1_604' title='bbox 2198 2840 2349 2894; x_wconf 82' lang='lat' dir='ltr'><strong>Vers.</strong></span> <span class='ocrx_word' id='word_1_605' title='bbox 2383 2839 2441 2892; x_wconf 87' lang='lat'><strong><em>2.</em></strong></span> <span class='ocrx_word' id='word_1_606' title='bbox 2473 2853 2638 2904; x_wconf 87' lang='lat' dir='ltr'><strong>super</strong></span> <span class='ocrx_word' id='word_1_607' title='bbox 2665 2853 2814 2899; x_wconf 89' lang='lat' dir='ltr'><strong>eum,</strong></span> <span class='ocrx_word' id='word_1_608' title='bbox 2850 2837 2904 2888; x_wconf 89' lang='lat' dir='ltr'><strong>in</strong></span> <span class='ocrx_word' id='word_1_609' title='bbox 2935 2853 3016 2890; x_wconf 92' lang='lat' dir='ltr'><strong>eo.</strong></span> <span class='ocrx_word' id='word_1_610' title='bbox 3043 2867 3110 2874; x_wconf 96' lang='lat'><strong><em>—</em></strong></span> <span class='ocrx_word' id='word_1_611' title='bbox 3141 2836 3226 2890; x_wconf 84' lang='lat' dir='ltr'><strong>II.</strong></span> <span class='ocrx_word' id='word_1_612' title='bbox 3281 2800 3481 2894; x_wconf 49' lang='lat' dir='ltr'><strong>illam,</strong></span> <span class='ocrx_word' id='word_1_613' title='bbox 3532 2831 3693 2904; x_wconf 72' lang='grc' dir='ltr'><strong>Ᾰῑζαο</strong></span> 
     </span>
    </p>
   </div>
   <div class='ocr_carea' id='block_1_91' title="bbox 2119 2900 3691 2968">
    <p class='ocr_par' dir='ltr' id='par_1_91' title="bbox 2119 2900 3691 2968">
     <span class='ocr_line' id='line_1_91' title="bbox 2119 2900 3691 2968; baseline -0.007 -3"><span class='ocrx_word' id='word_1_614' title='bbox 2119 2913 2284 2965; x_wconf 88' lang='lat' dir='ltr'><strong>mitis.</strong></span> <span class='ocrx_word' id='word_1_615' title='bbox 2311 2938 2377 2950; x_wconf 90' lang='lat'>—</span> <span class='ocrx_word' id='word_1_616' title='bbox 2407 2910 2494 2964; x_wconf 64' lang='lat' dir='ltr'><strong>Ib.</strong></span> <span class='ocrx_word' id='word_1_617' title='bbox 2544 2900 2826 2968; x_wconf 82' lang='lat' dir='ltr'><strong>Immeros,</strong></span> <span class='ocrx_word' id='word_1_618' title='bbox 2858 2907 3096 2959; x_wconf 84' lang='lat' dir='ltr'><strong>humero.</strong></span> <span class='ocrx_word' id='word_1_619' title='bbox 3121 2934 3192 2944; x_wconf 90' lang='lat'><strong>—-</strong></span> <span class='ocrx_word' id='word_1_620' title='bbox 3221 2905 3310 2960; x_wconf 85' lang='grc'><strong>16.</strong></span> <span class='ocrx_word' id='word_1_621' title='bbox 3343 2903 3555 2968; x_wconf 81' lang='lat' dir='ltr'><strong>Israeli,</strong></span> <span class='ocrx_word' id='word_1_622' title='bbox 3608 2900 3691 2955; x_wconf 81' lang='lat' dir='ltr'><strong>Is-</strong></span> 
     </span>
    </p>
   </div>
   <div class='ocr_carea' id='block_1_92' title="bbox 2120 2976 3036 3044">
    <p class='ocr_par' dir='ltr' id='par_1_92' title="bbox 2120 2976 3036 3044">
     <span class='ocr_line' id='line_1_92' title="bbox 2120 2976 3036 3044; baseline -0.01 -8"><span class='ocrx_word' id='word_1_623' title='bbox 2120 2984 2253 3036; x_wconf 73' lang='lat' dir='ltr'><strong>rael.</strong></span> <span class='ocrx_word' id='word_1_624' title='bbox 2286 2981 2427 3035; x_wconf 88' lang='lat' dir='ltr'><strong>Ibid.</strong></span> <span class='ocrx_word' id='word_1_625' title='bbox 2462 2980 2574 3042; x_wconf 85' lang='lat' dir='ltr'><strong>illa,</strong></span> <span class='ocrx_word' id='word_1_626' title='bbox 2603 2977 2782 3044; x_wconf 80' lang='lat' dir='ltr'><strong>(Deest</strong></span> <span class='ocrx_word' id='word_1_627' title='bbox 2813 2977 2867 3029; x_wconf 86' lang='lat' dir='ltr'><strong>in</strong></span> <span class='ocrx_word' id='word_1_628' title='bbox 2896 2976 3036 3043; x_wconf 86' lang='lat' dir='ltr'><strong>cod.)</strong></span> 
     </span>
    </p>
   </div>
   <div class='ocr_carea' id='block_1_93' title="bbox 2713 3085 3092 3144">
    <p class='ocr_par' dir='ltr' id='par_1_93' title="bbox 2713 3085 3092 3144">
     <span class='ocr_line' id='line_1_93' title="bbox 2713 3085 3092 3144; baseline -0.005 -2"><span class='ocrx_word' id='word_1_629' title='bbox 2713 3089 2943 3144; x_wconf 84' lang='lat' dir='ltr'><strong>CAPUT</strong></span> <span class='ocrx_word' id='word_1_630' title='bbox 2973 3085 3092 3144; x_wconf 80' lang='lat' dir='ltr'><strong>XII.</strong></span> 
     </span>
    </p>
   </div>
   <div class='ocr_carea' id='block_1_94' title="bbox 2211 3180 3384 3249">
    <p class='ocr_par' dir='ltr' id='par_1_94' title="bbox 2211 3180 3384 3249">
     <span class='ocr_line' id='line_1_94' title="bbox 2211 3180 3384 3249; baseline -0.01 -4"><span class='ocrx_word' id='word_1_631' title='bbox 2211 3189 2352 3246; x_wconf 71' lang='lat' dir='ltr'><strong>Vere.</strong></span> <span class='ocrx_word' id='word_1_632' title='bbox 2378 3191 2433 3246; x_wconf 86' lang='lat'><strong>2.</strong></span> <span class='ocrx_word' id='word_1_633' title='bbox 2457 3188 2717 3244; x_wconf 90' lang='lat' dir='ltr'><strong>Dominus</strong></span> <span class='ocrx_word' id='word_1_634' title='bbox 2747 3195 2823 3249; x_wconf 89' lang='lat' dir='ltr'><strong>et,</strong></span> <span class='ocrx_word' id='word_1_635' title='bbox 2855 3183 3114 3238; x_wconf 86' lang='lat' dir='ltr'><strong>Dominus</strong></span> <span class='ocrx_word' id='word_1_636' title='bbox 3148 3180 3286 3235; x_wconf 87' lang='lat' dir='ltr'><strong>Deus</strong></span> <span class='ocrx_word' id='word_1_637' title='bbox 3313 3189 3384 3234; x_wconf 83' lang='lat' dir='ltr'><strong>et.</strong></span> 
     </span>
    </p>
   </div>
   <div class='ocr_carea' id='block_1_95' title="bbox 2685 3297 3094 3356">
    <p class='ocr_par' dir='ltr' id='par_1_95' title="bbox 2685 3297 3094 3356">
     <span class='ocr_line' id='line_1_95' title="bbox 2685 3297 3094 3356; baseline -0.01 0"><span class='ocrx_word' id='word_1_638' title='bbox 2685 3297 2914 3356; x_wconf 82' lang='lat' dir='ltr'><strong>CAPUT</strong></span> <span class='ocrx_word' id='word_1_639' title='bbox 2955 3297 3094 3353; x_wconf 81' lang='lat' dir='ltr'><strong>XIII.</strong></span> 
     </span>
    </p>
   </div>
   <div class='ocr_carea' id='block_1_96' title="bbox 2206 3387 3693 3463">
    <p class='ocr_par' dir='ltr' id='par_1_96' title="bbox 2206 3387 3693 3463">
     <span class='ocr_line' id='line_1_96' title="bbox 2206 3387 3693 3463; baseline -0.011 -9"><span class='ocrx_word' id='word_1_640' title='bbox 2206 3401 2352 3454; x_wconf 84' lang='lat' dir='ltr'><strong>Vers.</strong></span> <span class='ocrx_word' id='word_1_641' title='bbox 2400 3399 2453 3453; x_wconf 67' lang='grc'><strong>4.</strong></span> <span class='ocrx_word' id='word_1_642' title='bbox 2481 3407 2558 3462; x_wconf 85' lang='lat' dir='ltr'><strong>et,</strong></span> <span class='ocrx_word' id='word_1_643' title='bbox 2599 3394 2737 3463; x_wconf 83' lang='lat' dir='ltr'><strong>(Non</strong></span> <span class='ocrx_word' id='word_1_644' title='bbox 2770 3394 2990 3447; x_wconf 85' lang='lat' dir='ltr'><strong>habetur</strong></span> <span class='ocrx_word' id='word_1_645' title='bbox 3031 3393 3086 3444; x_wconf 91' lang='lat' dir='ltr'><strong>in</strong></span> <span class='ocrx_word' id='word_1_646' title='bbox 3123 3391 3263 3459; x_wconf 81' lang='lat' dir='ltr'><strong>cod.)</strong></span> <span class='ocrx_word' id='word_1_647' title='bbox 3292 3420 3361 3432; x_wconf 93' lang='lat'><strong>—</strong></span> <span class='ocrx_word' id='word_1_648' title='bbox 3396 3387 3449 3444; x_wconf 87' lang='lat'><strong>&#39;7.</strong></span> <span class='ocrx_word' id='word_1_649' title='bbox 3497 3395 3693 3463; x_wconf 73' lang='lat' dir='ltr'><strong>conta—</strong></span> 
     </span>
    </p>
   </div>
   <div class='ocr_carea' id='block_1_97' title="bbox 2124 3458 3691 3532">
    <p class='ocr_par' dir='ltr' id='par_1_97' title="bbox 2124 3458 3691 3532">
     <span class='ocr_line' id='line_1_97' title="bbox 2124 3458 3691 3532; baseline -0.013 -3"><span class='ocrx_word' id='word_1_650' title='bbox 2124 3475 2327 3532; x_wconf 81' lang='lat' dir='ltr'><strong>besret,</strong></span> <span class='ocrx_word' id='word_1_651' title='bbox 2352 3458 2687 3522; x_wconf 42' lang='lat' dir='ltr'><strong>tabescet.&#39;—</strong></span> <span class='ocrx_word' id='word_1_652' title='bbox 2711 3463 3224 3532; x_wconf 82' lang='lat' dir='ltr'><strong>I0.obtenebratus,_</strong></span> <span class='ocrx_word' id='word_1_653' title='bbox 3231 3458 3281 3512; x_wconf 83' lang='lat' dir='ltr'><strong>et</strong></span> <span class='ocrx_word' id='word_1_654' title='bbox 3304 3458 3691 3532; x_wconf 74' lang='lat' dir='ltr'><strong>obtenebrat‘us.</strong></span> 
     </span>
    </p>
   </div>
   <div class='ocr_carea' id='block_1_98' title="bbox 2127 3528 3696 3602">
    <p class='ocr_par' dir='ltr' id='par_1_98' title="bbox 2127 3528 3696 3602">
     <span class='ocr_line' id='line_1_98' title="bbox 2127 3528 3696 3602; baseline -0.004 -16"><span class='ocrx_word' id='word_1_655' title='bbox 2127 3528 2193 3586; x_wconf 63' lang='lat'><strong>;_.</strong></span> <span class='ocrx_word' id='word_1_656' title='bbox 2226 3528 2326 3597; x_wconf 63' lang='grc'><strong>18.</strong></span> <span class='ocrx_word' id='word_1_657' title='bbox 2350 3541 2692 3602; x_wconf 68' lang='lat' dir='ltr'><strong>interﬁciant,</strong></span> <span class='ocrx_word' id='word_1_658' title='bbox 2731 3533 3071 3599; x_wconf 84' lang='lat' dir='ltr'><strong>interﬁciant.</strong></span> <span class='ocrx_word' id='word_1_659' title='bbox 3099 3561 3170 3571; x_wconf 89' lang='lat'><strong>—</strong></span> <span class='ocrx_word' id='word_1_660' title='bbox 3197 3530 3336 3585; x_wconf 87' lang='lat' dir='ltr'><strong>Ibid.</strong></span> <span class='ocrx_word' id='word_1_661' title='bbox 3362 3528 3696 3602; x_wconf 59' lang='lat' dir='ltr'><strong>misereban-</strong></span> 
     </span>
    </p>
   </div>
   <div class='ocr_carea' id='block_1_99' title="bbox 2127 3594 3692 3677">
    <p class='ocr_par' dir='ltr' id='par_1_99' title="bbox 2127 3594 3692 3677">
     <span class='ocr_line' id='line_1_99' title="bbox 2127 3594 3692 3677; baseline -0.013 -9"><span class='ocrx_word' id='word_1_662' title='bbox 2127 3594 2240 3677; x_wconf 87' lang='lat' dir='ltr'><strong>tur,</strong></span> <span class='ocrx_word' id='word_1_663' title='bbox 2271 3594 2762 3664; x_wconf 21' lang='lat' dir='ltr'><strong>‘misereanturJ—</strong></span> <span class='ocrx_word' id='word_1_664' title='bbox 2793 3594 2933 3657; x_wconf 87' lang='lat' dir='ltr'><strong><em>Ibid.</em></strong></span> <span class='ocrx_word' id='word_1_665' title='bbox 2962 3675 2970 3677; x_wconf 91' lang='lat'><em>_</em></span> <span class='ocrx_word' id='word_1_666' title='bbox 2997 3613 3210 3677; x_wconf 57' lang='lat' dir='ltr'><strong>parcet,</strong></span> <span class='ocrx_word' id='word_1_667' title='bbox 3233 3671 3244 3677; x_wconf 83' lang='lat'>_</span> <span class='ocrx_word' id='word_1_668' title='bbox 3265 3606 3469 3677; x_wconf 78' lang='lat' dir='ltr'><strong>parcat.</strong></span> <span class='ocrx_word' id='word_1_669' title='bbox 3491 3629 3559 3642; x_wconf 90' lang='grc'><strong>--</strong></span> 
     </span>
    </p>
   </div>
   <div class='ocr_carea' id='block_1_100' title="bbox 2052 3666 3694 3758">
    <p class='ocr_par' dir='ltr' id='par_1_100' title="bbox 2052 3666 3694 3758">
     <span class='ocr_line' id='line_1_100' title="bbox 2052 3666 3694 3758; baseline -0.013 -20"><span class='ocrx_word' id='word_1_670' title='bbox 2052 3699 2097 3758; x_wconf 76' lang='lat' dir='ltr'><strong>c</strong></span> <span class='ocrx_word' id='word_1_671' title='bbox 2131 3666 2237 3748; x_wconf 52' lang='lat' dir='ltr'><strong>ibi;</strong></span> <span class='ocrx_word' id='word_1_672' title='bbox 2265 3681 2402 3758; x_wconf 83' lang='lat' dir='ltr'><strong>(Non</strong></span> <span class='ocrx_word' id='word_1_673' title='bbox 2435 3680 2656 3732; x_wconf 86' lang='lat' dir='ltr'><strong>habetur</strong></span> <span class='ocrx_word' id='word_1_674' title='bbox 2684 3678 2738 3758; x_wconf 86' lang='lat' dir='ltr'><strong>in</strong></span> <span class='ocrx_word' id='word_1_675' title='bbox 2768 3666 3059 3758; x_wconf 69' lang='lat' dir='ltr'><strong>exemplari</strong></span> <span class='ocrx_word' id='word_1_676' title='bbox 3089 3666 3307 3758; x_wconf 52' lang='lat' dir='ltr'><strong>(iotbico</strong></span> <span class='ocrx_word' id='word_1_677' title='bbox 3330 3674 3433 3752; x_wconf 44' lang='lat' dir='ltr'><strong>;.in</strong></span> <span class='ocrx_word' id='word_1_678' title='bbox 3460 3666 3694 3758; x_wconf 53' lang='lat' dir='ltr'><strong>margine</strong></span> 
     </span>
    </p>
   </div>
   <div class='ocr_carea' id='block_1_101' title="bbox 2129 3739 3698 3813">
    <p class='ocr_par' dir='ltr' id='par_1_101' title="bbox 2129 3739 3698 3813">
     <span class='ocr_line' id='line_1_101' title="bbox 2129 3739 3698 3813; baseline -0.01 -8"><span class='ocrx_word' id='word_1_679' title='bbox 2129 3739 2299 3805; x_wconf 61' lang='lat' dir='ltr'><strong>autem</strong></span> <span class='ocrx_word' id='word_1_680' title='bbox 2334 3751 2497 3804; x_wconf 67' lang='lat' dir='ltr'><strong>litter.</strong></span> <span class='ocrx_word' id='word_1_681' title='bbox 2530 3757 2720 3801; x_wconf 85' lang='lat' dir='ltr'><strong>recent.</strong></span> <span class='ocrx_word' id='word_1_682' title='bbox 2779 3747 2890 3798; x_wconf 87' lang='lat' dir='ltr'><strong>loco</strong></span> <span class='ocrx_word' id='word_1_683' title='bbox 2937 3745 3050 3813; x_wconf 86' lang='lat' dir='ltr'><strong>ejus</strong></span> <span class='ocrx_word' id='word_1_684' title='bbox 3110 3743 3301 3811; x_wconf 88' lang='lat' dir='ltr'><strong>legitur</strong></span> <span class='ocrx_word' id='word_1_685' title='bbox 3359 3739 3602 3807; x_wconf 83' lang='lat' dir='ltr'><strong>insulis.)</strong></span> <span class='ocrx_word' id='word_1_686' title='bbox 3644 3766 3698 3777; x_wconf 93' lang='lat'><strong>-—</strong></span> 
     </span>
    </p>
   </div>
   <div class='ocr_carea' id='block_1_102' title="bbox 2125 3817 2766 3885">
    <p class='ocr_par' dir='ltr' id='par_1_102' title="bbox 2125 3817 2766 3885">
     <span class='ocr_line' id='line_1_102' title="bbox 2125 3817 2766 3885; baseline -0.008 -9"><span class='ocrx_word' id='word_1_687' title='bbox 2125 3822 2268 3876; x_wconf 88' lang='lat' dir='ltr'><strong>Ibid.</strong></span> <span class='ocrx_word' id='word_1_688' title='bbox 2302 3820 2527 3885; x_wconf 72' lang='lat' dir='ltr'><strong>aedibus,</strong></span> <span class='ocrx_word' id='word_1_689' title='bbox 2561 3817 2766 3871; x_wconf 83' lang='lat' dir='ltr'><strong>diebus.</strong></span> 
     </span>
    </p>
   </div>
   <div class='ocr_carea' id='block_1_103' title="bbox 2695 3928 3105 3984">
    <p class='ocr_par' dir='ltr' id='par_1_103' title="bbox 2695 3928 3105 3984">
     <span class='ocr_line' id='line_1_103' title="bbox 2695 3928 3105 3984; baseline -0.005 -1"><span class='ocrx_word' id='word_1_690' title='bbox 2695 3929 2924 3984; x_wconf 86' lang='lat' dir='ltr'><strong>CAPUT</strong></span> <span class='ocrx_word' id='word_1_691' title='bbox 2969 3928 3105 3982; x_wconf 79' lang='lat' dir='ltr'><strong>XIV.</strong></span> 
     </span>
    </p>
   </div>
   <div class='ocr_carea' id='block_1_104' title="bbox 2207 4019 3696 4084">
    <p class='ocr_par' dir='ltr' id='par_1_104' title="bbox 2207 4019 3696 4084">
     <span class='ocr_line' id='line_1_104' title="bbox 2207 4019 3696 4084; baseline -0.008 -2"><span class='ocrx_word' id='word_1_692' title='bbox 2207 4029 2353 4084; x_wconf 84' lang='lat' dir='ltr'><strong>Vers.</strong></span> <span class='ocrx_word' id='word_1_693' title='bbox 2378 4027 2432 4081; x_wconf 84' lang='lat'><strong><em>2.</em></strong></span> <span class='ocrx_word' id='word_1_694' title='bbox 2465 4028 2516 4080; x_wconf 88' lang='lat' dir='ltr'><strong>in</strong></span> <span class='ocrx_word' id='word_1_695' title='bbox 2549 4027 2749 4084; x_wconf 89' lang='lat' dir='ltr'><strong>locum,</strong></span> <span class='ocrx_word' id='word_1_696' title='bbox 2776 4027 2846 4076; x_wconf 87' lang='lat' dir='ltr'><strong>ad</strong></span> <span class='ocrx_word' id='word_1_697' title='bbox 2879 4023 3070 4076; x_wconf 89' lang='lat' dir='ltr'><strong>locum.</strong></span> <span class='ocrx_word' id='word_1_698' title='bbox 3097 4052 3166 4061; x_wconf 93' lang='grc'><strong><em>--</em></strong></span> <span class='ocrx_word' id='word_1_699' title='bbox 3197 4021 3335 4074; x_wconf 89' lang='lat' dir='ltr'><strong>Ibid.</strong></span> <span class='ocrx_word' id='word_1_700' title='bbox 3360 4027 3412 4073; x_wconf 81' lang='lat' dir='ltr'><strong>et</strong></span> <span class='ocrx_word' id='word_1_701' title='bbox 3447 4019 3696 4079; x_wconf 83' lang='lat' dir='ltr'><strong>ancillas,</strong></span> 
     </span>
    </p>
   </div>
   <div class='ocr_carea' id='block_1_105' title="bbox 2126 4090 3697 4160">
    <p class='ocr_par' dir='ltr' id='par_1_105' title="bbox 2126 4090 3697 4160">
     <span class='ocr_line' id='line_1_105' title="bbox 2126 4090 3697 4160; baseline -0.008 -6"><span class='ocrx_word' id='word_1_702' title='bbox 2126 4111 2172 4155; x_wconf 80' lang='lat' dir='ltr'><strong>et</strong></span> <span class='ocrx_word' id='word_1_703' title='bbox 2202 4102 2256 4153; x_wconf 91' lang='lat' dir='ltr'><strong>in</strong></span> <span class='ocrx_word' id='word_1_704' title='bbox 2290 4099 2531 4152; x_wconf 89' lang='lat' dir='ltr'><strong>ancitlas.</strong></span> <span class='ocrx_word' id='word_1_705' title='bbox 2567 4126 2634 4134; x_wconf 90' lang='lat'><strong>—-—</strong></span> <span class='ocrx_word' id='word_1_706' title='bbox 2666 4096 2719 4148; x_wconf 87' lang='grc'><strong>5.</strong></span> <span class='ocrx_word' id='word_1_707' title='bbox 2761 4095 2963 4155; x_wconf 87' lang='lat' dir='ltr'><strong>labore,</strong></span> <span class='ocrx_word' id='word_1_708' title='bbox 2993 4109 3165 4160; x_wconf 87' lang='lat' dir='ltr'><strong>opere.</strong></span> <span class='ocrx_word' id='word_1_709' title='bbox 3191 4122 3262 4129; x_wconf 92' lang='lat'><strong>—</strong></span> <span class='ocrx_word' id='word_1_710' title='bbox 3299 4092 3382 4146; x_wconf 85' lang='lat' dir='ltr'><strong>II.</strong></span> <span class='ocrx_word' id='word_1_711' title='bbox 3441 4090 3697 4152; x_wconf 67' lang='lat' dir='ltr'><strong>concidit,</strong></span> 
     </span>
    </p>
   </div>
   <div class='ocr_carea' id='block_1_106' title="bbox 2126 4162 3251 4232">
    <p class='ocr_par' dir='ltr' id='par_1_106' title="bbox 2126 4162 3251 4232">
     <span class='ocr_line' id='line_1_106' title="bbox 2126 4162 3251 4232; baseline -0.011 -8"><span class='ocrx_word' id='word_1_712' title='bbox 2126 4181 2174 4224; x_wconf 90' lang='lat' dir='ltr'><strong>et</strong></span> <span class='ocrx_word' id='word_1_713' title='bbox 2207 4169 2454 4224; x_wconf 87' lang='lat' dir='ltr'><strong>concidit.</strong></span> <span class='ocrx_word' id='word_1_714' title='bbox 2485 4197 2556 4208; x_wconf 91' lang='lat'><strong>——</strong></span> <span class='ocrx_word' id='word_1_715' title='bbox 2576 4165 2665 4220; x_wconf 76' lang='lat'><strong><em>32.</em></strong></span> <span class='ocrx_word' id='word_1_716' title='bbox 2697 4164 2964 4224; x_wconf 68' lang='lat' dir='ltr'><strong>fundavit,</strong></span> <span class='ocrx_word' id='word_1_717' title='bbox 2992 4162 3251 4232; x_wconf 74' lang='lat' dir='ltr'><strong>fundabit.</strong></span> 
     </span>
    </p>
   </div>
   <div class='ocr_carea' id='block_1_107' title="bbox 2721 4260 3093 4330">
    <p class='ocr_par' dir='ltr' id='par_1_107' title="bbox 2721 4260 3093 4330">
     <span class='ocr_line' id='line_1_107' title="bbox 2721 4260 3093 4330; baseline -0.003 -1"><span class='ocrx_word' id='word_1_718' title='bbox 2721 4260 2948 4330; x_wconf 82' lang='lat' dir='ltr'><strong>CAPUT</strong></span> <span class='ocrx_word' id='word_1_719' title='bbox 2977 4273 3093 4328; x_wconf 81' lang='lat' dir='ltr'><strong>xv.</strong></span> 
     </span>
    </p>
   </div>
   <div class='ocr_carea' id='block_1_108' title="bbox 2213 4365 3706 4435">
    <p class='ocr_par' dir='ltr' id='par_1_108' title="bbox 2213 4365 3706 4435">
     <span class='ocr_line' id='line_1_108' title="bbox 2213 4365 3706 4435; baseline -0.005 -8"><span class='ocrx_word' id='word_1_720' title='bbox 2213 4374 2358 4429; x_wconf 82' lang='lat' dir='ltr'><strong>Vers.</strong></span> <span class='ocrx_word' id='word_1_721' title='bbox 2388 4374 2442 4426; x_wconf 87' lang='lat'><strong><em>2.</em></strong></span> <span class='ocrx_word' id='word_1_722' title='bbox 2505 4370 2753 4435; x_wconf 82' lang='lat' dir='ltr'><strong>Medaba,</strong></span> <span class='ocrx_word' id='word_1_723' title='bbox 2808 4367 3058 4422; x_wconf 83' lang='lat' dir='ltr'><strong>Medeba.</strong></span> <span class='ocrx_word' id='word_1_724' title='bbox 3092 4365 3335 4421; x_wconf 90' lang='lat' dir='ltr'><strong>——Ibid.</strong></span> <span class='ocrx_word' id='word_1_725' title='bbox 3394 4373 3449 4420; x_wconf 81' lang='lat' dir='ltr'><strong>et</strong></span> <span class='ocrx_word' id='word_1_726' title='bbox 3503 4365 3706 4427; x_wconf 86' lang='lat' dir='ltr'><strong>omnis,</strong></span> 
     </span>
    </p>
   </div>
   <div class='ocr_carea' id='block_1_109' title="bbox 2129 4439 3001 4501">
    <p class='ocr_par' dir='ltr' id='par_1_109' title="bbox 2129 4439 3001 4501">
     <span class='ocr_line' id='line_1_109' title="bbox 2129 4439 3001 4501; baseline -0.01 0"><span class='ocrx_word' id='word_1_727' title='bbox 2129 4449 2319 4501; x_wconf 84' lang='lat' dir='ltr'><strong>omnis.</strong></span> <span class='ocrx_word' id='word_1_728' title='bbox 2343 4475 2411 4483; x_wconf 93' lang='lat'><strong><em>—</em></strong></span> <span class='ocrx_word' id='word_1_729' title='bbox 2444 4445 2496 4499; x_wconf 89' lang='grc'><strong>5.</strong></span> <span class='ocrx_word' id='word_1_730' title='bbox 2521 4443 2782 4500; x_wconf 87' lang='lat' dir='ltr'><strong>ululatus,</strong></span> <span class='ocrx_word' id='word_1_731' title='bbox 2810 4439 3001 4492; x_wconf 85' lang='lat' dir='ltr'><strong>ululat.</strong></span> 
     </span>
    </p>
   </div>
   <div class='ocr_carea' id='block_1_110' title="bbox 2701 4547 3111 4606">
    <p class='ocr_par' dir='ltr' id='par_1_110' title="bbox 2701 4547 3111 4606">
     <span class='ocr_line' id='line_1_110' title="bbox 2701 4547 3111 4606; baseline -0.007 -1"><span class='ocrx_word' id='word_1_732' title='bbox 2701 4549 2930 4606; x_wconf 81' lang='lat' dir='ltr'><strong>CAPUT</strong></span> <span class='ocrx_word' id='word_1_733' title='bbox 2971 4547 3111 4603; x_wconf 75' lang='lat' dir='ltr'><strong>XVI.</strong></span> 
     </span>
    </p>
   </div>
   <div class='ocr_carea' id='block_1_111' title="bbox 2209 4641 3709 4711">
    <p class='ocr_par' dir='ltr' id='par_1_111' title="bbox 2209 4641 3709 4711">
     <span class='ocr_line' id='line_1_111' title="bbox 2209 4641 3709 4711; baseline -0.009 -9"><span class='ocrx_word' id='word_1_734' title='bbox 2209 4649 2362 4702; x_wconf 75' lang='lat' dir='ltr'><strong>I’ers.</strong></span> <span class='ocrx_word' id='word_1_735' title='bbox 2399 4649 2449 4701; x_wconf 92' lang='grc'><strong>1.</strong></span> <span class='ocrx_word' id='word_1_736' title='bbox 2486 4645 2730 4708; x_wconf 88' lang='lat' dir='ltr'><strong>Domine,</strong></span> <span class='ocrx_word' id='word_1_737' title='bbox 2767 4644 2942 4711; x_wconf 78' lang='lat' dir='ltr'><strong>(Deest</strong></span> <span class='ocrx_word' id='word_1_738' title='bbox 2980 4643 3032 4694; x_wconf 88' lang='lat' dir='ltr'><strong>in</strong></span> <span class='ocrx_word' id='word_1_739' title='bbox 3057 4642 3200 4710; x_wconf 89' lang='lat' dir='ltr'><strong>cod.)</strong></span> <span class='ocrx_word' id='word_1_740' title='bbox 3229 4670 3299 4682; x_wconf 89' lang='lat'><strong>-—</strong></span> <span class='ocrx_word' id='word_1_741' title='bbox 3329 4641 3385 4694; x_wconf 88' lang='lat'><strong><em>2.</em></strong></span> <span class='ocrx_word' id='word_1_742' title='bbox 3423 4649 3709 4694; x_wconf 81' lang='lat' dir='ltr'><strong>transcen-</strong></span> 
     </span>
    </p>
   </div>
   <div class='ocr_carea' id='block_1_112' title="bbox 2132 4711 3709 4784">
    <p class='ocr_par' dir='ltr' id='par_1_112' title="bbox 2132 4711 3709 4784">
     <span class='ocr_line' id='line_1_112' title="bbox 2132 4711 3709 4784; baseline -0.009 -10"><span class='ocrx_word' id='word_1_743' title='bbox 2132 4737 2191 4774; x_wconf 91' lang='lat' dir='ltr'><strong>su</strong></span> <span class='ocrx_word' id='word_1_744' title='bbox 2223 4722 2417 4780; x_wconf 86' lang='lat' dir='ltr'><strong>Amon,</strong></span> <span class='ocrx_word' id='word_1_745' title='bbox 2451 4728 2780 4784; x_wconf 82' lang='lat' dir='ltr'><strong>transgressu</strong></span> <span class='ocrx_word' id='word_1_746' title='bbox 2807 4716 2994 4784; x_wconf 66' lang='lat' dir='ltr'><strong>Atnon.</strong></span> <span class='ocrx_word' id='word_1_747' title='bbox 3026 4741 3100 4784; x_wconf 52' lang='grc' dir='ltr'><strong>έ-</strong></span> <span class='ocrx_word' id='word_1_748' title='bbox 3125 4713 3180 4764; x_wconf 85' lang='grc'><strong>5.</strong></span> <span class='ocrx_word' id='word_1_749' title='bbox 3202 4711 3524 4784; x_wconf 0' lang='lat' dir='ltr'><strong>(consilium,</strong></span> <span class='ocrx_word' id='word_1_750' title='bbox 3581 4726 3709 4762; x_wconf 81' lang='lat' dir='ltr'><strong>con-</strong></span> 
     </span>
    </p>
   </div>
   <div class='ocr_carea' id='block_1_113' title="bbox 2130 4780 3710 4843">
    <p class='ocr_par' dir='ltr' id='par_1_113' title="bbox 2130 4780 3710 4843">
     <span class='ocr_line' id='line_1_113' title="bbox 2130 4780 3710 4843; baseline -0.009 0"><span class='ocrx_word' id='word_1_751' title='bbox 2130 4792 2331 4843; x_wconf 86' lang='lat' dir='ltr'><strong>cilium.</strong></span> <span class='ocrx_word' id='word_1_752' title='bbox 2357 4817 2429 4827; x_wconf 90' lang='lat'><strong>—-</strong></span> <span class='ocrx_word' id='word_1_753' title='bbox 2469 4780 2618 4838; x_wconf 59' lang='lat' dir='ltr'><strong>Ibid:</strong></span> <span class='ocrx_word' id='word_1_754' title='bbox 2651 4783 2944 4843; x_wconf 87' lang='lat' dir='ltr'><strong>absconde,</strong></span> <span class='ocrx_word' id='word_1_755' title='bbox 2981 4783 3318 4835; x_wconf 85' lang='lat' dir='ltr'><strong>abscondere.</strong></span> <span class='ocrx_word' id='word_1_756' title='bbox 3375 4810 3443 4819; x_wconf 86' lang='lat'><strong>——</strong></span> <span class='ocrx_word' id='word_1_757' title='bbox 3469 4780 3520 4832; x_wconf 88' lang='lat'><strong>8.</strong></span> <span class='ocrx_word' id='word_1_758' title='bbox 3555 4795 3710 4833; x_wconf 83' lang='lat' dir='ltr'><strong>erra-</strong></span> 
     </span>
    </p>
   </div>
   <div class='ocr_carea' id='block_1_114' title="bbox 2133 4851 3716 4920">
    <p class='ocr_par' dir='ltr' id='par_1_114' title="bbox 2133 4851 3716 4920">
     <span class='ocr_line' id='line_1_114' title="bbox 2133 4851 3716 4920; baseline -0.006 -8"><span class='ocrx_word' id='word_1_759' title='bbox 2133 4869 2344 4918; x_wconf 80' lang='lat' dir='ltr'><strong>verunt,</strong></span> <span class='ocrx_word' id='word_1_760' title='bbox 2368 4869 2412 4909; x_wconf 89' lang='lat' dir='ltr'><strong>et</strong></span> <span class='ocrx_word' id='word_1_761' title='bbox 2444 4863 2770 4908; x_wconf 88' lang='lat' dir='ltr'><strong>erraverunt.</strong></span> <span class='ocrx_word' id='word_1_762' title='bbox 2797 4882 2865 4890; x_wconf 88' lang='lat'><strong>—-</strong></span> <span class='ocrx_word' id='word_1_763' title='bbox 2895 4851 2980 4906; x_wconf 87' lang='lat' dir='ltr'><strong><em>I2.</em></strong></span> <span class='ocrx_word' id='word_1_764' title='bbox 3008 4851 3364 4920; x_wconf 80' lang='lat' dir='ltr'><strong>ingredietur,</strong></span> <span class='ocrx_word' id='word_1_765' title='bbox 3389 4851 3716 4919; x_wconf 73' lang='lat' dir='ltr'><strong>ingreditur.</strong></span> 
     </span>
    </p>
   </div>
   <div class='ocr_carea' id='block_1_115' title="bbox 2131 4923 2812 4990">
    <p class='ocr_par' dir='ltr' id='par_1_115' title="bbox 2131 4923 2812 4990">
     <span class='ocr_line' id='line_1_115' title="bbox 2131 4923 2812 4990; baseline -0.009 -8"><span class='ocrx_word' id='word_1_766' title='bbox 2131 4959 2200 4970; x_wconf 96' lang='lat'><strong>—</strong></span> <span class='ocrx_word' id='word_1_767' title='bbox 2227 4927 2312 4981; x_wconf 78' lang='grc'><strong>14.</strong></span> <span class='ocrx_word' id='word_1_768' title='bbox 2349 4927 2569 4990; x_wconf 88' lang='lat' dir='ltr'><strong>inultus,</strong></span> <span class='ocrx_word' id='word_1_769' title='bbox 2593 4923 2812 4976; x_wconf 86' lang='lat' dir='ltr'><strong>multus.</strong></span> 
     </span>
    </p>
   </div>
   <div class='ocr_carea' id='block_1_116' title="bbox 2693 5034 3106 5093">
    <p class='ocr_par' dir='ltr' id='par_1_116' title="bbox 2693 5034 3106 5093">
     <span class='ocr_line' id='line_1_116' title="bbox 2693 5034 3106 5093; baseline -0.002 -1"><span class='ocrx_word' id='word_1_770' title='bbox 2693 5037 2916 5093; x_wconf 84' lang='lat' dir='ltr'><strong>CAPUT</strong></span> <span class='ocrx_word' id='word_1_771' title='bbox 2943 5034 3106 5091; x_wconf 82' lang='lat' dir='ltr'><strong>XVII.</strong></span> 
     </span>
    </p>
   </div>
   <div class='ocr_carea' id='block_1_117' title="bbox 2137 5125 3714 5199">
    <p class='ocr_par' dir='ltr' id='par_1_117' title="bbox 2137 5125 3714 5199">
     <span class='ocr_line' id='line_1_117' title="bbox 2137 5125 3714 5199; baseline -0.006 -11"><span class='ocrx_word' id='word_1_772' title='bbox 2137 5141 2154 5170; x_wconf 60' lang='grc' dir='ltr'><strong><em>ί</em></strong></span> <span class='ocrx_word' id='word_1_773' title='bbox 2213 5134 2361 5188; x_wconf 77' lang='lat' dir='ltr'><strong>Vers.</strong></span> <span class='ocrx_word' id='word_1_774' title='bbox 2396 5133 2451 5187; x_wconf 75' lang='grc' dir='ltr'><strong>ὅ.</strong></span> <span class='ocrx_word' id='word_1_775' title='bbox 2499 5131 2785 5199; x_wconf 81' lang='lat' dir='ltr'><strong>Raphaim,</strong></span> <span class='ocrx_word' id='word_1_776' title='bbox 2829 5129 3133 5194; x_wconf 82' lang='lat' dir='ltr'><strong>(Adduntur</strong></span> <span class='ocrx_word' id='word_1_777' title='bbox 3185 5128 3237 5199; x_wconf 82' lang='lat' dir='ltr'><strong>in</strong></span> <span class='ocrx_word' id='word_1_778' title='bbox 3291 5125 3435 5199; x_wconf 67' lang='lat' dir='ltr'><strong>cod.)</strong></span> <span class='ocrx_word' id='word_1_779' title='bbox 3466 5156 3533 5167; x_wconf 89' lang='lat'>—</span> <span class='ocrx_word' id='word_1_780' title='bbox 3663 5134 3714 5180; x_wconf 83' lang='lat' dir='ltr'><strong>et</strong></span> 
     </span>
    </p>
   </div>
   <div class='ocr_carea' id='block_1_118' title="bbox 2138 5197 3712 5272">
    <p class='ocr_par' dir='ltr' id='par_1_118' title="bbox 2138 5197 3712 5272">
     <span class='ocr_line' id='line_1_118' title="bbox 2138 5197 3712 5272; baseline -0.01 -12"><span class='ocrx_word' id='word_1_781' title='bbox 2138 5207 2478 5272; x_wconf 77' lang='lat' dir='ltr'><strong>relinquetur</strong></span> <span class='ocrx_word' id='word_1_782' title='bbox 2505 5203 2557 5254; x_wconf 91' lang='lat' dir='ltr'><strong>iu</strong></span> <span class='ocrx_word' id='word_1_783' title='bbox 2583 5197 2667 5272; x_wconf 76' lang='lat' dir='ltr'><strong>eo,</strong></span> <span class='ocrx_word' id='word_1_784' title='bbox 2698 5197 3008 5272; x_wconf 80' lang='lat' dir='ltr'><strong>(Adduntur</strong></span> <span class='ocrx_word' id='word_1_785' title='bbox 3036 5199 3089 5251; x_wconf 89' lang='lat' dir='ltr'><strong>in</strong></span> <span class='ocrx_word' id='word_1_786' title='bbox 3126 5198 3270 5265; x_wconf 89' lang='lat' dir='ltr'><strong>cod.)</strong></span> <span class='ocrx_word' id='word_1_787' title='bbox 3290 5229 3366 5272; x_wconf 10' lang='lat'><strong>7-:—</strong></span> <span class='ocrx_word' id='word_1_788' title='bbox 3405 5197 3548 5272; x_wconf 66' lang='lat' dir='ltr'><strong>Ibid.</strong></span> <span class='ocrx_word' id='word_1_789' title='bbox 3567 5197 3712 5272; x_wconf 79' lang='lat' dir='ltr'><strong>fruc—</strong></span> 
     </span>
    </p>
   </div>
   <div class='ocr_carea' id='block_1_119' title="bbox 2141 5268 3711 5341">
    <p class='ocr_par' dir='ltr' id='par_1_119' title="bbox 2141 5268 3711 5341">
     <span class='ocr_line' id='line_1_119' title="bbox 2141 5268 3711 5341; baseline -0.005 -13"><span class='ocrx_word' id='word_1_790' title='bbox 2141 5288 2245 5334; x_wconf 86' lang='lat' dir='ltr'><strong>tus.</strong></span> <span class='ocrx_word' id='word_1_791' title='bbox 2268 5268 2519 5341; x_wconf 71' lang='lat' dir='ltr'><strong>fructum.</strong></span> <span class='ocrx_word' id='word_1_792' title='bbox 2551 5300 2620 5312; x_wconf 81' lang='lat'><strong>—-</strong></span> <span class='ocrx_word' id='word_1_793' title='bbox 2641 5270 2693 5324; x_wconf 91' lang='lat'><strong>8.</strong></span> <span class='ocrx_word' id='word_1_794' title='bbox 2719 5270 2888 5334; x_wconf 88' lang='lat' dir='ltr'><strong>lucos,</strong></span> <span class='ocrx_word' id='word_1_795' title='bbox 2916 5277 2963 5320; x_wconf 88' lang='lat' dir='ltr'><strong>et</strong></span> <span class='ocrx_word' id='word_1_796' title='bbox 2991 5270 3157 5322; x_wconf 87' lang='lat' dir='ltr'><strong>lucos.</strong></span> <span class='ocrx_word' id='word_1_797' title='bbox 3177 5297 3246 5306; x_wconf 92' lang='lat'><strong>—-</strong></span> <span class='ocrx_word' id='word_1_798' title='bbox 3278 5269 3365 5321; x_wconf 80' lang='lat' dir='ltr'><strong><em>I2.</em></strong></span> <span class='ocrx_word' id='word_1_799' title='bbox 3398 5268 3711 5330; x_wconf 76' lang='lat' dir='ltr'><strong>multitudo,</strong></span> 
     </span>
    </p>
   </div>
   <div class='ocr_carea' id='block_1_120' title="bbox 2130 5346 2472 5400">
    <p class='ocr_par' dir='ltr' id='par_1_120' title="bbox 2130 5346 2472 5400">
     <span class='ocr_line' id='line_1_120' title="bbox 2130 5346 2472 5400; baseline -0.012 -1"><span class='ocrx_word' id='word_1_800' title='bbox 2130 5346 2472 5400; x_wconf 85' lang='lat' dir='ltr'><strong>multitudini.</strong></span> 
     </span>
    </p>
   </div>
   <div class='ocr_carea' id='block_1_121' title="bbox 2696 5450 3145 5509">
    <p class='ocr_par' dir='ltr' id='par_1_121' title="bbox 2696 5450 3145 5509">
     <span class='ocr_line' id='line_1_121' title="bbox 2696 5450 3145 5509; baseline -0.011 0"><span class='ocrx_word' id='word_1_801' title='bbox 2696 5453 2924 5509; x_wconf 87' lang='lat' dir='ltr'><strong>CAPUT</strong></span> <span class='ocrx_word' id='word_1_802' title='bbox 2959 5450 3145 5506; x_wconf 80' lang='lat' dir='ltr'><strong>XVIII.</strong></span> 
     </span>
    </p>
   </div>
   <div class='ocr_carea' id='block_1_122' title="bbox 2213 5544 3714 5614">
    <p class='ocr_par' dir='ltr' id='par_1_122' title="bbox 2213 5544 3714 5614">
     <span class='ocr_line' id='line_1_122' title="bbox 2213 5544 3714 5614; baseline -0.005 -12"><span class='ocrx_word' id='word_1_803' title='bbox 2213 5550 2366 5604; x_wconf 82' lang='lat' dir='ltr'><strong>Vers.</strong></span> <span class='ocrx_word' id='word_1_804' title='bbox 2393 5548 2447 5602; x_wconf 88' lang='lat'><strong><em>2.</em></strong></span> <span class='ocrx_word' id='word_1_805' title='bbox 2473 5547 2643 5613; x_wconf 87' lang='lat' dir='ltr'><strong>alius;</strong></span> <span class='ocrx_word' id='word_1_806' title='bbox 2675 5546 2741 5600; x_wconf 88' lang='lat' dir='ltr'><strong>ad</strong></span> <span class='ocrx_word' id='word_1_807' title='bbox 2767 5551 2981 5614; x_wconf 75' lang='lat' dir='ltr'><strong>gentem</strong></span> <span class='ocrx_word' id='word_1_808' title='bbox 3011 5550 3376 5611; x_wconf 72' lang='lat' dir='ltr'><strong>expectatam,</strong></span> <span class='ocrx_word' id='word_1_809' title='bbox 3403 5551 3459 5596; x_wconf 83' lang='lat' dir='ltr'><strong>et</strong></span> <span class='ocrx_word' id='word_1_810' title='bbox 3486 5544 3714 5598; x_wconf 83' lang='lat' dir='ltr'><strong>concul-</strong></span> 
     </span>
    </p>
   </div>
   <div class='ocr_carea' id='block_1_123' title="bbox 2137 5619 3714 5686">
    <p class='ocr_par' dir='ltr' id='par_1_123' title="bbox 2137 5619 3714 5686">
     <span class='ocr_line' id='line_1_123' title="bbox 2137 5619 3714 5686; baseline -0.008 -11"><span class='ocrx_word' id='word_1_811' title='bbox 2137 5631 2311 5675; x_wconf 82' lang='lat' dir='ltr'><strong>catam</strong></span> <span class='ocrx_word' id='word_1_812' title='bbox 2336 5619 2536 5681; x_wconf 85' lang='lat' dir='ltr'><strong>:alius;</strong></span> <span class='ocrx_word' id='word_1_813' title='bbox 2568 5623 3203 5686; x_wconf 64' lang='lat' dir='ltr'><strong>gentemgaxspectantem,</strong></span> <span class='ocrx_word' id='word_1_814' title='bbox 3227 5622 3624 5682; x_wconf 73' lang='lat' dir='ltr'><strong>exspectantem</strong></span> <span class='ocrx_word' id='word_1_815' title='bbox 3671 5624 3714 5664; x_wconf 77' lang='lat' dir='ltr'><strong>et</strong></span> 
     </span>
    </p>
   </div>
   <div class='ocr_carea' id='block_1_124' title="bbox 2141 5685 3142 5754">
    <p class='ocr_par' dir='ltr' id='par_1_124' title="bbox 2141 5685 3142 5754">
     <span class='ocr_line' id='line_1_124' title="bbox 2141 5685 3142 5754; baseline -0.012 -11"><span class='ocrx_word' id='word_1_816' title='bbox 2141 5693 2515 5745; x_wconf 78' lang='lat' dir='ltr'><strong>conculcatam.</strong></span> <span class='ocrx_word' id='word_1_817' title='bbox 2545 5685 2614 5726; x_wconf 53' lang='lat'><strong>4—</strong></span> <span class='ocrx_word' id='word_1_818' title='bbox 2647 5685 2697 5741; x_wconf 86' lang='grc'><strong>6.</strong></span> <span class='ocrx_word' id='word_1_819' title='bbox 2733 5700 2916 5754; x_wconf 87' lang='lat' dir='ltr'><strong>super,</strong></span> <span class='ocrx_word' id='word_1_820' title='bbox 2949 5685 3142 5737; x_wconf 83' lang='lat' dir='ltr'><strong>subter.</strong></span> 
     </span>
    </p>
   </div>
  </div>
