3992 6182
489 333 628 399 1055

1914 341 2324 405 APPENDIX.

3607 337 3740 403 1056

485 462 922 532 tua,prnientum
948 463 1126 532 tuum.
1160 484 1226 532 ῖ-
1262 453 1348 532 18.
1374 454 1432 532 in
1465 454 1680 532 diebus,
1709 466 1756 532 et
1784 457 1836 509 in
1859 459 2061 532 diebus.
2095 461 2139 516 Α
2168 464 2449 532 caligosos.
2477 491 2545 502 --
2575 462 2708 516 Ibid.
2755 463 2830 525 in,
2877 461 3053 531 (Deest
3084 462 3134 513 in
3171 461 3311 519 cod.)
3358 488 3434 532 Δ--
3470 457 3554 511 19.
3581 457 3740 525 Juda,

481 551 554 565 —-
583 522 671 576 19.
721 526 885 587 Deus,
941 524 1118 591 (Deest
1170 525 1222 576 in
1249 525 1390 590 cod.)
1423 555 1493 567 -—
1521 525 1611 580 20.
1647 527 1806 588 Iuda.
1843 527 2059 581 Iudaea.

2166 530 2382 588 Iudaea.
2418 563 2488 574 ——
2543 533 2631 587 27.
2669 530 3069 596 colles,’colle.
3123 561 3194 571 —
3245 530 3384 585 Ibid.
3438 543 3740 599 usquequo,

481 594 673 672 $5.
711 606 944 672 Via-struat
967 605 1301 672 _nostra:_.A—
1335 595 1474 648 Ibid.
1508 606 1710 660 vestra,
1745 613 1951 672 nostra.
1991 626 2062 637 —
2167 617 2350 672 usque.

485 662 623 718 Ibid.
662 665 835 728 vobis,
859 664 1030 718 nobis.
1065 693 1134 702 ——
1164 663 1256 718 28.
1293 681 1614 734 pauperum,
1649 669 1917 736 pauperis.

1092 777 1322 834 CAPUT
1358 780 1444 834 Vl.

567 868 714 926 Vers.
751 873 803 926 8.
850 870 1246 934 inahitabilem,
1299 881 1348 926 et
1404 873 1829 926 inhabitabilem.
1859 904 1929 912 —
1968 873 2056 929 10.

482 941 706 1011 audiat?
759 942 1041 994 audiant?
1089 971 1160 982 —-
1223 943 1307 996 11.
1346 941 1580 1005 eﬂ‘untle,
1637 945 1936 1011 e/fundens.
1990 975 2059 984 -—-

480 1007 625 1061 Ibid.
681 1013 991 1073 consilium,
1047 1012 1354 1066 concilium.
1394 1042 1466 1051 ——
1505 1013 1592 1066 15.
1656 1007 1899 1077 ruentes,
1929 1031 2050 1066 cor-

483 1088 714 1134 ruentes.
752 1080 865 1152 (Ita
893 1083 1160 1146 scribitur,
1187 1099 1341 1136 eraso
1377 1085 1533 1136 veteri
1568 1083 1836 1148 lectione).
1863 1113 1934 1128 -ι-
1962 1083 2054 1140 '26.

481 1163 601 1215 nos,
634 1166 744 1205 vos.

1081 1221 1310 1275 CAPUT
1350 1221 1460 1276 VII.

554 1310 706 1368 Vers.
737 1313 795 1367 92.
820 1313 1015 1368 omnis.
1042 1314 1247 1370 domus.
1273 1345 1342 1354 —-
1375 1315 1462 1368 11.
1496 1313 1767 1382 Nunquid,
1797 1315 1976 1374 (Deest
1999 1322 2053 1374 in

413 1379 418 1388 ’
480 1381 622 1450 cad.)
670 1411 692 1454 ί-
749 1383 838 1454 15.
863 1393 915 1436 et
946 1386 1128 1436 vocavi
1157 1403 1246 1438 vos
1269 1395 1322 1438 et
1351 1401 1454 1437 non
1496 1379 1871 1450 respondistis,
1903 1388 2050 1454 (Non

480 1462 603 1505 sunt
663 1453 714 1523 iu
746 1453 886 1520 cod.)
938 1483 1003 1493 —
1044 1455 1126 1508 18.
1187 1470 1389 1521 patres,
1446 1466 1715 1523 parentes.
1769 1488 1834 1498 ——
1865 1453 1955 1511 ‘20.
1997 1470 2052 1513 et

479 1537 644 1593 super
682 1522 958 1590 :jumenta,
1004 1535 1050 1576 et
1088 1526 1354 1593 jumenta.
1407 1522 1476 1564 €-
1514 1525 1605 1576 ‘2‘2.
1663 1527 1872 1578 locutus
1927 1544 2048 1582 cum

481 1592 729 1658 patribus
779 1601 990 1656 νηλειής,
1047 1592 1253 1648 Iorutus
1306 1595 1544 1654 patribus
1600 1599 1802 1649 vestris.
1851 1623 1913 1634 -—
1959 1598 2048 1653 9.5.

480 1661 630 1735 omni
653 1662 734 1714 via
771 1679 953 1729 quam,
983 1667 1156 1716 omnia
1214 1682 1345 1733 qum.
1379 1696 1447 1705 —
1501 1666 1592 1722 ‘21.
1653 1668 2046 1735 voluptatibus,

479 1737 538 1801 et
592 1731 970 1801 iurpravitate,
1035 1731 1389 1801 uoluptatibus
1427 1738 1534 1788 suis
1573 1745 1621 1788 et
1665 1731 1946 1801 pravitate.
1980 1731 2047 1778 -ὲ

476 1797 1288 1882 Q9._r_eliqnit“geiieratiunofn,
1338 1807 1617 1882 dereliquit
1659 1797 2043 1882 procreationis.
2087 1809 2176 1882 Β,

475 1894 546 1906 —-
576 1869 665 1945 52.
697 1872 1047 1945 sepelienlur,
1072 1875 1338 1940 sepelierit.
1371 1905 1441 1914 ——
1463 1869 1604 1930 Ibid.
1635 1869 1741 1930 non
1773 1881 1844 1931 sit
1870 1878 2048 1945 locus,

477 1954 582 1991 non
617 1942 688 1994 sit
716 1941 860 1995 locus
883 1945 949 1994 ad
971 1945 1350 2014 sepeliendum.

1063 2057 1294 2113 CAPUT
1326 2059 1460 2115 VIII.

552 2145 779 2220 νωλ.
811 2150 1138 2217 expandent,
1170 2153 1421 2218 pandent.
1474 2184 1543 2192 —
1567 2153 1626 2213 4,
1673 2156 1838 2220 cadit,
1872 2156 2046 2210 cadet.

472 2246 538 2256 —-
593 2216 738 2293 Ibid.
794 2229 849 2293 et
887 2216 1023 2286 'qui,
1062 2216 1312 2293 antiqui.
1345 2250 1414 2260 -——
1465 2225 1521 2277 6.
1572 2231 1637 2277 ad
1693 2216 1957 2293 praelium,
1993 2230 2046 2280 in

474 2287 682 2353 prtelia.
724 2288 1035 2362 -_-:8._nos,
1076 2287 1250 2362 (Deest
1295 2294 1347 2343 in
1399 2295 1539 2362 cod.)
1583 2323 1652 2332 --
1693 2287 1790 2349 '15.
1828 2308 1881 2350 et
1916 2287 2044 2361 non,

476 2373 600 2434 non.
630 2384 698 2395 —
733 2358 820 2434 11.
876 2357 1040 2434 Deus2
1085 2358 1232 2428 (Non
1287 2357 1611 2416 habetur'in
1667 2366 1811 2434 cod.)
1862 2357 2042 2420 —15.

479 2427 954 2497 Exspectasjimus,
994 2429 1516 2497 Etexspectauimus.
1571 2463 1639 2474 -—
1670 2436 1755 2488 19.
1794 2427 1846 2488 in
1887 2436 2042 2496 Sion.

474 2497 620 2551 Sion.
653 2527 720 2538 —-
753 2496 891 2549 Ibid.
944 2499 1048 2552 ea?
1100 2496 1355 2554 eain?-—-—
1409 2502 1544 2556 Ibid.
1609 2507 2043 2571 concitaverunt,

470 2576 903 2635 prouocauerunt.

1069 2637 1299 2693 CAPUT
1340 2638 1432 2696 IX.

550 2725 694 2802 Vers.
723 2727 778 2782 2.
804 2728 1119 2802 solitudine,
1149 2729 1507 2802 solitudinem.
1538 2761 1604 2772 -
1626 2733 1678 2785 lo.
1713 2747 1833 2796 suo,
1865 2732 2044 2802 (Deest

471 2795 528 2848 in
553 2797 695 2873 cod.)
723 2827 788 2873 -_-
820 2796 962 2873 Ibid.
990 2802 1378 2873 supplautans,
1400 2797 1547 2865 (Non
1569 2803 1792 2855 habetur
1817 2795 2040 2873 in'cod.)

469 2894 537 2904 -—-
568 2866 709 2942 Ibid.
736 2869 973 2942 incedet,
1005 2866 1219 2923 incedit.
1251 2898 1318 2909 —
1349 2870 1406 2926 5.
1431 2873 1742 2942 loquentur,
1770 2866 2037 2942 loquetur.

467 2967 538 2976 -—
569 2938 622 2990 8.
687 2937 992 3011 suo,_(Non
1026 2942 1244 2992 habetur
1283 2943 1337 2991 in
1378 2937 1519 3004 cod.)
1561 2969 1630 2982 --
1670 2937 2038 3011 Ibidﬂponit,

468 3017 642 3071 ponet.
697 3038 764 3048 -—-
817 3009 867 3062 9.
904 3011 1232 3077 bujusmodi,
1289 3011 1668 3077 hujuscemodi.
1724 3041 1796 3053 -—-
1847 3009 1932 3069 171.
1986 3009 2041 3068 et

470 3077 697 3140 cubilia,
725 3080 778 3130 in
810 3078 1026 3132 cubilia.
1052 3106 1124 3118 -—
1157 3079 1241 3132 1‘2.
1272 3092 1324 3132 et
1351 3089 1567 3145 exusta,
1599 3093 1806 3135 exusta.
1849 3116 1918 3126 —
1949 3083 2035 3137 14.

2141 1059 2152 1067 ‘
2164 1045 2447 1115 Nunquid.
2477 1076 2546 1085 —
2579 1046 2662 1099 19.

2746 669 2974 725 CAPUT
3011 669 3155 726 XIV.

2245 763 2396 818 Vers.
2431 766 2484 818 Δ.
2514 774 2868 834 operuerunt,
2890 773 2938 818 et
2961 774 3296 830 operuerunt.
3327 795 3400 806 —
3427 766 3482 819 7.
3514 777 3738 833 respon-

2163 834 2342 888 derint
2369 837 2552 896 nobis,
2606 836 2986 903 respomlerunt
3023 834 3075 886 in
3109 837 3274 888 nobis.
3334 868 3405 878 -—
3459 835 3512 890 9.
3571 837 3737 901 velut,

2160 907 2335 971 quasi.
2362 936 2431 948 --
2461 905 2601 959 Ibid.
2635 906 2689 959 in
2737 906 2914 968 nobis,
2960 906 3129 957 nobis.
3151 936 3221 946 —
3250 904 3392 957 Ibid.
3436 907 3738 959 invocatam

2161 987 2443 1044 est‘super
2466 991 2584 1040 nos,
2605 991 2757 1044 super
2779 991 2872 1027 nos
2896 976 3192 1028 invocatum
3215 985 3310 1028 est.
3338 977 3524 1041 —210.
3564 974 3735 1039 Nunc.

2701 1055 2853 1114 peste
2885 1059 3225 1108 consumam,
3262 1054 3404 1107 peste
3431 1061 3524 1114 ego
3549 1061 3736 1097 consu-

2159 1134 2323 1171 mam.
2349 1146 2419 1155 —
2443 1117 2524 1170 15.
2553 1116 2618 1179 A,
2641 1133 2692 1178 a,
2713 1131 2764 1175 a,
2787 1115 2887 1177 Ah,
2919 1117 3004 1169 ah.
3029 1115 3117 1169 ah.
3143 1144 3212 1153 —
3236 1115 3323 1167 1b.
3345 1115 3732 1167 divinationem

2160 1186 2584 1248 Itandulenlam,
2649 1186 3020 1238 divinationem
3078 1195 3127 1236 et
3169 1185 3612 1253 fraudulentiam.
3667 1212 3734 1224 —

2161 1256 2246 1308 15.
2292 1257 2516 1316 ideirco,
2552 1256 2692 1308 ideo.
2718 1283 2789 1292 -—-
2817 1255 2956 1306 Ibid.
2998 1253 3066 1305 de
3093 1254 3392 1321 prOpbetis,
3438 1255 3727 1322 prophetis.

2155 1355 2226 1365 -—
2255 1327 2452 1380 16.605
2481 1326 2704 1382 malum.
2735 1340 2818 1376 eos
2841 1340 2991 1376 omne
3026 1324 3243 1378 ntalum.
3276 1354 3343 1364 -—
3366 1323 3452 1378 18.
3479 1339 3730 1391 namque,

2153 1413 2374 1466 quoque.
2429 1425 2498 1436 -—
2545 1396 2634 1449 20.
2683 1394 3068 1461 Cognovimus,
3124 1395 3371 1458 Domine,
3424 1394 3729 1462 impietate:

2156 1477 2395 1529 nostras,
2423 1467 2738 1532 iniquitates
2768 1475 2980 1531 patrum
3012 1473 3345 1526 nostrorum,
3369 1466 3520 1532 quia,
3543 1479 3728 1532 cogno-

2154 1539 2374 1598 scimus,
2445 1537 2687 1597 Domine,
2748 1534 3053 1603 iniquitates
3111 1544 3346 1597 nostras,
3408 1533 3724 1600 impietatem

2153 1617 2363 1676 patrum
2402 1615 2723 1676 nostrorum,
2777 1620 2954 1676 quam.
3005 1632 3086 1676 τί
3115 1603 3204 1654 9'3.
3269 1603 3323 1656 in
3353 1603 3722 1672 sculptilibus,

2151 1673 2505 1744 sculptilibus.
2532 1705 2602 1715 ——
2639 1674 2776 1727 Ibid.
2806 1673 3045 1727 imbres?
3074 1673 3322 1727 imbrem.

2754 1811 2982 1868 CAPUT
3019 1810 3138 1866 XV.

2237 1909 2385 1963 Vers.
2413 1907 2464 1960 4.
2490 1903 2652 1969 Iuda,
2679 1900 2856 1956 Judte.
2891 1930 2957 1942 —-—
2985 1901 3037 1954 5.
3072 1915 3203 1969 pare
3237 1910 3349 1963 tua,
3379 1911 3592 1969 peccato
3619 1910 3721 1963 tuo,

2151 2011 2222 2024 ..-
2252 1981 2304 2032 7,
2340 1979 2670 2045 dispergam,
2717 1973 3042 2045 disperdam.
3091 1997 3164 2045 -—_~
3212 1969 3354 2045 Ibid.
3404 1973 3720 2045 disperdidi,

2150 2050 2373 2120 perdidi.
2407 2040 2476 2086 έ-
2513 2043 2652 2120 Ibid.
2678 2043 2903 2120 reuersi,
2930 2042 3167 2120 regressi.
3199 2068 3271 2081 —
3407 2042 3709 2120 quisquam,

2152 2098 2437 2187 quispiam.
2469 2144 2539 2157 -—-
2568 2115 2658 2187 Al_l.
2693 2113 2766 2187 Si_
2803 2098 2934 2174 non,
2973 2098 3124 2187 Sion.
3176 2139 3247 2151 —-
3295 2098 3438 2187 Ibid;
3481 2098 3719 2187 occurri,

2151 2181 2404 2243 occurrit.
2445 2213 2516 2226 —
2558 2185 2643 2237 15.
2676 2184 2808 2236 etin
2840 2184 3112 2242 clunibus,
3149 2191 3196 2233 et
3233 2181 3501 2234 omnibus.
3540 2210 3610 2220 —
3637 2181 3715 2233 15.

2152 2261 2282 2321 mei,
2318 2268 2374 2312 et
2409 2267 2586 2315 tuere,
2618 2255 2738 2312 mei,
2792 2261 2840 2304 et
2873 2253 3029 2304 visita
3075 2266 3154 2302 me
3193 2261 3241 2302 et
3273 2261 3435 2304 tuere.
3473 2277 3542 2290 —
3565 2249 3714 2321 Ibid.

2152 2320 2395 2397 propter,
2425 2341 2544 2394 pro.
2578 2353 2646 2364 —-
2688 2322 2775 2376 17.
2817 2337 2848 2374 a
2889 2325 3024 2397 lar-ie
3067 2335 3284 2397 manus
3315 2328 3455 2397 tuae;
3496 2320 3720 2397 sol_u_s_,a

2149 2390 2288 2467 facie
2327 2390 2465 2450 enim
2506 2410 2696 2447 manus
2745 2403 2851 2445 tua:
2881 2390 3049 2444 solus.
3097 2418 3166 2431 —-
3221 2390 3308 2443 18.
3341 2390 3714 2460 chperabiIis,

2147 2467 2484 2522 insanabilis.

2736 2531 2966 2587 CAPUT
2987 2529 3130 2586 XVI.

2229 2626 2379 2684 Vers.
2415 2630 2468 2684 ἓ.
2529 2635 2580 2680 et
2638 2626 2794 2690 tilias,
2835 2635 2886 2678 et
2941 2642 3100 2694 super
3145 2625 3312 2693 ﬁlias.
3365 2655 3436 2666 --
3488 2626 3543 2679 5.
3605 2637 3723 2694 qua

2147 2709 2467 2768 genuerunt,
2491 2698 2580 2768 qui
2607 2707 3000 2767 generauerunt.
3031 2723 3100 2735 —-
3159 2695 3300 2768 Ibid.
3335 2697 3387 2748 in
3425 2707 3564 2768 terra
3594 2696 3718 2768 hac.

2143 2766 2214 2810 ἓ·-
2249 2770 2300 2823 ιΙι.
2342 2766 2620 2829 Mortibus,
2679 2768 2731 2818 in
2782 2777 2926 2816 terra
2967 2768 3063 2818 hac
3117 2766 3394 2818 mortibus.
3432 2796 3502 2808 —
3544 2766 3632 2817 16.
3665 2775 3720 2819 et

2143 2839 2210 2893 de
2242 2841 2410 2903 omni,
2446 2849 2496 2892 et
2526 2838 2690 2899 omni,
2717 2863 2733 2869 -
2758 2863 2784 2872 ι
2823 2835 2908 2888 17.
2945 2835 3234 2900 occultata,
3266 2835 3496 2888 occulta.

2703 2969 2934 3026 CAPUT
2987 2968 3156 3023 XVII.

2224 3064 2374 3119 Vers.
2424 3064 2482 3118 2.
2517 3078 2763 3128 suorum,
2819 3061 2998 3125 (Deest
3042 3063 3094 3115 in
3131 3061 3275 3128 cod.)
3325 3092 3394 3102 ——
3424 3062 3514 3118 15.
3545 3065 3718 3132 ponit.

469 3146 638 3223 quod,
666 3133 817 3216 quos.
854 3149 1037 3223 —--_1_5.
1068 3159 1123 3203 et
1170 3133 1380 3218 potum,
1414 3133 1638 3223 (Desunt
1679 3133 1734 3205 in
1758 3133 1922 3223 cod.)
1951 3133 2043 3192 _;
2073 3145 2116 3205 C
2149 3135 2672 3223 Ρρηέξλ-ἶηίίξίχθί
2701 3150 2728 3186 ³
2751 3134 3005 3223 ρξ’ωξηίζν
3178 3133 3546 3223 Βτίνζιξηρςπ-
3580 3133 3718 3223 MP}

469 3217 558 3270 17.
598 3225 674 3280 ut,
708 3228 778 3271 et.
815 3246 884 3256 —
922 3217 1008 3273 18.
1043 3217 1306 3281 uos.ivos.
1358 3217 1430 3259 -έ
1458 3220 1548 3275 26.
1601 3238 1836 3289 comam,
1872 3217 2041 3277 coma.

1104 3333 1331 3388 CAPUT
1368 3335 1438 3391 Χ.

556 3421 703 3476 Vers.
730 3423 1158 3498 1.7(lissolvatur,
1191 3426 1447 3482 solvatur.
1478 3459 1549 3470 —
1573 3428 1625 3484 5.
1652 3431 1863 3498 palmae,
1895 3432 2044 3498 plas-

469 3510 587 3573 maz.
625 3523 695 3532 —-
721 3492 866 3573 Ibid.
897 3510 1047 3573 ergo,
1087 3496 1260 3573 (Deest
1291 3499 1348 3573 in
1383 3501 1528 3573 cod.)
1578 3492 1665 3541 --’
1691 3500 1743 3573 6.
1779 3492 1860 3566 es,
1894 3492 2043 3573 (Non

467 3563 688 3638 habetur
727 3563 985 3638 mead.)
1013 3563 1169 3638 7—47.
1230 3568 1328 3628 tui,
1374 3563 1518 3622 tibi]
1547 3599 1618 3609 —
1681 3571 1767 3624 11.
1827 3563 2040 3638 dicetis,

465 3635 627 3686 dices.
653 3663 721 3673 —
753 3633 890 3689 Ibid.
925 3633 1095 3702 cmlo;
1128 3638 1288 3690 ca'lis.
1325 3667 1395 3680 —-
1428 3639 1516 3692 15.
1546 3641 1626 3694 Ad
1654 3655 1838 3695 vocem
1863 3633 2040 3704 suam,

465 3705 504 3754 Α
537 3719 658 3757 voce
695 3722 815 3758 sua.
862 3734 932 3746 —-
990 3707 1077 3760 14.
1115 3724 1142 3759 a
1183 3710 1434 3767 scientia.
1474 3727 1504 3761 a
1534 3711 1753 3764 scicntia
1810 3727 1928 3766 sua.
1969 3740 2041 3750 —

469 3774 556 3826 16.
594 3776 708 3846 ipse
738 3778 990 3846 est._ipse
1021 3776 1186 3830 Deus.
1222 3806 1293 3817 —
1316 3776 1460 3833 Ibid.
1497 3797 1690 3832 nomen
1715 3781 1813 3846 illi,
1847 3797 2034 3834 nomen

463 3855 539 3895 est
563 3844 664 3897 illi.
708 3872 775 3886 -
802 3843 888 3900 17.
923 3863 1064 3916 quae,
1105 3849 1214 3915 qui.
1239 3876 1310 3887 —-
1339 3852 1431 3902 20.
1464 3851 1685 3918 dirupti,
1718 3843 1964 3919 disrupti.

1067 3959 1298 4016 CAPUT
1338 3960 1431 4016 XI.

546 4051 692 4106 Vers.
717 4053 769 4107 6.
799 4054 952 4119 foris,
983 4055 1037 4108 in
1068 4055 1292 4124 foribus.
1325 4085 1394 4095 —
1425 4057 1477 4111 7.
1507 4059 1571 4111 ad
1601 4056 1768 4117 diem.
1795 4061 1846 4112 in
1871 4057 2032 4113 diem.

461 4150 531 4163 -—
555 4124 606 4198 8.
643 4126 926 4198 pravitate,
955 4129 1386 4198 prauitatetnl—
1411 4129 1494 4181 14.
1519 4129 1683 4190 enim,
1712 4127 1854 4198 (Non
1879 4131 2036 4182 habe-

465 4206 553 4265 tur
577 4196 630 4246 in
661 4197 806 4263 cod.)
851 4224 920 4234 —
944 4193 1084 4248 Ibid.
1121 4207 1193 4259 et,
1243 4194 1422 4265 (Deest
1446 4199 1500 4249 in
1535 4199 1676 4264 cod.)
1721 4193 1795 4242 ’-
1841 4198 1924 4251 17.
1959 4208 2029 4263 te,

462 4263 695 4337 loeutus,
734 4276 780 4318 te
814 4275 862 4337 et
905 4267 1134 4320 locutus.
1173 4263 1372 4320 -—'18.
1431 4278 1483 4320 et
1537 4271 1783 4336 cognovi,
1833 4282 1881 4322 et
1939 4285 2033 4337 ego

462 4335 698 4401 cognoui.
736 4365 805 4375 -—-
838 4336 979 4388 Ibid.
1025 4349 1075 4388 tu
1118 4338 1424 4399 ostendisti,
1469 4349 1591 4391 tunc
1618 4335 1931 4392 ostendisti.
1969 4335 2032 4381 '—

465 4403 604 4458 Ibid.
636 4420 847 4459 eorum.
881 4405 1035 4474 (vers.
1076 4407 1160 4474 19)
1195 4407 1282 4468 Et,
1325 4418 1456 4472 etc.,
1489 4425 1687 4461 eorum.
1726 4409 1792 4461 Et
1828 4410 2029 4462 salvam

465 4476 630 4545 (ecisll
659 4491 690 4527 a
739 4479 1159 4545 persequentibus
1193 4479 1428 4530 animam
1483 4495 1672 4532 meam.
1707 4479 1796 4543 Et,
1831 4495 1928 4533 etc.
1961 4510 2029 4518 --
2065 4481 2105 4535 D

467 4542 604 4617 Ibid.
661 4556 717 4599 et
765 4542 1001 4612 non,'Et
1051 4563 1205 4600 nunc.
1267 4545 1371 4612 (Ita
1424 4549 1576 4600 modo
1618 4542 2030 4617 superscribitur

466 4613 651 4667 litteris
702 4619 935 4682 vetustis,
998 4633 1155 4687 erasa
1206 4618 1371 4686 priori
1420 4618 1664 4679 lectione,
1689 4613 1800 4687 qua
1833 4620 1894 4671 Et
1923 4636 2028 4672 non

467 4688 902 4757 eratscriptum.)
931 4716 1000 4724 —
1025 4686 1164 4740 Ibid.
1202 4692 1442 4757 dicentes
1475 4688 1651 4756 (Deest
1683 4689 1737 4741 in
1767 4691 1906 4757 cod.)
1963 4716 2032 4728 -—-

468 4750 601 4806 Ibid.
637 4759 688 4807 in
711 4750 932 4822 panem,
966 4757 1018 4807 in
1052 4773 1204 4821 pane.
1229 4787 1296 4795 —
1325 4756 1414 4809 22.
1445 4750 1678 4825 juvenes
1704 4750 2026 4825 morientur,

467 4827 666 4877 iuuenes
706 4842 884 4878 eorum
910 4829 1309 4879 morientur.——
1342 4829 1434 4883 ‘25.
1468 4844 1680 4893 eorum,
1715 4832 1850 4892 eius.

1045 4941 1274 4998 CAPUT
1323 4943 1438 4998 XII.

535 5032 684 5088 Vers.
733 5035 787 5087 5.
833 5035 1037 5104 vidisti,
1076 5047 1122 5090 et
1155 5039 1351 5091 uidisti.
1378 5070 1446 5079 —-
1478 5040 1530 5094 5.
1560 5054 1805 5104 securus,
1847 5057 2032 5093 secura

473 5121 582 5160 ton.
627 5134 677 5144 «-
712 5106 763 5161 8.
812 5121 1034 5169 vocem;
1077 5124 1249 5160 vocem
1283 5125 1456 5163 suam.
1491 5140 1558 5148 —--
1591 5111 1643 5164 9.
1692 5112 1884 5173 tincta,
1917 5113 2031 5162 dis-

461 5180 646 5230 tincta.
689 5205 747 5217 -~
783 5175 870 5229 15.
897 5177 1323 5244 conl'undemini,
1352 5180 1761 5247 confundimim.
1794 5211 1862 5219 —
1888 5180 2028 5233 Ibid.

459 5247 616 5308 itam,
654 5247 1008 5299 iracundiam.
1049 5276 1116 5285 —-
1150 5252 1232 5310 14.
1260 5265 1375 5312 sua,
1407 5267 1605 5304 eorum.
1660 5281 1729 5291 ——-
1765 5252 1850 5303 15.
1879 5251 2034 5305 evul-

458 5333 605 5378 ειη-ο,
660 5319 900 5370 evellero.
952 5346 1020 5355 ——
1054 5316 1192 5370 Ibid.
1256 5322 1304 5370 in
1349 5333 1571 5384 terram,
1612 5322 1681 5372 ad
1707 5330 1925 5374 terram.
1964 5349 2036 5360 -

459 5389 546 5441 16.
575 5390 1014 5451 :edilicabuutur,
1043 5387 1399 5455 adiﬁcabunt.

1045 5513 1277 5570 CAPUT
1308 5515 1449 5570 XIII.

543 5611 684 5666 Vers.
713 5611 768 5664 2.
798 5613 966 5673 circa,
989 5611 1170 5681 juxta.
1212 5634 1282 5681 το
1303 5606 1356 5660 6.
1393 5608 1556 5681 dixit,
1581 5611 1787 5681 locutus
1819 5617 1924 5681 est.
1966 5635 2035 5644 —-

457 5685 511 5737 9.
577 5684 856 5744 Dominus,
919 5677 1170 5733 Dominus
1214 5677 1373 5732 Deus.
1421 5707 1490 5717 --
1541 5679 1628 5734 15.
1675 5686 1728 5730 et.
1789 5678 2033 5740 auribus,

463 5754 774 5806 omibus.-—-
809 5753 948 5806 Ibid.
975 5751 1198 5814 elenri,
1229 5752 1447 5802 elevare.
1469 5777 1538 5790 η-
1567 5750 1651 5804 16.
1678 5747 2032 5818 caliginosos,

2152 3202 2374 3267 recedit,
2408 3207 2635 3258 recedat.
2658 3231 2727 3244 --
2758 3204 2844 3256 15.
2880 3217 2907 3254 a
2938 3213 3010 3262 te,
3042 3202 3266 3258 (Desunt
3293 3203 3344 3254 in
3367 3205 3510 3268 cod.)
3535 3234 3609 3243 —
3633 3205 3718 3258 17.

2148 3278 2267 3329 Non
2297 3279 2373 3327 sis
2414 3285 2467 3327 tu
2510 3275 2640 3328 Inibi
2669 3272 2968 3330 formidini.
3003 3271 3121 3325 Non
3145 3274 3215 3324 sis
3240 3273 3366 3323 mihi
3394 3271 3718 3340 formidinis.

2144 3372 2217 3387 -—
2243 3345 2333 3398 ‘20.
2371 3343 2528 3408 Juda,
2565 3343 2776 3396 Judwa.
2817 3372 2886 3382 —
2929 3339 3022 3394 21.
3080 3343 3130 3393 in
3184 3341 3294 3405 die,
3335 3339 3401 3394 in
3439 3341 3604 3396 diem.
3653 3367 3720 3382 —-

2144 3413 2288 3468 Ibid.
2328 3415 2380 3467 in
2428 3428 2515 3474 eo.
2557 3415 2610 3466 in
2646 3429 2728 3466 ea.
2759 3411 2941 3464 —26.
2992 3410 3331 3473 civitatibus,
3367 3413 3607 3467 civitate.
3653 3441 3721 3456 ....

2142 3484 2234 3538 27.
2279 3484 2448 3552 por’tis
2489 3483 2628 3550 ejus,
2662 3491 2717 3536 et
2754 3480 3036 3536 devorabit
3068 3481 3281 3544 domos,
3310 3491 3496 3551 portas
3522 3483 3643 3550 eius
3676 3494 3721 3534 et

2143 3555 2415 3608 devorabit
2449 3553 2683 3607 domum.

2706 3642 2936 3699 CAPUT
2967 3643 3156 3699 XVIII.

2222 3735 2372 3791 Vers.
2403 3736 2496 3794 20.
2530 3735 2801 3802 redditur,
2838 3737 3108 3790 reddetur.
3154 3764 3226 3775 ——
3267 3736 3358 3790 2|.
3411 3736 3467 3790 in
3503 3749 3722 3802 manus,

2138 3807 2191 3859 in
2225 3823 2405 3862 manu.

2718 3877 2950 3933 CAPUT
2993 3877 3135 3930 XIX.

2225 3967 2366 4022 Vers.
2403 3970 2459 4022 9.
2499 3973 2711 4040 loquar,
2747 3972 2952 4040 loquor.
2985 4000 3055 4013 —
3090 3972 3146 4025 5.
3176 3970 3345 4035 illam,
3385 3987 3520 4024 eam.
3558 3999 3639 4009 —-
3664 3971 3721 4024 ι.

2137 4037 2468 4101 libaverunt,
2501 4037 2907 4096 Iibaoerintﬁ—
2936 4041 2989 4095 5.
3025 4042 3454 4102 comburendos,
3494 4043 3718 4093 combu-

2138 4109 2379 4162 rendum.
2410 4139 2481 4149 —
2517 4110 2656 4164 Ibid.
2706 4113 3083 4166 holocaustum
3127 4112 3353 4176 Baalim,
3389 4112 3720 4164 holocaustis

2136 4176 2316 4231 Bauli.
2347 4209 2416 4219 —
2447 4182 2500 4234 6.
2535 4181 2707 4244 vallis,
2730 4184 2915 4235 ualles.
2950 4209 3017 4221 -—
3045 4181 3099 4236 7.
3135 4197 3342 4244 eseam,
3376 4197 3544 4233 escas.
3569 4210 3646 4220 —
3668 4183 3722 4234 8.

2138 4251 2388 4322 universa
2421 4252 2599 4320 plaga.
2637 4267 2814 4305 omnes
2846 4255 3050 4322 plagas.
3081 4279 3150 4292 --
3189 4253 3242 4304 9.
3275 4261 3330 4305 et
3363 4255 3479 4319 qui,
3513 4254 3633 4320 qui.
3656 4276 3725 4290 -

2138 4317 2225 4372 12.
2257 4329 2309 4372 et
2341 4317 2560 4386 ponam,
2590 4332 2647 4375 ut
2680 4317 2893 4390 ponam.

2731 4457 2956 4513 CAPUT
2995 4457 3113 4512 XX.

2217 4551 2363 4605 Vera.
2384 4551 2438 4605 2.
2469 4552 2731 4618 superiori
2758 4553 2832 4611 in,
2865 4552 2918 4603 in
2947 4550 3226 4618 superiori.
3284 4576 3355 4589 -
3376 4550 3429 4603 5.
3471 4550 3720 4612 vocavit,

2133 4623 2335 4677 vocabit
2365 4637 2430 4675 te.
2461 4651 2528 4664 ——
2549 4622 2684 4675 Ibid.
2724 4636 2919 4674 nomen
2951 4632 3122 4682 tuum,
3146 4621 3366 4682 (Desunt
3397 4621 3451 4670 in
3477 4624 3632 4684 cod.)
3657 4650 3727 4662 -

2080 4708 2090 4722 °
2133 4693 2186 4746 7.
2218 4693 2513 4754 Seduxisli,
2551 4705 2684 4754 elc.,
2714 4690 2989 4745 Caurtcuu
3028 4690 3328 4753 Seduasisti,
3360 4700 3458 4741 etc.
3487 4687 3634 4754 (Iste
3667 4695 3707 4744 ti

2133 4763 2276 4816 tulus
2307 4765 2530 4828 scriptus
2558 4772 2633 4813 est
2658 4764 2710 4814 iu
2741 4779 2910 4832 marg.
2945 4776 3098 4832 manu
3124 4761 3352 4825 ejusdem
3386 4761 3721 4828 scriptoris.)

2133 4862 2202 4872 —
2242 4835 2324 4886 11.
2353 4847 2653 4898 utinquam,
2697 4848 2820 4884 non.
2867 4831 2935 4873 ὲ-
2979 4831 3062 4882 1‘2.
3106 4845 3328 4883 causam
3373 4845 3580 4891 meum,
3638 4849 3725 4884 car

2133 4918 2326 4955 meum.
2359 4931 2426 4940 —-
2468 4902 2550 4956 16.
2583 4911 2724 4959 sunt,
2762 4906 2889 4955 sint.
2925 4931 2992 4944 ——
3021 4899 3162 4954 Ibid.
3193 4901 3466 4970 pmnituit,
3495 4905 3728 4968 paenite-

2135 4973 2228 5025 bit.
2260 5002 2329 5012 —-
2360 4972 2448 5025 17.
2477 4973 2590 5042 qui,
2617 4973 2760 5038 quia.

2718 5083 2946 5138 CAPUT
2974 5083 3116 5138 XXI.

2209 5183 2355 5238 Vers.
2385 5183 2435 5235 1.
2474 5179 2736 5239 Melchim.
2779 5177 2959 5231 Elciw.
2991 5207 3058 5215 —
3091 5177 3145 5232 2.
3176 5187 3229 5230 et
3257 5177 3497 5238 recedat.
3534 5192 3601 5230 ut
3637 5196 3723 5231 re-

2141 5255 2314 5308 cedat.
2350 5281 2421 5292 -—
2452 5252 2505 5305 5.
2535 5249 2797 5311 Sedet-im,
2839 5245 3070 5301 Sedecite
3104 5251 3212 5316 regi
3241 5246 3420 5301 Judte.
3453 5277 3533 5288 —
3570 5250 3630 5302 5.
3667 5259 3723 5301 et.

2139 5328 2190 5378 iu
2217 5323 2464 5385 brachio,
2510 5332 2557 5372 et
2614 5320 2847 5372 brachio.
2895 5346 2966 5360 --
3022 5317 3159 5370 Ibid.
3205 5318 3255 5370 in
3290 5318 3721 5388 indignatione.

2137 5395 2390 5461 (Additur
2422 5391 2524 5458 in.)
2578 5418 2639 5428 —
2690 5390 2745 5442 7.
2809 5388 3228 5461 post_ltuc._pas_t
3279 5387 3538 5440 htec.’—-
3578 5387 3721 5461 Ibid.

2138 5456 2449 5533 Babylonis,
2481 5456 2535 5513 et
2564 5461 2640 5524 in,
2664 5456 2820 5533 etc,
2843 5457 3148 5533 Babylonis,
3185 5458 3287 5533 _in,_
3305 5469 3402 5510 etc.
3450 5456 3724 5533 —f_Ibi§.

2137 5527 2414 5596 ﬂeet'etur,
2505 5531 2811 5583 movebitur.
2883 5557 2952 5566 —
3023 5527 3113 5580 ‘20.
3185 5527 3313 5596 igni.
3363 5554 3435 5568 -—-
3490 5530 3596 5585 11.
3662 5528 3726 5583 Et

2140 5603 2318 5658 domui
2350 5595 2666 5665 regisJuda.
2700 5600 2883 5651 audite
2938 5599 3159 5650 verbum
3214 5595 3445 5665 Domini.
3502 5628 3586 5641 —
3635 5596 3719 5650 13.

2143 5675 2348 5727 Domus
2376 5664 2564 5732 David,
2619 5671 2747 5736 igni,
2800 5679 2847 5720 et
2897 5668 3052 5736 domo
3108 5669 3240 5736 regis
3293 5664 3451 5720 Iuda.
3519 5669 3725 5723 Audite

2143 5747 2370 5809 uerbum,
2411 5741 2618 5795 Domini
2639 5734 2831 5794 domus
2863 5734 3052 5791 Da'rid.
