4206 6512
1426 357 1539 430 ΙΝ
1583 356 1924 432 TOMOS
1961 359 2083 446 29,
2121 360 2241 446 30,
2285 361 2403 446 31,
2448 361 2567 446 32,

286 781 2362 1026 PATROLOGI/E
2505 788 3698 1143 GR/EQZE

1367 1343 1511 1416 AD
1551 1343 2143 1417 EDITIONEM
2180 1343 2616 1418 OPERUM

963 1751 1590 1891 SANCTI
1705 1753 2331 1891 BASILII
2445 1754 3027 1892 MAGNI

1632 2055 2350 2130 INTRODUCTIO

897 2259 1205 2315 auctore
1241 2242 1542 2321 Joanne
1579 2243 2063 2331 Gribomont,
2101 2245 2478 2316 monacho
2517 2244 3082 2330 Claravallensi,

1162 2349 1546 2422 Abbatiae
1584 2350 1658 2423 S.
1696 2351 2151 2448 Hieronymi
2188 2352 2280 2424 de
2319 2351 2526 2424 Urbe
2565 2352 2850 2426 Priore.

1638 2573 1703 2646 Ι.
1739 2573 1922 2645 Vita
1958 2590 2038 2645 et
2073 2571 2350 2670 Opera.

445 2737 506 2797 S.
543 2736 858 2808 Basilius,
897 2737 1247 2800 christiana
1283 2742 1350 2798 et
1386 2738 1584 2799 nobili
1618 2738 1863 2800 familia
1901 2745 2054 2800 ante
2091 2758 2338 2800 annum
2373 2739 2496 2800 330
2529 2739 2593 2800 in
2632 2738 3040 2817 Cappadocia
3079 2745 3293 2808 natus,
3333 2739 3698 2798 litterarum

284 2834 508 2894 studiis
540 2834 872 2906 elucebat,
906 2854 1054 2896 cum
1085 2836 1250 2897 circa
1282 2855 1529 2898 annum
1558 2837 1678 2896 357
1710 2837 2271 2898 conversationem
2302 2837 2392 2899 ita
2425 2837 2545 2896 sibi
2577 2837 2887 2897 humilem
2917 2842 2978 2896 et
3012 2837 3453 2913 evangelicam
3484 2835 3696 2913 elegit,

285 2936 353 2990 ut
380 2949 554 2992 anno
585 2932 720 2992 370
746 2933 1086 3012 episcopus
1115 2933 1461 2996 Caesareae
1491 2934 1939 3013 Cappadociae
1969 2934 2326 2996 renuntiari
2357 2940 2708 2995 mereretur
2736 2955 2750 3004 ;
2782 2953 2910 3012 quo
2941 2952 3128 2993 nemo
3160 2939 3352 2994 antea
3384 2951 3698 3010 umquam

284 3030 482 3108 magis
512 3030 959 3091 eruditionem
989 3032 1238 3102 mundi,
1269 3031 1523 3092 labores
1551 3032 1864 3094 asceticos
1893 3037 1958 3092 et
1988 3032 2279 3094 animum
2309 3032 2776 3093 sacerdotalem
2815 3032 2878 3091 in
2921 3031 3207 3092 Ecclesia
3248 3031 3694 3092 coniunxerat.

285 3125 454 3186 Obiit
489 3145 673 3187 anno
713 3127 855 3196 379,
899 3129 1000 3188 die
1039 3129 1246 3206 prima
1287 3129 1586 3208 januarii.
1628 3129 1890 3190 Plebem
1923 3130 2146 3190 multis
2175 3129 2458 3190 erudivit
2489 3130 2788 3198 homiliis,
2822 3147 2988 3207 quae
3020 3129 3207 3189 hodie
3238 3129 3302 3189 in
3334 3129 3699 3219 exegeticas

279 3223 454 3301 (P.G.
488 3225 598 3302 29)
630 3231 703 3286 et
735 3226 1008 3288 morales
1035 3227 1217 3303 (P.G.
1251 3227 1354 3304 31)
1384 3228 1910 3298 distribuuntur;
1949 3233 2174 3290 contra
2209 3228 2485 3290 Arianos
2522 3229 2649 3288 duo
2687 3227 2942 3306 scripsit
2979 3227 3307 3306 opuscula,
3355 3227 3454 3286 i.e.
3501 3226 3698 3285 libros

281 3327 406 3382 tres
441 3325 772 3384 adversus
811 3324 1208 3385 Eunomium
1240 3325 1422 3402 (P.G.
1460 3325 1564 3403 29)
1599 3332 1664 3386 et
1694 3326 1984 3386 libellum
2014 3327 2093 3387 de
2125 3326 2366 3404 Spiritu
2401 3327 2638 3388 Sancto
2666 3325 2848 3403 (P.G.
2882 3326 2986 3402 32)
3017 3346 3029 3395 ;
3063 3325 3363 3403 operibus
3402 3323 3699 3384 asceticis

279 3419 452 3497 (P.G.
485 3422 594 3498 31)
627 3421 1088 3483 turbulentum
1119 3423 1586 3485 monachorum
1615 3424 1826 3484 zelum
1876 3425 1958 3486 ad
2009 3423 2347 3502 Evangelii
2389 3429 2738 3502 praecepta
2785 3423 3322 3501 disciplinamque
3373 3420 3697 3482 Ecclesiae

283 3520 703 3598 composuit;
753 3519 1061 3599 epistolas
1109 3521 1378 3582 tandem
1428 3521 1570 3600 plus
1619 3540 1818 3600 quam
1864 3526 2191 3582 trecentas
2237 3521 2435 3592 misit,
2485 3521 2720 3599 quibus
2773 3521 2837 3580 in
2894 3520 3307 3580 ecclesiarum
3363 3525 3424 3578 et
3483 3537 3699 3578 rerum

282 3616 726 3678 varietatibus
762 3618 1083 3696 sapientia
1121 3618 1257 3678 eius
1293 3623 1360 3678 et
1397 3619 1690 3681 doctrina
1729 3620 2039 3680 relucent.
2075 3619 2350 3680 Diversa
2383 3619 2506 3681 alia
2539 3620 2899 3679 efferuntur
2926 3618 3336 3696 (praesertim
3372 3617 3526 3676 P.G.
3570 3616 3696 3692 30),

284 3730 438 3791 quae
469 3719 708 3776 tamen
743 3715 978 3775 dubiae
1009 3721 1162 3776 sunt
1193 3716 1627 3778 auctoritatis.

440 3812 540 3872 De
588 3813 698 3872 his
743 3813 1044 3874 omnibus
1089 3819 1510 3892 conspectum
1556 3814 1826 3876 habebis
1871 3815 1934 3874 in
1981 3813 2278 3892 sequenti
2323 3814 2571 3884 tabula,
2621 3813 2868 3882 addito,
2917 3813 2979 3872 in
3028 3817 3351 3890 quantum
3387 3810 3522 3870 ﬁeri
3555 3815 3701 3888 pot-

283 3914 394 3978 est,
434 3928 614 3970 anno
658 3911 1169 3990 compositionis,
1208 3917 1274 3972 et
1310 3912 1582 3990 signatis
1619 3913 1893 3975 asterico
1933 3913 2031 3972 his
2069 3931 2233 3990 quae
2271 3913 2487 3991 spuria
2526 3911 2629 3971 vel
2668 3911 2865 3972 dubia
2912 3915 3322 3989 reputantur.
3377 3909 3551 3968 Ordo
3598 3913 3699 3967 est

285 4004 430 4068 P.G.
476 4008 706 4069 29-32.

1392 4209 1579 4282 P.G.
1617 4211 1737 4283 29.

327 4373 376 4432 ι.
412 4373 750 4434 Homiliae
792 4373 886 4433 IX
912 4374 975 4434 in
1013 4375 1463 4436 Hexaemeron
3137 4369 3146 4436 I
3228 4370 3395 4430 circa
3428 4369 3552 4430 378

321 4469 376 4530 2.
411 4470 752 4532 Homiliae
785 4471 944 4531 XIV
976 4472 1042 4533 in
1077 4471 1367 4534 Psalmos

323 4566 378 4628 3.
415 4568 670 4630 Contra
706 4569 1103 4631 Eunomium
1134 4570 1280 4632 libri
1313 4577 1444 4631 tres
3138 4563 3146 4632 Ι
3231 4565 3333 4624 1-3
3374 4565 3542 4625 circa
3579 4563 3702 4624 363

409 4666 434 4743 (
615 4691 642 4722 cr
940 4693 964 4723 «
1134 4669 1280 4728 libri
1316 4669 1423 4729 4-5
1471 4674 1624 4729 sunt
1660 4669 1933 4746 Didymi
1961 4669 2409 4744 Alexandrini)

323 4764 378 4823 4.
414 4764 514 4826 De
564 4764 815 4842 Spiritu
845 4765 934 4842 (³⁸³)

1388 4859 1574 4932 P.G.
1613 4861 1732 4932 30.

329 5024 378 5081 1.
415 5023 650 5084 Oratio
692 5023 717 5083 Ι
750 5024 828 5084 de
863 5024 1164 5086 Hominis
1195 5025 1566 5088 structura"I

323 5120 378 5179 2.
414 5121 650 5183 Oratio
692 5121 754 5181 II
789 5123 870 5182 de
903 5122 1205 5184 Hominis
1236 5122 1606 5185 structura"

325 5216 381 5278 3.
416 5219 654 5281 Oratio
687 5220 766 5280 de
798 5220 1151 5282 Paradiso“

309 5313 389 5393 [4.
426 5315 722 5378 Homilia
789 5317 854 5378 in
921 5323 1178 5397 partem
1251 5319 1368 5379 Iam
1434 5319 1667 5399 psalmi
1725 5319 1910 5398 XIV]

325 5411 379 5473 5.
415 5414 712 5476 Homilia
751 5414 815 5475 in
856 5415 1182 5494 psalmum
1221 5418 1568 5479 XXVIII"l

325 5509 380 5570 6.
415 5511 711 5574 Homilia
739 5511 803 5573 in
833 5513 1161 5592 psalmum
1189 5516 1569 5578 XXXVII"

327 5607 380 5668 7.
417 5609 712 5673 Homilia
747 5610 812 5672 in
848 5611 1175 5691 psalmum
1209 5614 1426 5676 CXV"

326 5704 382 5766 8.
417 5707 711 5770 Homilia
743 5708 808 5771 in
842 5710 1168 5789 psalmum
1198 5711 1568 5775 CXXXII“

329 5803 386 5864 9.
419 5805 947 5870 Commentarius
1001 5808 1067 5870 in
1132 5809 1366 5872 Isaiam
1423 5813 1812 5891 prophetam
1853 5813 1933 5891 (c.
1973 5814 2231 5894 1-16)("')

293 5898 383 5965 10.
417 5902 614 5966 Liber
645 5906 726 5966 de
759 5905 1179 5984 virginitate"
1228 5908 1483 5986 (Basilii
1507 5911 1971 5990 Ancyrensis?)
