4206 6528
508 379 603 438 11.
640 377 859 439 Sermo
893 376 972 436 de
1005 372 1618 435 contubernalibus“

508 476 603 537 12.
635 474 1043 553 Argumenta
1075 477 1301 534 contra
1332 470 1648 534 Arianos“

508 573 603 634 13.
638 571 983 652 Expositio
1035 572 1115 632 de
1165 574 1392 632 sancta
1444 574 1511 630 et
1561 569 1927 630 orthodoxa
1958 568 2123 629 ﬁde"I

508 670 603 731 14.
637 670 831 732 Liber
862 668 1168 731 Eunomii
1201 667 1643 747 apologeticus

509 768 604 829 15.
639 767 972 830 Eustathii
1014 765 1450 846 Metaphrasis
1492 765 1556 826 in
1602 765 2056 826 Hexaemeron
2106 761 2331 825 Basilii

1611 1008 1797 1082 P.G.
1836 1011 1955 1081 31.

590 1226 603 1239 .
639 1177 963 1241 Homiliae
995 1182 1061 1239 et
1092 1194 1420 1238 sermones

592 1324 604 1337 .
640 1277 980 1338 Sermones
1012 1274 1313 1336 ascetici“

590 1422 603 1435 .
637 1374 907 1437 Moralia

590 1519 603 1533 .
637 1473 928 1552 Regulae
958 1472 1167 1532 fusius
1198 1476 1264 1531 et
1309 1470 1572 1532 brevius
1604 1472 1930 1530 tractatae

590 1619 602 1631 .
639 1570 1159 1632 Constitutiones
1190 1566 1631 1629 monasticae"

549 1180 576 1240 1

545 1278 583 1338 2

544 1376 582 1436 3

544 1475 583 1533 4

544 1571 582 1632 5

638 1721 986 1802 Appendix
1019 1742 1039 1781 :

549 1876 607 1935 7.
647 1874 975 1935 Homiliae
1008 1873 1331 1953 quaedam
1364 1872 1640 1934 dubiae‘

544 1973 602 2033 8.
640 1973 738 2033 De
768 1971 1101 2051 baptismo
1135 1971 1283 2032 libri
1315 1971 1485 2031 duo"

544 2071 602 2131 9.
636 2069 968 2149 Liturgiae
1001 2069 1292 2148 oopticae
1327 2069 1388 2130 S.
1424 2068 1689 2130 Basilii“

508 2169 602 2229 10.
640 2168 983 2229 Orationes
1015 2168 1151 2227 sive
1183 2167 1565 2227 exorcismi“

509 2268 602 2327 11.
640 2267 859 2329 Sermo
911 2267 989 2326 de
1039 2267 1453 2327 sacerdotum
1501 2264 1972 2325 instructione“

508 2366 604 2425 12.
638 2366 986 2426 Tractatus
1056 2365 1133 2424 de
1204 2363 1645 2425 consolatione
1712 2363 1778 2423 in
1835 2361 2164 2424 adversis"

507 2462 632 2541 [13.
668 2462 765 2522 De
800 2463 993 2523 laude
1027 2461 1355 2523 solitariae
1385 2459 1633 2539 vitae]"'

505 2560 630 2638 [14.
664 2559 1045 2621 Admonitio
1094 2561 1176 2620 ad
1223 2558 1430 2619 ﬁlium
1476 2557 1951 2637 spiritualem]*

3433 654 3599 717 circa
3632 653 3779 715 362.

3436 752 3603 814 circa
3636 752 3761 813 400

3436 1276 3603 1338 circa
3635 1277 3759 1338 360

3437 1375 3558 1436 364
3568 1374 3941 1458 /post370?

507 2658 601 2718 15.
639 2657 964 2719 Homiliae
1012 2652 1202 2740 [tres]
1247 2676 1329 2717 ex
1370 2656 1656 2717 editione
1700 2656 1846 2717 Chr.
1904 2655 2082 2716 Frid.
2117 2654 2439 2717 Matthaei
2468 2654 2502 2690 *

506 2755 601 2815 16.
636 2755 963 2818 Homiliae
1008 2773 1170 2835 quas
1213 2754 1555 2817 transtulit
1600 2754 1879 2815 Rufinus
1915 2754 1992 2815 de
2028 2769 2257 2832 graeco
2293 2752 2358 2813 in
2397 2752 2678 2814 latinum

1610 3006 1795 3080 P.G.
1834 3008 1953 3079 32.

552 3176 604 3234 1.
638 3173 833 3235 Liber
863 3175 942 3235 de
977 3173 1220 3253 Spiritu
1252 3178 1480 3235 sancto

544 3274 603 3333 2.
634 3272 971 3351 Epistolae
1014 3272 1198 3332 1-366

726 3424 1071 3503 Appendix
1102 3444 1122 3484 :

3444 2755 3609 2816 circa
3640 2754 3763 2815 400

3444 3184 3567 3244 375

555 3576 612 3637 3.
650 3576 964 3637 Simeonis
1013 3577 1419 3655 Logothetae
1470 3594 1797 3636 sermones
1851 3575 1931 3636 24
1974 3576 2053 3635 de
2098 3574 2387 3636 moribus
2440 3573 2730 3654 excerpti
2785 3593 2867 3634 ex
2919 3593 3069 3654 ope-

644 3674 823 3734 ribus
854 3674 1081 3735 Basilii

1765 3802 1873 3875 II.
1912 3802 2222 3875 Codices
2260 3800 2659 3899 graeci

670 3968 925 4031 Scribas
971 3968 1194 4030 allexit
1242 3968 1467 4031 Basilii
1514 3969 1962 4029 venerandum
2008 3986 2267 4039 nomen,
2318 3969 2493 4047 quod
2541 3968 2683 4028 ideo
2732 3968 3108 4047 saepissime
3156 3968 3220 4029 in
3271 3969 3567 4031 codicum
3615 3969 3937 4048 catalogis

502 4066 754 4145 legitur.
773 4067 1096 4129 Homiliae
1119 4085 1350 4145 corpus
1362 4066 1626 4146 aliquod
1641 4066 2033 4145 dispositum
2055 4066 2490 4137 constituunt,
2507 4071 2763 4145 praeter
2784 4067 3111 4128 orationes
3133 4085 3369 4127 novem
3392 4067 3457 4128 in
3474 4069 3933 4131 Hexaemeron

503 4183 671 4243 quae
705 4183 820 4243 per
854 4183 919 4225 se
954 4165 1233 4244 scriptae
1266 4167 1623 4227 traduntur
1650 4186 1665 4235 ;
1701 4164 1959 4226 illarum
1998 4163 2113 4224 169
2144 4164 2243 4242 (2),
2281 4166 2514 4226 harum
2553 4164 2669 4224 115
2700 4164 2776 4243 (³)
2811 4170 3227 4225 recensentur
3260 4166 3677 4244 exemplaria,
3714 4167 3825 4226 sed
3860 4171 3937 4226 et

502 4263 787 4341 corporis
827 4263 1091 4325 ascetici
1132 4263 1209 4323 73
1246 4262 1344 4340 (4),
1388 4262 1783 4323 collectionis
1824 4262 2248 4342 epistolarum
2289 4262 2368 4323 36
2405 4263 2502 4340 (⁵),
2546 4267 2871 4324 tractatus
2912 4264 2991 4323 de
3033 4263 3275 4341 Spiritu
3321 4264 3558 4325 Sancto
3600 4264 3680 4326 29
3716 4264 3813 4342 (⁸),
3856 4263 3938 4323 li-

500 4361 765 4421 brorum
803 4362 1117 4422 adversus
1156 4361 1556 4421 Eunomium
1593 4362 1673 4421 27
1705 4361 1802 4440 (7),
1842 4379 1959 4421 nec
1996 4361 2322 4422 numerari
2360 4360 2623 4439 quidem
2660 4366 2939 4439 possunt
2976 4362 3286 4439 opuscula
3325 4361 3673 4433 disiuncta,
3711 4362 3776 4423 in
3814 4363 3936 4422 ho-

501 4457 792 4520 miliariis
828 4458 1143 4538 liturgicis
1175 4458 1252 4536 (θ)
1288 4459 1394 4519 vel
1430 4458 1585 4521 alibi
1620 4459 1685 4520 in
1724 4458 2167 4519 voluminibus
2204 4458 2630 4519 miscellaneis
2666 4464 2948 4539 recepta.

575 4696 619 4742 1.
652 4696 803 4753 Quae
851 4696 1056 4755 passim
1104 4695 1445 4743 nominanda
1495 4698 1658 4742 erunt
1710 4695 1873 4742 modo
1924 4696 2161 4743 breviori

501 4770 770 4813 notantur
806 4781 817 4814 :
853 4768 1093 4822 AMAND,
1139 4757 1385 4814 Editions
1428 4786 1478 4804 =
1522 4767 1704 4814 David
1740 4768 1958 4814 AMAND
1990 4768 2162 4825 (nunc

503 4838 565 4885 E.
592 4840 811 4885 AMAND
841 4852 916 4885 DE
945 4838 1303 4897 MENDIETA),
1328 4839 1490 4885 Essai
1514 4839 1673 4886 d’une
1697 4839 1913 4885 histoire
1938 4839 2161 4898 critique

498 4910 585 4956 des
613 4909 837 4957 éditions
864 4909 1125 4969 generales
1151 4924 1393 4970 grecques
1420 4913 1465 4956 et
1489 4910 1853 4968 gre‘co-tatines
1880 4911 1941 4957 de
1969 4912 2024 4958 S.
2056 4912 2161 4958 Ba-

498 4981 595 5028 sile
626 4983 688 5028 de
724 4981 957 5037 Césarée,
992 4982 1045 5027 in
1083 4984 1255 5029 Revue
1288 4981 1648 5037 Bénédictine,
1684 4981 1807 5037 LII,
1846 4981 2000 5037 1940,
2038 4983 2161 5029 141-

502 5052 827 5109 161;LIII,
863 5053 1013 5109 1941,
1050 5053 1313 5109 119-151;
1347 5052 1490 5109 LIV,
1526 5052 1680 5109 1942,
1714 5052 1942 5099 124-144
1972 5067 1983 5109 ;
2017 5053 2160 5109 LVI,

502 5124 823 5179 1945-1946,
876 5124 1120 5171 126-173.
1185 5125 1556 5179 GRIBOMONT,
1616 5122 1923 5183 Ascétiques
1988 5144 2039 5162 =
2105 5124 2158 5172 J.

500 5196 871 5251 GRIBOMONT,
901 5196 1139 5243 Histoire
1165 5198 1234 5243 du
1267 5198 1394 5243 texte
1421 5197 1508 5243 des
1540 5195 1845 5255 Asce’tiques
1875 5196 1936 5242 de
1966 5198 2021 5243 S.
2055 5197 2160 5242 Ba-

496 5266 593 5313 sile
640 5266 1056 5327 (Bibliotheque
1110 5268 1182 5314 du
1236 5267 1484 5323 Muséon,
1536 5266 1643 5327 32),
1698 5268 1950 5322 Lovanii,
2008 5267 2159 5314 1953.

499 5338 812 5394 RUDBERG,
853 5339 1129 5386 Tradition
1165 5339 1490 5386 manuscrite
1530 5358 1580 5376 =
1624 5339 1702 5385 St.
1742 5339 1806 5384 Y.
1844 5338 2159 5395 RUDBERG,

506 5400 701 5457 Etudes
748 5423 842 5457 sur
888 5410 940 5457 Ia
988 5412 1240 5458 tradition
1290 5410 1611 5458 manuscrite
1658 5410 1718 5456 de
1765 5410 1910 5457 saint
1958 5410 2159 5467 Basile,

500 5480 759 5541 Upsalae,
792 5482 943 5529 1953.

568 5553 617 5600 2.
647 5552 1063 5602 Enumerantur
1094 5567 1124 5601 a
1156 5554 1470 5609 RUDBERG,
1507 5553 1786 5600 Tradition
1817 5553 2159 5609 manuscrite,

569 5695 813 5744 3..Hunc
833 5708 1123 5743 numerum
1144 5697 1539 5743 humanissime
1566 5695 1700 5743 mihi
1727 5695 2161 5743 communicavit

499 5766 562 5814 E.
592 5767 811 5815 AMAND
844 5781 920 5815 DE
952 5768 1289 5823 MENDIETA,
1318 5767 1386 5815 cf.
1418 5766 1562 5815 intra
1592 5781 1644 5815 n.
1675 5768 1726 5822 6,
1756 5779 1811 5827 p.
1842 5768 1927 5825 10,
1965 5766 1989 5826 §
2021 5768 2066 5815 1.

2343 4698 2392 4743 4.
2424 4696 2838 4744 Enumerantur
2880 4710 2911 4744 a
2952 4696 3324 4752 GRIBOMONT,
3366 4697 3720 4757 Ascétiques;
3764 4711 3933 4757 quae-

2272 4768 2401 4814 dam
2442 4769 2610 4815 etiam
2650 4768 2775 4815 vide
2816 4769 2871 4814 in
2912 4768 3224 4824 RUDBERG,
3271 4768 3548 4816 Tradition
3587 4770 3933 4827 manuscritc,

2272 4838 2838 4957 p.51.2%1111izii411'erantur
2868 4924 2898 4957 a
2930 4910 3243 4967 RUDBERG,
3280 4911 3557 4958 Tradition
3588 4912 3932 4971 manuscrite,

2272 4981 2838 5099 p.62.2gr?umerantur
2885 5066 2917 5100 a
2967 5052 3031 5100 D.
3082 5053 3322 5110 AMAND,
3369 5054 3468 5101 Les
3517 5053 3823 5114 Ascétiques
3871 5058 3935 5103 de

2270 5124 2415 5171 saint
2450 5124 2647 5171 Basile.
2686 5124 2900 5185 Exposé
2930 5125 3016 5171 des
3051 5125 3337 5185 problemes
3372 5125 3769 5173 d’authenticité
3795 5126 3934 5185 (Μέ-

2273 5196 2441 5277 moire
2469 5195 2961 5277 dactylographié),
2989 5196 3239 5253 Lovanii,
3270 5196 3404 5244 1938
3431 5211 3442 5253 ;
3471 5197 3659 5244 addidi
3686 5198 3934 5245 codicem

2272 5267 2453 5313 Vatic.
2484 5279 2561 5325 gr.
2590 5268 2711 5314 408.

2344 5339 2392 5385 7.
2424 5338 2837 5385 Enumerantur
2870 5338 3075 5385 ibidem
3109 5339 3177 5385 ab
3212 5338 3405 5385 eodem
3440 5339 3507 5386 D.
3543 5339 3763 5386 AMAND
3791 5354 3803 5396 ;
3838 5341 3935 5389 ad-

2272 5410 2385 5456 didi
2416 5410 2629 5456 codices
2659 5410 2837 5457 Vatic.
2870 5421 2947 5467 gr.
2979 5411 3082 5457 408
3113 5413 3168 5457 et
3198 5409 3320 5456 424.

2343 5482 2391 5529 8.
2422 5480 2501 5529 Cf.
2540 5481 2605 5527 A.
2648 5481 2920 5537 Ehrhard,
2968 5480 3391 5540 Ueberlieferung
3429 5482 3540 5529 und
3576 5482 3809 5530 Bestand
3844 5483 3937 5531 der

2270 5553 2777 5613 hagiographischen
2854 5553 2964 5599 und
3037 5552 3431 5600 homitetischen
3507 5554 3775 5600 Literatur
3846 5555 3938 5601 der

2269 5624 2462 5683 griech.
2496 5624 2713 5679 Kirche,
2752 5623 2888 5671 I-III
2916 5623 3114 5683 (Texte
3146 5623 3259 5670 und
3291 5623 3812 5684 Untersuchungen,
3844 5626 3936 5672 50-

2272 5695 2380 5755 52),
2414 5696 2673 5752 Berolini,
2709 5695 3027 5752 1937-1952,
3059 5694 3281 5756 passim.

2075 5944 2365 6005 _2___
