4206 6514
1462 370 1613 443 III.
1647 370 2047 443 Versiones
2085 370 2511 443 orientales.

453 528 622 588 Huic
658 527 999 589 traditioni
1036 527 1316 589 directae
1352 545 1813 588 connumerare
1849 532 2107 606 oportet
2143 527 2450 607 antiquas
2484 528 2831 598 versiones,
2870 546 3035 607 quae
3072 528 3449 608 plerumque
3484 535 3688 590 testes

296 626 529 686 formae
574 630 803 685 textus
850 627 1025 687 haud
1072 626 1473 705 spernendae
1520 625 1730 686 solent
1777 625 1932 686 ﬁeri.
1975 625 2283 704 Syrorum
2316 626 2412 702 (ι),
2452 627 2799 687 araborum
2832 626 2909 703 (2)
2946 626 3049 685 vel
3084 627 3575 705 georgianorum
3609 628 3687 705 (³)

296 722 537 785 litteras
585 723 827 784 eruditi
878 724 1000 784 viri
1051 724 1162 802 qui
1213 723 1711 802 descripserunt,
1764 723 1989 784 Basilii
2039 742 2232 803 opera
2284 723 2600 784 translata
2654 743 2779 783 non
2833 724 3346 803 praeterierunt;
3399 725 3686 786 eiusdem

296 838 553 900 operum
597 822 851 882 codices
895 840 1193 883 armenos
1226 826 1558 901 praeterea
1592 822 1692 882 W.
1731 821 2031 881 Driessen
2070 822 2202 882 iam
2236 822 2643 882 enumeravit
2674 821 2751 900 (⁴)
2780 843 2794 893 ;
2830 821 2961 882 fere
2994 822 3165 884 solae
3200 838 3347 900 ergo
3383 838 3685 901 recogno-

295 920 558 981 scendas
608 925 954 999 coptorum
1002 920 1432 981 bibliothecae
1477 919 1555 995 (⁵)
1605 924 1966 980 remanent.
2030 919 2171 981 Hae
2229 924 2451 981 tamen
2502 919 2828 979 versiones
2878 920 3222 981 orientales
3272 921 3557 982 maxima
3607 939 3687 981 ex

296 1022 468 1095 parte
498 1018 574 1095 (‘)
609 1019 823 1079 adhuc
856 1018 1139 1080 ineditae
1173 1018 1403 1079 latent.

1462 1191 1596 1263 IV.
1633 1191 2032 1263 Versiones
2066 1189 2352 1262 latinae

449 1346 694 1407 Basilio
738 1346 851 1406 vix
893 1346 1200 1408 defuncto
1246 1347 1523 1408 Rufinus
1562 1347 1936 1426 Aproniano
1989 1346 2288 1407 homilias
2330 1351 2475 1406 octo
2516 1345 2612 1423 (⁸),
2659 1345 2923 1407 Ursacio
2977 1349 3441 1408 monachorum
3501 1347 3688 1408 Insti-

294 1449 429 1505 tuta
482 1445 561 1521 (’)
619 1444 987 1515 dedicabat,
1046 1446 1203 1506 dum
1262 1445 1651 1507 Eustathius
1707 1445 1973 1523 quidam
2030 1444 2496 1505 commentaria
2552 1444 2617 1503 in
2684 1444 3135 1505 Hexaemeron
3202 1445 3400 1505 latine
3464 1446 3687 1505 redde-

294 1543 398 1603 bat
440 1542 590 1619 (¹⁰);
641 1561 917 1621 quorum
964 1543 1338 1603 versionum
1389 1545 1483 1613 12,
1532 1543 1613 1603 60
1657 1548 1724 1603 et
1768 1543 1850 1603 30
1895 1544 2147 1603 codices
2194 1547 2539 1621 supersunt
2588 1542 3033 1621 manuscripti.
3090 1542 3357 1621 Insuper
3402 1543 3687 1621 quinque

296 1640 447 1701 aliae
488 1641 794 1701 homiliae
836 1647 995 1701 tunc
1037 1642 1119 1702 ab
1164 1640 1305 1701 aliis
1348 1659 1573 1701 versae
1614 1646 1787 1711 sunt,
1834 1659 2111 1720 quorum
2154 1641 2417 1701 nomina
2462 1660 2589 1700 non
2635 1645 3080 1701 memorantur
3118 1640 3240 1717 (ιι).
3287 1640 3493 1700 Multo
3538 1646 3688 1719 post

294 1744 504 1799 autem
556 1739 695 1798 dux
744 1739 1011 1816 quidam
1057 1738 1361 1800 factionis
1412 1738 1859 1817 Spiritualium
1904 1739 2094 1817 (quos
2143 1739 2427 1816 vocant),
2477 1738 2678 1799 frater
2724 1738 3009 1815 Angelus
3059 1740 3137 1797 de
3187 1738 3474 1808 Clareno,
3525 1738 3687 1799 iram

293 1835 534 1913 fugiens
578 1836 899 1897 Bonifacii
944 1837 1161 1915 Papae
1202 1836 1391 1907 VIII,
1437 1837 1500 1896 in
1548 1836 1939 1897 Graecorum
1983 1837 2392 1897 monasteriis
2433 1836 2759 1913 integrum
2803 1854 3033 1914 corpus
3077 1836 3430 1897 asceticum
3474 1836 3535 1895 in
3582 1838 3689 1896 de-

292 1933 640 1993 fensionem
677 1939 744 1994 et
782 1934 1151 2013 apologiam
1191 1934 1250 1995 S.
1293 1934 1617 1996 Francisci
1656 1934 1943 2012 Regulae
1980 1934 2180 1996 latine
2216 1933 2556 1995 transtulit
2589 1934 2713 2011 (η).

1300 2107 1394 2178 V.
1431 2107 1830 2179 Versiones
1867 2106 2154 2179 latinae
2189 2109 2669 2179 recentiores.

447 2263 689 2324 Statim
727 2282 762 2323 a
800 2262 1271 2340 refulgentibus
1308 2263 1372 2323 in
1418 2263 1604 2325 Italia
1642 2263 1876 2323 litteris
1911 2264 2154 2341 graecis
2191 2264 2479 2323 virorum
2516 2263 2919 2323 eruditorum
2954 2263 3334 2323 illustriores
3373 2263 3688 2323 Basilium

292 2378 431 2438 prae
459 2379 524 2420 se
554 2361 872 2421 tulerunt.
904 2362 1093 2421 Anno
1126 2360 1378 2421 circiter
1414 2361 1569 2421 1420
1598 2360 1833 2421 librum
1858 2362 2205 2441 (Spurium)
2234 2362 2328 2421 De
2367 2361 2736 2439 Virginitate
2763 2361 3147 2421 Ambrosius
3177 2362 3690 2422 Camaldulensis

291 2458 409 2519 iam
437 2459 642 2518 vertit
668 2458 795 2537 (1³).
827 2458 1098 2518 Animos
1127 2464 1349 2520 tamen
1382 2460 1445 2518 in
1478 2459 1703 2537 primis
1732 2464 2086 2520 tenuerunt
2116 2459 2405 2519 intentos
2434 2459 2795 2537 theologica
2827 2477 3042 2537 opera,
3076 2459 3411 2519 occasione
3442 2459 3689 2519 concilii

292 2555 661 2626 Florentini,
705 2556 886 2616 cuius
926 2556 1080 2635 ipsis
1120 2556 1322 2617 initiis
1362 2556 1558 2617 libros
1599 2556 1913 2617 Adversus
1952 2558 2341 2617 Eunomium
2381 2561 2448 2617 et
2488 2558 2582 2616 De
2624 2556 2872 2635 Spiritu
2918 2556 3141 2617 Sancto
3180 2556 3475 2617 Andreas
3517 2558 3692 2617 Rho-

290 2654 494 2714 densis
536 2653 901 2733 episcopus,
944 2670 1212 2732 graecus
1256 2655 1521 2733 quidem
1562 2656 1847 2726 natione,
1894 2655 2136 2715 ordinis
2178 2661 2400 2716 tamen
2443 2656 2720 2716 fratrum
2766 2654 3309 2733 praedicatorum,
3356 2655 3437 2715 ad
3480 2654 3691 2715 vindi-

290 2753 555 2813 candam
614 2752 889 2830 Spiritus
944 2752 1165 2813 Sancti
1217 2754 1300 2814 ab
1354 2758 1630 2831 utroque
1682 2754 2161 2831 processionem
2212 2753 2652 2823 invocaverat,
2707 2752 2958 2812 codices
3012 2752 3224 2813 varios
3276 2753 3358 2813 ad
3411 2752 3692 2812 veriores

292 2848 588 2909 lectiones
620 2851 1008 2912 statuendas
1039 2851 1423 2929 conquirens
1452 2851 1577 2929 (υ).
1613 2850 1913 2930 Optimos
1943 2856 2101 2912 tunc
2133 2851 2384 2911 codices
2415 2851 2536 2910 sibi
2569 2850 2864 2911 Bessario
2899 2848 3324 2928 comparavit,
3360 2850 3471 2928 qui
3504 2850 3692 2910 hodie

291 2947 569 3007 Venetiis
604 2948 775 3007 inter
806 2947 1309 3026 pretiosissimos
1345 2950 1405 3009 S.
1442 2949 1642 3010 Marci
1675 2949 2121 3011 Bibliothecae
2154 2954 2595 3010 asservantur.
2636 2948 2991 3008 Homiliam
3028 2948 3105 3007 In
3140 2950 3419 3007 sanctam
3458 2947 3690 3009 Christi

293 3046 731 3122 generationem
762 3045 931 3105 idem
964 3046 1263 3107 Bessario
1296 3046 1431 3125 ipse
1460 3047 1661 3107 vertit
1688 3047 1811 3125 (ιδ),
1844 3047 2168 3125 librosque
2200 3046 2513 3106 Aduersus
2543 3046 2930 3106 Eunomium
2961 3051 3027 3105 et
3059 3046 3151 3104 De
3185 3045 3431 3123 Spiritu
3466 3045 3689 3106 Sancto

293 3142 549 3221 Georgio
587 3144 1070 3222 Trapezuntino
1104 3144 1457 3223 interprete
1485 3145 1891 3223 (1443-1447)
1926 3145 2212 3223 Eugenio
2250 3146 2465 3223 Papae
2506 3144 2590 3203 IV
2614 3144 2939 3203 dedicavit
2959 3144 3082 3221 (1⁸).
3110 3142 3434 3220 Opuscula
3469 3148 3693 3203 autem

292 3242 408 3301 duo
440 3241 789 3312 rhetorica,
824 3241 1099 3319 epistola
1135 3261 1366 3321 nempe
1400 3244 1482 3304 ad
1520 3242 1897 3321 Gregorium
1932 3243 2419 3303 Nazianzenum
2453 3243 2546 3301 De
2580 3240 2870 3301 laudibus
2904 3241 3062 3301 vitae
3094 3240 3559 3319 philosophicas
3588 3240 3691 3319 (1")

289 3345 347 3397 et
383 3339 709 3399 Tractatus
743 3338 823 3399 ad
858 3339 1105 3399 iuvenes
1137 3339 1209 3399 de
1240 3340 1510 3418 legendis
1543 3341 1719 3401 libris
1750 3340 2095 3419 gentilium,
2132 3359 2280 3401 cum
2313 3342 2395 3402 ad
2430 3342 2549 3399 hoc
2582 3344 2990 3417 spectassent
3024 3344 3097 3398 ut
3130 3338 3693 3399 conversationem

288 3436 687 3515 virtutesque
726 3439 1194 3497 monachorum
1232 3438 1741 3516 generosissimis
1780 3439 2144 3517 quibusque
2186 3438 2575 3499 Graecorum
2614 3437 2788 3495 votis
2826 3438 3211 3515 respondere
3251 3437 3689 3506 ostenderent,

289 3540 650 3611 permutata
688 3535 941 3595 ratione
976 3536 1058 3596 ad
1096 3538 1660 3615 comprobandum
1695 3537 2211 3597 Christianorum
2247 3554 2361 3614 pro
2398 3535 2632 3595 litteris
2667 3535 2961 3595 studium
2997 3534 3376 3594 mirabiliter
3410 3553 3475 3594 se
3510 3552 3693 3612 prae-

354 3736 396 3781 1.
424 3735 501 3783 Ct.
532 3737 597 3783 A.
631 3736 1019 3790 BAUMSTARK,
1049 3738 1349 3785 Geschichte
1374 3739 1464 3785 der
1488 3738 1759 3797 syrischen
1794 3739 1931 3786 Lite-

288 3808 438 3863 ratur,
470 3808 721 3863 Bonnae,
756 3806 907 3862 1922,
937 3807 1006 3853 ad
1036 3809 1290 3856 indicem.

351 3878 395 3925 2.
424 3879 501 3927 Cf.
548 3880 613 3927 G.
662 3880 840 3935 GRAF,
885 3880 1184 3927 Geschichte
1232 3881 1322 3927 der
1370 3881 1705 3928 christlichen
1759 3881 1932 3928 arabi-

286 3950 426 3997 schen
457 3952 747 4007 Literatur,
783 3952 889 3998 I-II
916 3950 1101 4007 (Studi
1132 3966 1159 3999 e
1189 3952 1357 4008 Testi,
1392 3953 1489 4000 118
1521 3956 1575 4000 et
1611 3952 1748 4011 133),
1780 3953 1931 4001 Vati-

290 4022 417 4077 cani,
448 4023 774 4078 1944-1947,
802 4024 870 4070 ad
909 4020 1113 4071 indices
1149 4027 1205 4071 et
1242 4025 1311 4072 ad
1349 4025 1585 4071 indicem
1626 4024 1932 4081 generalem

286 4094 344 4150 (t.
373 4093 435 4149 V,
465 4096 722 4154 Register,
756 4095 928 4154 1953).

350 4189 394 4237 3.
424 4190 501 4239 Ct.
540 4192 612 4239 M.
650 4170 1090 4249 ΤΑιιεΗΝιένῐω,
1135 4192 1434 4240 Geschichte
1476 4193 1567 4240 der
1606 4192 1931 4241 kirchlichen

286 4264 601 4321 georgischen
651 4264 916 4312 Literatur
954 4265 1141 4324 (Studi
1184 4278 1213 4311 e
1257 4264 1424 4321 Testi,
1474 4266 1611 4323 185),
1657 4264 1931 4321 Vaticani,

293 4332 431 4389 1955,
460 4335 528 4381 ad
558 4334 818 4382 indicem.

349 4406 394 4453 4.
422 4405 503 4453 W.
549 4406 868 4463 DRIESSEN,
908 4409 1005 4456 Les
1032 4406 1249 4453 recueils
1277 4407 1595 4455 manuscrits
1634 4407 1931 4455 arméniens

287 4476 340 4521 de
365 4478 504 4523 saint
535 4476 740 4533 Basile,
772 4479 825 4525 in
858 4480 929 4526 Le
963 4477 1211 4533 Muséon,
1244 4479 1445 4535 LXVI,
1481 4479 1633 4535 1953,
1666 4492 1717 4538 p.
1751 4479 1930 4526 65-95.

350 4548 394 4594 5.
423 4548 500 4596 Cf.
564 4552 756 4596 autem
819 4550 901 4597 W.
958 4551 1319 4605 KAMMERER,
1374 4552 1417 4596 Α
1487 4551 1671 4611 Captic
1731 4550 1932 4597 Biblio-

288 4621 491 4679 graphy,
524 4619 647 4669 loco
683 4620 829 4667 dicto
863 4623 987 4668 Ann
1022 4621 1217 4676 Arbor,
1255 4622 1406 4677 1950,
1438 4635 1491 4681 p.
1527 4622 1612 4677 60,
1646 4624 1701 4668 et
1735 4622 1793 4669 L.
1829 4622 1929 4668 Th.

290 4688 521 4748 Laronr,
560 4694 663 4739 Les
703 4694 1086 4740 Constitutions
1125 4691 1410 4751 ascétiques
1447 4693 1507 4739 de
1546 4694 1600 4740 S.
1641 4693 1839 4749 Basile,
1876 4694 1930 4739 in

292 4760 353 4807 Le
380 4761 630 4819 Muséon,
662 4763 872 4820 LXIX,
906 4764 1059 4820 1956,
1088 4776 1141 4823 p.
1172 4764 1316 4810 5-10.

348 4833 393 4881 6.
422 4836 482 4883 G.
509 4835 693 4890 GRAF,
730 4834 847 4883 loco
887 4836 1115 4883 laudato
1154 4836 1233 4894 (η.
1257 4834 1309 4893 2)
1342 4838 1628 4882 enumerat
1661 4836 1929 4894 quasdam

288 4904 538 4953 editiones
583 4908 822 4965 arabas;
868 4908 1140 4955 armenice
1182 4906 1362 4954 editae
1405 4909 1536 4953 sunt
1578 4906 1833 4953 homiliae
1876 4907 1929 4953 in

291 4974 679 5034 Hexaemeron,
714 4978 979 5035 Venetils,
1018 4978 1168 5026 1830.

350 5048 394 5095 7.
422 5048 501 5097 De
548 5051 797 5110 antiquis
854 5051 1195 5098 versionibus
1251 5049 1436 5096 latinis
1492 5049 1545 5095 in
1602 5060 1813 5105 genere,
1858 5049 1928 5098 cf.

288 5118 344 5165 A.
398 5121 729 5177 SIEGMUND,
786 5123 890 5169 Die
954 5120 1376 5181 Ueberlieferung
1431 5121 1521 5167 der
1573 5121 1930 5180 griechischen

287 5190 601 5241 christlichen
631 5194 897 5241 Literatur
924 5195 977 5241 in
1004 5194 1095 5240 der
1118 5192 1459 5239 lateinischen
1489 5193 1686 5239 Kirche
1711 5194 1788 5239 bis
1814 5206 1931 5240 zum

288 5260 415 5310 XII.
444 5264 814 5311 Jahrhundert
836 5265 1004 5324 (Abh.
1037 5265 1132 5311 der
1163 5264 1357 5323 Bayer.
1392 5264 1684 5311 Benedikt.
1715 5264 1931 5311 Akade-

289 5334 398 5389 mie,
431 5335 515 5395 V’),
553 5336 1082 5395 Mtinchen-Pasing,
1121 5336 1275 5391 1949,
1310 5336 1379 5383 ad
1413 5336 1667 5382 indicem.
1706 5335 1797 5383 Cfr
1832 5336 1930 5383 eti-

289 5416 365 5450 am
404 5407 462 5453 Β.
506 5411 803 5463 ALTANER,
842 5408 1083 5467 Beitrdge
1119 5420 1212 5453 zur
1251 5408 1550 5455 Geschichte
1584 5408 1675 5453 der
1710 5407 1931 5454 altlatei-

289 5476 490 5525 nischen
559 5478 1008 5539 Uebersetzungen
1057 5492 1155 5526 von
1213 5477 1576 5538 therschrift,
1623 5478 1677 5524 in
1722 5477 1929 5527 Histor.

290 5545 487 5606 Jahrb.,
517 5550 671 5607 LXI,
706 5551 860 5607 1941,
889 5549 1145 5599 208-226.

349 5618 395 5666 8.
422 5621 629 5669 Textus
656 5623 711 5670 in
740 5623 801 5669 P.
830 5623 894 5670 G.
919 5622 1005 5677 31,
1039 5621 1358 5669 1723-1794.
1379 5620 1458 5669 Cf.
1488 5620 1559 5667 Μ.
1578 5620 1806 5676 HuoLo,
1834 5620 1932 5668 Les

288 5692 552 5740 anciennes
590 5695 825 5742 oersions
854 5693 1043 5741 latine:
1069 5693 1158 5740 des
1185 5692 1431 5739 homélies
1462 5692 1523 5738 de
1551 5692 1698 5738 saint
1728 5691 1929 5748 Basile,

289 5760 335 5806 In
367 5764 531 5813 Revue
561 5766 920 5822 Bénédictine,
953 5763 1157 5821 LXIV,
1192 5764 1347 5820 1954,
1375 5777 1428 5823 p.
1460 5762 1707 5811 129-132.

2112 3737 2163 3785 9.
2194 3736 2272 3785 Cf.
2304 3737 2673 3792 Gnmomoxr,
2704 3734 3026 3794 Asce‘tiques,
3053 3749 3107 3796 p.
3138 3736 3352 3782 95-107.

2118 3809 2197 3855 10.
2230 3808 2291 3855 Ε.
2336 3809 2554 3855 ΑΜΑΜ)
2600 3821 2675 3853 DE
2721 3808 3035 3853 MENDIETA
3078 3832 3097 3839 -
3143 3808 3220 3853 St.
3269 3807 3334 3853 Y.
3380 3807 3692 3863 RUDczno,

2042 3880 2376 3935 Eustathius,
2413 3880 2686 3927 Ancienne
2723 3879 2927 3927 version
2966 3877 3127 3925 latine
3163 3879 3249 3925 des
3286 3880 3423 3939 neuf
3450 3880 3692 3926 homélies

2041 3965 2134 3998 sur
2180 3950 2580 3999 l’Hexaéméron
2629 3951 2690 3996 de
2741 3950 2919 3997 Basile
2966 3950 3026 3997 de
3078 3950 3291 3998 Césare‘e
3335 3950 3532 4009 (Texte
3582 3951 3693 3996 und

2044 4023 2561 4081 Untersuchungen,
2596 4021 2703 4077 66),
2742 4021 2997 4077 Berolini,
3037 4022 3185 4068 1958.

2117 4096 2197 4141 11.
2229 4094 2307 4143 Cf.
2345 4094 2415 4141 M.
2453 4094 2681 4148 HuoLo,
2716 4106 2853 4153 opus
2888 4093 3174 4139 laudatum
3204 4093 3281 4150 (η.
3317 4093 3347 4139 8
3384 4096 3586 4151 supra).

2117 4165 2197 4213 12.
2230 4166 2306 4214 Cf.
2344 4166 2714 4221 GRIBOMONT,
2750 4163 3072 4224 Ascetiques,
3108 4178 3159 4223 p.
3196 4164 3395 4219 91-94;
3432 4163 3573 4209 adde
3608 4176 3693 4210 co-

2043 4236 2217 4283 dicem
2257 4237 2463 4284 Matrit.
2502 4236 2808 4283 Noviciado
2846 4236 2911 4282 de
2947 4235 2999 4283 la
3037 4235 3392 4283 Universitad
3429 4235 3494 4281 97
3526 4236 3692 4294 (saec.

2116 4379 2196 4427 13.
2227 4379 2305 4427 Cf.
2336 4380 2573 4434 AMAND,
2612 4378 2879 4433 Editions,
2918 4377 3073 4432 LIII,
3111 4390 3162 4437 p.
3207 4376 3323 4432 124,
3361 4389 3414 4423 n.
3454 4376 3502 4423 2.
3546 4377 3695 4424 Haec

2042 4450 2332 4498 translatio
2377 4450 2638 4505 Venetiis,
2681 4449 2820 4496 A.D.
2871 4449 3022 4504 1530,
3067 4449 3215 4495 edita
3258 4450 3360 4503 est,
3404 4452 3598 4507 postea
3641 4449 3694 4494 in

2043 4534 2242 4579 magna
2292 4522 2531 4569 editione
2580 4520 2753 4568 latina
2804 4520 2886 4567 W.
2941 4520 3169 4566 Musculi
3216 4518 3487 4578 (Basileae
3540 4520 3694 4579 1540)

2042 4594 2265 4650 inserta,
2290 4593 2413 4641 dein
2438 4606 2468 4640 a
2493 4593 2555 4640 G.
2580 4592 2871 4639 'I‘ilmanno
2895 4591 2948 4637 in
2976 4592 3107 4638 1547
3132 4594 3393 4638 correcta.
3420 4591 3695 4638 Praefatio

2041 4666 2316 4712 Ambrosii
2365 4666 2418 4711 in
2470 4664 2531 4711 E.
2584 4664 2895 4718 MARTENE,
2954 4663 3189 4709 Veterum
3238 4664 3697 4710 monumentorum

2041 4736 2289 4791 collectio,
2327 4736 2428 4791 III,
2460 4735 2696 4791 Parisiis,
2732 4735 2883 4790 1724,
2914 4735 3193 4781 invenitur
3223 4748 3274 4793 p.
3306 4734 3553 4781 700-701.

2117 4809 2196 4857 14.
2227 4807 2305 4856 Cf.
2335 4808 2389 4855 C.
2422 4808 2660 4855 HEFELE
2688 4833 2705 4839 -
2736 4806 2804 4853 Η.
2834 4807 3158 4861 LECLERCQ,
3186 4806 3421 4853 Histoire
3445 4806 3530 4851 des
3561 4807 3695 4853 Con-

2041 4880 2182 4935 ciles,
2214 4879 2341 4935 VII,
2372 4879 2423 4934 2,
2458 4878 2693 4934 Parisiis,
2730 4878 2880 4934 1916,
2912 4892 2964 4937 p.
2997 4879 3118 4935 978,
3150 4878 3270 4933 980,
3302 4876 3551 4924 989-992.

2116 4952 2195 4998 15.
2226 4951 2465 4997 Textum
2534 4949 2771 4997 latinum
2839 4950 3085 4997 Thomae
3153 4948 3537 5003 Parentucelli,
3606 4947 3700 5006 qui

2042 5026 2234 5082 postea
2279 5021 2537 5069 Nicolaus
2586 5022 2735 5081 Papa
2781 5020 2826 5065 V
2871 5020 3076 5068 electus
3120 5024 3221 5075 est,
3267 5020 3583 5075 dedicavit;
3629 5019 3699 5065 cf.

2044 5094 2101 5141 L.
2153 5094 2419 5149 Monum,
2469 5095 2583 5139 Aus
2632 5092 2945 5140 Bessarions
2995 5091 3402 5139 Gelehrtenkreis
3445 5090 3695 5150 (Quellen

2043 5165 2155 5211 und
2203 5166 2588 5221 Forschungen
2634 5178 2731 5211 aus
2775 5164 2899 5209 dem
2945 5164 3171 5210 Gebiete
3216 5163 3309 5209 der
3353 5162 3700 5218 Geschichte,

2044 5237 2279 5295 XXIV),
2319 5236 2719 5291 Paderbornae,
2762 5234 2914 5289 1942,
2953 5248 3004 5293 p.
3045 5234 3294 5281 452-453.

2112 5309 2192 5355 16.
2223 5308 2301 5355 Cf.
2327 5308 2385 5354 L.
2411 5308 2679 5363 Monum,
2703 5307 2795 5362 l.l.,
2818 5320 2869 5365 p.
2895 5306 3126 5353 450-452
3157 5309 3210 5352 et
3244 5305 3491 5353 593-594.
3518 5303 3700 5352 Codex

2044 5380 2136 5426 ubi
2184 5379 2369 5426 Basilii
2415 5378 2535 5425 libri
2582 5378 2793 5424 inventi
2839 5381 2968 5424 sunt
3014 5380 3095 5424 est
3142 5390 3305 5432 nunc,
3353 5380 3415 5423 ut
3460 5376 3699 5431 videtur,

2044 5451 2381 5498 Venetianus
2412 5450 2463 5497 S.
2498 5450 2663 5497 Marci
2693 5450 2759 5497 58
2783 5450 2946 5508 (saec.
2980 5449 3072 5506 X).

2119 5522 2199 5569 17.
2231 5521 2392 5570 Nunc
2422 5521 2609 5569 Basilii
2637 5520 2869 5581 epistola
2897 5520 2945 5567 2.

1839 5939 2124 6001 __3__
