4206 6506
511 357 803 419 stabant.
837 355 1201 435 Epistolam
1230 354 1428 433 igitur
1455 354 1632 416 illam
1670 354 1776 415 Fr.
1809 353 2183 433 Philelphus
2220 353 2626 432 (1398-1481)
2662 354 2755 433 (ι),
2786 357 3148 415 tractatum
3177 371 3329 413 vero
3360 353 3432 415 L.
3464 353 3669 414 Bruni
3695 352 3923 432 (1370—

516 454 697 533 1444)
738 454 815 533 (ε)
859 454 1059 515 latine
1104 453 1326 513 vertit.
1385 451 1707 513 Homilias
1761 453 2032 513 tandem
2078 452 2158 512 In
2205 452 2651 522 Hexaemeron,
2700 452 2854 511 novi
2899 451 3239 513 cuiusdam
3282 451 3529 514 Timaei
3573 451 3798 523 instar,
3848 451 3917 511 J.

510 552 955 631 Argyropulus
988 550 1371 629 (1410-1486
1409 550 1599 629 circa)
1631 550 1710 629 (³)
1743 549 1906 610 item
1940 548 2244 611 reddidit.

1683 750 1822 823 VI.
1860 749 2257 823 Editiones
2294 748 2734 846 singulares.

677 917 892 978 Primo
918 916 1095 995 typis
1121 916 1277 977 data
1304 920 1458 977 sunt
1485 933 1651 994 quae
1676 932 1870 994 supra
1920 914 2425 977 memoravimus
2451 932 2644 994 opera
2671 914 2895 985 latina,
2946 919 3011 975 et
3036 915 3205 976 inter
3230 915 3494 995 quidem
3518 915 3916 977 incunabula

509 1033 713 1094 usque
744 1015 942 1075 vicies
988 1014 1310 1074 Tractatus
1341 1012 1421 1074 ad
1463 1013 1709 1074 iuvenes
1735 1013 1832 1090 (δι),
1865 1013 2093 1091 bisque
2132 1013 2405 1092 epistola
2446 1014 2528 1075 ad
2571 1012 2947 1091 Gregorium
2975 1012 3072 1091 (⁸).
3107 1012 3345 1075 Graece
3384 1014 3675 1084 tandem,
3706 1013 3920 1074 Vene-

506 1113 617 1173 tiis
651 1113 827 1192 apud
861 1112 1104 1174 Aldum
1138 1110 1509 1173 Manutium
1542 1112 1708 1173 ΑΒ.
1750 1110 1928 1182 1499,
1964 1110 2206 1190 prodiit
2240 1110 2455 1172 Marco
2493 1111 2754 1171 Musuro
2801 1110 3137 1189 colligente
3180 1110 3553 1189 anthologia
3589 1112 3919 1190 quaedam

506 1210 929 1289 antiquarum
965 1209 1409 1289 epistolarum,
1439 1209 1608 1270 inter
1636 1226 1799 1287 quas
1827 1209 1907 1268 44
1934 1208 2176 1271 Basilio
2206 1208 2699 1270 ascribebantur
2722 1209 2818 1286 (⁸).
2850 1208 3267 1287 Haganoensi
3304 1214 3525 1288 postea
3560 1208 3631 1269 61
3676 1208 3919 1288 episto-

505 1308 600 1369 las
638 1308 884 1378 Basilii,
916 1325 1046 1368 una
1078 1325 1226 1367 cum
1258 1306 1544 1385 Gregorii
1583 1306 1978 1370 Nazianzeni
2015 1306 2325 1385 epistolis,
2355 1307 2431 1366 V.
2468 1306 2845 1385 Obsopaeus
2873 1307 3039 1367 ΑΒ.
3078 1306 3236 1368 1528
3264 1306 3467 1366 edidit
3494 1307 3590 1386 (⁷).
3620 1306 3917 1367 Venetiis

503 1406 761 1476 iterum,
806 1405 1149 1485 praecipue
1190 1409 1412 1466 tamen
1456 1406 1538 1466 ad
1582 1422 1773 1465 usum
1814 1404 2180 1466 animarum
2220 1404 2496 1483 piarum,
2540 1404 2830 1482 regulam
2870 1404 3096 1465 Basilii
3137 1422 3173 1466 a
3217 1405 3455 1466 Ruﬁno
3497 1405 3913 1475 translatam,

502 1504 696 1564 simul
731 1521 806 1565 ac
840 1503 1095 1581 regulas
1139 1502 1498 1573 Benedicti,
1535 1502 1886 1580 Augustini
1920 1506 1987 1562 et
2021 1502 2347 1563 Francisci
2392 1502 2453 1563 J.
2492 1502 2596 1563 Fr.
2634 1502 2982 1564 Brixianus
3017 1521 3187 1563 anno
3228 1502 3387 1563 1500
3422 1503 3602 1563 dedit
3634 1502 3753 1581 (9);
3799 1503 3915 1581 qui

503 1601 662 1661 liber
690 1619 948 1662 rursum
978 1600 1157 1679 typis
1186 1601 1538 1662 mandatus
1568 1604 1669 1660 est
1700 1600 2053 1679 Rotomagi
2079 1600 2292 1678 (1510)
2321 1605 2387 1659 et
2418 1600 2680 1661 Parisiis
2706 1600 2941 1678 (1514).
2974 1600 3205 1662 Latine
3235 1600 3393 1661 item
3424 1600 3672 1662 Romae
3698 1600 3917 1679 (1515)

502 1699 707 1759 edidit
758 1699 838 1759 R.
890 1699 1167 1759 Maiieus
1216 1698 1701 1769 Volaterranus,
1756 1697 2011 1777 Georgii
2060 1698 2524 1777 Trapezuntini
2575 1698 2949 1777 discipulus,
3002 1698 3301 1760 homilias
3356 1698 3429 1758 16
3478 1698 3544 1760 in
3596 1698 3913 1769 Psalmos,

502 1797 802 1858 homilias
846 1796 1123 1857 morales
1166 1796 1265 1865 20,
1319 1796 1674 1856 Tractatum
1719 1795 1800 1855 ad
1846 1796 2112 1867 iuvenes,
2159 1814 2407 1856 necnon
2453 1801 2519 1855 et
2565 1797 2887 1874 quaedam
2930 1796 3299 1874 fragmenta
3344 1796 3645 1866 ascetica,
3692 1796 3913 1857 omnia

499 1898 723 1955 tamen
764 1894 1026 1954 liberius
1067 1893 1386 1955 translata
1416 1894 1515 1971 (⁸),
1550 1893 1883 1972 alteroque
1914 1893 2243 1955 volumine
2284 1893 2583 1954 homilias
2618 1894 2697 1953 In
2729 1894 3153 1954 Hexaemeron
3187 1894 3488 1955 adiunxit
3520 1894 3584 1955 in
3617 1894 3914 1954 versione

500 1991 1073 2071 argyropolutana.
1126 1991 1307 2053 Haec
1356 1992 1584 2053 eadem
1631 1991 1870 2052 iterum
1920 1991 2181 2053 Parisiis
2226 1991 2439 2070 (1520)
2487 1992 2667 2070 typis
2716 1991 3059 2053 mandavit
3109 1992 3171 2052 J.
3225 1992 3433 2053 Faber
3483 1991 3913 2062 Stabulensis,

499 2089 741 2151 additis
772 2089 951 2149 libris
982 2090 1294 2151 adversus
1326 2089 1725 2150 Eunomium
1755 2094 1821 2149 et
1853 2090 1932 2149 de
1966 2089 2208 2168 Spiritu
2243 2089 2480 2151 Sancto
2512 2089 2716 2149 versis
2748 2108 2783 2150 a
2819 2089 3089 2167 Georgio
3122 2090 3625 2169 Trapezuntino,
3659 2108 3912 2150 necnon

498 2192 565 2248 et
596 2188 815 2266 regula
850 2188 1197 2266 desumpta
1234 2188 1312 2247 de
1346 2187 1677 2248 Brixiano.
1716 2187 1895 2248 Haec
1929 2187 2188 2266 copiosa
2222 2205 2417 2267 opera
2451 2187 2655 2249 latina
2689 2187 3071 2267 prodierunt
3104 2187 3305 2249 etiam
3336 2187 3501 2249 ΑΒ.
3542 2188 3700 2248 1523
3734 2187 3916 2248 Pari-

498 2286 629 2356 siis,
660 2286 771 2345 sed
803 2290 868 2345 et
900 2285 1199 2347 Coloniae
1230 2285 1625 2364 Agrippinae
1657 2285 1844 2347 annis
1879 2285 2037 2346 1523
2067 2290 2133 2345 et
2169 2285 2345 2346 1531.
2380 2286 2630 2346 Romae
2661 2285 2906 2346 interea
2937 2286 3101 2346 ΑΒ.
3140 2285 3297 2346 1517
3327 2302 3550 2364 graece
3587 2285 3913 2345 Tractatus

499 2382 579 2443 ad
606 2383 853 2443 iuvenes
878 2382 949 2443 de
973 2382 1240 2461 legendis
1275 2382 1450 2443 libris
1473 2383 1799 2461 gentilium
1822 2383 1929 2461 (ιθ)
1974 2384 2368 2462 quibusdam
2394 2383 2696 2462 operibus
2720 2383 3070 2445 moralibus
3092 2388 3158 2443 et
3181 2383 3631 2462 paedagogicis
3654 2383 3914 2445 Cebetis

496 2485 564 2541 et
601 2480 935 2543 Plutarchi
973 2482 1355 2542 coniunctus
1391 2485 1515 2541 est.

1668 2680 1851 2753 VII.
1889 2679 2287 2753 Editiones
2325 2679 2734 2778 generales.

664 2846 960 2908 Basileae
1000 2847 1291 2917 tandem,
1334 2864 1504 2908 anno
1550 2846 1727 2916 1532,
1770 2846 2124 2907 editionem
2163 2846 2521 2925 principem
2559 2863 2859 2925 graecam
2898 2847 3172 2917 curavit,
3215 2846 3586 2925 sumptibus
3625 2846 3711 2907 H.
3755 2846 3911 2907 Fro-

493 2944 690 3015 benii,
726 2945 807 3005 D.
846 2945 1157 3005 Erasmus
1187 2945 1311 3022 (ιι),
1347 2944 1458 3023 qui
1491 2945 1573 3005 ad
1606 2943 2088 3006 reformandam
2122 2951 2187 3005 et
2220 2946 2667 3006 renovandam
2699 2962 2950 3006 sacram
2984 2945 3349 3006 doctrinam
3383 2945 3612 3005 Patres
3645 2944 3910 3022 quidem

493 3042 731 3103 latinos
782 3042 1277 3120 Hieronymum,
1320 3042 1737 3121 Cyprianum,
1781 3043 2220 3112 Ambrosium,
2265 3042 2585 3103 Hilarium
2617 3042 3187 3120 Augustinumque
3237 3043 3416 3121 typis
3455 3043 3906 3113 mandaverat,

491 3140 809 3202 Basilium
849 3143 1092 3210 autem,
1134 3158 1338 3200 unum
1377 3158 1459 3200 ex
1499 3140 1778 3211 Graecis,
1819 3141 1950 3202 iam
1989 3159 2188 3201 senex
2226 3140 2347 3200 sibi
2389 3140 2647 3219 delegit,
2691 3140 3083 3201 Frobenium
3123 3159 3313 3201 suum
3353 3141 3654 3202 laudibus
3694 3158 3909 3219 prose-

492 3254 697 3315 quens
734 3239 909 3317 quod
946 3238 1193 3316 primus
1231 3237 1401 3298 inter
1438 3238 1794 3299 Germanos
1828 3255 2133 3317 graecum
2169 3243 2505 3299 auctorem
2541 3243 2733 3300 antea
2772 3258 2900 3299 non
2939 3239 3321 3316 evulgatum
3357 3239 3674 3299 excudere
3711 3256 3907 3299 ausus

489 3341 663 3395 esset
691 3356 707 3406 ;
735 3352 958 3414 graece
986 3340 1251 3396 tantum
1279 3354 1509 3415 corpus
1537 3336 1949 3397 homiliarum
1978 3337 2167 3415 quasi
2193 3337 2519 3415 integrum
2547 3337 2849 3416 praebuit
2875 3355 2956 3397 ex
2983 3336 3233 3415 optimo
3261 3336 3634 3415 exemplari,
3664 3336 3910 3397 additis

490 3433 770 3493 homiliis
810 3433 888 3493 In
926 3434 1373 3504 Hexaemeron,
1410 3439 1702 3495 tractatu
1740 3436 1835 3494 De
1874 3436 2119 3514 Spiritu
2161 3436 2385 3496 Sancto
2422 3435 2804 3513 cunctisque
2840 3434 3131 3513 epistolis
3168 3434 3299 3496 iam
3336 3440 3530 3496 antea
3568 3452 3603 3496 a
3640 3434 3904 3495 Musuro

491 3530 961 3610 Obsopaeoque
991 3532 1298 3610 vulgatis.
1330 3532 1579 3592 Eodem
1610 3551 1779 3593 anno
1810 3534 2168 3611 eodemque
2197 3533 2335 3592 loco
2366 3551 2655 3593 seorsum
2684 3533 2884 3594 latine
2906 3532 3105 3592 vertit
3134 3533 3307 3593 idem
3331 3533 3640 3594 Erasmus
3668 3532 3907 3592 librum

489 3628 584 3689 De
617 3628 864 3709 Spiritu
899 3630 1144 3690 Sancto.

2244 3886 2325 3945 (et
2360 3886 2533 3944 1551),
2568 3885 2661 3931 sed
2693 3887 2748 3931 et
2781 3884 2992 3932 Romae
3025 3898 3169 3932 anno
3206 3886 3357 3933 1510.

562 3883 608 3929 1.
646 3882 725 3931 Cf.
760 3882 825 3929 V.
861 3882 1055 3940 Rossr,
1100 3884 1314 3943 Filelfo,
1357 3884 1409 3931 in
1455 3884 1836 3946 EncicIOpedia
1882 3884 2137 3943 Italiana,

2320 3957 2367 4003 6.
2400 3956 2478 4004 Ct.
2518 3957 2829 4013 RUDBERG,
2869 3956 3145 4004 Tradition
3180 3956 3521 4013 manuscrite,
3556 3969 3608 4016 p.
3644 3957 3728 4004 48.

488 3953 611 4010 XV,
640 3954 951 4011 Mediolani,
983 3954 1135 4010 1932,
1162 3968 1214 4015 p.
1244 3956 1362 4003 281.

557 4026 605 4073 2.
637 4025 715 4073 Cf.
745 4026 809 4073 A.
840 4025 929 4073 DE
958 4026 1191 4084 MEYER,
1220 4028 1415 4083 Bruni,
1452 4027 1505 4074 in
1544 4028 1916 4075 Dictionnaire
1949 4028 2135 4075 d’His-

484 4097 611 4144 toire
636 4100 680 4144 et
702 4098 763 4144 de
790 4097 1110 4159 Geographie
1134 4098 1590 4159 Ecclésiastiques,
1618 4099 1689 4155 X,
1718 4099 1952 4155 Parisiis,
1983 4099 2135 4157 1938,

485 4168 584 4215 col.
615 4169 866 4216 944-946.

554 4240 603 4288 3.
634 4239 712 4288 Cf.
744 4240 796 4288 J.
829 4240 1086 4297 DEDIEU,
1117 4240 1532 4302 Argyropoulos,
1570 4242 1624 4288 in
1663 4241 1853 4288 eodem
1892 4242 2133 4289 Diction-

483 4312 653 4368 naire,
685 4311 777 4367 IV,
805 4312 1042 4369 Parisiis,
1074 4313 1225 4368 1930,
1251 4312 1351 4360 col.
1379 4312 1557 4360 91-93.

553 4384 601 4429 4.
633 4383 814 4429 Primo
874 4383 1137 4440 Venetiis,
1193 4385 1362 4441 1470;
1426 4384 1549 4431 dein
1612 4383 1859 4439 Parmae,
1923 4383 2132 4441 Budae,

484 4453 796 4510 Mediolani,
829 4453 1242 4513 Norimbergae,
1278 4455 1491 4510 Ulmae,
1528 4454 1863 4513 Moguntiae,
1899 4455 2132 4514 Lipsiae,

484 4525 652 4584 Burgi
714 4526 941 4585 (Hisp.),
1012 4525 1398 4581 Salmanticae,
1470 4526 1826 4586 Pampilone;
1897 4540 2132 4586 quorum

480 4598 727 4643 omnium
776 4597 1080 4643 editionum
1130 4597 1278 4645 tituli
1328 4598 1739 4657 diligentissime
1788 4602 2134 4646 annotantur

480 4668 533 4713 in
564 4668 979 4727 Gesamtkatalog
1004 4669 1093 4714 der
1127 4668 1547 4729 Wiegendrucke,
1583 4670 1683 4726 ΙΙΙ,
1712 4670 1945 4729 Lipsiae,
1978 4670 2129 4727 1928,

480 4739 580 4785 sub
603 4740 841 4786 numeris
865 4739 1167 4787 3700-3718
1194 4755 1205 4796 ;
1229 4741 1282 4786 in
1309 4741 1653 4788 Bibliotheca
1676 4741 1947 4789 Vaticana
1970 4755 2129 4801 porro

478 4811 663 4857 inveni
698 4811 830 4859 alias
865 4811 1150 4868 editiones,
1188 4812 1397 4859 Romae
1426 4813 1593 4871 (circa
1632 4813 1784 4872 1476)
1819 4816 1873 4860 et
1912 4814 2129 4861 Floren-

476 4882 587 4929 tiae
615 4883 780 4942 (circa
818 4883 990 4940 1495),
1025 4896 1165 4942 quae
1198 4884 1251 4929 in
1287 4885 1391 4930 isto
1426 4884 1676 4941 catalogo
1710 4898 1818 4931 non
1853 4886 2129 4944 reperiun-

476 4957 603 5010 tur;
636 4954 777 5001 adde
807 4954 1104 5001 editionem
1138 4955 1539 5002 Bononiensem
1571 4956 1702 5002 anni
1736 4956 1888 5012 1497,
1920 4969 1951 5003 a
1980 4960 2129 5004 cata-

474 5025 595 5084 logo
620 5026 719 5071 sub
742 5028 963 5072 nomine
978 5024 1256 5074 Censorini
1286 5027 1638 5087 datam,quia
1661 5027 1872 5074 libellus
1887 5028 2130 5075 diversos

475 5100 725 5143 auctores
772 5097 1039 5153 continet,
1085 5098 1229 5144 inter
1274 5111 1411 5157 quos
1457 5102 1509 5145 et
1560 5099 1747 5146 Basilii
1792 5099 2017 5147 homilia
2064 5101 2131 5146 de

474 5168 683 5215 invidia
723 5181 753 5215 a
792 5167 860 5215 N.
904 5168 1129 5215 Perotto
1170 5170 1457 5216 translata.
1497 5169 1648 5217 Nihil
1689 5171 1755 5217 de
1794 5171 2129 5218 editionibus

473 5242 600 5299 post
636 5252 843 5287 annum
882 5240 1015 5287 1500
1050 5240 1188 5287 dico.

543 5312 591 5357 5.
624 5310 809 5358 Editio
852 5312 1124 5371 princeps,
1167 5312 1429 5369 Venetiis,
1468 5313 1637 5370 1471;
1682 5314 1884 5359 ibidem
1928 5314 2128 5361 iterum

472 5383 620 5441 typis
650 5382 784 5429 data
810 5386 893 5429 est
921 5384 1064 5429 inter
1096 5384 1227 5431 1498
1256 5386 1310 5430 et
1342 5384 1493 5439 1500,
1524 5397 1631 5433 una
1659 5397 1784 5432 cum
1814 5384 2127 5441 Censorino,

472 5452 689 5510 Cebete,
727 5453 1041 5511 Plutarcho,
1078 5458 1131 5501 et
1170 5455 1355 5502 Basilii
1390 5455 1613 5503 homilia
1648 5457 1713 5503 de
1748 5457 1957 5504 invidia
1992 5469 2023 5503 a
2058 5455 2126 5503 Ν.

472 5523 698 5573 Perotto
731 5525 1023 5582 translata,
1058 5526 1124 5573 de
1158 5540 1267 5586 qua
1300 5530 1491 5574 notam
1525 5528 1948 5587 praecedentem
1983 5528 2126 5575 vide.

472 5595 670 5644 Postea
705 5597 903 5644 iterum
941 5598 1165 5645 dabitur
1202 5598 1495 5646 Mediolani
1530 5600 1672 5647 circa
1712 5600 1844 5648 1503
1880 5602 1935 5646 et
1974 5600 2128 5656 1504,

469 5670 525 5715 et
578 5668 797 5718 Parisiis
854 5669 1003 5716 1510.
1057 5668 1180 5717 Alia
1232 5670 1523 5718 translatio
1576 5684 1606 5718 a
1658 5672 1775 5719 viro
1828 5670 2127 5719 clarissimo

470 5738 532 5787 G.
565 5740 790 5788 Budaeo
820 5742 1025 5800 scripta
1052 5741 1259 5801 publici
1286 5742 1415 5788 iuris
1444 5742 1536 5789 ﬂet
1565 5742 1783 5790 Parisiis
1812 5755 1957 5791 anno
1990 5742 2122 5790 1505

2318 4028 2367 4076 7.
2400 4028 2478 4076 Cf.
2507 4028 2821 4083 RUDBERG,
2862 4028 3139 4075 Tradition
3174 4029 3515 4085 manuscrile,
3543 4042 3593 4088 p.
3621 4029 3704 4075 50.
3743 4029 3906 4075 Liber

2246 4100 2396 4159 typis
2432 4100 2595 4147 datus
2639 4103 2722 4147 est
2756 4101 2809 4145 in
2845 4100 2961 4147 loco
3008 4113 3153 4146 nunc
3189 4100 3336 4147 dicto
3372 4100 3760 4157 Grossenhain,
3794 4113 3903 4147 non

2248 4171 2577 4229 Haguenau,
2607 4175 2667 4218 ut
2698 4171 2978 4218 interdum
3008 4171 3226 4218 dicitur.

2317 4243 2365 4289 8.
2396 4242 2476 4290 Cf.
2508 4243 2880 4298 GRIBOMON’I‘,
2918 4242 3247 4302 Ascéliques,
3286 4256 3337 4301 p.
3374 4243 3489 4298 100,
3529 4243 3623 4289 ubi
3661 4243 3727 4290 de
3764 4242 3903 4291 ulte-

2244 4314 2477 4361 rioribus
2514 4314 2849 4361 editionibus
2886 4314 3047 4360 huius
3083 4314 3301 4371 regulae
3338 4314 3556 4361 dicitur.

2315 4385 2363 4432 9.
2396 4384 2473 4433 Cf.
2530 4386 2770 4441 AMAND,
2834 4376 3100 4440 Editions,
3154 4386 3311 4441 LIII,
3355 4398 3407 4444 p.
3458 4385 3576 4441 123,
3620 4398 3673 4432 n.
3722 4386 3767 4432 1.
3815 4385 3899 4432 En

2245 4456 2539 4515 descriptio
2586 4457 2743 4503 istius
2788 4457 3095 4503 rarissimae
3140 4457 3398 4503 editionis
3445 4470 3454 4503 :
3504 4457 3748 4514 Gregorii
3794 4456 3903 4504 Na-

2243 4528 2487 4575 zianzeni
2520 4529 2574 4574 in
2610 4528 2828 4575 laudem
2867 4528 3051 4575 Basilii
3082 4528 3190 4587 (i.e.
3227 4528 3403 4575 oratio
3438 4528 3544 4587 43).
3583 4528 3771 4575 Basilii
3805 4528 3901 4575 ho-

2243 4599 2423 4647 miliae
2462 4600 2513 4645 in
2556 4600 2800 4646 Psalmos
2844 4601 2887 4655 1,
2928 4600 2976 4655 7,
3020 4600 3103 4655 14,
3145 4602 3206 4646 14
3240 4600 3365 4658 (2°),
3404 4600 3471 4646 28
3504 4602 3640 4659 (una
3678 4599 3903 4647 homilia

2242 4673 2506 4729 tantum),
2540 4671 2624 4725 29,
2660 4672 2745 4727 32,
2780 4671 2864 4726 33,
2900 4672 2986 4725 37,
3021 4672 3107 4726 44,
3142 4672 3227 4725 45,
3262 4672 3347 4726 48,
3382 4672 3467 4727 59,
3503 4672 3587 4726 61,
3628 4672 3745 4726 114,
3784 4672 3901 4719 115.

2245 4742 2515 4789 Homiliae
2550 4742 2780 4789 morales
2808 4742 2885 4801 (in
2920 4743 3303 4789 numeratione
3337 4742 3733 4800 Maurinorum)
3767 4742 3817 4798 6,
3852 4742 3902 4799 7,

2242 4814 2291 4869 8,
2332 4815 2377 4870 1,
2414 4814 2463 4868 2,
2504 4815 2586 4869 14,
2626 4815 2706 4869 11,
2746 4814 2827 4869 10,
2863 4813 2912 4867 3,
2949 4814 2998 4868 9,
3036 4814 3086 4869 4,
3122 4814 3171 4869 5,
3212 4815 3293 4869 15,
3334 4814 3413 4868 16,
3455 4814 3535 4869 12,
3572 4813 3656 4869 27,
3694 4812 3778 4869 26,
3816 4813 3902 4870 22,

2246 4886 2326 4941 19,
2378 4886 2458 4940 18,
2510 4886 2588 4932 13.
2639 4885 2849 4932 Deinde
2895 4885 3207 4942 fragmenta
3254 4886 3490 4932 ascetica
3537 4885 3785 4940 contusa,
3831 4897 3899 4931 ex

2241 4956 2390 5003 libris
2471 4956 2535 5003 de
2628 4957 2941 5016 Baptismo,
3033 4956 3538 5004 Constitutionibus
3631 4956 3899 5013 asceticis,

2241 5028 2487 5076 oratione
2519 5029 2771 5085 ascetica,
2802 5032 2856 5075 et
2887 5028 3130 5087 epistolis
3160 5028 3247 5084 42,
3278 5027 3309 5075 2
3339 5031 3394 5075 et
3424 5028 3508 5075 45.

2317 5100 2397 5146 10.
2431 5099 2684 5147 Ceterum
2716 5100 2781 5146 de
2812 5100 3056 5159 antiquis
3087 5099 3422 5147 editionibus
3453 5112 3681 5159 operum
3714 5098 3903 5146 Basilii

2242 5170 2360 5217 fuse
2386 5170 2631 5230 loquitur
2655 5171 2706 5218 J.
2733 5172 2797 5217 Α.
2827 5171 3161 5227 FABRICIUS,
3188 5171 3509 5219 Bibliotheca
3536 5173 3751 5227 Graeca,
3777 5170 3903 5217 vide

2245 5242 2375 5289 P.G.
2433 5242 2517 5297 29,
2574 5242 3156 5299 CCXLI-CCLXXV;
3212 5242 3338 5289 vide
3391 5243 3561 5290 etiam
3618 5242 3903 5302 Catalogue

2240 5312 2449 5373 general
2486 5314 2574 5360 des
2614 5314 2767 5360 (iures
2810 5313 3081 5375 imprimés
3119 5314 3181 5359 de
3219 5313 3270 5359 la
3311 5314 3674 5374 Bibliotheque
3714 5314 3903 5361 Natio-

2240 5384 2379 5440 nale,
2402 5382 2564 5439 VIII,
2590 5385 2826 5440 Parisiis,
2855 5387 2980 5433 1901
3012 5399 3022 5441 ;
3053 5385 3271 5431 General
3296 5386 3579 5445 Catalogue
3602 5386 3663 5445 of
3682 5386 3903 5432 Printed

2241 5457 2417 5503 Books
2456 5456 2509 5503 in
2546 5458 2626 5503 the
2662 5455 2863 5504 British
2902 5457 3174 5511 Museum,
3212 5457 3315 5512 XI,
3353 5457 3607 5513 Londini,
3648 5455 3779 5503 1935
3806 5470 3818 5513 ;
3847 5459 3903 5504 et

2240 5527 2561 5587 praesertim
2615 5528 2903 5575 Deutscher
2956 5527 3393 5587 Gesamtkalalog,
3450 5528 3583 5585 XII,
3640 5527 3904 5586 Berolini,

2314 5672 2397 5720 11.
2428 5668 2506 5717 Ct.
2542 5671 2782 5726 AMAND,
2848 5660 3113 5724 Editions,
3170 5668 3294 5726 LII,
3350 5683 3403 5729 p.
3442 5669 3671 5717 142-148
3724 5672 3781 5717 et
3816 5670 3897 5718 St.

2244 5742 2307 5789 Y.
2345 5742 2660 5798 RUDBERG,
2694 5742 2747 5788 in
2779 5742 3011 5798 Eranos,
3046 5740 3252 5797 LVIII,
3290 5742 3443 5797 1960,
3478 5755 3530 5802 p.
3565 5740 3745 5789 20-28.

2045 5918 2342 5977 __4_
