4206 6492
449 388 698 467 Corpus
734 389 1117 460 asceticum,
1141 389 1316 468 quod
1339 389 1551 451 adhuc
1574 388 2084 461 desiderabatur,
2108 391 2302 469 paulo
2325 397 2474 470 post
2492 392 2704 470 (1535)
2724 393 3013 455 Venetiis
3033 396 3376 457 ediderunt
3401 399 3479 460 R.
3507 400 3700 461 Polus

279 486 513 565 anglus
561 487 1000 566 nonnullique
1050 487 1239 549 amici
1289 488 1367 547 de
1416 487 1875 549 reformatione
1924 488 2359 550 ecclesiastica
2410 490 2665 550 solliciti
2710 491 2805 569 (ι),
2860 511 2986 554 una
3048 511 3196 554 cum
3254 495 3432 555 libris
3490 497 3700 559 tribus

280 583 604 645 Adversus
637 585 1035 646 Eunomium
1067 590 1134 646 et
1162 590 1454 647 tractatu
1488 586 1861 665 apocrypho
1895 586 1990 646 De
2020 586 2391 664 virginitate.
2428 588 2607 663 Quae
2638 590 2855 651 omnia
2888 589 3182 653 Basileae
3211 592 3422 671 (1551)
3454 594 3515 655 J.
3552 595 3701 656 Cor-

279 683 506 745 narius
542 682 822 743 editioni
859 682 1261 745 erasmianae
1299 683 1635 744 coniunxit
1668 683 1765 761 (⁸),
1804 684 1882 744 de
1927 701 2042 744 suo
2091 684 2337 745 addens
2382 688 2843 747 tantummodo
2882 689 3214 750 homiliam
3252 690 3566 753 Adversus
3603 710 3700 753 eos

284 781 400 859 qui
428 780 924 852 calumniantur,
950 782 1242 859 duosque
1275 780 1535 842 ultimos
1562 786 1629 841 et
1656 782 1907 860 spurios
1929 782 2123 842 libros
2146 781 2459 844 Adversus
2482 784 2889 845 Eunomium.
2915 786 3069 846 Mox
3090 788 3469 865 prodierunt
3492 809 3701 852 novae

280 878 531 939 latinae
557 878 1140 958 interpretationes
1164 879 1260 956 (³),
1290 884 1355 939 et
1381 884 1515 939 tres
1543 879 1805 958 quidem
1842 879 1905 939 in
1946 898 2072 939 uno
2112 898 2282 941 anno
2316 882 2475 942 1540
2505 902 2517 942 :
2549 883 2705 942 dum
2733 882 2904 943 enim
2932 884 3232 962 Lugduni
3259 887 3335 946 A.
3367 887 3701 949 Fumanus

280 993 482 1054 opera
530 982 801 1037 tantum
847 976 1126 1038 ascetica
1172 976 1546 1038 includebat
1579 976 1674 1054 (‘),
1712 981 1777 1037 et
1813 976 2105 1038 Basileae
2142 978 2495 1040 anteriores
2530 980 2857 1041 versiones
2890 981 2989 1041 W.
3029 982 3356 1044 Musculus
3391 990 3702 1047 retracta-

282 1074 406 1134 bat
437 1074 538 1152 (‘),
574 1074 823 1135 ibidem
858 1091 1054 1152 quem
1088 1092 1281 1154 supra
1327 1075 1831 1135 memoravimus
1874 1075 1937 1135 J.
1975 1075 2317 1137 Cornarius
2361 1079 2442 1139 ab
2488 1096 2611 1136 ovo
2657 1097 2818 1156 opus
2860 1078 3255 1141 instauravit
3286 1082 3403 1160 (5);
3443 1083 3702 1143 Parisiis

283 1171 596 1250 denique,
642 1191 811 1233 anno
856 1172 1035 1242 1547,
1081 1172 1155 1232 G.
1196 1172 1600 1232 Tillmannus
1639 1172 2100 1233 carthusiensis
2138 1174 2373 1235 iterum
2422 1170 2795 1236 emendavit
2844 1177 3086 1255 priscas
3124 1179 3583 1240 translationes
3605 1181 3701 1258 (⁷).

284 1269 392 1329 Ex
427 1270 643 1330 tantis
676 1270 1007 1331 laboribus
1041 1270 1541 1349 sumptibusque
1574 1275 1716 1331 tam
1750 1270 1931 1330 brevi
1965 1272 2277 1350 temporis
2311 1274 2522 1351 spatio
2559 1274 2836 1351 patratis
2872 1276 3284 1354 perspicuum
3318 1282 3419 1336 est
3454 1283 3701 1356 quanto

283 1367 350 1427 in
396 1368 647 1427 honore
686 1368 1037 1428 haberetur
1075 1373 1527 1446 quantumque
1568 1367 1865 1429 attulerit
1905 1370 2327 1430 emolumenti
2366 1370 2651 1449 optimae
2690 1371 3013 1450 religionis
3052 1374 3495 1435 reformationi
3536 1376 3704 1436 basi-

282 1464 541 1525 lianum
578 1482 767 1544 opus.

456 1563 699 1623 Aetate
735 1562 1034 1641 sequenti
1068 1562 1384 1624 relaxatio
1422 1564 1745 1641 quaedam
1780 1563 2170 1634 intercessit,
2208 1564 2271 1624 in
2310 1583 2436 1642 qua
2473 1570 2737 1625 tantum
2776 1568 2850 1627 G.
2890 1568 3109 1638 Morel,
3148 1587 3317 1629 anno
3360 1570 3537 1639 1556,
3576 1588 3703 1631 ser-

281 1677 520 1720 mones
563 1660 815 1739 aliquot
858 1659 1133 1721 morales
1175 1660 1379 1721 edidit
1423 1661 1676 1722 saeculo
1721 1661 1968 1721 decimo
2014 1680 2049 1723 a
2096 1662 2411 1741 Symeone
2454 1663 2900 1742 Metaphraste
2943 1684 3025 1725 ex
3066 1667 3367 1745 operibus
3408 1667 3703 1745 genuinis

281 1757 682 1836 compilatos
711 1758 808 1836 (σ),
843 1759 1001 1818 dum
1042 1758 1117 1818 B.
1152 1758 1508 1821 Vulcanius
1536 1758 1613 1836 (⁸)
1654 1764 1719 1817 et
1762 1760 1841 1819 D.
1879 1760 2333 1837 Hoeschel(1°)
2373 1761 2782 1821 inseruerunt
2823 1768 3139 1839 quattuor
3171 1765 3444 1842 quisque
3479 1766 3702 1825 Basilii

280 1854 607 1933 epistolas
636 1855 700 1916 in
733 1855 1128 1916 editionibus
1158 1874 1322 1934 quas
1352 1862 1744 1917 curaverunt
1782 1857 2011 1917 Iuliani
2042 1863 2384 1936 apostatae
2416 1858 2519 1917 vel
2551 1858 2874 1937 Phrynici.

459 1953 653 2014 Anno
698 1953 856 2014 1618
893 1954 1156 2014 Parisiis
1193 1954 1265 2014 F.
1307 1954 1507 2015 Morel
1539 1955 1663 2032 (ιι),
1704 1954 1805 2014 cui
1843 1955 2153 2033 epistolas
2190 1956 2312 2016 200
2350 1956 2562 2016 adhuc
2599 1957 2901 2027 ineditas,
2942 1976 3051 2017 seu
3092 1958 3411 2035 optimam
3449 1965 3703 2037 partem

280 2050 723 2129 epistolarum
768 2052 1013 2122 Basilii,
1060 2052 1252 2113 simul
1298 2070 1371 2113 ac
1415 2057 1677 2113 textum
1721 2068 2025 2130 graecum
2070 2053 2517 2114 commentarii
2559 2054 3186 2132 (pseudo-basiliani)
3232 2056 3295 2115 in
3352 2056 3583 2117 Isaiam
3630 2076 3703 2118 ac

281 2149 516 2210 varias
551 2148 956 2210 diversorum
990 2150 1285 2210 codicum
1320 2149 1631 2210 lectiones
1667 2151 2261 2212 communicaverat
2296 2152 2395 2210 vir
2430 2152 2806 2229 anglicanus
2844 2153 2922 2213 Β.
2962 2153 3425 2224 Montacutius,
3466 2174 3703 2215 novam

280 2246 652 2306 editionem
680 2246 1045 2325 generalem
1073 2248 1360 2308 excussit
1389 2269 1403 2319 ;
1436 2248 1645 2308 eidem
1676 2248 1964 2308 Fronton
1997 2250 2083 2309 du
2117 2250 2259 2309 Duc
2292 2249 2352 2310 S.
2386 2249 2447 2309 J.
2482 2255 2672 2310 notas
2703 2250 2991 2311 eruditas
3022 2251 3365 2329 variasque
3397 2252 3704 2313 lectiones

282 2345 587 2405 edendas
629 2345 788 2404 item
832 2345 1104 2415 curavit,
1149 2346 1488 2424 primaque
1531 2346 1670 2406 vice
1711 2346 2077 2406 versionem
2121 2347 2413 2416 latinam,
2459 2352 2523 2406 et
2568 2348 2831 2425 quidem
2872 2348 3241 2419 Tillmanni,
3287 2350 3704 2427 originalibus

281 2442 622 2503 adiunxit.
668 2443 846 2518 Quae
889 2444 1105 2505 omnia
1147 2444 1387 2504 iterum
1426 2443 1777 2504 immutata
1822 2462 1991 2504 anno
2040 2445 2196 2505 1638
2240 2444 2501 2505 Parisiis
2542 2445 2716 2505 edita
2760 2450 2934 2505 sunt.
2981 2446 3300 2524 Congesta
3345 2448 3702 2509 materialia

281 2558 321 2601 a
364 2540 474 2600 Fr.
515 2540 840 2601 Combefis
876 2540 1027 2601 O.P.
1064 2541 1200 2601 viro
1236 2541 1511 2611 erudito,
1548 2546 1701 2602 ante
1735 2547 1995 2620 tempus
2029 2547 2249 2603 tamen
2285 2543 2425 2603 vita
2458 2543 2707 2613 functo,
2743 2543 2993 2603 libellos
3028 2546 3191 2604 duos
3226 2546 3705 2606 constituerunt

277 2638 588 2715 (Parisiis
621 2638 823 2716 1679),
855 2639 1089 2717 quibus
1116 2639 1350 2700 titulus
1382 2661 1394 2699 :
1425 2639 1712 2700 Basilius
1740 2658 2005 2718 magnus
2034 2658 2107 2700 ex
2136 2640 2365 2718 integro
2393 2641 2875 2719 recensitus(12).
2910 2642 3109 2701 Paulo
3140 2648 3289 2720 post
3319 2643 3380 2703 J.
3414 2644 3488 2703 B.
3522 2644 3705 2704 Cote-

293 2735 421 2796 lier
451 2735 763 2814 epistolas
796 2735 1048 2815 aliquas
1080 2737 1337 2816 reperit,
1375 2755 1537 2816 quas
1569 2738 1632 2797 in
1668 2738 1798 2799 suis
1832 2737 2142 2799 Ecclesiae
2174 2756 2421 2816 graecae
2452 2739 2869 2799 monumentis
2898 2740 3109 2816 (1681)
3140 2740 3243 2818 (13)
3276 2741 3537 2819 recepit.

1533 2936 1757 3009 VIII.
1797 2937 2059 3009 Editio
2095 2940 2469 3011 maurina.

464 3101 800 3162 Monachis
838 3103 1355 3180 congregationis
1396 3103 1454 3164 S.
1496 3103 1704 3164 Mauri
1746 3104 1995 3175 O.S.B.,
2037 3105 2147 3182 qui
2186 3105 2317 3165 iam
2354 3105 2722 3174 Athanasii,
2772 3105 3036 3176 Irenaei,
3080 3105 3297 3183 Cyrilli
3336 3107 3706 3184 Hierosoly-

284 3199 531 3259 mitani
573 3203 638 3258 et
688 3198 947 3259 Ioannis
990 3200 1435 3279 Chrysostomi
1476 3201 1670 3262 libros
1713 3201 1977 3262 miriﬁce
2021 3204 2483 3281 produxerant,
2516 3221 2677 3263 onus
2704 3203 3192 3281 relinquebatur
3234 3206 3314 3264 ad
3352 3204 3707 3265 multorum

284 3297 596 3357 codicum
639 3296 834 3357 ﬁdem
880 3297 1106 3359 S.P.N.
1154 3298 1379 3359 Basilii
1423 3318 1616 3378 opera
1661 3300 1877 3361 omnia
1922 3301 2384 3378 graeco-latina
2431 3302 2783 3379 praebendi
2823 3301 2947 3378 (υ),
2995 3319 3159 3379 quae
3206 3302 3469 3379 quidem
3513 3320 3705 3380 opera

287 3412 505 3473 usque
544 3395 626 3455 ad
667 3394 1053 3456 hodiernum
1093 3396 1265 3457 diem
1304 3397 1386 3457 ab
1428 3398 1728 3457 omnibus
1768 3397 1924 3457 viris
1963 3398 2254 3468 eruditis,
2295 3398 2359 3458 in
2401 3398 2879 3477 exemplaribus
2920 3418 2955 3459 a
2996 3399 3067 3459 L.
3112 3400 3189 3458 de
3233 3400 3459 3459 Sinner
3493 3399 3707 3477 (1839)

286 3491 402 3553 vel
436 3492 578 3553 J.P.
604 3492 817 3571 Migne
851 3493 1060 3571 (1857,
1093 3494 1271 3572 1886)
1308 3495 1555 3574 paratis
1588 3495 1712 3573 (ιδ),
1737 3495 2059 3574 leguntur.
2103 3497 2281 3556 Onus
2317 3495 2670 3575 suscipiens
2707 3496 2770 3556 in
2809 3496 3033 3575 primis
3070 3497 3131 3557 J.
3174 3497 3440 3558 Garnier
3475 3497 3709 3575 viginti

288 3591 583 3668 integros
626 3609 830 3651 annos
873 3591 1115 3653 Basilio
1161 3592 1510 3663 dedicavit,
1556 3593 2023 3655 adiuvantibus
2065 3599 2130 3653 et
2174 3593 2278 3653 Fr.
2325 3594 2693 3655 Faverolles
2735 3599 2801 3654 et
2846 3595 2947 3654 Pr.
2994 3595 3240 3665 Maran,
3288 3595 3397 3673 qui
3440 3596 3708 3656 tandem

287 3693 447 3767 post
482 3687 806 3750 sociorum
843 3694 1120 3750 mortem
1152 3690 1361 3769 (1725,
1404 3691 1586 3768 1724)
1621 3709 1784 3770 opus
1821 3691 2089 3769 perfecit
2120 3692 2329 3764 (1721,
2373 3692 2551 3763 1722,
2594 3692 2797 3769 1730).
2838 3692 2983 3752 Uno
3020 3698 3286 3753 tantum
3321 3693 3524 3752 codici
3561 3711 3711 3752 con-

286 3786 493 3846 ﬁdere
524 3786 655 3847 iam
688 3806 815 3847 non
850 3787 1011 3849 satis
1042 3789 1304 3859 ducens,
1338 3789 1619 3851 firmiora
1653 3788 1873 3868 posuit
1903 3789 2315 3851 ﬁrmamenta
2348 3790 2450 3850 ille
2485 3790 2773 3860 Garnier,
2808 3790 2932 3849 etsi
2965 3790 3283 3868 parisinos
3316 3790 3566 3851 codices
3598 3790 3711 3851 ad-

289 3883 517 3943 hibere
551 3885 895 3965 praecipue
926 3890 1275 3947 contentus
1307 3885 1455 3947 fuit.
1500 3886 1570 3947 In
1608 3886 2040 3948 diiudicandis
2083 3888 2384 3967 operibus
2426 3887 2721 3966 genuinis
2765 3888 3131 3958 acerrimus,
3170 3888 3459 3949 acerbius
3503 3889 3710 3949 etiam

289 3996 486 4059 agere
530 4000 658 4042 non
704 3983 950 4054 timuit,
996 3984 1168 4045 unde
1211 3990 1277 4045 et
1321 3984 1630 4046 nonnulla
1676 3986 1759 4047 ab
1804 3985 1941 4064 ipso
1986 3985 2222 4047 reiecta
2269 3986 2473 4045 critici
2517 3985 2906 4046 recentiores
2950 3985 3191 4046 Basilio
3236 3986 3707 4057 restituerunt;

290 4084 459 4140 tunc
486 4098 639 4141 vero
667 4082 981 4160 temporis
1007 4081 1071 4142 in
1103 4082 1327 4160 primis
1353 4084 1701 4161 oportebat
1729 4101 1923 4162 opera
1951 4084 2383 4145 sincerissima
2412 4101 2758 4153 secernere,
2790 4101 3065 4161 quorum
3093 4102 3213 4162 ope
3242 4084 3320 4143 de
3348 4088 3711 4144 ceterorum

290 4178 807 4239 authenticitate
858 4179 1326 4258 disputaretur.
1378 4182 1661 4241 Textum
1711 4183 2067 4260 prudenter
2114 4181 2476 4251 constituit,
2530 4182 2724 4241 modo
2775 4181 3101 4260 empirico,
3154 4180 3354 4241 electa
3407 4181 3711 4241 videlicet

290 4275 572 4335 lectione
626 4277 1062 4355 probabiliori,
1116 4298 1244 4338 non
1297 4279 1458 4339 satis
1509 4280 1756 4339 diffisus
1808 4279 2279 4340 Parisiensibus
2330 4279 2688 4339 editoribus
2735 4279 2917 4354 (anni
2972 4278 3173 4356 1618).
3235 4280 3303 4339 In
3357 4278 3710 4339 lectionum

289 4378 644 4453 apparatu,
682 4374 903 4436 tacitis
938 4393 1127 4455 saepe
1164 4376 1622 4438 omissionibus
1654 4377 1880 4455 (etiam
1915 4377 2363 4455 gravioribus),
2401 4377 2732 4437 variantes
2767 4378 3228 4438 tantummodo
3267 4376 3583 4455 positivas
3618 4395 3711 4437 re-

290 4471 445 4542 fert,
478 4488 711 4550 parum
742 4472 1084 4551 diligenter
1111 4492 1518 4546 enumerans,
1550 4475 1900 4553 aliquando
1930 4474 2130 4536 etiam
2162 4474 2562 4537 confundens
2593 4474 2867 4535 codices.
2903 4475 3076 4535 Raro
3108 4479 3511 4535 annotantur
3541 4492 3708 4552 quae

289 4570 378 4630 ad
424 4569 773 4632 historiam
815 4570 1263 4633 doctrinamve
1306 4578 1629 4651 spectant,
1676 4572 1933 4652 copiosa
1977 4577 2200 4633 tamen
2249 4574 2642 4652 praebentur
2685 4578 2751 4633 et
2797 4572 3235 4651 praefationes
3277 4578 3343 4632 et
3387 4590 3713 4632 commen-

371 4772 417 4817 1.
448 4768 530 4818 Cf.
566 4770 809 4828 AMAND,
864 4762 1131 4829 Ediltons,
1168 4772 1292 4832 LII,
1329 4787 1382 4835 p.
1423 4774 1670 4831 149-156,
1717 4778 1771 4822 et
1818 4775 1951 4825 Gm-
2066 4775 2199 4823 1566
2234 4776 2444 4831 dicunt,
2478 4775 2593 4834 ipse
2624 4778 2813 4822 tamen
2847 4774 3172 4821 reeditiones
3206 4786 3313 4819 non
3350 4774 3480 4820 vidi.

290 4854 558 4898 BOMONT,
591 4842 915 4903 Ascéliques,
945 4857 997 4904 p.
1028 4843 1279 4894 326-329.

2135 4847 2182 4894 7.
2213 4846 2292 4895 Cf.
2326 4848 2563 4902 ΑΜΑΝι),
2606 4836 2872 4903 Εάίιίοηε,
2899 4846 3052 4901 LIII,
3088 4859 3138 4905 p.
3172 4845 3286 4901 120,
3311 4858 3363 4892 n.
3390 4844 3438 4891 2.
3478 4844 3713 4901 Parisiis,

365 4913 417 4963 2.
451 4912 532 4961 CI.
560 4913 803 4971 AMAND,
839 4905 1106 4973 Edilions,
1136 4915 1260 4974 LII,
1288 4930 1340 4978 p.
1374 4917 1620 4966 156-161.
2064 4931 2209 4966 anno
2243 4918 2393 4975 1566,
2423 4919 2621 4965 iterum
2650 4918 2800 4978 typis
2830 4918 2994 4965 datus
3022 4920 3103 4964 est
3132 4917 3285 4971 liber,
3315 4916 3518 4963 additis
3546 4916 3715 4963 latine

367 4984 417 5033 3.
448 4984 694 5032 Notetur
739 4985 825 5033 Fr.
865 4999 941 5033 DE
988 4986 1343 5036 CRANEVELD
1390 4989 1642 5037 homilias
1688 4992 1956 5050 quattuor
2064 4990 2396 5050 quibusdam
2432 4989 2693 5049 epistolis,
2728 5001 2852 5049 pag.
2890 4989 2983 5036 761
3025 5001 3164 5048 sqq.,
3204 4988 3331 5035 1031
3372 5001 3490 5047 sqq.

289 5056 549 5119 vertisse,
603 5056 853 5114 Lovanii,
902 5058 1043 5107 ΑΙ).
1098 5059 1231 5108 1534
1282 5063 1338 5108 et
1391 5061 1544 5118 1535,
1596 5061 1664 5109 cf.
1716 5063 1955 5118 AMAND,
2132 5062 2180 5109 8.
2212 5061 2291 5109 Cf.
2320 5062 2558 5117 AMAND,
2606 5051 2873 5115 Edilions,
2903 5060 3057 5115 LIII,
3096 5073 3148 5119 p.
3183 5060 3300 5115 136,
3330 5073 3381 5107 n.
3421 5060 3470 5107 2.
3502 5059 3713 5105 Sermo-

299 5117 577 5182 Editions,
604 5128 762 5185 LIII,
789 5142 840 5189 p.
873 5129 990 5187 123,
1016 5142 1070 5178 n.
1098 5131 1147 5178 5.
1943 5117 1947 5118 ί
2064 5145 2159 5180 nes
2189 5133 2323 5179 istos
2352 5132 2639 5179 transtulit
2671 5133 2721 5179 S.
2755 5132 2842 5178 DE
2875 5117 3119 5187 Mutua,
3152 5131 3389 5186 Parisiis,
3426 5131 3573 5177 1558.

364 5200 415 5245 4.
448 5197 529 5247 CI.
557 5198 621 5247 G.
648 5198 873 5257 FATINI,
908 5202 1164 5259 Fumani,
1197 5202 1251 5249 in
1283 5202 1665 5265 EnciCIOpedia
1703 5203 1955 5261 Italiana,
2137 5204 2185 5251 9.
2220 5204 2295 5252 Cf.
2324 5206 2564 5259 AMAND,
2602 5194 2867 5259 Edilions,
2898 5202 3052 5258 LIII,
3082 5216 3134 5263 p.
3168 5202 3414 5250 132-133.

290 5269 455 5325 XVI,
485 5270 802 5328 Mediolani,
832 5271 985 5329 1932,
1012 5286 1065 5333 p.
1098 5273 1213 5322 166.
2142 5277 2221 5323 10.
2253 5275 2331 5323 Cf.
2360 5277 2599 5331 AMAND,
2637 5266 2879 5330 Editons,
2910 5274 3065 5330 LIII,
3094 5287 3146 5333 p.
3180 5274 3296 5321 134.

362 5341 414 5388 5.
447 5340 527 5389 C1.
558 5342 801 5398 AMAND,
838 5334 1105 5402 Edilions,
1134 5344 1290 5401 LIII,
1320 5358 1371 5406 p.
1405 5345 1523 5403 123,
1552 5359 1605 5394 n.
1636 5346 1683 5393 2.
2141 5349 2221 5394 11.
2252 5346 2331 5394 Cf.
2360 5348 2600 5402 AMAND,
2637 5336 2903 5401 Editions,
2933 5345 3088 5400 LIII,
3118 5358 3169 5405 p.
3204 5345 3449 5391 119-151.

362 5412 413 5460 6.
446 5411 527 5460 C1.
568 5414 811 5470 AMAND,
870 5406 1136 5473 Edilions,
1175 5416 1300 5473 LII,
1357 5430 1410 5477 p.
1455 5418 1700 5465 159-160.
1746 5418 1806 5463 In
1855 5418 1958 5466 hoc
2140 5420 2222 5468 12.
2253 5418 2332 5466 Cf.
2362 5419 2601 5474 AMAND,
2638 5408 2904 5473 Editions,
2934 5416 3077 5471 LIV,
3106 5431 3158 5476 p.
3195 5416 3437 5463 128-136.

287 5484 603 5539 volumine,
642 5497 753 5533 una
789 5498 913 5533 cum
949 5488 1198 5535 versione
1236 5488 1450 5535 Erasmi
1487 5489 1608 5536 libri
1646 5489 1713 5536 de
1751 5488 1957 5549 Spiritu
2141 5491 2221 5541 13.
2253 5490 2332 5539 Cf.
2362 5491 2601 5545 AMAND,
2638 5480 2904 5544 Edilions,
2934 5488 3077 5542 LIV,
3105 5501 3158 5547 p.
3194 5488 3308 5534 140.

288 5555 521 5612 Sancto,
562 5559 619 5604 et
658 5557 906 5606 versione
942 5559 1219 5607 Ambrosii
1258 5560 1691 5609 Camaldulensis
1729 5560 1851 5608 libri
1891 5561 1957 5609 de
2139 5564 2222 5613 14.
2252 5563 2491 5618 ΑΜΑΝι),
2538 5552 2804 5617 Edilions,
2844 5560 2987 5615 LIV,
3025 5572 3077 5619 p.
3121 5559 3349 5606 136-144
3389 5560 3443 5605 et
3482 5556 3625 5614 LVI,
3664 5569 3716 5616 ρ.

286 5628 640 5687 virginitate,
667 5630 887 5676 textum
912 5629 1148 5679 latinum
1173 5631 1430 5680 homiliae
1456 5632 1719 5680 adversus
1745 5645 1836 5680 eos
1863 5633 1957 5692 qui
2070 5632 2298 5683 126-149
2323 5648 2335 5691 ;
2372 5634 2743 5689 Gmaomonr,
2778 5632 3102 5691 Ascétiques,
3136 5644 3189 5691 p.
3226 5630 3344 5677 331.

285 5698 732 5755 calumniantur,
773 5713 960 5760 graece
998 5702 1247 5750 nondum
1288 5703 1487 5761 editae,
1530 5703 1821 5752 Cornarius
1862 5704 1956 5751 da-
2140 5706 2222 5754 15.
2254 5704 2332 5754 Cf.
2361 5706 2602 5761 AMAND,
2639 5694 2906 5759 Editions,
2935 5702 3078 5757 LVI,
3107 5715 3159 5762 p.
3194 5700 3440 5749 150-152.

283 5771 405 5820 bat.
447 5771 619 5819 Hunc
654 5770 856 5820 librum
890 5773 1091 5822 iterum
1128 5774 1341 5822 editum
1378 5787 1493 5823 esse
1529 5775 1689 5824 annis
1729 5775 1864 5823 1552
1900 5777 1957 5823 et

1868 5952 2158 6015 _5._
