4206 6538
504 367 673 429 taria
719 368 798 427 de
841 366 981 427 vita
1026 364 1272 435 Basilii,
1319 365 1430 425 sed
1475 368 1543 425 et
1587 363 2000 444 ubicumque,
2046 364 2249 427 etiam
2301 364 2457 426 locis
2510 364 2996 437 difﬁcilioribus,
3043 365 3283 430 eximia
3328 365 3536 428 versio
3591 366 3802 429 latina
3847 366 3928 444 (ι)

507 466 603 527 Ba
612 464 827 526 silium
864 464 1355 544 interpretatur.

1664 662 1811 736 IX.
1846 662 2247 736 Versiones
2282 665 2765 737 recentiores.

678 830 900 892 Solent
952 828 1074 889 viri
1125 828 1364 889 eruditi
1417 827 1861 889 Maurinorum
1912 832 2174 889 textum
2226 828 2428 908 sequi.
2487 828 2865 890 Germanice
2917 846 3111 907 opera
3164 829 3381 891 omnia
3435 829 3664 891 Basilii
3715 829 3937 889 vertit

512 929 1079 997 SCHWEICKHART,
1119 925 1552 1004 Ingolstadtii,
1588 926 1737 986 1591
1770 926 1827 1003 (1
1863 925 1991 987 vol.
2022 926 2087 987 in
2116 925 2256 1001 fol.)
2285 947 2299 997 ;
2329 927 2487 987 item
2516 927 2578 988 J.
2609 944 2747 987 VON
2777 927 3111 997 WENDEL,
3142 926 3269 987 Des
3295 926 3377 988 hl.
3410 924 3937 988 Kirchenlehrers

508 1026 798 1087 Basilius
828 1025 932 1085 des
964 1025 1245 1095 Grossen,
1277 1022 1635 1101 Erzbischo/
1663 1041 1737 1083 zu
1769 1024 2041 1086 Cc'isarca
2072 1025 2137 1084 in
2169 1023 2646 1105 Kappadocien,
2677 1024 3003 1103 Predigten
3036 1024 3167 1085 und
3191 1025 3575 1086 sa’mmtliche
3607 1025 3933 1102 Schriften

509 1125 573 1204 (6
615 1124 792 1201 vol.),
835 1124 1284 1193 Vindobonae,
1334 1121 1728 1192 1776-1778;
1771 1122 1930 1182 item
1970 1123 2172 1184 etiam
2214 1141 2580 1201 anonymus
2620 1124 3028 1202 germanicus
3071 1124 3136 1183 in
3180 1123 3387 1202 prima
3429 1122 3785 1184 Bibliothek
3828 1122 3942 1183 der

510 1222 977 1292 Kirchenm‘iter,
1024 1226 1076 1282 t.
1130 1220 1315 1281 19-26
1358 1220 1713 1299 (Kemptis,
1766 1220 2163 1297 1838-1842).
2211 1220 2434 1283 Altera
2481 1220 2586 1281 vel
2629 1221 2825 1283 tertia
2870 1220 3069 1281 editio
3116 1221 3286 1282 illius
3330 1221 3682 1283 Bibliothek
3724 1239 3937 1300 opera

506 1326 772 1382 tantum
817 1320 1055 1381 selecta
1102 1319 1577 1398 complectitur,
1624 1319 1834 1379 tribus
1879 1319 2076 1379 tomis
2121 1337 2158 1381 a
2204 1320 2281 1380 V.
2331 1319 2572 1380 GnoNE
2612 1319 2902 1397 (ibidem,
2944 1319 3339 1396 1875-1881),
3388 1319 3622 1380 deinde
3667 1321 3941 1381 duobus

512 1420 710 1479 tomis
755 1419 837 1479 ab
882 1418 960 1479 A.
1011 1418 1387 1479 STEGMANN
1430 1416 1730 1494 (Monaci,
1783 1416 1965 1494 1925)
2010 1417 2281 1496 paratis.
2310 1417 2596 1479 Notatur
2624 1435 2660 1478 a
2695 1417 2984 1487 Bauzon,
3030 1417 3277 1478 editore
3321 1417 3664 1479 recentiori
3708 1418 3941 1497 operis

510 1518 591 1580 D.
624 1517 969 1587 CEILLIER,
1005 1516 1282 1576 Histoire
1308 1514 1584 1593 ge'ne’rale
1611 1514 1715 1575 des
1744 1518 1994 1575 auteurs
2023 1513 2528 1595 eccle'siastiques,
2559 1521 2611 1576 t.
2650 1515 2755 1586 IV,
2790 1516 2971 1577 Paris
3005 1515 3182 1586 1865,
3214 1535 3277 1595 p.
3309 1516 3431 1577 547
3462 1515 3548 1577 M.
3582 1515 3936 1577 ROUSTAN

507 1615 871 1675 versionem
909 1614 1207 1692 gallicam
1246 1632 1514 1692 operum
1553 1613 1846 1674 omnium
1887 1614 1947 1675 S.
1989 1613 2215 1675 Basilii
2255 1614 2538 1683 Parisiis,
2579 1632 2750 1676 anno
2796 1613 2971 1684 1847,
3013 1614 3314 1675 edidisse.
3355 1649 3436 1656 —
3472 1615 3682 1676 Adest
3721 1615 3942 1675 etiam

508 1713 717 1773 versio
751 1712 1017 1782 russica,
1051 1717 1302 1791 septem
1334 1711 1666 1772 volumina
1699 1712 2155 1790 complectens,
2190 1730 2459 1790 operum
2490 1712 2783 1772 omnium
2817 1712 2877 1773 S.
2912 1712 3138 1773 Basilii
3169 1712 3410 1791 Magni,
3444 1712 3620 1774 edita
3653 1730 3691 1774 a
3723 1712 3939 1773 lecto-

508 1812 685 1871 ribus
712 1810 1101 1871 Academiae
1130 1809 1582 1888 Mosquiensis,
1617 1808 1967 1870 1845-1848
1996 1830 2011 1879 ;
2040 1828 2211 1870 nova
2239 1809 2460 1880 editio,
2493 1810 2750 1888 Sergiev
2780 1810 3013 1880 Posad,
3049 1809 3422 1871 1891-1892.
3454 1809 3562 1871 Cfr
3589 1810 3656 1871 C.
3688 1810 3935 1881 KERN,

509 1909 627 1969 Les
676 1908 1057 1969 traductions
1107 1925 1312 1967 russes
1351 1907 1454 1967 des
1494 1910 1675 1967 textes
1723 1907 2146 1987 patristiques,
2200 1908 2633 1986 Chevetogne,
2690 1907 2866 1977 1957,
2921 1926 2981 1986 p.
3035 1908 3134 1969 26.
3189 1908 3599 1987 Singulorum
3652 1926 3940 1988 operum

508 2007 839 2067 versiones
885 2024 999 2067 suo
1050 2007 1186 2066 loco
1234 2006 1834 2076 enumerabuntur;
1884 2005 1985 2066 hic
2032 2005 2194 2067 satis
2240 2006 2325 2066 sit
2372 2024 2727 2067 memorare
2775 2024 3043 2084 operum
3090 2006 3476 2067 selectorum
3522 2006 3867 2067 versiones
3923 2027 3937 2066 :

508 2105 769 2165 muvres
818 2104 1097 2174 choisies,
1150 2105 1277 2164 duo
1330 2104 1661 2165 volumina
1711 2104 1848 2163 sine
1897 2104 2181 2164 auctoris
2231 2104 2490 2165 nomine
2536 2104 2846 2182 (Parisiis,
2904 2104 3127 2181 1746);
3177 2104 3445 2175 AUGER,
3497 2103 3820 2167 Homélies
3878 2108 3938 2164 et

508 2204 703 2265 lettres
749 2202 1008 2263 choisies
1054 2202 1126 2262 de
1169 2202 1338 2262 saint
1383 2201 1597 2262 Basile
1642 2201 1695 2262 Ie
1743 2201 1954 2264 Grand
1996 2202 2305 2281 (Parisiis,
2359 2202 2582 2279 1788);
2630 2202 2924 2272 VASSON,
2977 2202 3161 2264 Saint
3204 2202 3772 2273 Basile-le-Grand,
3827 2221 3937 2263 ses

507 2320 740 2362 aeuvres
775 2302 1066 2362 oratoires
1101 2304 1153 2360 et
1188 2301 1523 2379 asce'tiques
1556 2300 1867 2377 (Parisiis,
1906 2307 2055 2379 post
2094 2301 2272 2371 1892,
2310 2306 2462 2363 ante
2504 2301 2731 2378 1899);
2769 2302 2845 2362 B.
2884 2301 3220 2372 JACKSON,
3259 2301 3442 2363 Basil
3474 2302 3537 2379 0/
3574 2302 3938 2364 Caesaraea

515 2401 606 2477 (A
640 2400 827 2461 Select
852 2399 1115 2477 Library
1139 2399 1201 2476 o/
1225 2399 1462 2459 Nicene
1487 2398 1613 2459 and
1637 2399 2055 2459 Post-Nicene
2079 2399 2338 2459 Fathers
2363 2400 2426 2473 o/
2449 2399 2544 2459 the
2571 2399 2892 2461 Christian
2924 2399 3187 2470 Church,
3224 2399 3308 2470 II,
3334 2400 3374 2461 8
3402 2421 3417 2471 ;
3447 2400 3935 2469 Neo-Eboraci,

514 2498 715 2575 1895).
770 2498 992 2575 Nuper
1040 2498 1243 2557 edidit
1292 2497 1363 2557 T.
1420 2496 1615 2558 Sinko
1666 2497 1967 2557 homilias
2016 2497 2269 2576 aliquas
2318 2497 2608 2575 polonice
2654 2497 3050 2575 (Cracoviae,
3107 2497 3332 2574 1947);
3384 2497 3548 2559 aliae
3598 2497 3934 2559 ucrainice

508 2596 888 2674 prodierunt
926 2594 1420 2672 (Neo-Eboraci,
1470 2594 1671 2672 1954).

1875 2819 1980 2894 X.
2019 2820 2282 2894 Editio
2317 2846 2548 2893 nova.

680 2987 970 3067 Impulsu
1007 2986 1185 3047 docti
1220 2986 1340 3047 viri
1376 2986 1450 3047 E.
1488 2987 1749 3048 Amand
1785 2988 1865 3047 de
1900 2986 2251 3057 Mendieta,
2288 3004 2478 3066 opere
2516 2986 2609 3048 St.
2648 2986 2727 3047 Y.
2767 2984 3099 3065 Rudberg,
3137 2986 3200 3048 J.
3240 2985 3629 3047 Gribomont
3666 2985 3933 3057 O.S.B.,

507 3085 582 3147 E.
622 3085 958 3148 Rouillard
997 3085 1247 3156 O.S.B.,
1285 3086 1365 3146 R.
1403 3084 1773 3155 Loonbeek,
1811 3103 1982 3146 nova
2018 3090 2084 3145 et
2119 3085 2340 3146 critica
2377 3085 2601 3146 Basilii
2644 3102 2913 3164 operum
2957 3084 3156 3145 editio
3200 3084 3443 3163 sperari
3490 3089 3729 3164 potest.
3784 3084 3935 3146 Iam

506 3188 769 3269 peracta
798 3184 1017 3245 studia
1052 3183 1131 3261 (³)
1167 3183 1450 3244 indicare
1487 3184 1711 3244 sinunt
1742 3184 2068 3262 quomodo
2098 3183 2162 3243 in
2193 3182 2460 3261 singulis
2488 3188 2554 3243 et
2583 3188 2772 3243 textu
2801 3188 2868 3243 et
2898 3186 3220 3262 apparatu
3260 3182 3705 3244 Maurinorum
3735 3187 3935 3243 uten-

506 3283 665 3343 dum
695 3282 803 3343 sit.

582 3551 628 3601 1.
658 3553 846 3601 Versio
883 3554 1055 3601 latina
1094 3554 1206 3602 sola
1245 3555 1393 3614 typis
1423 3555 1556 3602 data
1585 3558 1669 3602 est
1698 3554 1962 3612 Venetlis,
1996 3554 2152 3602 1750-
2334 3554 2382 3602 2.
2412 3554 2569 3611 Vide,
2611 3554 2763 3602 verbi
2814 3554 3010 3614 gratia,
3052 3567 3218 3615 opera
3269 3566 3435 3615 supra
3485 3555 3817 3611 memorata,
3868 3568 3926 3616 p.

512 3621 640 3672 1751
671 3639 683 3683 ;
720 3626 993 3684 Bergami,
1029 3625 1200 3682 1793;
1237 3626 1473 3682 Parisiis,
1510 3626 1828 3673 1835-1840.
2263 3626 2313 3683 2,
2348 3639 2401 3674 n.
2441 3628 2462 3673 1
2501 3630 2557 3674 et
2591 3640 2644 3687 p.
2680 3627 2732 3683 3,
2766 3639 2821 3673 n.
2860 3627 2942 3674 10.
