4206 6504
1687 379 1799 452 ΙΝ
1836 378 2210 454 TOMUM
2245 381 2338 453 29

308 806 1969 1047 PATROLOG

2054 808 2380 1041 ῘᾸΕ
2522 807 3715 1047 ΟΒᾸΕΟᾸΕ

1384 1366 1527 1437 ΑΙ)
1566 1364 2159 1439 EDITIONEM
2196 1365 2632 1439 OPERUM

979 1774 1603 1913 SANCTI
1719 1774 2345 1913 BASILII
2459 1775 3042 1912 MAGNI

1607 2148 2414 2222 ADNOTATIONES

1287 2415 1599 2471 auctore
1636 2397 1938 2478 Joanne
1974 2397 2433 2471 Gribomont
2467 2397 2741 2471 O.S.B.

474 2590 761 2669 Sequens
792 2589 1018 2651 tabula
1049 2591 1319 2669 praebet
1351 2611 1365 2651 :
1403 2592 1471 2650 1°
1498 2608 1800 2651 numeros
1830 2590 2281 2651 columnarum
2313 2589 2467 2651 P.G.
2501 2590 2579 2649 29
2609 2611 2623 2661 ;
2656 2592 2729 2651 2ο
2755 2595 3080 2653 tractatus
3109 2609 3191 2651 ex
3220 2591 3503 2652 editione
3534 2591 3717 2653 Mau-

304 2689 592 2749 rinorum
619 2688 1032 2767 (1721-1730)
1061 2689 1332 2749 haustos
1360 2710 1376 2760 ;
1408 2689 1482 2749 3°
1510 2707 1583 2750 ea
1616 2707 1782 2766 quae
1813 2707 1895 2748 ex
1923 2688 2064 2749 aliis
2093 2688 2388 2749 fontibus
2418 2688 2813 2767 proveniunt
2843 2709 2857 2759 ;
2889 2689 2962 2748 4°
2990 2688 3253 2750 nomina
3284 2688 3717 2768 interpretum

302 2787 679 2847 versionum
710 2786 1084 2847 latinarum.

475 2938 637 2999 N.B.
675 2938 745 2998 1°
777 2938 1004 3016 Spuria
1046 2938 1149 2998 vel
1188 2938 1385 3000 dubia
1425 2937 1717 3000 astericis
1754 2938 2147 2999 indicantur.

670 3054 744 3115 2°
774 3053 1042 3114 Numeri
1075 3054 1420 3115 crassiores
1452 3054 1535 3115 ad
1570 3054 2030 3117 adnotationes
2062 3052 2229 3115 infra
2263 3054 2513 3133 positas
2544 3053 2915 3114 remittunt.

449 3202 693 3262 Operum
730 3214 873 3261 quae
908 3203 962 3248 in
999 3202 1102 3250 hoc
1136 3204 1291 3249 tomo
1326 3203 1702 3259 continentur,
1732 3202 2009 3249 vei-siones
2044 3202 2099 3249 in
2135 3201 2336 3261 linguis
2372 3201 2810 3249 modernlorlbus
2840 3202 3084 3262 (praeter
3112 3214 3175 3249 ea
3202 3214 3344 3261 quae
3373 3215 3539 3262 supra
3575 3215 3629 3263 p.
3668 3204 3720 3260 6,

296 3286 356 3392 ἓξ
522 3272 786 3403 (Πεωέὶὲ
819 3273 963 3323 circa
998 3286 1203 3334 ,,opera
1238 3274 1489 3335 omnia")
1520 3273 1865 3322 solummodo
1902 3272 2110 3321 dantur
2143 3285 2243 3333 pro
2280 3272 2539 3320 Homiliis
2578 3272 2633 3320 in
2671 3272 3032 3321 Hexaemeron
3065 3272 3256 3331 (angl.,
3292 3284 3557 3331 german.,
3592 3274 3720 3333 gall.

356 3358 383 3391 ι·
432 3357 469 3390 n
496 3357 559 3392 ra
586 3357 640 3405 p.
766 3380 779 3391 .

409 3633 566 3694 P.G.
602 3633 681 3692 29
809 3578 948 3737 lEx
969 3633 1457 3695 MAURINORUM
1487 3652 1821 3694 EDITIONE
1851 3650 2220 3694 DESUMPTA
2250 3578 2260 3737 Ι
2404 3633 2555 3692 Aul
2594 3649 2851 3691 FONTES
2997 3578 3007 3737 Ι
3143 3578 3611 3737 ΙΝΤῈῙΞΞΤΕ

297 3891 356 3951 V
808 3889 993 3970 |Vita
1059 3891 1119 3952 S.
1185 3891 1409 3953 Basilii
1471 3891 1760 3970 Magnia
1810 3890 1895 3952 D.
1959 3891 2229 3953 Marano

845 3988 1087 4071 scripta
1139 3990 1246 4065 (ex
1277 3994 1328 4049 t.
1361 3989 1459 4049 III
1483 3989 1953 4066 Maurinorum)
2137 3988 2230 4066 (1)

298 4086 684 4149 CLXXVII
809 4086 1171 4166 |Praefatio
1212 4088 1296 4148 D.
1343 4087 1635 4149 Garnerii
1673 4088 1801 4166 (ex.
1856 4092 1907 4148 t.
1969 4087 1994 4147 Ι
2050 4086 2229 4147 Mau-

843 4184 1162 4263 rinorum)
2138 4182 2230 4262 (2)

297 4282 567 4345 CCXLI
808 4278 818 4357 ι
2254 4278 2539 4357 INotitia
2576 4278 2855 4339 Fabricii
2885 4278 2977 4357 (3)

298 4380 663 4443 CCLXXV
809 4380 819 4460 |
844 4380 1291 4442 Praefationes
1315 4381 1625 4460 antiquae
1646 4380 1736 4459 (in
1762 4380 1889 4441 ﬁne
1913 4385 1964 4442 t.
1998 4380 2024 4440 Ι
2049 4380 2231 4441 Mau-

842 4478 1158 4557 rinorum)
2138 4476 2230 4555 (4)

294 4575 765 4639 CCLXXXIV
809 4575 1173 4639 IElenchus
1206 4582 1504 4638 veterum
1537 4576 1849 4638 librorum

295 4673 730 4738 CCLXXXV
808 4668 818 4751 I
2255 4668 2616 4751 |Excerpta
2692 4688 2774 4729 ex
2824 4668 2980 4729 Bol-

2289 4768 2610 4831 landianis

2631 4863 2826 4927 Varia
2853 4864 2979 4942 (5⁸)

291 4970 510 5033 CCXC
521 4969 590 5031 II
808 4964 817 5043 Ι
2256 4964 2265 5043 |
2288 4965 2441 5026 Vita
2603 4964 2979 5043 apocrypha

2289 5062 2513 5125 Basilii
2540 5062 2982 5141 (pseudo-am-

2226 5236 2229 5239 η
2256 5158 2265 5239 |
2289 5160 2727 5239 philochiana)
2832 5158 2978 5237 (5").

284 5264 609 5329 CCCXVI
807 5256 817 5336 I
2256 5256 2265 5336 |
2289 5258 2540 5319 Nicolai
2729 5256 2980 5336 Rayaei

2287 5356 2636 5417 Tractatus
2695 5356 2773 5415 de
2835 5372 2982 5416 aco-

2290 5453 2497 5515 luthia
2652 5451 2974 5531 sequenti.

2288 5550 2636 5613 Acoluthia
2690 5550 2799 5611 SS.
2854 5550 2982 5611 Ba-

2291 5648 2434 5720 silii,
2479 5647 2873 5709 Nazianzeni
2914 5652 2981 5707 et

2292 5746 2761 5826 Chrysostomi.
2860 5744 2981 5823 (ευ)
