4206 6494
453 354 830 417 CCCXCIII
944 353 953 417 |
982 354 1201 416 Canon
1231 354 1311 415 de
1338 354 1398 416 S.
1426 353 1669 416 Basilio

458 456 484 514 1
944 450 1306 519 |Monitum
1338 452 1421 513 ad
1459 450 1780 514 Homilias
1814 451 1879 512 in
1924 452 2373 513 Hexaemeron

450 552 490 613 3
944 548 953 627 |
981 549 1306 611 Homiliae
1346 548 1415 609 in
1454 548 1903 611 Hexaemeron
2284 548 2406 627 (6)]
3141 548 3150 627 I
3180 559 3526 621 Gamerius

452 649 573 711 207
943 646 1307 711 |Monitum
1353 648 1436 708 ad
1483 646 1804 708 Homilias
1844 646 1911 707 in
1965 647 2256 709 Psalmos

452 746 573 808 209
944 744 1305 816 IHomiliae
1370 745 1431 805 in
1511 744 1802 805 Psalmos
1873 744 1920 815 I,
1984 745 2137 815 VII,
2213 744 2404 816 XIVI
3141 744 3525 816 IGamerius

986 844 1055 902 1⁸
1108 848 1174 902 et
1228 843 1323 913 2⁸,
1372 842 1700 913 XXVIII,
1754 842 2016 913 XXIX,
2073 842 2371 913 XXXII,

983 940 1322 1011 XXXIII,
1413 939 1650 1010 XLIV,
1748 939 1949 1011 XLV,
2059 939 2370 1010 XLVIII,

980 1036 1159 1108 LIX,
1225 1036 1406 1109 LXI,
1455 1038 1667 1100 CXIV
2281 1038 2373 1115 (7)

452 1136 574 1197 495
945 1135 1307 1215 |Monitum
1351 1136 1433 1197 ad
1479 1153 1643 1215 opus
1684 1153 1960 1214 sequens

345 1304 347 1306 η
452 1234 573 1294 497
945 1229 954 1316 |
980 1232 1157 1294 Libri
1190 1234 1501 1295 adversus
1525 1233 1923 1294 Eunomium
1942 1229 2042 1313 [4“
2065 1238 2131 1292 et
2153 1231 2256 1316 5*]
2279 1233 2372 1309 (8)
2393 1229 2401 1316 Ι
3141 1229 3150 1316 |
3180 1232 3526 1295 Garnerius

455 1331 575 1392 768
946 1330 1585 1410 |Lucubratiuncula
1672 1332 1752 1393 de
1860 1330 2105 1410 Spiritu
2213 1330 2372 1393 San-

983 1430 1129 1490 οιο*
2282 1429 2372 1507 (9)

1872 1644 2444 1742 Prolegomena.

621 1812 841 1871 Tomis
887 1811 967 1872 29
1013 1816 1079 1871 et
1126 1811 1207 1872 30
1254 1811 1661 1890 Patrologiae
1705 1827 1973 1889 graecae
2018 1810 2590 1889 comprehenditur
2635 1816 2685 1871 t.
2742 1811 2765 1870 Ι
2814 1811 3118 1871 editionis
3162 1811 3603 1889 garnerianae.
3655 1812 3872 1890 Opera

460 1909 841 1988 praesertim
877 1908 1208 1987 exegetica
1246 1909 1539 1970 continet
1571 1913 1622 1969 t.
1661 1909 1784 1979 29;
1819 1913 1997 1969 tomo
2036 1908 2118 1969 30
2151 1909 2501 1987 respondet
2546 1909 2877 1987 appendix
2919 1909 3321 1987 garneriana,
3370 1927 3517 1970 cum
3561 1909 3872 1988 operibus

458 2007 695 2069 dubiae
726 2006 1161 2069 auctoritatis.

1854 2180 1922 2253 1.
1958 2179 2142 2252 Vita
2179 2179 2467 2252 Basilii.

410 2401 412 2403 g
629 2328 698 2387 In
737 2327 1049 2406 principio
1086 2327 1305 2406 posuit
1340 2326 1481 2387 J.P.
1520 2326 1734 2405 Migne
1769 2326 1996 2386 Basilii
2031 2326 2239 2386 vitam
2276 2345 2311 2390 a
2349 2327 2453 2387 Pr.
2492 2326 2717 2388 Maran
2755 2327 3210 2405 conscriptam,
3250 2344 3416 2405 quae
3449 2331 3632 2387 torno
3667 2326 3871 2386 tertio

455 2425 900 2487 Maurinorum
944 2429 1071 2485 una
1117 2442 1266 2485 cum
1310 2424 1601 2503 epistolis
1645 2424 1872 2487 Basilii
1914 2424 2177 2502 (quibus
2221 2425 2564 2503 praecipue
2608 2425 2842 2485 nititur
2883 2424 3010 2485 ista
3055 2425 3218 2501 vita)
3263 2424 3593 2485 veniebat.
3640 2423 3873 2485 Maran

458 2523 522 2583 in
550 2522 851 2583 omnibus
878 2522 1091 2582 virum
1118 2523 1386 2583 doctum
1412 2522 1657 2584 Lenain
1683 2522 1764 2582 de
1791 2522 2140 2582 Tillemont
2165 2522 2461 2601 sequitur
2488 2543 2503 2594 ;
2531 2522 2658 2582 etsi
2683 2527 2855 2582 recte
2880 2522 3262 2600 obiurgatur
3288 2522 3462 2601 quod
3489 2522 3875 2601 simpliciter

455 2621 848 2681 documenta
891 2624 1183 2699 apponat
1226 2625 1649 2699 consuatque,
1692 2620 1831 2699 ipse
1870 2624 2115 2690 tamen,
2159 2621 2361 2681 etiam
2403 2620 2713 2682 hodierna
2756 2620 2878 2691 die,
2922 2619 3096 2680 solus
3136 2625 3449 2690 remanet,
3495 2619 3606 2698 qui
3648 2619 3871 2680 omnia

453 2723 702 2780 asserta
734 2736 771 2779 a
802 2717 1096 2778 fontibus
1126 2718 1447 2796 producat
1478 2718 2008 2797 comprobetque.
2042 2717 2363 2779 Absoluta
2395 2718 2533 2779 vita
2566 2717 2811 2788 Basilii,
2846 2717 3171 2796 capitibus
3200 2718 3391 2778 41-43
3424 2718 3503 2777 de
3531 2717 3874 2795 genuitate

456 2816 867 2894 quorundam
908 2834 1177 2894 operum
1218 2834 1253 2877 a
1296 2813 1590 2876 mordaCi'
1622 2815 1858 2876 iudicio
1898 2816 2051 2875 socii
2094 2815 2156 2875 J.
2202 2815 2470 2877 Garnier
2507 2816 2744 2877 reiecta
2786 2815 3013 2877 Maran
3053 2820 3391 2876 retractat.
3435 2814 3543 2877 Cfr
3580 2815 3871 2885 ΑΜΛΝῙ),

464 2903 777 2983 Edilions,
814 2912 985 2984 LVI,
1022 2932 1085 2992 p.
1129 2913 1264 2973 147.

1895 3087 1967 3158 2.
2006 3086 2421 3158 Praefatio.

619 3233 894 3312 Amplae
934 3233 996 3294 J.
1042 3233 1312 3295 Garnier
1351 3233 1775 3312 praefationis
1816 3234 1973 3295 haec
2012 3238 2114 3294 est
2152 3233 2341 3294 ratio.
2384 3234 2557 3294 Ante
2596 3233 2837 3303 omnia,
2879 3234 2958 3292 de
2999 3232 3224 3295 Basilii
3262 3233 3587 3311 gravitate
3627 3238 3694 3293 et
3734 3252 3874 3293 mo-

457 3337 677 3391 mento
715 3332 875 3410 (1-5)
915 3336 979 3391 et
1023 3332 1101 3391 de
1141 3331 1429 3391 eiusdem
1470 3331 1865 3391 editionibus
1903 3331 2079 3409 (6-7),
2124 3332 2355 3391 deinde
2397 3332 2477 3391 de
2516 3350 2631 3392 sua
2674 3349 2845 3393 nova
2887 3330 3169 3391 editione
3207 3330 3409 3409 (8-12)
3449 3331 3728 3391 disserit.
3771 3332 3871 3391 De

456 3429 735 3489 homiliis
770 3429 835 3489 in
874 3429 1325 3491 Hexaemeron
1363 3429 1428 3489 in
1465 3430 1528 3506 §§
1572 3429 1684 3489 I-V
1721 3433 1987 3499 tractat,
2026 3434 2092 3488 et
2128 3428 2335 3507 primo
2374 3428 2638 3507 quidem
2675 3429 2754 3488 de
2790 3429 3001 3488 tribus
3036 3428 3442 3490 orationibus
3477 3447 3716 3489 novem
3754 3429 3870 3488 ho-

456 3526 646 3587 miliis
673 3526 1067 3588 authenticis
1088 3527 1417 3587 interdum
1448 3526 1864 3597 intermixtis,
1894 3528 1972 3587 de
1999 3526 2279 3587 hominis
2300 3532 2627 3589 structura
2656 3526 2759 3587 vel
2786 3527 2865 3586 de
2889 3526 3196 3587 Paradiso
3221 3526 3688 3587 disserentibus
3706 3528 3761 3605 (§
3796 3526 3871 3603 Ι).

457 3625 704 3686 Deinde
749 3624 964 3702 agitur
1006 3625 1085 3685 de
1130 3624 1524 3702 quibusdam
1569 3624 2061 3703 quaestionibus
2104 3624 2435 3685 litterariis
2481 3644 2495 3684 :
2542 3625 2620 3684 de
2664 3624 2975 3685 relatione
3019 3624 3243 3685 Basilii
3286 3628 3352 3683 et
3398 3623 3686 3684 Philonis
3730 3624 3873 3685 Ori-

454 3722 761 3802 genisque
800 3722 863 3782 in
904 3722 1324 3800 intelligenda
1368 3722 1524 3783 Gen.
1574 3723 1620 3793 Ι,
1670 3724 1692 3781 1
1736 3723 1792 3801 (§
1839 3722 1969 3799 II);
2012 3723 2090 3782 de
2130 3722 2427 3783 relationi
2467 3721 2692 3783 Basilii
2742 3728 2809 3781 et
2856 3721 3208 3799 Augustini
3243 3723 3298 3799 (§
3345 3722 3512 3799 III);
3555 3722 3633 3782 de
3673 3722 3874 3782 inter-

456 3820 820 3900 pretatione
858 3820 1146 3889 litterali,
1188 3821 1499 3881 adversus
1541 3820 1903 3898 Origenem,
1944 3837 2169 3880 versus
2211 3819 2368 3880 Gen.
2418 3819 2464 3889 Ι,
2508 3820 2544 3879 7
2579 3821 2634 3897 (§
2680 3820 2835 3896 IV);
2877 3820 2955 3879 de
2994 3820 3306 3880 relatione
3346 3819 3571 3880 Basilii
3610 3825 3676 3879 et
3713 3820 3873 3881 Am—

454 3918 650 3978 brosii
679 3919 734 3996 (§
766 3918 867 3994 V).
904 3918 1146 3993 Quanti
1180 3918 1266 3977 sit
1298 3918 1615 3977 momenti
1648 3918 1944 3996 quaestio
1980 3919 2057 3978 de
2090 3917 2631 3995 interpretatione
2663 3918 2975 3978 adversus
3045 3918 3387 3995 Origenem
3425 3918 3482 3993 (§
3522 3917 3653 3994 IV),
3696 3918 3871 3978 disce

454 4035 535 4076 ex
567 4016 641 4076 E.
678 4016 980 4086 CORSINI,
1014 4015 1344 4075 Nouvelles
1374 4018 1779 4094 perspeclives
1809 4033 1920 4075 sur
1949 4015 2002 4074 Ie
2031 4013 2335 4094 probléme
2364 4014 2467 4074 des
2497 4030 2741 4075 sources
2771 4014 2843 4074 de
2874 4015 3345 4074 l’Hexae'me'ron
3378 4013 3450 4073 de
3485 4015 3765 4093 Gre’goire
3795 4014 3873 4076 de

454 4114 677 4191 Nysse,
705 4113 769 4174 in
798 4112 883 4174 K.
911 4114 1155 4174 ALAND
1182 4147 1207 4157 -
1233 4110 1383 4173 F.L.
1414 4113 1647 4184 Caoss,
1678 4112 1904 4174 Studia
1929 4112 2269 4172 Patrislica
2302 4113 2325 4171 Ι
2350 4113 2430 4189 (Τ
2433 4118 2582 4173 exte
2608 4114 2741 4173 und
2770 4113 3381 4191 Untersuchungen,
3410 4112 3534 4190 63),
3562 4112 3867 4183 Berolini,

460 4210 636 4281 1957,
674 4229 736 4290 p.
774 4210 1027 4271 94-103.

622 4309 1001 4369 Editoribus
1054 4308 1229 4380 fisus,
1288 4308 1568 4368 Eusebio
1626 4306 2025 4369 Caesariensi
2078 4308 2622 4369 commentarium
2676 4307 2939 4385 aliquod
2993 4308 3057 4368 in
3115 4308 3407 4369 Psalmos
3456 4308 3656 4386 (nunc
3710 4308 3867 4369 P.G.

456 4406 723 4484 XXIII)
769 4406 1038 4467 Garnier
1080 4406 1507 4477 attribuebat,
1550 4407 1723 4484 quod
1769 4424 1991 4484 reapse
2035 4405 2195 4466 nihil
2238 4405 2414 4466 aliud
2458 4410 2559 4465 est
2604 4422 2802 4483 quam
2848 4406 3091 4467 Catena
3138 4407 3383 4484 absque
3427 4405 3869 4477 lemmatibus,

454 4509 671 4566 aetate
713 4503 1054 4583 posteriori
1096 4503 1469 4582 compilata.
1515 4504 1622 4565 Cfr
1664 4504 1744 4564 R.
1789 4504 2223 4574 DEVREESSE,
2272 4502 2543 4565 Chaines
2584 4504 2961 4582 exége’tiques
3000 4521 3305 4582 grecques,
3348 4504 3412 4564 in
3462 4502 3873 4583 Supple'ment

454 4620 537 4663 au
576 4602 1014 4663 Diclionnaire
1050 4600 1122 4661 de
1154 4601 1221 4662 ἰα
1257 4601 1453 4673 Bible,
1503 4601 1548 4672 Ι,
1592 4601 1874 4672 Parisiis,
1921 4600 2098 4671 1928,
2141 4601 2258 4661 col.
2306 4602 2483 4662 1123.
2528 4601 2848 4662 Eusebius
2884 4601 2987 4661 ille
3027 4601 3283 4680 saepius
3322 4602 3602 4661 homiliis
3642 4601 3871 4662 Basilii

452 4700 676 4760 similis
706 4705 827 4760 est.
862 4700 959 4760 De
988 4701 1051 4777 §§
1080 4699 1327 4770 VI-IX,
1362 4700 1471 4759 ubi
1502 4700 1629 4761 ista
1664 4699 1934 4761 Garnier
1964 4699 2254 4769 discutit,
2287 4717 2496 4778 pauca
2527 4699 2719 4759 hodie
2751 4698 2934 4761 utilia
2966 4703 3327 4760 remanent.

618 4798 800 4858 Tunc
830 4798 1174 4876 impugnat
1206 4798 1474 4859 Garnier
1503 4797 1969 4858 commentaria
2001 4797 2065 4857 in
2104 4797 2339 4858 Isaiam
2364 4798 2421 4875 (§
2452 4798 2562 4875 X),
2594 4798 2758 4857 duos
2789 4797 3053 4857 ultimos
3083 4796 3279 4856 libros
3309 4798 3620 4859 adversus
3651 4796 3872 4856 Euno-

455 4896 658 4956 mium
690 4896 745 4973 (§
783 4896 928 4973 XI),
966 4901 1032 4956 et
1068 4895 1702 4957 lucubratiunculam
1740 4896 2073 4974 quandam
2112 4896 2191 4956 de
2229 4895 2471 4973 Spiritu
2512 4895 2748 4956 Sancto
2787 4912 2953 4973 quae
2991 4900 3318 4973 postremo
3356 4894 3517 4955 libro
3556 4896 3871 4956 adversus

455 4993 853 5054 Eunomium
888 4994 1303 5072 coniungitur
1330 4995 1387 5071 (§
1422 4993 1605 5070 XII).

1894 5167 1965 5237 3.
2003 5165 2423 5237 Fabricius.

621 5314 848 5374 Refert
887 5314 1119 5375 deinde
1158 5314 1300 5374 J.P.
1342 5313 1555 5392 Migne
1594 5312 1903 5374 notitiam
1928 5313 2019 5373 .de
2059 5313 2361 5390 operibus
2399 5312 2609 5374 sancti
2648 5311 2874 5373 Basilii
2910 5330 2992 5373 ex
3029 5311 3409 5373 Bibliotheca
3452 5312 3681 5372 Graeca
3718 5311 3867 5373 J.A.

452 5411 749 5483 Fabricii,
788 5412 964 5474 edita
1003 5416 1069 5471 et
1106 5411 1393 5490 perfecta
1431 5430 1467 5472 a
1508 5410 1657 5471 G.C.
1710 5410 1945 5473 Harles
1988 5410 2086 5488 (T.
2133 5410 2250 5480 IX,
2292 5410 2679 5488 Hamburgi,
2725 5410 2901 5480 1804,
2943 5429 3004 5488 p.
3049 5410 3232 5486 1-66).
3278 5410 3401 5469 Hic
3439 5410 3657 5487 agitur
3700 5409 3745 5469 Ι.
3785 5410 3869 5471 de

453 5509 591 5573 vita
633 5510 693 5572 S.
734 5510 959 5572 Basilii
996 5510 1259 5588 Magni;
1306 5509 1388 5570 II.
1429 5510 1509 5569 de
1545 5508 1969 5588 scriptoribus
2008 5507 2337 5568 veteribus
2375 5508 2487 5586 qui
2525 5508 2843 5569 Basilium
2880 5508 3275 5579 laudarunt;
3322 5507 3441 5567 ΙΙΙ.
3482 5509 3561 5567 de
3598 5494 3872 5586 scripto-

452 5607 628 5669 ribus
660 5608 1125 5669 recentioribus
1154 5629 1167 5679 ;
1211 5608 1315 5667 IV.
1352 5609 1431 5667 de
1464 5606 1605 5667 aliis
1638 5606 1897 5668 Basiliis
1930 5605 2099 5667 ultra
2132 5605 2401 5684 triginta
2432 5627 2447 5677 ;
2480 5607 2557 5666 V.
2593 5607 2672 5666 de
2705 5606 3033 5666 codicibus
3065 5610 3132 5666 et
3163 5605 3559 5666 editionibus
3588 5626 3603 5677 ;
3637 5605 3751 5666 VI.
3788 5607 3871 5667 de

452 5705 719 5785 singulis
757 5705 1058 5785 operibus
1097 5725 1133 5767 a
1173 5705 1486 5767 Maurinis
1524 5705 1759 5776 editis;
1800 5704 1951 5765 VII.
1992 5705 2073 5764 de
2111 5703 2369 5782 scriptis
2410 5704 2469 5765 S.
2512 5704 2757 5775 Basilii,
2798 5703 2903 5764 vel
2940 5722 3107 5783 quae
3145 5704 3264 5764 sub
3304 5703 3440 5764 eius
3474 5703 3739 5764 nomine
3777 5703 3870 5765 fe-

2014 5902 2304 5964 _3_
