4206 6498
309 380 575 446 runtur,
619 375 732 437 sed
777 393 949 455 quae
990 375 1054 436 in
1097 375 1491 437 editionibus
1532 377 2010 455 graeco-latinis
2051 397 2180 439 non
2223 384 2491 441 exstant
2529 380 2709 457 (alibi
2752 399 2880 441 non
2924 382 3255 443 invenitur
3298 384 3726 446 consideratio

308 473 600 534 istorum
643 474 1085 553 scriptorum).
1131 474 1277 535 Duo
1324 474 1607 553 capitula
1654 474 1778 537 alia
1823 476 2167 554 scripserat
2213 476 2545 538 Fabricius
2590 497 2756 556 quae
2800 480 3015 558 Migne
3060 500 3187 540 non
3234 480 3428 541 refert
3477 503 3489 541 :
3537 482 3723 543 VIII.

318 571 536 633 Index
566 589 993 651 personarum
1025 590 1302 653 quarum
1333 572 1577 633 mentio
1610 573 1686 633 ﬁt
1716 573 1781 634 in
1815 572 2041 635 Basilii
2072 574 2360 653 epistolis
2388 596 2403 646 ;
2444 576 2560 636 IX.
2603 577 2806 637 Index
2838 577 3284 656 alphabeticus
3316 579 3727 641 homiliarum

309 674 385 730 et
416 670 867 749 epistolarum.

1495 844 1568 915 4.
1606 843 2127 918 Praefationes
2167 848 2556 942 antiquae.

492 1010 1093 1071 Commentationes
1139 1009 1413 1071 aliorum
1458 1009 1782 1071 editorum
1828 1009 2107 1071 Maurini
2155 1012 2418 1090 perdere
2466 1011 2813 1073 noluerunt
2863 1034 2875 1072 :
2928 1013 3241 1073 versionis
3288 1014 3528 1076 latinae
3576 1016 3728 1077 anni

319 1107 508 1177 1520,
541 1108 965 1186 epistolarum
995 1106 1148 1168 anni
1182 1107 1359 1177 1528,
1391 1107 1693 1167 editionis
1722 1107 2029 1187 principis
2059 1109 2315 1169 Erasmi
2344 1110 2497 1170 anni
2531 1110 2706 1180 1532,
2738 1110 3041 1170 editionis
3068 1112 3514 1172 Asceticorum
3548 1114 3724 1184 1535,

313 1205 687 1266 editionum
732 1222 999 1283 graecae
1045 1210 1111 1265 et
1158 1205 1398 1267 latinae
1447 1205 1753 1276 Cornarii,
1802 1206 1965 1267 A.D.
2022 1206 2171 1267 1551
2225 1212 2292 1267 et
2344 1208 2520 1278 1556,
2570 1207 2873 1267 editionis
2921 1208 3298 1269 Parisiensis
3344 1211 3496 1271 anni
3549 1211 3723 1272 1618.

313 1304 576 1364 Deinde
613 1304 907 1382 sequitur
945 1303 1247 1364 elenchus
1287 1307 1581 1363 veterum
1620 1303 1931 1364 librorum
1971 1305 2053 1365 ad
2093 1322 2257 1383 quos
2294 1311 2525 1366 exacta
2565 1311 2631 1365 et
2669 1306 3015 1367 emendata
3055 1312 3208 1367 sunt
3247 1308 3473 1369 Basilii
3511 1326 3725 1387 opera,

313 1402 434 1480 qui
464 1401 844 1480 singillatim
875 1419 988 1480 pro
1020 1401 1286 1480 singulis
1316 1401 1617 1480 operibus
1647 1402 2069 1463 enumerandi
2098 1406 2274 1462 sunt.

1588 1574 1659 1646 5.
1694 1573 1893 1645 Acta
1931 1573 2463 1647 Bollandiana.

491 1731 829 1806 Quaedam
860 1733 1192 1808 praeterea
1223 1731 1305 1790 ab
1336 1729 1609 1789 eruditis
1639 1729 2086 1791 Bollandianis
2117 1731 2403 1792 mutuari
2435 1731 2575 1791 J.P.
2610 1730 2824 1809 Migne
2855 1732 3125 1803 censuit,
3149 1751 3230 1792 ex
3261 1734 3436 1793 Actis
3477 1734 3728 1796 Sancto-

312 1846 481 1898 rum,
527 1828 708 1889 Junii
751 1832 799 1886 t.
830 1827 914 1897 II,
939 1826 1042 1887 die
1072 1827 1145 1887 14
1168 1827 1594 1905 (Antverpiae
1636 1827 1837 1904 1698).
1873 1828 1970 1888 De
2014 1828 2240 1889 Basilii
2284 1829 2422 1889 vita
2468 1847 2669 1907 quam
2718 1828 2843 1888 illic
2896 1830 2957 1889 J.
2988 1830 3186 1893 Baert
3239 1832 3724 1911 conscripserat,

313 1932 555 2005 utpote
586 1945 622 1988 a
654 1926 761 1985 Pr.
794 1925 1020 1986 Maran
1052 1925 1286 1986 studiis
1315 1929 1727 2003 exsuperata,
1758 1926 1821 2002 §§
1850 1930 2115 1986 tantum
2152 1926 2177 1985 Ι
2208 1930 2273 1986 et
2307 1926 2641 1987 XXXVII
2674 1926 2753 1986 de
2782 1926 2969 1987 festis
2999 1932 3064 1988 et
3095 1928 3378 2007 reliquiis
3411 1930 3470 1990 S.
3505 1930 3729 1991 Basilii

316 2026 722 2104 praebentur
752 2020 893 2101 (5⁸).
951 2022 1255 2101 Sequitur
1301 2041 1429 2084 una
1477 2027 1744 2084 tantum
1789 2023 2059 2101 legenda
2107 2022 2609 2102 hagiographica
2657 2024 2951 2103 antiqua,
3000 2030 3225 2087 sancto
3273 2027 3726 2105 Amphilochio

313 2140 663 2202 perperam
722 2120 1071 2200 imputata,
1121 2120 1185 2181 in
1238 2120 1530 2181 versione
1581 2120 1784 2181 latina
1836 2121 1940 2181 Fr.
1994 2120 2318 2182 Combefis
2369 2140 2518 2182 cum
2566 2122 2970 2200 praefatione
3018 2128 3085 2183 et
3148 2123 3321 2183 notis
3380 2124 3442 2185 J.
3506 2126 3726 2187 Baert.

312 2221 570 2281 Textus
612 2236 879 2299 graecus
923 2219 1229 2296 legendae
1274 2217 2112 2297 pseudo-amphilochianae
2156 2219 2344 2280 unica
2390 2219 2529 2280 vice
2574 2219 2748 2298 prelo
2796 2221 3147 2282 mandatus
3191 2225 3293 2281 est
3337 2222 3398 2281 in
3446 2222 3727 2284 editione

315 2319 747 2387 COMBEFISII,
805 2318 921 2379 SS.
975 2317 1239 2377 Patrum
1291 2314 1722 2395 Amphilochii
1776 2316 2143 2387 Iconiensis,
2198 2316 2507 2377 Methodii
2559 2318 2925 2378 Patarensis
2976 2322 3029 2377 et
3081 2318 3368 2379 Andreae
3422 2321 3727 2381 Cretensis

313 2435 509 2496 opera
543 2416 777 2485 omnia,
827 2414 1110 2484 Parisiis,
1163 2414 1340 2485 1644,
1390 2431 1497 2492 pp.
1552 2413 1839 2475 155-225.
1881 2415 1987 2476 Cfr
2026 2414 2099 2475 Ο.
2141 2415 2534 2485 ROUSSEAU,
2576 2415 2669 2475 La
2704 2419 3016 2475 rencontre
3051 2416 3122 2475 de
3161 2418 3225 2478 S.
3266 2417 3539 2495 Ephrem
3577 2422 3629 2477 et
3656 2418 3728 2478 de

317 2515 388 2575 S.
412 2514 648 2584 Basile,
673 2514 738 2573 in
762 2513 1054 2574 L’Orient
1074 2512 1303 2590 syrien,
1335 2511 1455 2582 III,
1476 2510 1653 2583 1957,
1679 2513 1877 2590 p.263
1900 2530 1994 2591 sq.
2015 2503 2230 2589 (5⁵)-
2253 2513 2601 2574 Tractatus
2623 2514 2893 2575 tandem
2917 2514 2995 2573 N.
3024 2514 3273 2591 Rayaei
3298 2516 3375 2574 de
3400 2516 3725 2578 acoluthia

312 2612 510 2672 ofﬁcii
547 2612 840 2673 canonici
876 2628 991 2689 pro
1030 2609 1334 2671 Ecclesiis
1371 2609 1763 2671 Graecorum
1798 2610 1862 2670 in
1901 2611 2515 2671 commemoratione
2549 2611 2752 2671 trium
2787 2612 3129 2671 doctorum
3167 2612 3411 2683 Basilii,
3452 2613 3729 2675 Nazian-

312 2710 458 2770 zeni
482 2715 547 2769 et
572 2708 1037 2787 Chrysostomi,
1062 2712 1127 2768 et
1149 2708 1287 2787 ipsa
1312 2706 1639 2769 acoluthia
1659 2708 1767 2785 (ex
1789 2708 1966 2768 libris
1988 2707 2484 2787 impressis)(5°).
2507 2743 2585 2752 ——
2609 2709 2707 2769 De
2730 2709 3030 2787 operibus
3064 2710 3599 2788 hagiographicis,
3635 2711 3729 2771 cfr

315 2808 424 2868 Fr.
466 2808 774 2877 HALKIN,
814 2806 1193 2867 Bibliotheca
1230 2804 1712 2884 hagiographica
1748 2806 2009 2883 graecas,
2057 2806 2102 2876 Ι,
2144 2806 2486 2876 Bruxellis,
2531 2806 2708 2877 1957,
2750 2825 2811 2885 p.
2852 2807 3085 2876 86-93;
3130 2808 3197 2867 P.
3241 2808 3573 2879 PEETERS,
3615 2809 3727 2869 Bi-

314 2905 618 2965 bliotheca
658 2903 1141 2983 hagiographica
1183 2903 1522 2973 orientalis,
1568 2903 1909 2974 Bruxellis,
1960 2904 2136 2974 1910,
2181 2921 2243 2983 p.
2288 2904 2480 2964 40-42
2518 2904 2714 2975 (adde
2758 2904 2841 2964 K.
2886 2905 2961 2965 V.
3007 2906 3518 2975 ZET’I‘ERSTEEN,
3565 2907 3729 2967 Eine

314 3003 603 3064 Homilie
632 3002 738 3062 des
770 3001 1252 3081 Amphilochius
1284 3020 1399 3062 von
1437 3001 1725 3062 Iconium
1758 3001 1900 3061 iiber
1930 3001 2217 3062 Basilius
2249 3020 2362 3061 von
2400 3003 2689 3072 Ciisarea,
2725 3002 2787 3063 in
2825 3003 3044 3063 Oriens
3089 3003 3505 3074 Christianus,
3546 3004 3723 3075 1934,

312 3120 381 3181 p.
422 3101 687 3178 67-98);
728 3099 1117 3161 Bibliotheca
1154 3099 1636 3179 hagiographica
1675 3099 1893 3170 latina,
1943 3100 1987 3170 Ι,
2031 3099 2374 3170 Bruxellis,
2446 3100 2620 3170 1898,
2664 3119 2726 3178 p.
2779 3100 3064 3170 153-154,
3107 3106 3173 3160 et
3220 3101 3337 3170 III,
3381 3102 3723 3173 Bruxellis,

317 3199 497 3270 1911,
535 3217 601 3278 p.
639 3199 851 3259 44-45.

846 3398 917 3469 6.
954 3395 1336 3468 Homiliae
1372 3399 1452 3467 in
1488 3397 2024 3469 Hexaemeron
2056 3396 2283 3491 (circa
2322 3396 2491 3494 378)

1573 3424 2024 3469 exaemeron
2056 3396 2283 3491 (circa
2322 3396 2491 3494 378)
2540 3396 2757 3491 (P.G.
2794 3399 2914 3483 29,
2958 3398 3234 3493 1-208).

480 3556 742 3616 Novem
773 3554 1075 3615 homiliae
1104 3554 1168 3615 in
1201 3554 1654 3615 Hexaemeron
1685 3571 1798 3632 per
1827 3553 2113 3632 quinque
2142 3552 2361 3613 ieiunii
2392 3554 2529 3613 dies
2559 3554 2823 3615 habitae
2852 3559 3026 3623 sunt,
3059 3556 3287 3615 eadem
3316 3555 3726 3617 hebdomada

310 3659 387 3714 ut
421 3654 707 3723 videtur,
745 3669 872 3730 quo
906 3657 1129 3713 tamen
1164 3670 1335 3713 anno
1369 3652 1673 3711 nescitur.
1716 3652 1898 3730 Ipsae
1931 3670 1967 3712 a
2004 3651 2306 3729 Gregorio
2340 3650 2772 3722 Nazianzeno,
2810 3651 3112 3729 Gregorio
3147 3653 3465 3730 Nysseno,
3504 3652 3728 3713 Hiero-

310 3770 515 3830 nymo
556 3755 1173 3821 commemorantur,
1216 3750 1298 3810 ab
1338 3749 1683 3809 Ambrosio
1723 3767 1875 3810 vero
1915 3754 1981 3809 et
2019 3748 2385 3827 Augustino
2426 3748 2722 3810 imitatae
2762 3754 2959 3819 sunt;
3002 3749 3143 3810 illas
3183 3750 3382 3811 latine
3421 3750 3725 3820 reddidit,

309 3850 480 3910 circa
530 3866 780 3911 annum
828 3847 968 3918 400,
1022 3847 1432 3918 Eustathius,
1483 3847 1737 3908 saeculo
1787 3848 2019 3907 deinde
2061 3847 2206 3917 XV,
2250 3847 2312 3907 J.
2353 3846 2819 3925 Argyropulus,
2860 3846 2923 3907 in
2966 3847 3147 3907 cuius
3187 3847 3479 3907 versione
3521 3848 3725 3926 primo

308 3947 491 4026 typis
527 3946 883 4007 mandatae
920 3950 1073 4005 sunt
1105 3946 1404 4024 (Romae,
1448 3944 1649 4022 1515).
1691 3944 2042 4024 Exemplar
2075 3960 2379 4023 graecum
2417 3945 2727 4005 Erasmus
2762 3943 3057 4006 Basileae
3094 3964 3265 4006 anno
3309 3945 3465 4004 1532
3500 3945 3724 4015 edidit,

309 4046 423 4105 sed
454 4063 585 4105 non
619 4043 1025 4121 dignoscitur
1055 4062 1247 4122 quem
1282 4043 1568 4103 codicem
1597 4042 1919 4104 habuerit.
1949 4043 2220 4121 Aliquos
2257 4042 2510 4103 codices
2550 4043 2775 4121 anglos
2819 4043 2896 4103 R.
2942 4042 3386 4103 Montacutius
3424 4042 3722 4111 contulit,

312 4161 564 4202 necnon
603 4143 770 4202 duos
809 4140 1193 4220 parisienses
1228 4141 1519 4201 Fronton
1553 4142 1639 4201 du
1665 4141 1806 4201 Duc
1825 4142 2024 4219 (nunc
2047 4140 2249 4202 Paris.
2277 4156 2369 4218 gr.
2400 4140 2520 4200 503
2547 4146 2613 4200 et
2639 4141 2780 4211 956,
2806 4141 2997 4201 ambo
3020 4140 3255 4201 saeculi
3281 4140 3485 4217 XIV),
3510 4141 3591 4201 ad
3617 4159 3728 4219 pa-

310 4242 593 4303 randam
640 4239 995 4300 editionem
1038 4240 1205 4301 A.D.
1260 4239 1435 4300 1618.
1487 4238 1787 4300 Codicem
1836 4238 2258 4300 Parisiensem
2306 4238 2446 4308 503,
2496 4257 2622 4299 una
2670 4257 2820 4298 cum
2866 4238 2988 4299 alio
3038 4238 3254 4298 codice
3310 4238 3546 4298 saeculi
3603 4238 3727 4298 XV

310 4339 513 4416 (nunc
544 4338 751 4399 Paris.
780 4354 873 4416 gr.
903 4337 1048 4415 478)
1076 4337 1314 4398 iterum
1342 4337 1665 4397 consuluit
1693 4337 1797 4397 Fr.
1830 4336 2170 4397 Combeﬁs.
2203 4336 2327 4412 Qui
2355 4354 2581 4396 omnes
2609 4336 2860 4396 codices
2889 4336 3212 4397 modicam
3241 4336 3504 4413 quidem
3532 4336 3726 4396 fidem

313 4436 524 4498 facere
569 4436 900 4496 videntur.
944 4470 1017 4476 —
1054 4435 1155 4497 De
1188 4435 1483 4497 versione
1516 4434 1873 4505 Eustathii,
1907 4435 2094 4513 cujus
2126 4440 2351 4495 textus
2383 4436 2572 4496 adest
2612 4435 2675 4496 in
2712 4434 2868 4495 P.G.
2907 4434 3009 4504 30,
3052 4433 3351 4503 869-968,
3395 4434 3490 4493 cfr
3530 4452 3727 4513 supra

316 4535 379 4597 in
420 4535 675 4596 Introd.
708 4552 770 4613 p.
805 4533 866 4603 3.
900 4553 962 4594 n.
999 4533 1093 4594 10.

480 4633 544 4693 J.
587 4632 858 4693 Garnier
898 4632 973 4691 12
1010 4632 1263 4691 codices
1298 4630 1778 4709 manuscriptos
1815 4630 2112 4702 contulit,
2152 4636 2410 4709 praeter
2446 4630 2733 4691 codicem
2769 4648 2971 4690 unum
3008 4649 3090 4690 ex
3125 4629 3517 4690 bibliotheca
3557 4630 3727 4689 Bod-

311 4730 524 4792 leiana
567 4747 767 4809 quem
804 4729 1172 4791 contulerat
1210 4730 1272 4789 J.
1315 4728 1489 4788 Wolf
1527 4746 1853 4807 quemque
1892 4729 2323 4789 determinare
2364 4748 2492 4790 non
2533 4729 2682 4789 licet
2718 4728 2853 4807 (Cfr
2890 4730 3171 4797 AMAND,
3224 4717 3515 4787 Editions
3555 4727 3723 4798 LVI,

311 4846 373 4907 p.
424 4828 588 4905 127).
632 4827 758 4888 Hic
797 4832 1264 4888 enumerantur
1304 4826 1556 4886 codices
1597 4826 1983 4904 parisienses
2025 4848 2037 4887 :

457 4966 662 5035 Reg'ius
694 4976 715 5020 1
744 4975 916 5033 (nunc
946 4973 1114 5021 Paris.
1144 4984 1219 5034 gr.
1250 4974 1391 5033 476),
1420 4986 1557 5020 saec.
1590 4973 1659 5019 X.

457 5046 662 5106 Regius
688 5045 720 5093 2
743 5046 917 5105 (nunc
946 5045 1113 5093 Paris.
1142 5057 1219 5105 gr.
1248 5045 1370 5102 503,
1397 5045 1507 5093 iam
1536 5058 1567 5093 a
1596 5045 1840 5092 Fronton
1870 5045 1943 5092 du
1971 5044 2093 5092 Duc
2120 5047 2175 5093 et
2203 5045 2472 5095 Combefis
2500 5045 2690 5105 visus),
2718 5057 2856 5093 saec.
2889 5045 3042 5093 XIV.

455 5118 662 5178 Regius
689 5118 721 5165 3
744 5119 917 5176 (nunc
946 5117 1116 5165 Paris.
1144 5130 1221 5178 gr.
1250 5118 1393 5177 477),
1422 5129 1560 5164 saec.
1592 5116 1714 5163 XV.

456 5189 659 5249 Regius
687 5190 716 5235 4
741 5190 914 5249 (nunc
943 5188 1111 5235 Paris.
1140 5200 1216 5248 gr.
1246 5189 1366 5244 478,
1396 5201 1425 5236 a
1454 5187 1723 5236 Combefis
1751 5188 1940 5247 visus),
1968 5201 2074 5235 sac.
2108 5187 2228 5235 XV.

456 5261 660 5320 Regius
687 5261 718 5307 5
742 5262 916 5318 (nunc
946 5260 1113 5307 Paris.
1142 5271 1219 5319 gr.
1249 5259 1392 5319 753),
1420 5272 1558 5306 saec.
1596 5259 1675 5306 IX
1704 5259 1790 5306 vel
1820 5259 1890 5306 X.

455 5332 659 5392 Regius
687 5333 718 5380 6
742 5333 916 5391 (nunc
946 5331 1113 5378 Paris.
1142 5342 1219 5391 gr.
1249 5331 1391 5389 955),
1420 5343 1558 5377 saec.
1591 5330 1693 5377 XI.

455 5403 658 5464 Regius
688 5404 717 5450 7
742 5404 915 5461 (nunc
945 5401 1113 5449 Paris.
1142 5414 1218 5461 gr.
1248 5402 1368 5457 956,
1398 5414 1430 5448 a
1458 5401 1702 5448 Fronton
1733 5401 1806 5447 du
1835 5400 1957 5447 Duc
1984 5401 2256 5459 collatus),
2285 5414 2423 5448 saec.
2457 5400 2608 5449 XIV.

455 5474 658 5535 Regius
686 5475 717 5522 8
741 5475 917 5533 (nunc
946 5472 1114 5520 Paris.
1144 5485 1220 5532 gr.
1250 5473 1391 5532 968),
1420 5485 1559 5520 saec.
1592 5472 1714 5520 XV.

457 5545 802 5594 Colbertinus
834 5546 855 5591 1
884 5546 1057 5604 (nunc
1087 5544 1253 5592 Paris.
1283 5557 1359 5603 gr.
1390 5544 1532 5603 957),
1560 5556 1699 5592 saec.
1733 5544 1865 5591 XII.

456 5617 803 5666 Colbertinus
832 5616 863 5663 2
887 5616 1061 5674 (nunc
1089 5616 1256 5663 Paris.
1286 5629 1362 5676 gr.
1392 5616 1532 5673 959),
1563 5628 1701 5663 saec.
1734 5615 1887 5663 XVI.

456 5689 818 5737 Coislinianus
851 5689 871 5734 1
902 5688 1075 5747 (nunc
1102 5686 1258 5736 Coisl.
1287 5686 1409 5744 229,
1438 5687 1531 5735 sed
1558 5687 1721 5734 hodie
1748 5686 2018 5745 sublatus)
2048 5698 2185 5732 saec.
2221 5684 2301 5731 IX
2329 5684 2414 5732 vel
2446 5684 2514 5732 X.

456 5759 817 5809 Coislinianus
845 5758 877 5806 2
899 5759 1075 5819 (nunc
1101 5757 1258 5807 Coisl.
1288 5758 1430 5819 235),
1459 5771 1596 5805 saec.
1629 5758 1731 5807 XI.

1880 5934 2169 5993 _9._.
