4206 6492
689 343 754 405 Si
796 342 1029 406 talium
1070 340 1367 402 codicum
1408 341 1613 405 aetati
1654 342 1850 404 fidere
1892 343 2073 414 velis,
2118 349 2451 406 momento
2495 345 2822 425 potissimi
2863 352 3016 408 sunt
3059 348 3324 427 quidem
3364 348 3553 429 Regii
3599 351 3653 422 1,
3698 351 3737 413 5
3779 356 3848 412 et
3891 351 3927 412 6

522 446 721 521 atque
766 442 895 502 duo
943 439 1333 502 Coisliniani.
1382 440 1596 502 Hodie
1641 441 1716 501 E.
1762 442 2023 503 Amand
2067 443 2146 502 de
2191 442 2519 505 Mendieta
2564 444 2697 506 iam
2745 446 2820 506 18
2864 446 3342 525 manuscriptos
3386 448 3641 509 codices
3684 449 3934 528 integre

522 539 800 601 contulit
841 538 1130 617 aliosque
1170 538 1250 599 27
1291 538 1466 600 haud
1509 537 1739 599 leviter
1778 539 2189 618 exploravit;
2232 540 2404 601 idem
2446 542 2731 620 anglicos
2773 543 3024 621 aliquos
3064 548 3272 605 testes
3313 544 3531 605 videre
3572 546 3933 625 pollicetur.

522 637 702 700 Haec
744 636 1188 715 manuscripta
1234 635 1629 715 proveniunt
1671 654 1753 695 ex
1797 637 2058 716 Europa
2103 638 2491 700 occidentali
2533 640 2638 700 vel
2679 658 2761 701 ex
2807 640 3093 712 Graecia,
3140 661 3347 702 unum
3389 643 3593 704 etiam
3634 662 3669 704 e
3713 645 3935 706 Monte

523 735 698 798 Sinai
726 756 741 806 ;
777 733 1233 813 antiquissima
1268 738 1421 794 sunt
1452 733 1623 794 inter
1659 734 1775 795 115
1808 735 2251 815 manuscripta
2287 737 2739 798 Hexaemeron
2776 756 2942 817 quae
2976 746 3473 818 cognoscantur.
3512 740 3619 803 Cfr
3650 743 3934 813 AMAND,

529 823 841 904 Editions,
873 832 1044 903 LVI,
1090 850 1151 911 p.
1200 831 1335 893 127.
1377 830 1490 891 Vir
1529 832 2008 894 eruditissimus
2049 834 2124 893 E.
2165 834 2425 896 Amand
2466 836 2545 895 de
2585 835 2935 907 Mendieta,
2979 855 3107 899 una
3149 855 3297 898 cum
3339 838 3432 899 St.
3475 839 3555 899 Y.
3600 839 3933 919 Rudberg,

520 932 737 992 critice
787 929 1087 991 homilias
1135 929 1199 990 in
1253 929 1705 991 Hexaemeron
1758 932 1944 991 edere
1995 931 2358 1003 constituit,
2410 932 2474 993 in
2518 932 2893 995 collectione
2932 934 3056 995 Die
3091 935 3503 1012 griechischen
3545 936 3933 998 christlichen

522 1028 953 1107 Schri/tsteller
980 1027 1373 1089 Academiae
1404 1027 1861 1089 Berolinensis.
1901 1029 2039 1091 Iam
2068 1048 2240 1091 anno
2277 1029 2437 1091 1939
2470 1031 2548 1091 D.
2582 1031 2843 1092 AMAND
2876 1032 3157 1111 exempli
3195 1034 3405 1112 gratia
3447 1034 3789 1097 homiliam
3818 1036 3933 1106 VI,

519 1130 594 1188 ut
628 1125 1057 1206 appendicem
1090 1143 1206 1185 suo
1246 1124 1564 1187 Carneade
1598 1130 1650 1185 et
1682 1126 1852 1187 sainl
1883 1126 2098 1187 Basile
2126 1128 2338 1205 (these
2373 1128 2989 1208 dactylographiée),
3026 1131 3320 1192 Lovanio
3356 1131 3671 1195 ediderat.

683 1224 1007 1285 Videntur
1046 1223 1318 1285 indicari
1359 1241 1569 1302 posse,
1624 1224 1706 1285 ad
1758 1242 2084 1303 praesens,
2137 1226 2265 1286 duo
2318 1227 2576 1287 ordines
2625 1227 2761 1287 sive
2810 1228 2975 1289 rami
3025 1229 3374 1308 praecipui,
3429 1246 3707 1308 quorum
3760 1231 3934 1309 prior

518 1322 844 1402 optimum
880 1321 1151 1400 praebet
1186 1326 1469 1382 textum.
1508 1322 1611 1382 Ad
1650 1322 1822 1382 hunc
1859 1322 2190 1400 pertinent
2230 1343 2243 1383 :

660 1470 709 1516 D
754 1469 1003 1516 Museum
1031 1468 1438 1525 Britannicum,
1466 1467 1709 1515 Arundel
1736 1468 1857 1526 532,
1885 1481 2023 1517 saec.
2058 1469 2239 1518 IX-X.

660 1541 703 1589 F
754 1540 906 1588 Paris
933 1551 1011 1600 gr.
1040 1539 1142 1587 753
1163 1539 1393 1599 (Regius
1420 1539 1450 1587 5
1480 1538 1898 1600 Maurinorum),
1925 1553 2063 1589 saec.
2098 1541 2281 1590 IX-X.

659 1612 707 1661 G
754 1611 907 1659 Paris
935 1623 1011 1671 gr.
1041 1612 1143 1659 476
1165 1611 1395 1671 (Regius
1425 1612 1447 1657 1
1482 1610 1897 1672 Maurinorum),
1925 1625 2063 1660 saec.
2094 1613 2166 1661 X.

661 1684 715 1731 H
754 1683 1045 1732 Lavrensis
1072 1696 1100 1729 e
1129 1682 1317 1731 Monte
1344 1682 1520 1730 Athos
1548 1683 1670 1740 457,
1698 1695 1837 1731 saec.
1867 1682 1939 1731 Χ.

665 1755 687 1803 Ι
756 1754 1105 1803 Florentinus
1134 1754 1394 1802 Laurent.
1424 1764 1500 1813 gr.
1536 1752 1609 1801 IV
1636 1753 1722 1811 27,
1750 1768 1889 1803 saec.
1920 1755 1991 1803 X.

682 1884 966 1943 Possunt
1000 1881 1159 1943 inibi
1195 1883 1363 1943 duae
1398 1882 1710 1961 distingui
1746 1883 2004 1956 classes,
2029 1884 2149 1945 DF
2168 1888 2234 1944 et
2271 1884 2431 1945 GHI
2459 1905 2476 1955 ;
2513 1884 2773 1945 interim
2810 1885 3107 1946 concludi
3141 1891 3364 1965 potest
3400 1887 3482 1948 ad
3519 1893 3931 1949 momentum

516 1980 872 2060 Regiorum
906 1981 932 2040 1
970 1984 1037 2040 et
1068 1979 1105 2041 5
1136 1979 1201 2041 in
1234 1984 1559 2058 apparatu
1594 1980 1883 2042 Garnier.

678 2078 864 2141 Alter
898 2078 1055 2138 ordo
1091 2096 1203 2138 seu
1238 2095 1460 2139 ramus
1496 2077 1918 2157 amplectitur
1952 2079 2399 2158 manuscripta
2438 2100 2452 2141 :

657 2245 705 2291 A
750 2243 1054 2291 Vaticanus
1082 2254 1159 2302 gr.
1188 2242 1344 2299 2066,
1371 2242 1570 2290 litteris
1600 2243 1925 2301 uncialibus,
1954 2257 2092 2292 saec.
2127 2244 2310 2293 IX-X.

661 2316 700 2364 C
750 2315 929 2363 Vatic.
958 2326 1035 2374 gr.
1064 2314 1186 2371 413,
1215 2326 1353 2361 saec.
1389 2314 1570 2362 IX-X.

660 2387 707 2435 E
752 2386 1094 2434 Venetianus
1123 2385 1173 2433 S.
1204 2385 1373 2433 Marci
1399 2385 1485 2441 58,
1514 2398 1652 2433 saec.
1688 2386 1869 2435 IX-X.

660 2458 706 2506 Β
753 2457 933 2505 Vatic.
962 2468 1039 2516 gr.
1070 2456 1227 2513 2053,
1255 2469 1393 2503 saec.
1428 2456 1609 2504 IX-X.

659 2528 703 2577 L
754 2528 1057 2577 Genuensis
1087 2528 1499 2575 Franzonianus
1527 2539 1604 2587 gr.
1637 2528 1719 2585 17,
1748 2540 1885 2575 saec.
1917 2528 1988 2576 X.

680 2674 1125 2753 Manuscripta
1171 2673 1285 2734 BL
1328 2673 1769 2734 recensionem
1811 2673 2101 2735 referunt
2146 2674 2639 2746 atticizantem;
2684 2676 2745 2736 A
2787 2676 2978 2737 valde
3022 2677 3329 2738 aberrans
3373 2682 3439 2737 et
3481 2677 3762 2738 insolens
3806 2683 3927 2749 est,

510 2772 637 2833 etsi
661 2772 1071 2834 venerandae
1099 2771 1365 2850 quidem
1391 2771 1651 2833 aetatis.
1682 2771 1806 2831 Hic
1833 2772 1997 2835 alter
2022 2772 2178 2832 ordo
2205 2772 2468 2851 ignotus
2494 2772 2620 2833 fuit
2647 2773 2982 2835 Maurinis.

685 2870 863 2931 Inter
896 2868 1216 2930 editiones
1250 2869 1387 2929 sive
1420 2869 1885 2931 translationes
1918 2869 2153 2948 linguis
2187 2870 2512 2931 hodiernis
2546 2875 2846 2949 peractas
2881 2871 2985 2931 vel
3043 2873 3511 2934 commentario
3548 2877 3797 2943 auctas,
3836 2891 3931 2933 re-

516 2969 878 3029 censendae
909 2972 1062 3027 sunt
1098 2988 1110 3027 :
1144 2967 1412 3045 anglice,
1446 2967 1759 3027 JACKSON
1788 2967 1923 3043 (Cir
1952 2986 2167 3046 supra,
2208 2968 2452 3029 Introd.
2494 2968 2589 3028 IX
2622 2987 2683 3047 p.
2717 2968 2779 3045 6)
2808 2990 2822 3038 ;
2854 2969 3239 3047 germanice,
3276 2969 3651 3030 STEGMANN
3691 2970 3723 3047 (
3731 2969 3921 3047 ibid.)

514 3071 715 3145 atque
744 3066 1088 3136 recentius,
1117 3066 1365 3143 gallice,
1398 3064 1569 3125 GIET
1600 3086 1611 3125 :
1642 3065 1858 3125 Basile
1884 3065 1956 3125 de
1986 3066 2257 3128 Ce'sarée.
2288 3066 2604 3127 Home’lies
2632 3084 2742 3126 sur
2768 3067 3259 3128 l'Hexae’me’ron.
3292 3068 3497 3128 Texte
3524 3084 3690 3145 grec,
3721 3068 3928 3129 intro-

512 3165 779 3225 duction
814 3169 881 3224 et
914 3164 1287 3225 traduction
1322 3165 1403 3223 de
1437 3163 1531 3224 St.
1570 3163 1718 3224 Giet
1747 3164 2043 3241 (Sources
2078 3164 2518 3235 Chrétiennes,
2554 3165 2676 3241 26),
2714 3164 2997 3234 Parisiis,
3038 3165 3215 3226 1949.
3255 3166 3401 3226 Giet
3435 3167 3688 3227 codices
3720 3185 3929 3226 novos

511 3282 641 3325 non
672 3262 972 3334 contulit,
1005 3263 1116 3323 sed
1148 3262 1478 3322 codicibus
1508 3261 1955 3324 Maurinorum
1984 3263 2333 3341 acquievit,
2367 3264 2478 3323 ubi
2512 3262 2780 3324 Garnier
2809 3263 3131 3342 prioribus
3169 3264 3364 3324 editis
3403 3268 3629 3325 contra
3671 3264 3929 3324 codices

509 3360 989 3439 manuscriptos
1029 3360 1298 3423 ﬁdebat.
1351 3361 1547 3439 Apud
1597 3362 1770 3421 hunc
1818 3365 2146 3421 recentem
2195 3366 2531 3423 auctorem
2577 3361 2911 3421 invenitur
2960 3361 3432 3440 bibliographia
3484 3363 3564 3422 de
3624 3362 3929 3440 operibus

509 3460 592 3521 ad
628 3459 846 3519 fontes
881 3458 1316 3519 hellenisticos
1354 3458 1806 3518 Hexaemeron
1846 3459 2263 3536 detegendos.
2302 3458 2536 3518 Adhuc
2574 3459 2758 3519 deest
2795 3477 2958 3537 opus
2997 3460 3172 3537 quod
3210 3460 3517 3521 ostendat
3555 3459 3746 3520 huius
3784 3459 3929 3519 libri

509 3561 919 3618 momentum
952 3556 1017 3616 in
1054 3555 1341 3634 exegesis
1376 3555 1764 3617 christianae
1798 3561 1865 3615 et
1899 3574 2119 3617 sacrae
2161 3556 2522 3634 theologiae
2567 3556 2856 3627 historia,
2894 3556 3029 3617 eius
3072 3557 3287 3617 locum
3330 3557 3499 3618 inter
3543 3557 3927 3618 correctoria

508 3654 897 3733 origenismi,
930 3653 1196 3732 eiusque
1226 3653 1529 3715 deﬁnitas
1557 3653 1904 3715 relationes
1933 3672 2082 3714 cum
2114 3654 2566 3715 Hexaemeron
2600 3654 2886 3733 Gregorii
2917 3654 3219 3732 Nysseni.

1234 3873 1304 3944 7.
1342 3869 1726 3943 Homiliae
1762 3897 1989 3968 super
2024 3870 2368 3942 Psalmos
2402 3870 2620 3966 (P.G.
2658 3872 2779 3958 29,
2816 3871 3196 3966 207-494).

678 4036 730 4097 1.
765 4035 1207 4114 Manuscripta
1244 4036 1328 4097 ad
1362 4053 1693 4095 summum
1733 4035 1808 4095 18
1864 4034 2165 4096 homilias
2200 4053 2393 4113 super
2429 4035 2721 4096 Psalmos
2755 4035 3066 4106 referunt,
3104 4053 3383 4114 quarum
3421 4034 3772 4096 nonnullae
3808 4053 3925 4114 pa-

505 4152 651 4195 rum
678 4134 1166 4195 conﬁrmantur.
1200 4133 1508 4194 Omnium
1535 4133 1863 4195 rarissima
1892 4138 1993 4193 est
2021 4151 2213 4212 super
2242 4133 2347 4193 Ps.
2382 4132 2500 4194 132
2529 4154 2542 4203 ;
2574 4132 2837 4194 homilia
2868 4133 3069 4194 altera
3099 4152 3293 4212 super
3320 4133 3427 4193 Ps.
3457 4133 3538 4194 28
3564 4138 3631 4193 et
3659 4133 3925 4194 homilia

505 4249 698 4311 super
729 4232 834 4292 Ps.
868 4232 947 4292 37
979 4249 1169 4311 saepe
1201 4236 1267 4291 et
1298 4231 1475 4309 ipsae
1506 4231 1979 4292 desiderantur.
2016 4231 2158 4291 Hae
2190 4235 2323 4290 tres
2355 4249 2391 4291 a
2426 4230 2695 4291 Garnier
2724 4230 2965 4291 relatae
2998 4236 3152 4291 sunt
3183 4231 3247 4291 in
3281 4231 3640 4309 appendice
3671 4231 3838 4290 tomi
3877 4231 3923 4301 Ι,

504 4330 672 4390 sicut
700 4330 901 4391 etiam
929 4329 1195 4390 homilia
1224 4346 1417 4408 super
1444 4329 1551 4389 Ps.
1587 4329 1703 4389 115
1732 4350 1746 4400 ;
1778 4347 1945 4407 quae
1974 4328 2239 4407 quidem
2268 4346 2439 4388 nunc
2467 4328 2531 4387 in
2564 4328 2718 4389 P.G.
2760 4328 2841 4389 3O
2877 4333 3166 4399 exstant,
3207 4334 3273 4389 et
3310 4330 3391 4389 de
3429 4313 3667 4407 quibus
3704 4328 3926 4390 dicen-

504 4430 665 4490 dum
710 4429 832 4488 erit
874 4428 939 4488 in
982 4427 1469 4488 introductione
1510 4428 1593 4487 ad
1636 4428 1757 4487 hoc
1790 4426 2117 4487 volumen.
2172 4426 2352 4486 Idem
2396 4426 2665 4487 Garnier
2706 4427 2788 4488 ad
2822 4426 3252 4505 appendicem
3294 4426 3630 4488 homiliam
3663 4445 3924 4506 quoque

504 4525 781 4605 primam
816 4543 1008 4604 super
1051 4526 1159 4585 Ps.
1201 4526 1278 4584 14
1310 4524 1666 4595 remiserat,
1704 4526 1815 4586 sed
1884 4524 2099 4603 Migne
2133 4542 2280 4586 eam
2314 4525 2397 4586 ad
2433 4542 2625 4585 suum
2658 4524 2724 4584 in
2760 4524 2919 4584 serie
2954 4524 3169 4585 locum
3203 4524 3517 4596 restituit,
3554 4529 3621 4584 et
3657 4524 3925 4602 quidem

504 4624 755 4684 merito.
793 4624 1009 4701 Ipsam
1038 4623 1279 4683 etenim
1308 4624 1608 4686 universa
1638 4623 2082 4702 manuscripta
2111 4624 2407 4693 tradunt,
2432 4622 2643 4701 ipsam
2670 4622 3175 4701 expostulantur
3202 4623 3400 4683 verba
3431 4622 3667 4701 quibus
3694 4622 3925 4701 incipit

503 4722 784 4783 secunda
824 4720 1087 4783 homilia
1128 4740 1319 4800 super
1357 4722 1637 4782 eundem
1676 4721 2010 4783 Psalmum
2046 4722 2241 4800 (quae
2281 4720 2543 4798 quidem
2584 4720 2865 4781 secunda
2907 4720 3170 4781 homilia
3209 4720 3589 4780 testimonio
3632 4720 3924 4798 Gregorii

502 4819 784 4898 Nysseni
818 4820 1280 4898 comprobatur
1308 4841 1323 4890 ;
1358 4820 1508 4880 vide
1541 4819 1710 4880 illius
1744 4820 2105 4881 orationem
2140 4824 2365 4879 contra
2402 4817 2746 4887 usurarios,
2784 4818 2937 4878 P.G.
2973 4818 3073 4889 46,
3110 4818 3231 4879 433
3255 4818 3339 4897 Β)
3370 4839 3383 4880 :
3423 4817 3625 4889 ,,Heri
3658 4836 3808 4878 cum
3842 4819 3922 4878 de

502 4917 750 4996 psalmo
792 4918 1040 4977 decimo
1083 4922 1317 4997 quarto
1360 4935 1723 4977 sermonem
1763 4918 1938 4996 apud
1979 4935 2097 4977 vos
2138 4917 2544 4986 haberemus,
2587 4916 2784 4975 finem
2823 4916 3137 4977 orationis
3176 4935 3306 4976 non
3357 4916 3539 4976 licuit
3579 4915 3768 4977 nobis
3808 4933 3923 4994 per

500 5020 761 5095 tempus
803 5015 1171 5093 attingere”
1216 5015 1399 5093 (P.G.
1449 5015 1549 5086 29,
1597 5015 1719 5077 264
1766 5016 1856 5093 C).
1889 5015 2158 5076 Garnier
2188 5014 2696 5092 permovebatur
2740 5032 2777 5075 a
2826 5013 2980 5073 locis
3008 5013 3326 5075 similibus
3354 5013 3418 5074 in
3452 5014 3920 5076 commentario

504 5114 765 5174 Eusebii
804 5112 1235 5176 Caesariensis
1271 5113 1601 5183 inventis;
1642 5113 1852 5184 hodie,
1894 5132 2043 5173 cum
2081 5112 2416 5191 cognitum
2453 5111 2541 5171 sit
2580 5112 2751 5172 hunc
2789 5112 3179 5173 ementitum
3222 5111 3578 5172 Eusebium
3617 5116 3922 5173 catenam

500 5230 641 5272 esse
663 5231 698 5273 a
722 5212 965 5273 Basilio
996 5216 1415 5272 mutuantem
1442 5211 1563 5289 (cfr
1591 5210 1832 5272 introd.
1858 5229 1918 5288 p.
1951 5211 1988 5271 8
2020 5212 2047 5285 §
2078 5211 2160 5288 2),
2197 5209 2485 5289 lepidum
2502 5214 2605 5270 est
2642 5210 3108 5271 annotationes
3144 5210 3349 5288 legere
3387 5209 3587 5289 ipsius
3627 5209 3916 5281 Garnier,

500 5310 664 5371 duas
702 5310 1108 5372 redactiones
1147 5308 1490 5388 diligenter
1528 5308 1969 5387 comparantis
2011 5330 2023 5369 :
2069 5308 2466 5378 ,,Videamus
2504 5325 2676 5367 nunc
2716 5308 3044 5385 quomodo
3085 5307 3646 5386 pseudo-Basilius
3683 5308 3919 5386 frigida

500 5410 786 5487 quadam
828 5408 1187 5487 periphrasi
1227 5426 1383 5468 mox
1424 5408 1792 5469 Eusebiana
1836 5406 2209 5485 amplificet,
2253 5423 2407 5466 mox
2448 5406 2677 5466 eadem
2717 5406 2799 5466 ad
2843 5406 3118 5465 verbum
3158 5405 3485 5484 exprimat
3636 5405 3917 5467 barbaro

500 5505 807 5585 loquendi
832 5522 1062 5585 genere
1186 5506 1355 5582 Quid
1392 5510 1494 5566 est
1520 5506 1661 5576 hoc,
1689 5505 1815 5566 nisi
1849 5499 2276 5586 βαρβαρίζειν,
2305 5508 2373 5563 et
2408 5502 2471 5563 in
2509 5502 2755 5581 graecis
2792 5503 3117 5564 balbutire
3148 5503 3181 5563 ?
3316 5502 3626 5582 Scriptori
3652 5503 3916 5574 excidit,

502 5605 674 5682 quod
709 5606 791 5666 ad
825 5604 1296 5667 absolvendam
1328 5604 1668 5683 periodum
1700 5605 1937 5665 addere
1970 5604 2286 5663 debuerat
2421 5600 2606 5661 Certe
2640 5619 2768 5680 quo
2803 5601 3012 5679 magis
3044 5602 3203 5662 haec
3236 5600 3569 5661 considero
3602 5620 3676 5661 eo
3711 5601 3920 5681 magis

499 5702 657 5763 mihi
690 5704 1069 5781 persuadeo,
1114 5702 1434 5763 Basilium
1474 5702 1712 5763 rectius
1745 5707 1812 5763 et
1846 5701 2218 5762 locuturum
2250 5698 2471 5770 fuisse,
2506 5703 2573 5759 et
2607 5699 3115 5778 cogitaturum."
3149 5698 3271 5760 Vel
3303 5699 3508 5761 etiam
3543 5720 3556 5761 :
3595 5700 3735 5770 ,,Ea
3781 5719 3911 5762 non

2037 5900 2372 5961 -ιο-
