4206 6510
266 353 414 429 puto
456 346 725 426 reperiri
770 347 1138 427 quidquam
1174 364 1362 426 posse
1404 350 1520 407 aut
1562 345 1867 425 ineptius,
1912 350 2028 407 aut
2065 345 2240 423 quod
2278 362 2314 405 a
2351 362 2507 406 sana
2544 348 2762 404 mente
2797 344 3002 422 magis
3044 345 3457 407 abhorreat.”
3492 348 3674 422 (P.G.

264 448 357 518 29,
394 445 701 507 CXCVII
740 446 820 516 B,
859 444 1195 507 CXCVIII
1229 445 1286 505 A
1313 449 1378 505 et
1413 444 1505 521 C).
1554 443 2045 505 Ineluctabilem
2083 443 2232 503 vide
2258 442 2824 521 subjectivismum
2863 442 3121 504 criticae
3160 444 3472 515 internae,
3502 448 3677 525 apud

266 546 546 625 optimos
586 562 852 623 quoque
892 544 1067 604 viros
1097 544 1109 604 ι

422 644 486 703 2.
526 644 603 703 In
657 642 991 702 codicibus
1042 639 1502 719 manuscriptis
1554 639 1855 700 homiliae
1906 656 2098 717 super
2151 637 2443 698 Psalmos
2494 656 2746 718 semper
2798 656 2945 698 cum
2996 639 3276 700 homiliis
3328 640 3679 703 moralibus

267 743 770 819 coniunguntur.
822 740 1131 801 Codicum
1177 738 1525 817 descriptio
1573 756 1648 799 ac
1694 736 2067 797 distributio
2116 737 2407 796 nondum
2453 736 2611 797 satis
2657 737 3015 815 processit;
3063 739 3301 808 studia,
3351 740 3677 802 laudanda

266 859 435 909 sane,
475 858 512 900 a
551 839 647 900 St.
686 838 766 898 Y.
805 838 1115 914 Rudberg
1148 840 1434 916 peracta,
1470 836 1601 897 iam
1633 840 1841 895 testes
1890 839 2303 894 recenserunt
2342 833 2476 911 (Cfr
2511 835 2876 903 RUDBEnG,
2920 834 3244 896 Tradition
3282 838 3677 907 manuscrile,

267 958 323 1017 p.
368 938 629 999 53-120.
677 936 1140 1014 Unusquisque
1182 940 1383 1014 typus
1424 934 1642 994 littera
1686 933 2064 1001 maiuscula,
2110 932 2553 1010 unusquisque
2598 934 2803 991 codex
2845 951 3111 991 numero
3156 934 3411 995 litterae
3454 937 3679 996 addito

268 1056 300 1097 a
330 1036 649 1114 Rudberg
679 1033 1102 1111 designatur).
1136 1032 1418 1093 Ratione
1449 1031 1673 1092 habita
1706 1036 1969 1091 tantum
2002 1031 2080 1089 de
2111 1030 2332 1089 ordine
2364 1048 2491 1107 quo
2523 1048 2588 1089 se
2620 1035 3043 1107 praesentant
3075 1032 3395 1101 homiliae,
3430 1034 3682 1093 codices

268 1134 343 1195 ad
385 1132 767 1212 quindecim
806 1136 1022 1211 typos,
1064 1130 1208 1210 plus
1248 1130 1547 1190 minusve
1586 1128 1907 1198 deﬁnitos,
1953 1128 2262 1204 Rudberg
2302 1128 2583 1187 reduxit.
2628 1128 3036 1205 Plerumque,
3080 1148 3153 1189 ac
3194 1131 3576 1208 praesertim
3616 1131 3679 1191 in

269 1239 424 1311 typo
468 1233 549 1301 Α,
597 1232 707 1309 qui
751 1230 1106 1291 maximam
1147 1229 1560 1290 diffusionem
1603 1246 1676 1287 ac
1718 1227 1941 1305 procul
1982 1226 2178 1285 dubio
2224 1242 2534 1303 magnum
2578 1231 2984 1285 momentum
3026 1227 3334 1297 obtinuit,
3380 1230 3681 1290 homiliae

268 1348 459 1409 super
504 1329 800 1390 Psalmos
842 1328 1063 1389 unitae
1106 1332 1374 1403 exstant
1417 1331 1615 1403 atque
1658 1324 1918 1385 initium
1962 1324 2355 1383 collectionis
2398 1324 2767 1394 efformant,
2814 1322 3234 1385 collocatione
3279 1326 3541 1403 quidem
3584 1345 3683 1387 ra-

270 1427 568 1488 tionabili
608 1434 674 1486 et
714 1444 878 1504 quae
917 1425 1162 1487 scribas
1199 1424 1505 1486 alliceret.
1548 1423 1669 1483 Sed
1708 1423 1772 1482 in
1812 1423 1991 1501 typis
2030 1423 2089 1482 D
2128 1426 2193 1481 et
2235 1422 2307 1491 E,
2350 1422 2459 1499 qui
2500 1427 2787 1481 ceterum
2825 1421 3157 1483 archaicas
3196 1429 3387 1484 notas
3430 1443 3579 1502 prae
3618 1443 3683 1484 se

270 1527 508 1595 ferunt,
544 1524 810 1585 homilia
842 1542 1034 1603 super
1066 1523 1399 1585 Psalmum
1437 1523 1461 1581 1
1500 1522 1564 1581 in
1598 1521 1809 1600 capite
1842 1520 2237 1581 collectionis
2268 1525 2523 1598 prostat
2554 1541 2567 1589 ;
2602 1524 2827 1598 postea
2862 1518 3133 1597 longius,
3168 1521 3359 1581 simul
3392 1540 3539 1582 cum
3572 1523 3685 1582 ho-

272 1624 460 1684 miliis
496 1641 694 1702 super
728 1622 1014 1691 divitias,
1052 1622 1235 1682 venit
1271 1621 1552 1681 secunda
1592 1618 1853 1681 homilia
1891 1636 2082 1697 super
2119 1618 2223 1677 Ps.
2267 1619 2360 1687 14,
2400 1636 2565 1695 quae
2603 1618 2810 1696 reipsa
2850 1619 2927 1677 de
2966 1637 3157 1679 usura
3197 1624 3557 1697 pertractat
3591 1620 3680 1698 (in

271 1728 427 1800 typo
471 1722 532 1781 D
578 1722 785 1799 prima
826 1720 1090 1781 homilia
1131 1738 1323 1798 super
1360 1720 1639 1778 eundem
1688 1718 2014 1795 psalmum
2054 1717 2280 1776 eodem
2322 1716 2457 1775 loco
2499 1716 2809 1793 ponitur).
2854 1716 3119 1776 Ceterae
3158 1735 3350 1795 super
3391 1719 3684 1779 Psalmos

276 1820 579 1879 homiliae
612 1819 880 1879 inferius
913 1822 1269 1897 ponuntur,
1305 1822 1371 1876 et
1405 1816 1467 1875 in
1505 1816 1563 1876 D
1600 1816 1946 1893 bipertitae
1981 1814 2404 1873 inveniuntur
2436 1814 2500 1873 in
2537 1816 2699 1874 duas
2734 1814 2947 1883 series,
2985 1832 3261 1891 quarum
3295 1816 3501 1894 prima
3538 1836 3686 1876 con-

272 1923 402 1978 stat
429 1917 715 1977 Psalmis
739 1916 838 1987 59,
864 1916 963 1985 61,
996 1916 1112 1975 114
1135 1920 1201 1974 et
1230 1914 1366 1974 115.
1390 1915 1494 1990 (In
1522 1931 1785 1975 armena
1811 1913 2185 1973 collectione
2212 1911 2473 1971 homilia
2500 1912 2562 1970 in
2591 1912 2695 1971 Ps.
2728 1912 2801 1970 14
2826 1918 2975 1989 post
3001 1912 3332 1973 homiliam
3358 1914 3420 1973 in
3447 1914 3686 1974 divites

276 2016 473 2084 venit,
516 2020 594 2075 ut
630 2015 695 2074 in
732 2019 894 2093 typo
933 2015 1008 2083 E,
1047 2018 1113 2073 et
1149 2014 1230 2073 ab
1270 2012 1549 2073 homiliis
1585 2012 1647 2071 in
1687 2012 1791 2071 Ps.
1836 2013 1887 2081 1,
1913 2011 2010 2081 59,
2037 2011 2135 2079 61,
2180 2010 2295 2069 114
2331 2016 2396 2069 ct
2438 2009 2553 2069 115
2588 2014 2809 2070 secuta
2847 2014 2967 2079 est,
3005 2010 3134 2069 fere
3173 2015 3245 2070 ut
3282 2011 3343 2071 in
3382 2017 3541 2091 typo
3581 2013 3638 2072 D
3670 2034 3683 2083 ;

277 2114 352 2174 cf.
379 2114 481 2173 W.
515 2114 893 2183 DRIESSEN,
929 2108 1059 2191 [0.c.
1088 2129 1281 2190 supra
1321 2110 1383 2171 in
1432 2111 1676 2171 Introd.
1708 2128 1767 2187 p.
1797 2110 1855 2178 3,
1878 2107 2051 2191 n.4,]
2096 2127 2156 2186 p.
2188 2108 2424 2185 75-76.)
2453 2108 2629 2167 Haec
2656 2108 3047 2169 documenta
3088 2108 3376 2186 profecto
3414 2109 3686 2188 vestigia

277 2212 566 2271 referunt
612 2209 1001 2289 antiquioris
1047 2208 1462 2278 condicionis,
1510 2227 1676 2287 quae
1722 2207 1945 2287 procul
1990 2206 2187 2267 dubio
2233 2207 2401 2266 sinet
2448 2207 2779 2285 quondam
2826 2205 3068 2284 aliquid
3116 2206 3273 2265 certi
3318 2207 3686 2284 dignoscere

277 2310 435 2369 circa
473 2310 792 2370 adiuncta
829 2307 1318 2385 compositionis
1353 2325 1427 2368 ac
1462 2306 1772 2385 pristinae
1808 2305 2132 2365 editionis.
2176 2304 2441 2365 Interim
2477 2305 2781 2364 lectorem
2817 2304 2954 2381 ipsa
2992 2309 3258 2364 monent
3294 2324 3368 2365 ac
3402 2305 3688 2366 invitant

278 2409 355 2468 ad
390 2407 934 2484 distinguendum
967 2406 1137 2465 inter
1169 2405 1459 2464 diversas
1492 2404 1811 2465 homilias.

440 2505 499 2565 3.
538 2504 695 2565 Plus
728 2522 926 2582 quam
962 2503 1079 2563 150
1109 2502 1548 2581 manuscripta
1586 2506 1850 2562 exstant
1883 2502 1959 2561 de
1994 2500 2271 2560 homiliis
2303 2518 2493 2577 super
2516 2499 2827 2560 Psalmos.
2855 2500 3157 2577 Princeps
3182 2500 3435 2561 Erasmi
3467 2500 3687 2571 editio,

283 2602 579 2662 Basileae
634 2602 811 2669 1532,
862 2601 1378 2679 manuscriptum
1427 2600 1697 2660 resumit
1744 2618 1775 2658 e
1824 2604 1983 2677 typo
2032 2600 2108 2668 A,
2157 2604 2313 2658 tunc
2364 2597 2790 2656 bibliothecae
2839 2597 3287 2673 Tubingensis,
3338 2618 3507 2658 nunc
3555 2598 3691 2658 Mo-

280 2702 574 2761 nacensis
601 2716 695 2778 gr.
733 2700 840 2759 141
872 2700 1063 2778 (saec.
1097 2699 1207 2775 X),
1246 2699 1510 2776 eiusque
1546 2702 1770 2757 textus
1799 2698 2031 2775 dignus
2060 2702 2161 2756 est
2190 2696 2298 2774 qui
2328 2714 2577 2774 semper
2614 2696 3017 2756 attendatur.
3052 2696 3286 2765 ,,Hanc
3314 2696 3687 2767 editionem,

279 2800 487 2877 inquit
524 2797 816 2867 Garnier,
850 2815 1104 2875 semper
1134 2798 1215 2856 ob
1248 2796 1465 2856 oculos
1497 2796 1716 2865 habui,
1751 2814 1831 2855 ex
1861 2813 2064 2873 eaque
2098 2794 2411 2855 adnotavi
2442 2794 2656 2855 varias
2688 2793 2996 2853 lectiones
3028 2812 3153 2853 non
3188 2793 3476 2872 paucas”
3505 2794 3687 2871 (P.G.

282 2897 375 2966 29,
417 2882 833 2957 CLXXVIII
872 2896 972 2973 A).
1016 2894 1305 2954 Editioni
1346 2894 1689 2954 Parisiensi
1728 2894 1879 2954 anni
1924 2893 2080 2953 1618
2119 2892 2261 2952 usui
2297 2892 2562 2952 fuerunt
2600 2892 3059 2952 tantummodo
3099 2892 3496 2953 variationes
3533 2910 3692 2952 non-

282 2995 489 3055 nullae
520 3013 558 3055 a
590 2995 672 3054 R.
705 2993 1113 3054 Montacutio
1145 2992 1435 3053 adiectae
1465 3011 1545 3052 ex
1575 3010 1702 3051 uno
1734 2991 1838 3051 vel
1867 2992 2121 3052 duobus
2152 2990 2609 3069 manuscriptis
2639 2989 2905 3067 anglicis
2935 3008 3061 3049 non
3094 2989 3390 3067 cognitis.
3425 2990 3693 3051 Garnier

280 3098 537 3152 textum
570 3110 764 3151 suum
795 3091 1015 3151 educit
1044 3110 1077 3150 e
1113 3091 1186 3151 15
1217 3089 1697 3168 manuscriptis,
1731 3108 2007 3168 quorum
2038 3108 2115 3149 en
2148 3089 2451 3149 elenchus
2483 3106 2629 3148 cum
2660 3088 2985 3147 hodiernis
3017 3088 3321 3158 numeris,
3355 3092 3593 3157 aetate,
3626 3092 3693 3147 et

281 3190 705 3250 collocatione
741 3190 928 3250 iuxta
966 3188 1431 3268 rudbergianos
1466 3194 1663 3267 typos
1703 3208 1715 3248 :

418 3338 624 3396 Regius
656 3339 677 3383 1
705 3338 879 3395 (nunc
909 3336 1078 3383 Paris.
1109 3349 1183 3396 gr.
1214 3337 1355 3395 476),
1384 3349 1522 3383 saec.
1556 3336 1627 3392 X,
1658 3336 1762 3384 D4.

418 3409 623 3467 Regius
654 3408 683 3454 2
707 3420 881 3465 (nunc
911 3407 1079 3455 Paris.
1109 3420 1185 3467 gr.
1215 3409 1358 3465 480),
1387 3421 1507 3454 saec
1538 3407 1609 3463 X,
1641 3407 1741 3455 O2.

418 3480 624 3539 Regius
653 3479 684 3527 3
708 3481 883 3539 (nunc
914 3480 1081 3527 Paris.
1111 3492 1187 3538 gr.
1218 3480 1359 3535 481),
1388 3492 1525 3526 saec.
1559 3478 1661 3534 XI,
1690 3480 1848 3525 extra
1877 3479 2085 3526 seriem.

420 3551 625 3611 Regius
653 3552 682 3597 4
708 3553 881 3610 (nunc
911 3551 1079 3597 Paris.
1110 3563 1186 3610 gr.
1216 3551 1317 3598 487
1345 3565 1357 3607 ;
1386 3551 1629 3610 optimae
1657 3552 1840 3605 notae,
1870 3549 2002 3597 dicit
2032 3550 2300 3609 Garnier),
2329 3562 2466 3596 saec.
2499 3549 2602 3603 XI,
2635 3549 2732 3596 O4.

420 3623 625 3681 Regius
653 3623 683 3668 5
708 3625 881 3680 (nunc
911 3622 1081 3669 Paris.
1110 3634 1186 3681 gr.
1218 3622 1360 3679 488),
1390 3635 1526 3668 saec.
1560 3621 1693 3676 XII,
1723 3621 1821 3669 G6.

420 3694 624 3749 Regius
652 3694 683 3740 6
706 3695 879 3751 (nunc
911 3693 1078 3740 Paris.
1108 3705 1183 3749 gr.
1214 3694 1357 3751 485),
1386 3706 1523 3739 saec.
1556 3693 1658 3747 XI,
1689 3692 1783 3740 L3.

421 3765 769 3813 Colbertinus
802 3766 821 3810 1
852 3767 1023 3822 (nunc
1054 3765 1219 3811 Paris.
1251 3777 1326 3823 gr.
1357 3765 1500 3823 486),
1529 3777 1666 3811 saec.
1700 3764 1833 3819 XII,
1862 3764 1945 3811 08.

427 3836 838 3954 ColbertinusF2
872 3837 1043 3894 (nunc
1083 3836 1249 3883 Paris.
1291 3850 1366 3893 gr.
1408 3836 1549 3893 497),
1588 3836 1822 3894 scriptus
1861 3847 2005 3881 anno
2045 3835 2145 3881 970
2184 3835 2236 3881 in
2277 3834 2605 3893 captivitate
2644 3834 2697 3879 in
2738 3833 2921 3880 Africa
2962 3832 3388 3891 Septentrionali
3428 3846 3459 3880 a
3496 3833 3694 3880 Niceta

427 3908 752 3954 )snathario.
834 3908 879 3954 1.

285 3908 752 3968 protospathario,
784 3908 879 3955 F1.

426 3979 772 4027 Colbertinus
800 3978 831 4025 3
854 3980 1024 4035 (nunc
1056 3978 1222 4025 Paris.
1252 3989 1328 4037 gr.
1358 3978 1504 4036 484),
1533 3990 1671 4024 saec.
1703 3976 1775 4033 X,
1805 3976 1895 4025 C2.

425 4050 772 4098 Colbertinus
799 4052 829 4097 4
854 4052 1024 4107 (nunc
1055 4050 1223 4096 Paris.
1253 4061 1329 4107 gr.
1360 4049 1461 4097 498
1488 4063 1499 4105 ;
1529 4049 1772 4108 optimae
1801 4052 1983 4103 notae,
2013 4048 2146 4095 dicit
2174 4047 2441 4106 Garnier),
2472 4061 2607 4095 saec.
2640 4048 2743 4102 XI,
2774 4046 2873 4093 D9.

428 4121 771 4170 Colbertinus
798 4122 829 4168 5
853 4124 1023 4181 (nunc
1055 4121 1221 4168 Paris.
1252 4132 1327 4177 gr.
1358 4120 1501 4179 482),
1531 4133 1668 4167 saec.
1702 4120 1805 4176 XI,
1837 4120 1939 4168 K3.

424 4192 772 4241 Colbertinus
800 4193 831 4240 6
854 4194 1026 4251 (nunc
1056 4193 1223 4239 Paris.
1253 4204 1329 4251 gr.
1359 4192 1502 4249 483),
1533 4204 1670 4239 saec.
1703 4192 1805 4245 XI,
1834 4194 1992 4237 extra
2020 4191 2229 4239 seriem.

427 4264 772 4313 Colbertinus
801 4264 830 4310 7
854 4266 1026 4323 (nunc
1056 4264 1223 4311 Paris.
1253 4275 1328 4323 gr.
1358 4263 1501 4321 962),
1530 4276 1669 4310 saec.
1701 4262 1855 4318 XIV,
1886 4263 1987 4310 B4.

427 4336 771 4384 Colbertinus
800 4336 830 4383 8
853 4337 1023 4394 (nunc
1052 4335 1220 4383 Paris.
1250 4346 1325 4392 gr.
1355 4335 1495 4394 491),
1524 4347 1662 4381 saec.
1695 4334 2027 4389 XIII-XIV,
2056 4334 2383 4380 coniunctus
2410 4345 2535 4379 cum
2564 4334 2611 4379 A
2639 4334 2700 4378 ut
2729 4332 2965 4379 videtur.

424 4406 787 4456 Coislinianus
810 4410 981 4467 (nunc
1008 4406 1165 4455 Coisl.
1195 4406 1297 4454 230
1323 4421 1334 4464 ;
1365 4406 1829 4461 mendosissimus,
1859 4405 1936 4453 ait
1968 4405 2235 4464 Garnier),
2266 4417 2404 4451 saec.
2440 4404 2623 4459 IX-X,
2654 4404 2759 4449 MS.

447 4545 605 4604 Fere
638 4562 867 4604 omnes
899 4543 963 4603 hi
995 4544 1248 4603 codices
1280 4548 1497 4604 aetate
1530 4547 1683 4603 sunt
1716 4542 2126 4621 spectabiles.
2164 4541 2395 4603 Gravis
2428 4547 2628 4620 typus
2660 4541 2737 4611 A,
2781 4542 2943 4620 proh
2986 4540 3186 4610 dolor,
3230 4560 3359 4601 non
3393 4546 3687 4619 apparet,

290 4641 406 4702 nisi
446 4643 508 4702 in
554 4642 842 4702 editione
884 4641 1171 4720 principe
1213 4646 1279 4701 et
1321 4642 1599 4702 fortasse
1642 4641 1705 4701 in
1751 4640 2120 4702 Colbertino
2164 4640 2221 4701 8.
2271 4640 2333 4700 Si
2375 4645 2546 4699 recte
2589 4645 2653 4699 et
2696 4640 2855 4700 satis
2897 4658 3047 4699 suas
3090 4639 3389 4717 optiones
3434 4638 3701 4701 Garnier

291 4740 656 4810 adnotavit,
697 4740 835 4819 ipse
873 4740 1168 4818 sequitur
1204 4740 1423 4818 potius
1465 4740 1561 4800 O4
1599 4744 1665 4798 et
1705 4739 1849 4809 D9;
1892 4739 2118 4818 utique
2158 4743 2358 4817 typus
2399 4738 2473 4808 Ο,
2515 4738 2694 4798 cuius
2736 4743 3141 4797 momentum
3182 4738 3477 4797 nondum
3514 4737 3699 4815 plene

291 4838 720 4917 cognoscitur,
766 4856 896 4898 non
942 4837 1134 4898 nimis
1178 4842 1401 4898 autem
1446 4838 1655 4915 urgeri
1700 4838 1914 4907 debet,
1963 4853 2276 4915 magnum
2321 4836 2552 4897 habuit
2597 4837 2851 4915 pondus
2896 4836 2958 4895 in
3006 4835 3463 4895 constituendo
3513 4840 3701 4896 textu

294 4938 604 4996 maurino.

452 5035 509 5095 4.
544 5033 739 5096 Nulla
776 5038 996 5095 exstat
1031 5034 1443 5095 homiliarum
1479 5052 1670 5112 super
1705 5034 1997 5095 Psalmos
2032 5032 2242 5093 versio
2280 5032 2609 5102 hodierna,
2636 5051 2750 5092 nec
2787 5050 3017 5111 parum
3053 5031 3425 5101 dolendum,
3451 5032 3601 5109 quia
3637 5031 3701 5091 in

292 5130 410 5191 illis
440 5133 721 5194 maxime
751 5132 1085 5202 invenitur
1114 5132 1416 5203 Basilius,
1449 5138 1521 5193 ut
1550 5132 1642 5193 ita
1674 5132 1907 5201 dicam,
1940 5131 2101 5191 alius
2134 5132 2463 5209 Origenes,
2496 5132 2682 5209 quasi
2714 5131 3028 5209 mysticus
3058 5151 3071 5199 ;
3104 5149 3230 5189 non
3263 5130 3529 5190 moralia
3560 5134 3705 5190 tan-

294 5234 452 5301 tum,
484 5249 601 5291 nec
634 5230 1082 5309 philosophica
1116 5230 1403 5308 loquitur
1432 5251 1445 5300 ;
1480 5249 1606 5290 non
1640 5230 2285 5309 circumspectionem
2319 5248 2433 5289 nec
2465 5230 2883 5289 severitatem
2916 5228 3205 5288 ostendit
3238 5246 3365 5306 qua
3398 5228 3703 5305 pleraque

294 5327 424 5387 eius
464 5347 657 5408 opera
701 5328 984 5390 ascetica
1029 5328 1316 5407 pollent;
1361 5329 1471 5387 sed
1516 5329 1595 5388 de
1637 5328 1795 5399 Deo,
1842 5330 1919 5388 de
1964 5328 2241 5397 Christo,
2287 5328 2363 5387 de
2417 5327 2728 5397 Ecclesia,
2784 5328 2860 5386 de.
2913 5326 3335 5387 sacramentis
3387 5325 3703 5386 mirabilia

294 5428 575 5504 exponit.
618 5427 791 5487 Scire
828 5425 1063 5486 vellem
1099 5426 1335 5505 quibus
1371 5426 1704 5504 discipulis
1739 5426 2041 5487 homiliae
2078 5444 2269 5504 super
2306 5426 2599 5485 Psalmos
2636 5426 2735 5495 28,
2775 5425 2873 5494 29,
2912 5425 3011 5494 32,
3051 5426 3149 5495 33,
3188 5425 3287 5494 44,
3326 5424 3405 5484 48
3442 5422 3704 5484 habitae

296 5530 462 5593 sunt,
499 5530 565 5585 et
602 5543 731 5605 quo
771 5524 1040 5584 definito
1079 5524 1253 5584 vitae
1290 5524 1515 5585 Basilii
1552 5529 1863 5602 tempore.
1902 5560 1981 5566 —
2019 5524 2450 5584 Homiliarum
2486 5524 2548 5582 in
2590 5524 2696 5581 Ps.
2742 5525 2765 5581 1
2808 5528 2871 5581 et
2911 5523 2971 5581 in
3014 5524 3118 5582 Ps.
3157 5522 3235 5583 59
3272 5524 3460 5583 adest
3497 5520 3705 5580 versio

296 5623 556 5701 antiqua
598 5623 843 5691 Rufini,
869 5622 1051 5682 cuius
1074 5627 1331 5682 textum
1369 5622 1660 5683 invenies
1707 5623 1769 5683 in
1826 5623 1895 5682 P.
1939 5622 2012 5683 G.
2053 5623 2152 5692 31,
2198 5622 2547 5682 1723-1733
2585 5626 2650 5680 et
2696 5620 3044 5680 1790-1794
3080 5620 3213 5698 (Cfr
3259 5620 3501 5680 Introd.
3543 5637 3604 5697 p.
3646 5619 3704 5688 3,

298 5720 325 5794 §
362 5720 463 5791 1v,
496 5742 556 5783 η.
590 5721 675 5798 8).

1837 5919 2169 5979 ...ιι-
