4206 6498
937 328 1007 399 8.
1046 327 1255 398 Libri
1293 326 1656 399 adversus
1694 327 2163 399 Eunomium
2196 326 2424 423 (circa
2462 327 2629 423 363)
2681 327 2897 423 (P.G.
2936 329 3056 416 29,
3091 329 3473 426 495-768).

676 505 728 564 1.
764 501 1143 581 Disputatio
1183 502 1494 563 adversus
1533 502 1950 572 Eunomium,
1990 500 2288 565 arianum
2326 508 2692 563 extremum
2729 508 2795 563 et
2832 500 3351 582 peripateticum,
3395 504 3611 582 potius
3647 506 3949 565 techno-

506 602 725 680 logum
758 618 956 679 quam
988 599 1385 677 theologum,
1417 600 1481 660 in
1515 599 1653 678 ipso
1687 599 1871 660 initio
1904 598 2271 661 litterarum
2304 618 2527 661 cursus
2560 600 2784 663 Basilii
2817 600 3188 662 collocatur.
3224 601 3503 663 Basilius
3534 602 3668 681 ipse
3705 603 3800 662 de
3838 602 3949 661 his

505 699 685 762 libris
729 698 1016 777 loquitur
1059 697 1123 757 in
1169 697 1442 776 epistola
1488 698 1568 758 20
1611 716 1847 775 eosque
1892 716 2020 758 non
2066 699 2263 758 semel
2308 703 2646 769 memorat,
2693 698 3109 777 potissimum
3152 699 3216 759 in
3263 699 3524 778 prologo
3572 701 3694 770 ,,de
3750 699 3946 761 fide"

504 798 807 877 Operibus
837 794 1133 856 asceticis
1162 795 1385 855 addito
1414 795 1598 873 (P.G.
1630 796 1729 865 31,
1762 795 1882 855 677
1912 795 1989 866 B;
2021 796 2115 856 cfr
2143 795 2342 857 etiam
2373 796 2682 875 epistolas
2712 796 2790 857 25
2820 801 2886 856 et
2915 796 3055 867 223,
3088 797 3170 873 5).
3206 796 3546 874 Gregorius
3576 798 3950 876 Nyssenus

504 899 570 956 et
597 895 1037 971 Hieronymus
1062 911 1224 972 opus
1249 898 1784 963 commemorant,
1812 893 2277 964 Theodoretus,
2306 894 2617 954 Leontius
2642 894 3053 972 Byzantinus
3077 899 3144 954 et
3171 894 3442 955 Severus
3466 895 3949 956 Antiochenus

503 1011 585 1054 ex
618 992 863 1053 eodem-
884 992 1057 1051 locos
1092 990 1401 1051 referunt.

711 1090 769 1149 2.
805 1088 1004 1149 Primi
1044 1092 1178 1148 tres
1218 1088 1362 1148 libri
1404 1088 1755 1151 dumtaxat
1796 1088 2159 1149 authentici
2199 1092 2374 1149 sunt.
2425 1089 2561 1149 Iam
2603 1089 2914 1150 Erasmus
2954 1107 3036 1149 ex
3075 1088 3278 1151 latina
3321 1089 3615 1150 versione
3658 1090 3947 1168 Georgii

503 1186 968 1267 Trapezuntini
996 1186 1384 1264 ﬂagrantem
1414 1190 1761 1247 notaverat
1790 1186 2227 1248 differentiam
2257 1205 2423 1265 quae
2452 1187 2623 1265 stylo
2652 1192 2719 1247 et
2748 1187 3058 1247 methodo
3087 1186 3285 1247 libros
3320 1187 3406 1247 IV
3435 1192 3501 1247 et
3529 1188 3587 1246 V
3617 1207 3651 1249 a
3684 1190 3949 1248 ceteris

511 1289 791 1365 separat.
828 1285 1167 1363 (Erasmus
1205 1303 1239 1343 a
1282 1284 1550 1345 Garnier
1582 1283 1763 1359 (P.G.
1803 1283 1902 1354 29,
1943 1284 2285 1345 CCXXXI
2321 1285 2402 1361 Α)
2439 1289 2505 1343 et
2542 1285 2623 1345 ab
2662 1284 2965 1345 omnibus
3002 1288 3232 1363 utpote
3270 1285 3679 1346 adversarius
3719 1287 3949 1348 datur

503 1381 1031 1446 authenticitatis
1069 1382 1379 1442 librorum
1424 1382 1508 1442 IV
1546 1386 1611 1442 et
1648 1382 1704 1441 V
1742 1382 2053 1443 adversus
2090 1382 2507 1452 Eunomium,
2548 1400 2735 1443 nemo
2773 1387 2995 1443 tamen
3032 1382 3201 1443 illius
3239 1381 3452 1443 locum
3489 1383 3764 1454 indicat,
3812 1402 3945 1444 nec

503 1482 865 1561 quidquam
906 1480 1125 1540 inveni
1166 1480 1230 1540 in
1273 1479 1443 1539 illius
1485 1479 1887 1558 praefatione
1930 1479 2233 1540 editionis
2273 1480 2663 1541 Basileensis
2704 1480 2855 1541 anni
2901 1480 3079 1541 1532.
3126 1480 3606 1541 Praefationem
3648 1483 3732 1543 ad
3784 1500 3948 1541 ver-

503 1580 753 1640 sionem
780 1578 1053 1639 latinam
1077 1581 1403 1639 tractatus
1428 1578 1505 1637 de
1534 1577 1776 1656 Spiritu
1806 1578 2042 1639 Sancto
2066 1577 2408 1655 (Basileae,
2441 1578 2623 1655 1532)
2649 1578 2975 1639 consulere
3000 1597 3130 1639 non
3159 1577 3364 1656 potui,
3392 1596 3541 1638 curn
3566 1579 3629 1639 in
3658 1581 3946 1640 duobus

506 1677 988 1757 exemplaribus
1028 1676 1474 1736 Bibliothecae
1515 1675 1873 1738 Vaticanae
1914 1676 2082 1736 illius
2124 1695 2358 1737 nomen
2403 1675 2745 1754 vigilanter
2784 1694 3042 1737 erasum
3082 1676 3187 1745 sit,
3232 1676 3294 1735 in
3339 1676 3564 1736 odium
3606 1678 3943 1747 auctoris,

502 1781 569 1837 et
601 1775 755 1837 folia
788 1773 1211 1854 praefationis
1245 1773 1469 1834 avulsa
1505 1772 1680 1850 sint).
1718 1773 1937 1834 Editio
1972 1774 2269 1853 princeps
2298 1774 2634 1852 (Venetiis,
2663 1774 2842 1851 1535)
2868 1780 3002 1835 tres
3035 1774 3275 1852 primos
3302 1772 3496 1834 libros
3529 1775 3697 1835 solos
3720 1776 3945 1836 habe-

504 1876 650 1943 bat;
681 1876 1030 1951 sequentes
1059 1870 1296 1931 adiecti
1324 1876 1477 1931 sunt
1507 1890 1542 1932 a
1574 1871 1635 1931 J.
1663 1871 1965 1933 Cornario
1996 1872 2058 1932 in
2082 1872 2432 1932 reeditione
2462 1872 2637 1950 apud
2660 1872 2985 1933 Basileam
3012 1871 3161 1931 1551
3193 1892 3207 1941 ;
3238 1871 3301 1932 in
3334 1871 3662 1932 codicibus
3690 1878 3943 1934 autem

500 1971 765 2049 graecis,
812 1969 1013 2030 etiam
1057 1968 1121 2029 in
1168 1968 1290 2027 illis
1334 1969 1445 2047 qui
1488 1969 1867 2030 Venetianis
1910 1968 2267 2030 editoribus
2312 1975 2570 2049 praesto
2616 1969 2900 2040 fuerunt,
2946 1969 3090 2029 libri
3135 1970 3421 2048 quinque
3465 1969 3938 2032 inveniuntur.

506 2069 773 2130 Garnier
814 2067 1055 2146 pariter
1096 2067 1669 2128 authenticitatem
1713 2067 2021 2128 librorum
2071 2069 2158 2127 IV
2198 2073 2265 2127 et
2307 2068 2363 2127 V
2406 2068 2819 2146 impugnavit
2858 2068 2955 2145 (P.
3003 2067 3077 2128 G.
3122 2068 3221 2137 29,
3266 2068 3937 2146 CCXXXI-CCXL).

505 2167 669 2228 F.X.
704 2166 897 2227 Funk
929 2164 1187 2225 criticae
1220 2165 1512 2226 internae
1547 2164 1762 2226 allatis
1796 2166 2006 2227 causis
2038 2165 2514 2227 demonstravit
2548 2166 2742 2225 libros
2782 2166 2867 2225 IV
2900 2171 2966 2226 et
2998 2166 3075 2235 V,
3112 2166 3325 2227 adhuc
3356 2165 3691 2238 indivisos,
3726 2169 3942 2229 effor-

504 2283 679 2326 mare
717 2264 1003 2343 primum
1036 2263 1273 2323 librum
1310 2263 1411 2323 cui
1447 2263 1795 2323 remittunt
1832 2282 2025 2342 opera
2063 2264 2141 2324 de
2177 2264 2496 2324 Trinitate
2532 2269 2598 2323 et
2635 2264 2713 2323 de
2752 2263 2994 2342 Spiritu
3031 2264 3271 2324 Sancto
3308 2282 3343 2323 a
3381 2264 3668 2342 Didymo
3707 2264 3936 2326 Caeco

504 2367 771 2424 exarata
810 2361 945 2439 (Cfr
984 2361 1148 2421 F.X.
1192 2360 1415 2431 FUNK,
1458 2360 2194 2439 Kirchengeschichtliche
2232 2361 2730 2439 Abhandlungen
2775 2360 2904 2420 und
2952 2360 3501 2439 Unlersuchungen
3548 2362 3630 2431 ΙΙ,
3675 2362 3939 2424 Pader-

505 2462 768 2529 bornae,
818 2458 994 2528 1899,
1039 2476 1116 2536 p..
1143 2458 1416 2519 291-329
1455 2463 1519 2518 et
1567 2459 1687 2529 III,
1736 2458 1912 2529 1907,
1956 2477 2016 2537 p.
2058 2459 2377 2536 311-323).
2420 2458 2805 2538 Nuperrime
2845 2458 3178 2519 dubitavit
3208 2458 3278 2519 L.
3311 2458 3795 2520 DOUTRELEAU
3841 2479 3934 2521 an

510 2576 735 2636 reapse
775 2557 1100 2635 Didymus
1140 2556 1375 2616 librum
1416 2557 1494 2616 de
1535 2556 1855 2618 Trinitate
1896 2557 2345 2635 conscripserit
2388 2577 2399 2617 :
2442 2557 2529 2617 Le
2567 2557 2661 2616 De
2706 2556 3009 2617 Trinitale
3049 2555 3211 2616 est-il
3248 2556 3495 2616 l’wuvre
3533 2556 3604 2615 de
3642 2557 3939 2635 Didyme

507 2654 803 2733 l’aveugle
827 2654 857 2715 ?
886 2654 950 2714 in
981 2652 1346 2714 Recherches
1374 2653 1446 2714 de
1477 2654 1725 2715 Science
1753 2653 2121 2732 Religieuse,
2156 2655 2355 2725 XLV,
2393 2654 2569 2724 1957,
2602 2673 2662 2732 p.
2696 2654 2987 2714 514-557.
3027 2653 3221 2713 Istius
3251 2653 3395 2713 libri
3426 2654 3681 2714 dicendi
3709 2670 3935 2732 genus

505 2756 588 2815 ab
615 2772 733 2814 usu
760 2752 1028 2831 Didymi
1051 2752 1115 2811 in
1139 2752 1327 2812 novis
1349 2752 1675 2830 opusculis
1698 2753 1760 2812 in
1784 2753 1954 2832 'I‘ura
1978 2753 2264 2813 inventis
2287 2753 2582 2822 distaret,
2609 2753 2780 2830 quod
2807 2751 3287 2812 discutiendum
3311 2751 3431 2811 erit
3455 2754 3715 2830 quando
3741 2773 3934 2815 nova

503 2850 815 2930 opuscula
855 2851 1150 2910 edentur.
1192 2849 1588 2910 Doutreleau
1629 2868 1953 2929 nusquam
1992 2851 2187 2911 libros
2226 2852 2536 2911 adversus
2576 2849 2973 2910 Eunomium
3010 2849 3295 2918 invocat,
3336 2867 3452 2909 nec
3490 2850 3931 2910 eruditissimi

506 2949 626 3008 viri
669 2949 834 3009 F.X.
882 2947 1073 3007 Funk
1114 2947 1455 3018 meminit;
1501 2948 1659 3007 dum
1702 2953 1920 3009 autem
1968 2947 2204 3008 librum
2248 2949 2327 3008 de
2372 2948 2613 3026 Spiritu
2660 2947 2921 3017 Sancto,
2967 2948 3141 3025 quod
3186 2946 3471 3024 Didymo
3517 2947 3737 3025 negari
3783 2967 3929 3008 non

503 3051 741 3126 potest,
770 3045 1031 3107 aﬂinem
1056 3062 1197 3105 esse
1222 3044 1382 3105 libro
1410 3045 1487 3104 de
1514 3045 1835 3106 Trinitate
1863 3045 2157 3106 concedit
2180 3046 2267 3124 (p.
2297 3046 2461 3123 555),
2489 3045 2744 3108 imitare
2771 3046 2941 3105 hunc
2966 3045 3202 3105 librum
3231 3043 3499 3122 Didymi
3525 3050 3929 3122 argumenta

502 3144 759 3223 probari
808 3161 994 3222 posse
1042 3143 1345 3204 afﬁrmat.
1402 3143 1668 3204 Interim
1714 3143 1778 3203 in
1838 3144 2034 3217 dubio
2092 3143 2508 3222 relinquenda
2570 3148 2723 3203 sunt
2771 3142 2987 3204 omnia
3034 3142 3183 3202 ista.
3243 3142 3304 3202 J.
3364 3142 3584 3202 Lebon
3642 3144 3931 3204 tandem

504 3243 828 3321 syriacum
858 3240 1110 3301 invenit
1139 3240 1581 3319 fragmentum
1615 3241 1898 3319 Didymo
1931 3259 2094 3320 opus
2124 3242 2450 3302 ascribens
2486 3240 2621 3320 (Cfr
2660 3242 2723 3302 J.
2756 3242 3018 3311 LEBON,
3060 3240 3145 3299 Le
3184 3239 3675 3300 Pseudo-Basile
3711 3242 3925 3316 (Adv.

504 3340 902 3401 Eunomium
935 3338 1133 3415 IV-V)
1159 3341 1243 3397 est
1266 3338 1402 3399 bien
1430 3338 1700 3416 Didyme
1723 3339 2187 3409 d’Alexandrie,
2214 3340 2278 3399 in
2304 3340 2389 3399 Le
2413 3338 2705 3409 Muse’on,
2732 3340 2804 3409 L,
2837 3338 3014 3409 1937,
3044 3357 3103 3417 p.
3132 3338 3342 3398 61-83.
3372 3338 3592 3399 Codex
3616 3339 3926 3416 syriacus

502 3443 604 3498 est
632 3436 1061 3497 Londinensis
1090 3436 1256 3496 Mus.
1286 3436 1451 3496 Brit.
1482 3438 1652 3497 Add.
1691 3437 1908 3507 17201,
1940 3455 2105 3498 saec.
2140 3438 2229 3497 VI
2259 3437 2364 3497 vel
2400 3437 2528 3496 VII
2562 3458 2574 3497 :
2609 3436 2973 3515 Kephalaia
3013 3436 3187 3496 dicta
3226 3454 3262 3497 a
3302 3435 3588 3513 Didymo
3629 3436 3929 3499 Alexan-

504 3535 687 3595 drino
726 3538 950 3594 contra
988 3533 1309 3611 Arianos).
1347 3534 1518 3594 Hinc
1554 3534 1727 3594 idem
1761 3535 1983 3595 Lebon
2022 3535 2358 3596 existimat
2395 3535 2591 3594 libros
2626 3540 2884 3595 nostros
2928 3534 3012 3594 IV
3049 3538 3115 3593 et
3149 3533 3207 3592 V
3245 3552 3447 3593 unum
3483 3533 3786 3611 idemque
3828 3534 3930 3595 ef-

501 3633 781 3694 formare
811 3649 994 3710 opus,
1027 3631 1217 3691 hodie
1246 3632 1431 3691 initio
1464 3632 1791 3692 mutilum.
1820 3633 1908 3709 (J.
1941 3634 2203 3703 LEBON,
2239 3632 2481 3693 ibidem.
2522 3633 2591 3692 In
2624 3632 2927 3692 omnibus
2956 3631 3085 3691 fere
3116 3631 3445 3691 codicibus
3474 3631 3718 3708 graecis
3746 3649 3927 3710 opus

504 3730 775 3809 Didymi
810 3730 957 3805 (sub
1000 3729 1258 3789 nomine
1299 3729 1547 3807 Basilii)
1589 3750 1715 3790 uno
1756 3735 2020 3790 tantum
2061 3731 2221 3790 libro
2264 3730 2713 3800 concluditur;
2756 3730 2819 3789 in
2862 3730 2960 3789 his
3000 3726 3302 3788 omnibus
3341 3728 3570 3806 incipit
3610 3729 3923 3807 abrupte,

502 3830 615 3889 sed
653 3829 773 3888 hoc
810 3827 1070 3887 initium
1107 3827 1238 3888 iam
1276 3845 1311 3888 a
1349 3827 1690 3888 Timotheo
1728 3827 1965 3889 Aeluro
2003 3828 2321 3905 refertur).
2364 3828 2551 3903 Quod
2590 3828 2852 3906 quidem
2899 3844 3062 3905 opus
3108 3826 3291 3885 venit
3337 3825 3595 3886 nomine
3643 3826 3926 3905 Didymi

502 3928 676 4006 apud
704 3944 893 3986 suum
920 3928 1273 3986 dumtaxat
1298 3925 1623 4004 syriacum
1650 3926 1957 3995 codicem,
1988 3926 2244 3985 nomine
2272 3944 2423 3985 vero
2452 3925 2674 3986 Basilii
2702 3926 2877 4004 apud
2903 3924 3321 3985 Timotheum
3345 3923 3678 4009 Aelurum,
3706 3924 3926 3985 Theo-

502 4026 732 4085 dorum
767 4023 1305 4093 Alexandrinum,
1346 4023 1631 4102 Ephrem
1666 4025 2169 4094 Antiochenum,
2202 4024 2549 4084 Leontium
2585 4023 3050 4102 Byzantinum,
3091 4021 3434 4082 concilium
3471 4022 3923 4083 Lateranense

501 4122 680 4201 (anni
720 4122 887 4199 649),
918 4122 1094 4200 apud
1134 4120 1519 4182 Doctrinam
1560 4123 1833 4183 Patrum
1874 4123 1951 4181 de
1990 4122 2434 4183 incarnatione
2473 4122 2711 4191 Verbi;
2776 4121 2905 4184 iam
2946 4120 3282 4199 cognitum
3320 4124 3420 4179 est
3461 4124 3693 4197 utpote
3732 4120 3923 4198 operi

502 4221 816 4282 adversus
852 4219 1250 4279 Eunomium
1286 4219 1614 4280 adiectum
1657 4220 2015 4281 Iustiniano
2051 4224 2118 4280 et
2153 4219 2418 4280 concilio
2457 4219 2828 4299 Hispalensi
2863 4237 3012 4279 ann.
3050 4218 3191 4278 619.

667 4318 725 4379 3.
762 4316 1054 4378 Traditio
1106 4317 1550 4395 manuscripta
1601 4334 1828 4395 graeca
1881 4337 2008 4378 non
2063 4319 2378 4379 abundat.
2431 4317 2875 4396 Manuscripta
2927 4320 3080 4377 sunt
3131 4315 3230 4385 27,
3285 4333 3564 4393 quorum
3613 4333 3691 4374 en
3744 4316 3923 4376 anti-

501 4416 817 4495 quissima
851 4435 865 4475 :

643 4579 994 4628 Atheniensis
1024 4578 1166 4625 Bibl.
1198 4578 1328 4625 Nat.
1364 4579 1444 4635 10,
1474 4593 1611 4627 saec.
1644 4580 1715 4628 X.

642 4652 979 4700 Athonensis
1008 4651 1299 4698 Lavrensis
1327 4650 1447 4708 225,
1478 4664 1616 4699 saec.
1648 4651 1751 4699 XI.

642 4724 978 4771 Athonensis
1006 4722 1423 4782 Vatopedianus
1450 4723 1536 4781 68,
1565 4736 1703 4771 saec.
1735 4722 1869 4771 XII.

644 4795 931 4843 Lesbensis
960 4794 1010 4850 6,
1038 4807 1177 4841 saec.
1209 4794 1343 4842 XII.

644 4865 1064 4913 Mediolanensis
1092 4866 1492 4913 Ambrosianus
1525 4867 1677 4922 1011,
1707 4878 1845 4912 saec.
1876 4865 1978 4913 XI.

642 4938 983 4997 Mosquensis
1014 4938 1150 4984 Mus.
1182 4937 1328 4985 Hist.
1357 4936 1516 4984 Vlad.
1551 4938 1668 4993 122,
1698 4950 1837 4984 saec.
1870 4937 1940 4985 X.

642 5009 984 5068 Mosquensis
1014 5009 1151 5056 Mus.
1184 5008 1329 5056 Hist.
1359 5008 1516 5056 Vlad.
1551 5008 1668 5064 127,
1697 5021 1836 5055 saec.
1867 5009 1970 5056 XI.

641 5081 981 5127 Monacensis
1009 5081 1112 5127 466
1134 5081 1311 5139 (cuius
1340 5082 1491 5127 aetas
1520 5093 1627 5127 non
1659 5080 1974 5138 indicatur).

642 5152 967 5199 Oxoniensis
997 5151 1152 5198 Bodl.
1185 5151 1409 5198 Barocc.
1440 5151 1561 5209 222,
1591 5164 1730 5199 saec.
1763 5151 1897 5198 XII.

642 5224 960 5270 Parisiensis
987 5235 1063 5281 gr.
1094 5222 1215 5279 500,
1245 5235 1383 5269 saec.
1417 5223 1519 5270 XI.

642 5295 959 5341 Parisiensis
986 5306 1063 5354 gr.
1094 5293 1215 5349 965,
1245 5306 1383 5341 saec.
1416 5294 1518 5341 XI.

642 5366 959 5414 Parisiensis
987 5377 1063 5425 gr.
1094 5364 1215 5421 966,
1245 5378 1383 5413 saec.
1416 5366 1518 5413 XI.

641 5437 951 5485 Patmensis
984 5437 1103 5493 184,
1133 5448 1273 5483 saec.
1304 5436 1407 5485 XI.

640 5508 943 5556 Vaticanus
973 5508 1149 5556 Palat.
1180 5520 1257 5567 gr.
1288 5507 1409 5564 216,
1438 5520 1575 5555 saec.
1608 5508 1679 5555 X.

640 5579 942 5628 Vaticanus
970 5591 1046 5640 gr.
1076 5580 1201 5637 408,
1231 5592 1369 5627 saec.
1401 5580 1472 5627 X.

638 5651 979 5700 Venetianus
1009 5652 1059 5699 S.
1092 5650 1261 5698 Marci
1290 5652 1375 5707 58,
1404 5663 1542 5698 saec.
1574 5650 1645 5699 X.

638 5722 979 5771 Venetianus
1009 5723 1060 5770 S.
1091 5722 1260 5769 Marci
1288 5721 1373 5780 66,
1402 5734 1542 5771 saec.
1571 5722 1707 5771 XII.

2039 5892 2369 5951 ...12-

628 6477 1277 6495 ____________
