4206 6482
446 317 592 381 Sola
635 317 856 379 versio
900 318 1154 397 syriaca
1196 335 1487 379 seorsum
1530 317 1725 379 libros
1774 318 1939 379 I-III
1981 324 2047 379 et
2090 319 2287 380 libros
2336 320 2511 381 IV-V
2553 320 2781 382 tradit.
2835 321 3065 383 Libros
3123 323 3285 384 I-III
3329 326 3446 387 dat
3489 328 3694 388 codex

264 416 566 494 syriacus
592 415 1035 477 Londinensis
1064 415 1228 477 Mus.
1260 415 1427 477 Brit.
1459 414 1630 476 Add.
1668 416 1888 487 17145,
1921 434 2085 479 saec.
2117 416 2419 479 VIII-IX
2448 438 2463 489 ;
2505 418 2702 479 libros
2738 419 2914 480 IV-V
2940 420 3031 498 (in
3072 420 3232 482 libro
3274 425 3426 501 uno)
3456 424 3694 485 Londi-

266 514 497 576 nensis
528 514 696 575 Mus.
732 512 903 575 Brit.
942 512 1047 575 Or.
1082 512 1265 585 8606,
1301 513 1455 576 anni
1488 514 1753 576 Domini
1789 514 1927 576 723.

442 613 502 673 4.
530 612 751 672 Editio
776 611 1074 692 princeps
1098 611 1438 689 (Venetiis,
1478 612 1660 689 1535)
1694 617 1868 673 certo
1902 612 2307 674 fundabatur
2338 632 2530 693 super
2563 633 2767 675 unum
2800 633 2833 675 e
2866 616 3052 676 bonis
3086 617 3489 679 Bessarionis
3522 621 3695 681 codi-

266 710 481 782 cibus,
508 728 680 772 nunc
710 710 770 771 S.
799 709 998 771 Marci
1024 708 1105 771 58
1128 709 1234 771 vel
1257 710 1356 781 66,
1384 711 1520 772 eius
1543 725 1691 787 ergo
1716 715 1941 771 textus
1965 710 2199 789 dignus
2224 716 2325 770 est
2350 712 2461 790 qui
2486 714 2889 774 attendatur.
2919 714 3151 774 Nescio
3179 735 3335 775 num
3361 735 3441 777 ex
3465 719 3688 778 eodem

266 809 725 888 manuscripto
761 808 1105 870 Cornarius
1137 806 1511 869 adiunxerit
1544 827 1715 871 anno
1754 808 1903 870 1551
1943 808 2141 868 libros
2181 808 2265 868 IV
2289 814 2354 868 et
2375 809 2451 869 V.
2491 810 2613 869 Pro
2648 810 2931 871 editione
2966 812 3312 873 Parisiensi
3344 833 3493 875 ann.
3535 816 3690 877 1618

264 907 571 969 Fronton
614 908 703 968 du
746 906 891 967 Duc
933 906 1322 968 hodiernum
1364 924 1623 986 quoque
1668 906 1871 968 Paris.
1913 922 2007 985 gr.
2052 905 2173 967 503
2210 906 2404 985 (saec.
2451 907 2639 984 XIV)
2691 909 3035 980 consuluit,
3092 928 3217 980 ,,ex
3259 929 3408 990 quo,
3453 912 3687 992 inquit,

264 1005 486 1067 multa
522 1004 659 1068 loca
697 1003 1263 1066 emendavimus“.

442 1104 502 1166 5.
539 1101 891 1183 Sequentia
928 1102 1375 1182 manuscripta
1414 1101 1684 1164 Garnier
1719 1101 1862 1163 usui
1897 1100 2163 1163 fuerunt
2201 1122 2214 1162 :

417 1270 623 1330 Regius
653 1270 677 1317 1
705 1270 879 1328 (nunc
907 1267 1075 1316 Paris.
1104 1278 1182 1328 gr.
1215 1267 1389 1328 1258),
1417 1280 1555 1316 saec.
1588 1266 1740 1316 XVI.

419 1341 623 1402 Regius
648 1340 682 1388 2
705 1342 878 1400 (nunc
907 1339 1076 1387 Paris.
1104 1350 1183 1400 gr.
1213 1338 1335 1395 503,
1362 1352 1393 1387 ει
1422 1338 1667 1387 Fronton
1696 1338 1769 1386 du
1798 1338 1919 1387 Duc
1946 1340 2055 1387 iam
2084 1338 2355 1399 collatus),
2384 1351 2520 1387 saec.
2554 1339 2705 1388 XIV.

418 1413 623 1474 Regius
649 1412 683 1461 3
705 1413 880 1472 (nunc
907 1411 1077 1460 Paris.
1105 1422 1185 1471 gr.
1214 1409 1357 1469 966),
1385 1422 1525 1458 saec.
1556 1410 1659 1459 XI.

419 1485 624 1545 Regius
651 1485 683 1532 4
707 1485 881 1544 (nunc
910 1483 1079 1531 Paris.
1108 1493 1186 1543 gr.
1215 1482 1359 1542 956),
1386 1494 1525 1530 saec.
1556 1481 1711 1530 XIV.

418 1556 622 1617 Regius
649 1556 681 1604 5
704 1554 879 1615 (nunc
908 1554 1076 1602 Paris.
1105 1564 1183 1614 gr.
1213 1553 1354 1613 969),
1383 1566 1521 1601 saec.
1552 1552 1705 1601 XIV.

416 1628 621 1688 Regius
648 1626 681 1676 6
701 1628 877 1687 (nunc
904 1625 1073 1674 Paris.
1103 1636 1181 1685 gr.
1214 1625 1387 1685 1301),
1416 1638 1554 1673 saec.
1587 1624 1750 1673 XIII.

418 1698 764 1748 Colbertinus
785 1698 957 1759 (nunc
985 1697 1154 1746 Paris.
1182 1708 1259 1757 gr.
1288 1696 1389 1745 965
1416 1711 1429 1754 ;
1456 1699 1622 1744 notae
1650 1696 1942 1757 perbonae,
1970 1695 2049 1744 ait
2077 1695 2344 1754 Garnier),
2372 1708 2509 1743 saec.
2542 1697 2643 1745 XI.

441 1845 798 1905 Universos
832 1862 996 1923 quos
1029 1842 1093 1904 in
1131 1847 1439 1922 promptu
1476 1842 1707 1903 habuit
1742 1841 1995 1901 codices
2030 1840 2354 1902 consuluit
2392 1842 2679 1913 Garnier,
2717 1844 2827 1902 sed
2865 1843 3150 1921 plerique
3186 1851 3476 1905 recentes
3510 1852 3685 1906 sunt.

262 1943 498 2003 Donec
528 1941 757 2002 melius
788 1942 1155 2011 edoceatur,
1187 1941 1388 2001 lector
1418 1940 1686 2000 editioni
1717 1938 2137 2009 Venetianae,
2172 1938 2375 2017 Regio
2408 1940 2444 2000 3
2498 1946 2563 2000 et
2595 1940 2962 2001 Colbertino
2995 1940 3173 2001 fidet.
3218 1942 3391 2002 Utile
3432 1949 3606 2003 esset
3637 1944 3687 2002 si

262 2040 382 2120 qui
410 2040 664 2119 antiqui
691 2044 899 2101 testes
925 2038 1163 2117 attingi
1189 2038 1464 2118 possint,
1493 2038 1599 2098 vel
1624 2037 2041 2099 etiamvetus
2066 2037 2278 2098 versio
2306 2037 2577 2116 syriaca.

440 2138 498 2199 6.
531 2138 681 2199 Non
716 2138 1050 2199 invenitur
1083 2136 1281 2198 editio
1318 2140 1619 2216 separata
1656 2136 1987 2207 hodierna,
2024 2154 2141 2197 nec
2178 2135 2388 2195 versio
2424 2136 2735 2197 librorum
2770 2137 3083 2197 adversus
3121 2138 3538 2199 Eunomium.

746 2366 817 2437 9.
855 2362 1559 2435 Lucubratiuncula
1598 2362 1690 2433 de
1729 2361 2018 2458 Spiritu
2057 2362 2340 2435 Sancto
2380 2362 2423 2406 *
2459 2361 2675 2456 (P.G.
2713 2364 2833 2449 29,
2874 2365 3250 2459 768-774).

447 2557 516 2616 In
543 2556 671 2616 ﬁne
696 2554 910 2616 ultimi
935 2554 1080 2614 libri
1104 2555 1416 2615 adversus
1442 2553 1838 2613 Eunomium
1865 2554 2251 2632 opusculum
2277 2555 2353 2613 de
2382 2554 2623 2632 Spiritu
2654 2554 2890 2615 Sancto
2916 2560 3050 2615 tres
3076 2556 3302 2634 implet
3329 2557 3685 2625 columnas,

263 2656 393 2715 inc.
436 2649 827 2734 εὐθυμείσθω
860 2649 979 2733 μὲν
1012 2656 1190 2713 πᾶσα
1445 2651 1695 2711 Datum
1733 2656 1805 2710 ut
1843 2651 1924 2710 ho

2023 2651 2126 2721 lia,
2156 2651 2220 2711 in
2258 2651 2384 2711 fine
2425 2651 2837 2722 collectionis,
2868 2652 2930 2712 in
2970 2653 3251 2713 editione
3282 2654 3682 2723 Erasmiana,

263 2751 660 2830 opusculum
694 2750 974 2811 relatum
1009 2755 1111 2810 est
1145 2750 1208 2809 in
1245 2749 1370 2809 fine
1407 2748 1617 2828 operis
1653 2749 1965 2809 adversus
2003 2749 2402 2811 Eunomium
2438 2750 2502 2810 in
2540 2750 2823 2809 editione
2882 2751 3230 2811 Parisiensi
3262 2752 3437 2828 (ann.
3484 2751 3683 2827 1618).

265 2850 545 2910 Erasmo
582 2853 817 2908 notum
850 2852 972 2918 est,
1010 2852 1084 2908 ut
1122 2847 1400 2917 videtur,
1438 2864 1727 2907 seorsum
1763 2851 1829 2906 et
1865 2846 1927 2907 in
1964 2846 2173 2908 forma
2211 2847 2511 2907 homiliae
2543 2868 2556 2917 ;
2596 2847 2752 2907 mihi
2788 2852 3009 2908 tamen
3049 2867 3375 2926 nusquam
3409 2849 3685 2908 occurrit

263 2947 391 3007 nisi
429 2946 612 3007 libris
648 2946 960 3008 adversus
998 2945 1396 3006 Eunomium
1435 2945 1876 3005 coniunctum.

438 3044 635 3123 Operi
671 3044 868 3104 ﬁdem
907 3044 1345 3122 denegaverat
1386 3042 1655 3104 Garnier
1690 3042 1872 3121 (P.G.
1914 3042 2013 3112 29,
2057 3041 2639 3121 CCXL-CCXLI);
2682 3060 2903 3103 rursus
2941 3048 3163 3103 tamen
3206 3043 3361 3103 illud
3402 3044 3684 3105 examini

262 3142 548 3203 subiecit
580 3142 651 3203 P.
686 3142 933 3220 Henry,
967 3142 1068 3203 cui
1102 3159 1318 3220 presse
1348 3146 1614 3202 revocat
1648 3140 2001 3211 Plotinum,
2036 3140 2277 3219 quique
2309 3140 2581 3201 ﬁrmiter
2611 3142 2692 3202 ad
2726 3141 3301 3201 authenticitatem
3334 3141 3682 3211 concludit,

261 3258 417 3301 cum
450 3258 642 3300 nemo
672 3240 842 3300 inter
871 3239 1242 3300 defensores
1273 3238 1643 3299 divinitatis
1676 3239 1952 3317 Spiritus
1985 3238 2205 3299 Sancti
2237 3238 2479 3299 Basilio
2512 3238 2821 3299 libentius
2852 3239 2933 3299 ad
2977 3238 3307 3299 Plotinum
3350 3244 3680 3316 provocet,

260 3355 549 3415 cumque
589 3337 829 3397 Plotini
866 3337 1163 3399 evocatio
1204 3336 1592 3416 peculiarem
1630 3337 1820 3397 huius
1857 3336 2082 3415 scripti
2118 3336 2365 3415 stylum
2412 3336 2733 3415 explicare
2779 3336 3082 3396 videatur
3115 3337 3249 3414 (Cir
3288 3337 3356 3396 P.
3401 3337 3679 3406 HENRY,

269 3425 512 3497 Etudes
538 3435 989 3495 Plotiniennes.
1025 3435 1070 3495 I.
1098 3435 1216 3495 Les
1249 3424 1427 3495 Elats
1450 3433 1535 3494 du
1560 3438 1710 3494 texta
1733 3434 1805 3493 de
1828 3433 2061 3504 Plotin,
2092 3434 2374 3503 Parisiis,
2408 3434 2584 3504 1938,
2613 3452 2673 3513 p.
2708 3434 3019 3510 159-196).
3051 3434 3261 3509 Quam
3286 3435 3683 3495 sententiam

259 3540 330 3594 et
366 3534 504 3612 ipse
544 3534 618 3593 E.
659 3534 919 3594 Amand
958 3534 1035 3593 de
1074 3532 1402 3594 Mendieta
1440 3538 1701 3593 secutus
1738 3538 1840 3592 est
1884 3522 2239 3610 (Editions,
2279 3532 2461 3602 LIII,
2502 3551 2562 3610 p.
2610 3534 2744 3602 122,
2786 3552 2845 3591 n.
2893 3534 2943 3591 1.
2986 3532 3091 3591 Cfr
3130 3537 3349 3593 tamen
3390 3534 3683 3609 ejusdem

259 3630 571 3692 L’Ascése
610 3631 1004 3709 monaslique
1044 3630 1116 3690 de
1160 3630 1343 3692 Saint
1383 3630 1617 3691 Basile.
1663 3631 1853 3690 Essai
1894 3630 2251 3708 historique.
2299 3630 2695 3699 Maredsous,
2745 3629 2920 3699 1948,
2968 3648 3026 3707 p.
3076 3630 3172 3698 70,
3220 3650 3279 3689 ιι.
3325 3630 3449 3705 81).
3505 3630 3681 3689 Idem

258 3729 573 3808 opinatur
622 3729 698 3789 B.
756 3729 1063 3799 PRUCHE,
1116 3728 1332 3789 Basile
1379 3728 1451 3788 de
1504 3729 1775 3791 Ce'sare'e.
1836 3728 2046 3788 Traite'
2092 3726 2175 3787 du
2231 3728 2663 3809 Saint-Esprit
2710 3728 3009 3805 (Sources
3062 3727 3503 3796 Chrétiennes,
3564 3728 3680 3803 17),

260 3826 544 3897 Parisiis,
595 3826 775 3896 1947,
821 3845 882 3905 p.
933 3826 1068 3897 145,
1112 3846 1173 3887 n.
1217 3828 1300 3904 4).
1345 3827 1715 3887 Dolendum
1756 3845 1911 3887 sane
1952 3827 2124 3905 quod
2168 3831 2551 3903 argumenta
2593 3826 2724 3885 sint
2764 3830 2905 3885 tam
2946 3824 3283 3885 indirecta.
3330 3825 3680 3885 Collocatio

256 3926 322 3985 in
359 3923 828 4003 manuscriptis
877 3924 942 3985 in
995 3924 1122 3985 fine
1172 3924 1318 3984 libri
1350 3924 1406 3983 V
1439 3926 1751 3986 adversus
1804 3924 2222 3993 Eunomium,
2276 3924 2387 4001 qui
2438 3923 2597 3983 liber
2649 3922 2933 4003 Didymo
2985 3922 3375 3992 restituitur,
3432 3923 3683 3982 animos

256 4023 474 4102 potius
506 4022 781 4085 alienat.
820 4022 1166 4101 Nusquam
1189 4021 1343 4082 alibi
1370 4027 1509 4082 tam
1549 4022 1867 4083 serviliter
1906 4021 2240 4082 Plotinum
2281 4020 2560 4081 Basilius
2602 4026 2894 4099 usurpat.
2936 4022 3313 4099 Antequam
3353 4020 3685 4083 Lucubra-

254 4121 583 4182 tiunculae
612 4119 1095 4182 authenticitas
1121 4119 1535 4191 admittatur,
1565 4121 1777 4181 adhuc
1804 4119 2275 4181 examinandae
2302 4124 2456 4179 sunt
2483 4119 2651 4179 illius
2677 4119 3023 4179 relationes
3049 4120 3129 4179 ad
3158 4137 3352 4197 Opera
3379 4119 3679 4195 genuina,

248 4220 457 4280 adhuc
484 4218 861 4296 indagandi
888 4223 1044 4277 sunt
1072 4218 1344 4289 codices,
1374 4237 1644 4288 necnon,
1674 4218 1726 4277 si
1754 4219 2017 4287 adsunt,
2041 4217 2368 4277 versiones
2395 4216 2741 4278 orientales
2768 4216 2871 4276 vel
2899 4216 3319 4294 allegationes
3347 4217 3679 4294 antiquae.

243 4316 372 4394 (Cfr
399 4334 605 4396 supra
638 4316 712 4376 in
753 4314 1031 4385 Introd.,
1064 4333 1126 4394 p.
1160 4315 1219 4387 3,
1252 4316 1282 4392 §
1319 4315 1464 4392 III).

2463 5660 2681 5713 Abbaye
2705 5660 2769 5703 de
2794 5649 2841 5704 S‘
2867 5662 3088 5709 JérOme.
3117 5664 3292 5710 Rome,

2624 5718 2644 5757 l
2655 5714 2684 5757 5
2712 5715 2993 5758 novembre
3029 5716 3149 5757 1959

1803 5882 2138 5942 _13_
