4206 6482
330 416 607 427 _____.,__.
1020 413 2218 423 ____..___.___.___.____..__.__..
2237 414 3330 426 -_.,_.._.____..__._..._.,.___.__

760 654 1220 809 VITA
1306 652 1458 807 S.
1566 650 2260 805 BASlLlI
2355 654 2961 810 MAGNI

1350 917 1863 974 ARCHIEPISCOPI
1900 918 2375 974 CESARIENSIS
2397 924 2436 974 ‘.

328 1305 733 1384 Propositum
764 1300 920 1363 mihi
958 1306 1051 1361 est
1081 1300 1145 1359 in
1178 1296 1289 1357 hac
1344 1301 1832 1373 pertractatione
1868 1294 2018 1372 quid
2050 1295 2318 1372 gesserit
2368 1301 2430 1356 et
2475 1296 2799 1374 scripserit
2838 1298 2898 1357 S.
2943 1297 3243 1375 Basilius,
3272 1300 3491 1363 obser-

259 1423 390 1476 vato
421 1426 617 1491 quam
662 1404 1139 1471 accuratissime
1171 1402 1389 1477 potero
1435 1404 1790 1475 temporum
1834 1398 2083 1471 ordine,
2118 1396 2745 1476 exponere.0rdinis
2779 1398 2947 1461 enim
2978 1401 3041 1461 in
3078 1400 3264 1463 rebus
3296 1402 3491 1480 gestis

260 1508 623 1577 enarrandis
657 1514 829 1568 tanta
863 1503 1060 1565 virtus
1091 1503 1208 1571 est,
1241 1507 1309 1558 ut
1343 1512 1470 1558 non
1524 1497 1729 1557 solum
1764 1494 2025 1558 facilius
2072 1496 2284 1559 animo
2322 1496 2775 1574 percipiantur,
2815 1498 2967 1560 dum
3001 1516 3189 1561 suum
3221 1518 3491 1581 qumque

258 1611 459 1675 locum
492 1609 795 1670 decenter
824 1605 1064 1669 tenent,
1090 1594 1202 1659 sed
1242 1595 1430 1657 etiam
1469 1594 1650 1673 pretii
1683 1591 2028 1670 plurimum
2075 1596 2328 1658 accedat
2361 1601 2471 1657 aut
2500 1596 2787 1672 decedat,
2827 1604 3012 1675 prout
3051 1608 3194 1677 apte
3229 1617 3492 1662 secusve

257 1714 661 1776 collocantur.
704 1703 1015 1769 Permulta
1042 1708 1215 1774 sunt,
1250 1714 1529 1779 quorum
1559 1698 1816 1760 consilii
1849 1699 2008 1760 ratio
2048 1701 2303 1777 penitus
2337 1700 2577 1776 latebit,
2618 1701 2671 1763 si
2712 1720 2749 1764 a
2772 1720 2891 1765 suo
2926 1703 3314 1766 divellantur
3338 1712 3496 1766 tem-

253 1834 441 1895 pore;
472 1816 596 1879 alia
635 1812 886 1875 laudem
928 1809 1117 1884 longe
1167 1804 1527 1876 exiliorem,
1566 1801 1872 1865 nonnulla
1926 1804 2113 1866 etiam
2155 1804 2579 1867 difﬁciliorem
2624 1808 2947 1871 habebunt
2984 1812 3493 1872 excusationem.

250 1917 418 1993 Quin
452 1917 643 1979 etiam
677 1920 841 1974 recte
873 1909 1030 1970 facta
1063 1905 1189 1969 vim
1219 1910 1281 1967 et
1321 1911 1612 1965 naturam
1666 1902 1988 1977 amittunt,
2023 1919 2092 1964 ac
2134 1903 2399 1964 virtutes
2447 1920 2911 1986 nonnunquam
2952 1908 3379 1980 invertuntur,
3441 1908 3493 1967 si

250 2018 399 2097 quis
430 2023 699 2078 eventus
733 2012 871 2074 loco
908 2025 1031 2071 non
1066 2022 1186 2069 suo
1226 2011 1541 2067 narretur.
1575 2003 1863 2064 Charitas
1906 2003 2153 2078 Basilii,
2186 2005 2298 2085 qui
2341 2005 2791 2082 patrimonium
2827 2013 2887 2068 et
2939 2007 3126 2069 initio
3165 2006 3497 2070 monastici

249 2121 554 2192 instituti,
592 2126 652 2181 et
680 2118 898 2177 decem
940 2118 1081 2191 post
1107 2110 1317 2185 annis,
1353 2109 1526 2189 gravi
1559 2113 1825 2187 urgente
1868 2108 2059 2181 fame,
2092 2108 2441 2182 distribuit,
2501 2126 2766 2188 magnus
2803 2127 2943 2171 esse
2992 2128 3208 2172 naevus
3251 2110 3502 2173 videtur

252 2220 320 2282 in
353 2235 579 2281 severo
610 2212 994 2293 paupertatis
1026 2208 1425 2289 legislatore,
1461 2224 1738 2283 eumque
1770 2224 2062 2285 arguere,
2114 2210 2284 2287 quod
2320 2225 2448 2270 non
2473 2209 2682 2272 statim
2723 2226 2791 2271 se
2819 2210 3116 2273 omnibus
3150 2212 3342 2275 rebus
3376 2227 3498 2271 nu-

250 2318 516 2380 daverit.
557 2314 676 2376 Sed
706 2312 764 2375 si
800 2320 1063 2373 matrem
1101 2306 1474 2370 Emmeliam
1511 2314 1835 2381 grassante
1885 2305 1990 2367 illa
2021 2305 2191 2367 fame
2228 2307 2467 2369 obiisse
2498 2310 2992 2384 demonstretur,
3020 2317 3269 2388 accepta
3321 2310 3499 2371 illius

252 2426 455 2478 morte
485 2415 844 2484 bmreditas,
878 2420 945 2474 ut
980 2427 1116 2473 mos
1148 2414 1279 2470 erat
1318 2415 1673 2486 temporum
1718 2406 2004 2479 illorum,
2044 2413 2106 2467 et
2142 2406 2353 2470 statim
2386 2409 2449 2469 in
2496 2428 2804 2489 pauperes
2839 2413 3065 2488 etfusa,
3133 2420 3494 2491 promptum

251 2517 469 2579 Basilii
496 2516 574 2577 ad
611 2516 823 2577 omnia
856 2508 1244 2591 projicienda
1290 2505 1574 2569 animum
1605 2507 1903 2571 declarat.

334 2625 468 2687 Hoc
497 2640 696 2686 unum
732 2622 809 2681 de
858 2616 1075 2679 multis
1108 2617 1473 2694 exemplum
1507 2614 1730 2689 affero,
1770 2621 1839 2676 ut
1870 2615 2196 2677 neminem
2234 2616 2547 2677 deterreat
2591 2616 2840 2693 legendi
2874 2623 2934 2678 et
2961 2616 3384 2695 investigandi
3418 2620 3502 2679 la-

251 2729 390 2791 bor.
424 2731 723 2805 Snscepta
754 2723 924 2784 enim
962 2721 1152 2798 hujus
1183 2721 1327 2782 vita:
1363 2720 1720 2784 scribenda:
1757 2718 1939 2793 ratio,
1968 2725 2296 2799 prOpterea
2321 2720 2495 2797 quod
2528 2719 2591 2779 in
2620 2724 2913 2783 obscuris
2946 2721 3136 2783 rebus
3176 2722 3499 2801 explican-

248 2828 353 2888 dis
404 2842 569 2905 saape
624 2832 934 2895 versatur,
993 2839 1118 2885 non
1151 2827 1319 2882 tanta
1354 2820 1673 2897 voluptate
1709 2818 1771 2879 in
1826 2817 2100 2894 legendo
2151 2819 2407 2889 retinet,
2457 2826 2691 2897 quanta
2728 2818 2922 2879 libera
2955 2826 3015 2880 et
3057 2820 3199 2880 sine
3231 2819 3499 2881 salebris

250 2930 461 2989 fluens
492 2926 791 2989 narratio.
826 2925 964 2986 Non
987 2932 1219 2992 tamen,
1256 2928 1323 2983 ut
1359 2919 1659 2999 equidem
1708 2917 1961 2995 Opinor,
1996 2917 2275 2979 ofﬁcient
2315 2918 2602 2981 obscuras
2625 2919 3046 2998 difﬁcilesque
3083 2920 3502 2999 qumstiones,

248 3030 321 3095 in
352 3034 588 3113 quibus
618 3032 937 3091 interdum
972 3028 1387 3099 morabimur,
1420 3021 1771 3102 quominus
1802 3038 2099 3097 germana
2130 3022 2345 3083 Basilii
2378 3023 2619 3101 efﬁgies
2650 3033 2793 3086 ante
2823 3026 3046 3086 oculos
3079 3024 3328 3102 depicta
3362 3040 3501 3083 ver-

250 3143 457 3196 setur.
486 3132 843 3208 Unicuique
875 3130 937 3189 in
990 3136 1285 3205 promptu
1343 3124 1462 3188 erit
1496 3122 1733 3185 eximia
1770 3124 1878 3185 illa
1928 3128 2153 3202 pietas,
2202 3132 2293 3185 tot
2351 3134 2589 3188 naturae
2621 3127 2811 3201 dona,
2862 3133 2948 3188 tot
2980 3125 3282 3186 doctrinm
3314 3139 3502 3183 orna-

247 3244 463 3302 'tienta
494 3236 560 3295 in
592 3233 848 3297 latebris
885 3233 1235 3294 recondens
1270 3248 1285 3288 :
1321 3246 1569 3291 summa
1601 3228 1873 3291 charitas
1900 3246 1980 3291 ne
2010 3229 2072 3290 in
2107 3230 2457 3293 solitudine
2480 3232 2740 3310 quidem
2780 3232 3116 3291 discedens
3150 3229 3227 3289 ab
3252 3245 3500 3307 augen-

250 3338 355 3399 dis
396 3334 697 3397 Ecclesim
735 3330 1143 3402 utilitatibus,
1190 3328 1258 3389 in
1295 3328 1649 3390 sacerdotio
1700 3334 1911 3389 autem
1950 3328 2118 3390 inter
2149 3337 2490 3406 perpetuos
2525 3336 2585 3390 et
2621 3344 2844 3406 graves
2902 3329 3158 3392 morbos
3210 3347 3338 3391 non
3388 3331 3499 3391 uni

250 3440 578 3512 Ecclesia),
604 3439 715 3499 sed
750 3434 1038 3514 pluribus
1079 3431 1222 3493 aliis
1248 3430 1572 3509 regendis,
1610 3432 1739 3489 imo
1773 3427 2176 3506 pacificandis
2214 3430 2409 3489 totius
2460 3430 2637 3491 orbis
2672 3431 2974 3493 Ecclesiis
3032 3432 3314 3500 intenta:
3352 3450 3493 3493 ant-

251 3561 399 3605 mus
430 3542 495 3602 in
526 3535 921 3617 amplissimo
952 3535 1149 3610 gradu
1178 3540 1238 3592 et
1261 3546 1510 3590 summa
1546 3527 1730 3587 fama;
1759 3526 2127 3590 celebritate
2149 3526 2679 3603 demississimus,
2716 3532 2777 3592 in
2810 3531 3213 3595 defendendo
3253 3534 3500 3609 episco-

252 3651 440 3719 patus
468 3639 615 3715 jure
664 3646 929 3708 magnus
960 3636 1020 3690 et
1051 3626 1374 3696 sublimis,
1424 3624 1491 3684 in
1524 3623 1809 3686 colendis
1842 3626 2143 3687 amicitiis
2176 3628 2351 3688 omni
2390 3628 2783 3691 humanitate
2812 3633 3155 3711 expolitus,
3188 3633 3389 3695 facilis
3417 3637 3493 3695 ad

248 3736 692 3817 deponendam
723 3729 1178 3799 offensionem,
1220 3742 1602 3806 semperque
1628 3726 1701 3786 ad
1740 3727 2078 3804 placandos
2113 3726 2409 3789 homines
2450 3745 2579 3791 non
2628 3730 2871 3795 amicos
2903 3726 3391 3812 paratissimus:
3428 3738 3495 3800 in

250 3835 526 3919 prOpriis
558 3828 967 3893 contumeliis
1025 3844 1271 3891 summa
1314 3828 1539 3890 lenitas
1589 3833 1649 3889 et
1698 3829 2149 3899 mansuetudo,
2202 3830 2554 3893 teterrimas
2586 3831 2936 3895 calumnias
2986 3840 3047 3897 et
3103 3854 3356 3915 sparsos
3392 3858 3496 3914 per

252 3947 456 4002 totum
489 3936 705 3996 orbem
758 3929 1035 3992 famosos
1073 3928 1324 3992 libellos
1375 3926 1636 3990 silentio
1686 3944 1793 4005 per
1848 3934 1974 3989 tres
2015 3946 2217 3991 annos
2256 3931 2634 4007 perferens:
2689 3934 2757 3994 in
2803 3933 3224 3999 defendendis
3282 3946 3493 3999 autem

251 4042 484 4104 Christi
524 4035 779 4117 injuriis
808 4034 1004 4096 animi
1037 4033 1343 4097 fortitudo
1395 4038 1453 4094 et
1488 4031 1867 4104 constantia,
1915 4049 2105 4110 quam
2141 4050 2268 4094 non
2317 4034 2551 4109 exsilii,
2587 4052 2717 4098 non
2766 4038 2987 4100 mortis
3024 4039 3326 4118 pericula,
3364 4058 3490 4102 non

256 4147 449 4209 ullius
487 4140 819 4224 potestatis
850 4144 1056 4201 metus
1088 4156 1120 4200 a
1156 4139 1423 4201 veritate
1458 4136 1660 4217 palam
1696 4144 1755 4197 et
1782 4146 1999 4216 aperte
2033 4140 2434 4217 praedicanda
2468 4142 2937 4207 deterruerunt.

769 4464 995 4522 CAPUT
1023 4462 1311 4520 PRIMUM.
1858 4467 1903 4522 Α
1933 4464 2074 4515 velut
2100 4476 2167 4515 ex
2203 4464 2502 4529 composito
2551 4462 2804 4518 colvisse.
2853 4463 2966 4531 Ipse
2998 4462 3224 4518 Basilius
3250 4478 3355 4519 non
3388 4468 3487 4520 oh.

320 4578 361 4631 l.
392 4578 451 4634 S.
476 4575 702 4630 Basilius
719 4574 972 4631 Casarew
994 4577 1245 4631 nascitur.
1274 4574 1338 4631 11.
1371 4573 1528 4642 quue
1552 4575 1691 4625 circa
1715 4589 1810 4624 an-

319 4664 441 4701 num
488 4647 613 4702 529.
651 4645 737 4700 Ill.
768 4645 839 4698 De
860 4645 1003 4698 illius
1050 4647 1181 4701 avis.
1218 4644 1303 4699 IV.
1336 4645 1409 4697 De
1445 4654 1589 4709 patre
1610 4642 1811 4695 Basilio

316 4728 367 4771 et
396 4728 564 4771 matre
603 4716 876 4769 Emmelia.
902 4714 961 4771 V.
990 4716 1172 4769 Basilii
1201 4717 1294 4769 sub
1325 4714 1444 4766 auia
1479 4712 1717 4764 Macrino
1748 4729 1808 4762 ac

319 4789 507 4841 deinde
538 4787 632 4841 sub
660 4796 807 4851 patre
826 4784 1038 4853 puerilis
1073 4785 1346 4839 institutio.
1379 4782 1468 4837 Vl.
1514 4781 1807 4836 Cwsuream

316 4857 684 4921 Cappadocum
720 4852 946 4909 mittitur
984 4856 1051 4905 ad
1093 4855 1265 4908 studia
1302 4854 1616 4917 litterarum,
1655 4852 1811 4919 idque

320 4926 496 4980 multis
519 4929 778 4979 ratiomtm
810 4926 1075 4979 momentis
1096 4925 1366 4991 probatur.

326 5018 365 5072 Ι.
396 5017 651 5071 Sanctum
672 5017 922 5069 Basiliam
940 5014 1195 5069 Caesareae
1218 5015 1271 5068 in
1287 5012 1622 5080 Cappadocia
1641 5022 1820 5065 natum

248 5124 369 5162 esse
409 5106 666 5160 discimus
693 5109 924 5159 maxime
947 5121 1012 5159 ex
1041 5102 1300 5172 Gregorio
1332 5102 1702 5166 Nazianzcno,
1725 5102 1820 5170 qui

247 5216 368 5253 eum
403 5197 718 5252 nominatim
750 5197 824 5267 (α)
858 5196 1219 5266 Cappadocem
1271 5196 1527 5266 appellat,
1568 5209 1735 5264 seque
1765 5203 1820 5247 et

246 5290 504 5343 Basiliam
544 5287 673 5342 dicit
698 5285 793 5358 (b),
822 5302 941 5339 cum
966 5302 1031 5341 ex
1069 5286 1252 5340 eadem
1280 5287 1450 5358 patria
1481 5288 1531 5340 in
1578 5286 1820 5339 diversas

247 5380 498 5448 regiones
546 5380 786 5434 discendi
820 5394 978 5434 causa
1028 5379 1309 5443 abiissent,
1348 5394 1543 5432 rursus
1586 5378 1819 5432 Athenis

321 5558 398 5628 (ει)
431 5556 560 5612 Nat.
588 5573 675 5629 ep.
711 5558 763 5613 6.
1306 5562 1377 5631 (b)
1408 5559 1500 5613 Or.
1518 5559 1607 5613 ΞΟ.

1928 4568 2084 4607 scure
2133 4554 2369 4607 declarat
2398 4564 2578 4606 natum
2612 4570 2669 4607 se
2701 4570 2819 4609 esse
2871 4555 3133 4609 Caesarem
3167 4556 3218 4611 in
3277 4558 3487 4610 homilza

1925 4646 1977 4697 in
2012 4640 2265 4697 Gordium
2294 4656 2595 4716 martyrem,
2639 4662 2692 4697 η.
2737 4644 2790 4698 2.
2824 4644 3064 4699 Patriam
3116 4662 3267 4702 suam
3306 4648 3357 4700 in
3383 4663 3484 4715 ριιι.

1927 4736 2077 4789 stolis
2109 4734 2177 4789 76
2229 4748 2282 4790 et
2319 4736 2387 4789 96
2422 4737 2651 4804 appellat
2696 4735 3111 4805 Cappadociam.
3155 4736 3259 4792 Sed
3313 4749 3490 4792 tamen

1928 4826 2083 4893 hujus
2116 4827 2347 4881 nominis
2375 4830 2631 4883 IlOllOlelll
2665 4829 2763 4895 ipsi
2806 4830 2967 4881 etiam
3008 4828 3178 4884 Ponto
3205 4829 3397 4883 defert.
3424 4834 3488 4883 ll-

1925 4916 2029 4971 lius
2058 4926 2208 4985 pater
2251 4917 2503 4979 Basilius.
2539 4920 2643 4974 etsi
2695 4935 2835 4988 saepe
2889 4920 2939 4973 in
2974 4905 3370 4990 Cappadociam
3403 4939 3489 4976 vc-

1926 5010 2123 5075 niebat,
2162 5012 2485 5080 prmeipunnt
2516 5021 2692 5065 tamen
2732 5013 2783 5065 in
2820 5012 2984 5067 Ponto
3015 5013 3342 5086 domicili‘um
3374 5016 3485 5069 col-

1926 5102 2226 5170 locaverat;
2250 5104 2511 5170 siquidem
2540 5102 2780 5159 Macrina
2814 5103 3049 5159 moriens
3082 5108 3155 5161 ait
3188 5109 3327 5175 apud
3352 5107 3486 5163 Gre-

1925 5193 2131 5263 gorium
2165 5193 2464 5262 Nyssenutn
2510 5195 2580 5264 (c)
2615 5198 2781 5263 patris
2813 5197 2893 5248 sui
2936 5194 3137 5249 famam
3167 5207 3319 5250 extra
3353 5197 3491 5252 Pon-

1927 5296 2039 5339 tum
2057 5284 2302 5339 diffusam
2332 5300 2435 5340 non
2469 5285 2652 5346 fuisse,
2680 5286 2918 5356 satisque
2947 5288 3019 5340 illi
3052 5286 3217 5341 fuisse
3241 5289 3291 5342 in
3321 5291 3489 5357 patria

1927 5377 2089 5429 decus
2144 5376 2375 5443 assequi.
2446 5375 2621 5429 Basilii
2695 5375 2860 5430 frater
2916 5376 3207 5445 Gregorius
3260 5382 3487 5448 patriam

2000 5559 2067 5629 (ε)
2107 5557 2211 5610 Vit.
2239 5558 2295 5613 S.
2334 5559 2523 5620 Much,
2551 5559 2666 5611 192.

305 5698 324 5714 ‘
346 5699 558 5747 Auctore
581 5699 770 5763 Domno
794 5698 1059 5748 Prudentiu
1085 5698 1294 5759 larano,
1320 5704 1421 5762 qui,
1448 5702 1642 5751 lulisno
1665 5702 1899 5752 Garncrio
1917 5700 2015 5762 jam
2040 5714 2164 5749 anno
2192 5701 2326 5761 17235,
2346 5700 2629 5759 dieﬁlunii,
2657 5702 2904 5763 defuncto,
2931 5701 3164 5762 editionis
3185 5701 3493 5752 absolvens-.0

249 5770 413 5810 curam
432 5762 669 5822 suscepit.

559 5847 833 5907 Ps‘rnoc.
884 5844 999 5905 Gtt.
1046 5844 1281 5905 XXIX.

3118 5870 3151 5906 α
