4206 6484
738 420 788 459 vl
2087 401 2591 456 PROLEGOMENA
2605 443 2617 456 .

736 526 977 597 agnoscit
1027 524 1275 590 Pontum,
1325 526 1450 581 ibid.
1484 540 1537 594 p.
1586 525 1708 581 t82.
1742 525 1935 579 Narrat
1964 526 2191 580 Basilius
2232 528 2283 580 iu
2321 533 2363 588 Α
2398 528 2677 596 aliquanto
2711 525 2810 579 fuit
2840 526 3099 595 Gregorio
3138 524 3485 580 Nazianzcno
3533 524 3624 595 (ιτ),
3652 521 3742 592 qui
3771 534 3889 576 eum
3922 519 3974 571 in

735 618 892 686 epist.
920 617 979 670 51
1016 632 1074 671 se
1101 632 1219 671 cum
1259 617 1439 671 multis
1472 618 1523 671 in
1571 618 1744 686 patria
1784 616 1947 670 Deum
1981 618 2295 672 timentibus

734 708 1091 763 insolabiliter
1134 707 1389 771 doluisse,
1442 708 1581 777 quod
1625 708 1849 761 Dianius
1880 707 2121 761 formulae
2154 708 2295 761 Coa-

733 799 1076 868 stantiuopoli
1107 800 1280 853 allatae
1304 801 1745 869 subscripsisset:
1777 804 2001 866 patriam
2026 799 2297 867 appellans

733 890 885 946 Ponti
914 892 1250 945 solitudinem
1284 892 1333 945 in
1366 908 1471 961 qua
1502 900 1629 946 tunc
1663 892 2028 946 delitescebat.
2059 891 2297 958 Cumque

733 982 1019 1053 aliquando
1072 998 1193 1037 sese
1241 997 1305 1036 ex
1362 984 1465 1035 hac
1518 982 1806 1037 solitudine
1857 985 1922 1036 ad
1977 982 2295 1051 Gregorium

728 1074 1128 1127 Nazianzenum
1182 1073 1495 1127 cautulisset
1544 1082 1596 1126 et
1630 1076 1766 1141 apud
1821 1090 1942 1127 eum
1976 1083 2296 1136 moraretur,

733 1164 815 1216 sui
852 1163 999 1215 illum
1053 1161 1248 1216 fratres
1296 1162 1577 1216 amicitiam
1630 1173 1676 1217 et
1704 1165 1925 1231 patriam
1985 1180 2295 1217 commemo-

733 1266 903 1309 rantes
935 1256 1029 1324 (a),
1058 1255 1219 1307 veluti
1250 1254 1535 1325 profugum
1578 1257 1861 1324 quemdam
1912 1270 2170 1311 revocare
2204 1271 2295 1310 eo-

737 1348 845 1402 nati
878 1357 1019 1402 sunt.
1055 1346 1404 1415 Prtepositum
1428 1349 1711 1413 quemdam
1745 1363 2004 1416 pagorum
2042 1348 2095 1402 in
2130 1346 2296 1403 Ponto

732 1440 961 1508 appellat
996 1440 1182 1507 patria:
1207 1438 1573 1507 praapositum,
1604 1439 1654 1492 in
1686 1440 1845 1508 epist.
1873 1440 1961 1493 87.

804 1530 927 1583 ll:ec
965 1529 1265 1583 testimonia
1304 1529 1354 1581 in
1398 1531 1626 1597 speciem
1660 1531 1951 1598 pugnantia
1981 1530 2024 1583 si
2076 1531 2214 1584 inter
2239 1546 2297 1587 se

732 1621 1096 1683 conferantur,
1157 1620 1272 1688 plus
1328 1621 1576 1690 equidem
1643 1619 1904 1689 Gregorio
1958 1618 2295 1673 Nazianzeno

734 1716 988 1775 tribuam,
1036 1713 1125 1780 qui
1168 1710 1425 1765 Basilium
1461 1711 1829 1778 Cappadocem
1862 1709 2113 1779 appellat,
2145 1719 2295 1764 ante-

732 1819 891 1872 quam
918 1803 1019 1855 ulla
1045 1803 1090 1855 ei
1112 1803 1453 1874 necessitudo
1479 1815 1597 1853 cum
1624 1799 1956 1869 Cappadocia
1992 1801 2293 1856 intercede-

734 1906 833 1959 ret,
869 1904 1062 1957 przeter
1096 1908 1212 1947 eam
1245 1908 1405 1962 quam
1437 1903 1626 1947 natura
1656 1893 2003 1947 conﬂaverat.
2050 1892 2297 1947 Nondum

729 1988 869 2041 enim
902 1987 1184 2055 episcopus
1209 1995 1327 2039 erat
1357 1994 1449 2038 aut
1476 1985 1781 2054 presbyter.
1816 1983 2037 2038 Litteris
2079 1985 2295 2053 quidem

728 2080 987 2134 Caesareae
1015 2092 1230 2146 operam
1267 2077 1521 2142 dederat;
1550 2077 1645 2131 sed
1677 2076 1725 2129 id
1755 2075 1888 2129 tanti
1918 2090 2023 2131 non
2048 2086 2185 2141 erat,
2206 2090 2299 2129 cur

728 2168 1013 2237 Cappadox
1045 2168 1347 2221 diceretur:
1384 2167 1503 2220 alia:
1529 2167 1672 2219 enim
1709 2167 1873 2220 urbes
1900 2167 2012 2235 pari
2050 2165 2168 2234 iure
2198 2164 2298 2217 Ba-

725 2262 905 2313 silium
938 2261 1036 2311 sibi
1073 2259 1455 2311 vindicassent.
1488 2258 1641 2311 Aliud
1675 2272 1802 2324 ergo
1849 2273 2023 2312 causae
2058 2270 2163 2311 non
2218 2258 2295 2309 vi-

726 2350 883 2402 detur
923 2349 1191 2402 eaStitisse
1230 2361 1325 2400 cur
1354 2346 1641 2417 Cappadox
1684 2346 1977 2409 diceretur,
2020 2348 2117 2400 nisi
2155 2348 2296 2416 quod

724 2440 985 2493 Ca’sareae
1017 2438 1068 2491 in
1108 2438 1275 2491 lucem
1308 2437 1486 2491 editus
1528 2436 1719 2490 fuerat.
1749 2439 1817 2490 At
1847 2437 2054 2491 facilius
2078 2448 2160 2492 est
2200 2451 2293 2489 ex-

728 2525 926 2593 plicare
947 2540 1044 2579 cur
1072 2524 1294 2579 Pontum
1318 2525 1541 2593 patriam
1568 2525 1796 2593 appellet
1827 2525 2073 2589 Basilius,
2108 2540 2296 2594 quam-

728 2615 809 2669 vis
835 2626 992 2668 natus
1016 2615 1067 2666 in
1108 2616 1208 2668 hac
1240 2614 1456 2682 regione
1484 2628 1587 2668 non
1616 2613 1827 2669 fuisset.
1858 2614 1984 2669 llrec
2022 2616 2164 2668 enim
2201 2630 2299 2684 pa-

727 2709 829 2762 tria
857 2707 1098 2775 parentis
1126 2716 1180 2761 et
1222 2722 1444 2761 avorum
1477 2725 1489 2760 :
1533 2706 1603 2761 ibi
1654 2719 1803 2775 pater
1833 2708 2164 2761 domicilium
2198 2710 2294 2761 ha-

734 2802 928 2855 buerat
960 2817 973 2852 :
1012 2800 1079 2853 ibi
1108 2800 1217 2855 nati
1262 2799 1475 2855 fuerant
1502 2798 1685 2854 Basilii
1713 2798 1910 2854 fratres
1942 2817 1957 2853 :
2006 2801 2075 2855 ibi
2107 2802 2299 2855 nutrici

730 2891 952 2943 traditus
971 2890 1229 2945 alendus:
1261 2892 1331 2946 ibi
1368 2892 1539 2962 prima
1576 2891 1718 2947 illius
1751 2901 1802 2947 et
1826 2892 2039 2959 pietatis
2074 2903 2126 2946 et
2156 2893 2299 2948 litte-

728 2998 911 3037 rarum
958 2984 1205 3038 tirocinia
1243 3002 1254 3036 :
1298 2985 1370 3039 ibi
1417 2984 1611 3040 dilecta
1660 2984 1915 3051 solitudo,
1944 2986 1997 3038 in
2027 3000 2187 3054 quam
2240 3002 2299 3040 se

727 3088 1025 3145 receperat.
1056 3076 1158 3130 Tot
1184 3091 1310 3146 ergo
1333 3076 1641 3131 nominibus
1670 3078 1794 3130 huic
1828 3078 1943 3131 loco
1978 3077 2296 3143 obstrictus,

727 3184 833 3224 non
863 3169 1133 3222 immerito
1164 3167 1311 3221 illum
1341 3167 1518 3221 instar
1536 3166 1723 3235 patria:
1761 3167 2011 3220 habebat.
2046 3167 2135 3221 Sic
2161 3167 2295 3222 Gre-

728 3260 910 3331 gorius
939 3259 1213 3330 Nyssenus
1247 3259 1448 3324 locum,
1502 3258 1554 3312 in
1607 3271 1712 3328 quo
1748 3257 2104 3327 quadraginta
2149 3272 2292 3310 mar-
2323 3236 2366 3293 θ’

726 3367 872 3428 tyres
920 3356 1063 3426 passi
1111 3356 1343 3420 fuerant,
1386 3356 1609 3424 patriam
1647 3368 1797 3409 suam
1822 3367 1944 3408 esse
1968 3353 2119 3418 dicit,
2175 3353 2296 3420 quia

726 3456 936 3516 patrum
972 3462 1189 3501 suorum
1239 3446 1412 3514 patria
1440 3455 1579 3510 erat,
1610 3453 1737 3499 tom.
1771 3444 1860 3508 Ill,
1896 3460 1949 3513 p.
1981 3443 2106 3499 500.
2151 3444 2295 3497 Idem

727 3541 779 3594 in
805 3539 1046 3594 oratione
1076 3540 1128 3592 in
1150 3538 1208 3593 S.
1244 3537 1590 3601 Theodorum,
1620 3552 1671 3605 p.
1696 3536 1818 3600 585,
1847 3538 2130 3589 Amaseam
2157 3536 2296 3588 illius

726 3631 951 3699 patriam
972 3638 1144 3692 vocat,
1164 3630 1307 3699 quia,
1333 3627 1597 3697 martyris,
1620 3627 1811 3697 inquit,
1842 3628 2017 3695 patria
2050 3626 2194 3679 locus
2220 3636 2296 3678 est

739 3723 1018 3788 passionis.
1044 3722 1181 3786 Quin
1211 3723 1372 3775 etiam
1398 3722 1509 3790 ipse
1532 3722 1759 3775 Basilius
1791 3720 2098 3776 Armeniam
2118 3718 2300 3788 appel-

729 3811 805 3865 lat
839 3813 1065 3880 patriam
1105 3812 1154 3863 in
1190 3814 1347 3880 epist.
1388 3813 1511 3879 225,
1546 3828 1597 3865 n.
1637 3814 1689 3877 5,
1723 3814 1808 3866 ubi
1847 3814 1923 3866 ait
1954 3829 2012 3868 se
2035 3830 2099 3868 ex
2133 3813 2297 3866 variis

726 3904 1248 3975 peregrinationibus
1312 3906 1622 3960 redeuntem
1681 3906 1956 3960 invenisse
2016 3906 2069 3959 in
2126 3906 2297 3975 patria

728 3998 1034 4059 nonnullos,
1081 3998 1170 4067 qui
1228 3998 1389 4051 vitam
1451 3998 1797 4050 monasticam
1854 3994 2293 4066 profitebantur:

726 4089 920 4143 euibus
946 4089 1121 4142 verbis
1149 4088 1494 4142 Eustathium
1528 4088 1882 4142 Sebastenum
1906 4087 2173 4157 designat.
2202 4085 2298 4137 Mi-

729 4197 845 4234 rum
874 4190 1053 4233 autem
1088 4196 1189 4234 non
1221 4191 1302 4235 est
1333 4180 1587 4234 Basiliam
1630 4178 1891 4233 C:esareze
1922 4189 2105 4233 natum
2155 4193 2293 4245 esse,

727 4274 972 4344 quamvis
1015 4274 1179 4341 ipsius
1212 4283 1359 4342 pater
1384 4273 1647 4342 przecipue
1685 4272 1737 4325 in
1762 4270 1934 4324 Ponto
1964 4269 2297 4323 domicilium

728 4372 991 4428 habuerit.
1014 4366 1214 4436 Amplae
1232 4368 1375 4419 enim
1410 4364 1802 4434 possessiones,
1836 4376 1970 4431 quas
2002 4360 2055 4413 in
2090 4360 2298 4428 Cappa-

730 4465 878 4518 docia
911 4462 1159 4525 habebat,
1206 4473 1347 4528 saepe
1381 4457 1536 4511 illum
1585 4456 1885 4511 Ctesaream
1937 4461 2214 4508 traxerunt
2245 4461 2296 4505 et

729 4556 816 4608 diu
850 4556 899 4607 in
928 4555 1028 4607 hac
1060 4554 1190 4606 urbe
1234 4550 1608 4613 detinuernnt,
1638 4546 1788 4603 adeo
1819 4557 1877 4599 ut
1915 4545 2057 4599 illius
2088 4553 2142 4599 et
2171 4542 2293 4595 Em~

729 4646 900 4699 metite
928 4642 1182 4713 praeclare
1242 4642 1383 4695 facta
1432 4640 1729 4709 Gregorius
1780 4641 1921 4693 inter
1965 4637 2193 4692 Pontum
2243 4644 2297 4688 et

728 4736 1123 4804 Cappadociam
1156 4734 1323 4785 divisa
1352 4732 1514 4787 fuisse
1547 4740 1773 4785 testetur
1806 4732 1905 4800 (ὁ).

799 4826 863 4879 ll.
920 4825 1085 4879 Natus
1125 4833 1207 4879 est
1250 4821 1478 4877 Basilius
1526 4826 1667 4877 circa
1708 4836 1905 4875 annum
1958 4820 2087 4883 529,
2133 4817 2297 4885 idque

729 4922 861 4973 satis
882 4918 1107 4986 quadrat
1138 4932 1259 4972 cum
1296 4916 1437 4969 illius
1461 4918 1763 4970 litterarum
1794 4913 2009 4975 studiis,
2041 4925 2159 4981 qua:
2200 4922 2296 4961 an-

730 5024 798 5062 no
823 5007 927 5061 555
949 5017 1177 5061 exeunte
1205 5006 1445 5060 absoluta
1481 5006 1713 5061 fuerunt.
1753 5005 1866 5060 Non
1903 5004 2045 5058 enim
2097 5001 2299 5071 patitur

727 5098 922 5153 eximia
954 5097 1093 5151 illius
1138 5098 1334 5168 ingenii
1372 5098 1535 5159 acies,
1563 5112 1681 5166 qua:
1729 5107 1938 5150 mature
2000 5093 2298 5162 disciplinis

730 5188 1037 5243 liberalibus
1060 5192 1221 5259 coepit
1252 5190 1441 5254 excoli,
1468 5198 1525 5243 ut
1554 5204 1697 5252 eum,
1722 5204 1842 5243 cum
1869 5184 2294 5251 rediitAthenis,

727 5296 896 5335 annos
924 5290 1105 5333 natum
1144 5282 1306 5335 fuisse
1335 5281 1611 5352 plusquam
1645 5281 1831 5349 viginti
1855 5292 2062 5349 septem
2103 5276 2298 5331 existi-

728 5387 954 5427 memus.
975 5372 1079 5426 Sed
1114 5372 1215 5425 alia
1236 5373 1417 5426 subest
1449 5373 1600 5442 longe
1630 5372 1851 5443 gravior
1882 5373 2041 5428 ratio.
2097 5369 2295 5426 Junior

798 5547 872 5619 (η)
908 5546 1001 5619 Ep.
1032 5547 1087 5619 β,
1116 5549 1246 5613 n.1,
1275 5564 1329 5619 p.
1356 5549 1443 5605 80.

800 5617 873 5685 φ)
900 5618 989 5670 0r.
1024 5617 1111 5671 20.

801 5686 868 5751 (ς)
908 5687 1032 5739 Naz.
1065 5706 1151 5755 cp.
1180 5689 1267 5743 33.

800 5760 874 5823 ((1)
908 5756 1027 5823 δίη.
1066 5758 1134 5809 De
1162 5766 1259 5810 vim
1294 5775 1406 5809 sua.

801 5838 869 5889 (ι’)
906 5822 993 5887 lip.
1036 5826 1152 5875 102..

2404 618 2572 672 lucem
2604 628 2758 688 patre
2779 618 3031 687 episcopo
3061 617 3236 673 editus
3261 618 3351 682 sit,
3384 618 3543 672 citius
3575 615 3720 669 nasci
3752 629 3855 666 non
3884 625 3979 678 po-

2403 708 2502 761 tuit
2530 725 2667 763 anno
2694 708 2819 771 328,
2844 723 2951 774 quo
2981 708 3147 776 ipsius
3175 718 3325 776 pater
3351 708 3633 762 ordinatus
3666 712 3767 766 est,
3793 708 3978 769 utpote

2401 812 2638 855 mortuus
2666 817 2806 855 anno
2836 801 2939 853 575
2966 812 3194 855 exeunte
3231 809 3323 854 aut
3358 802 3573 852 ineunte
3604 796 3729 858 574,
3774 791 3972 847 εωρτίο

2401 893 2466 945 tis
2489 892 2541 944 in
2581 894 2888 959 episcopatu
2939 891 3294 958 quadraginta
3352 890 3591 958 quinque
3625 886 3801 937 annis.
3853 878 3971 935 Jam

2398 998 2525 1038 vero
2571 984 2888 1054 Gregorium
2948 986 2997 1037 in
3044 986 3354 1053 epi~copatu
3396 982 3565 1050 patris
3602 990 3783 1032 natum
3830 988 3967 1035 esse,

2396 1078 2493 1131 etsi
2522 1078 2716 1129 mirum
2752 1078 2802 1130 id
2835 1086 2889 1129 et
2914 1092 3129 1140 prorsus
3158 1076 3434 1131 insolitum
3462 1074 3692 1137 videtur,
3726 1086 3822 1122 nec
3849 1084 3969 1121 eum

2401 1170 2606 1238 legibus
2645 1168 3032 1221 ecclesiasticis
3067 1169 3217 1222 valde
3250 1181 3566 1227 consonum,
3604 1164 3749 1217 clare
3792 1171 3968 1214 tamen

2395 1239 2719 1330 perspiciiur
2748 1274 2813 1313 ex
2850 1260 2931 1314 his
2958 1259 3203 1329 Gregorii
3231 1259 3296 1313 ad
3328 1259 3494 1311 lilium
3532 1256 3709 1311 verbis
3736 1255 3812 1322 (d)
3852 1268 3864 1303 :

2537 1372 2700 1425 Οὔπω
2721 1373 2966 1443 τοσοῦτον
2996 1374 3409 1443 ὲκμεμέτρηκας
3434 1370 3565 1440 βίον,

2548 1446 2707 1506 Ὅσος
2734 1442 2911 1513 διῆλθε
2939 1442 3137 1494 θυσιῶν
3159 1442 3277 1510 ἐμοὶ
3311 1443 3517 1513 χρόνος.

2557 1534 2804 1588 Nondum
2837 1544 2904 1586 tot
2938 1551 3101 1587 annos
3135 1535 3235 1586 vita
3262 1535 3513 1601 percurrit
3544 1542 3653 1591 tua.

2543 1606 2677 1671 Quot
2702 1607 2771 1657 mi
2807 1606 2860 1656 in
2888 1606 3049 1659 sacris
3079 1603 3320 1672 suntjam
3351 1604 3544 1671 peracti
3573 1601 3810 1655 victimis.

2394 1716 2616 1769 Frustra
2671 1714 2911 1785 Gregorii
2940 1724 3087 1769 ortus
3112 1714 3177 1768 ad
3209 1714 3407 1783 primos
3433 1715 3773 1782 episcopatus
3824 1722 3972 1761 meno

2401 1823 2487 1863 ses
2537 1808 2830 1863 referatur.
2873 1805 2949 1860 Ne
2992 1808 3069 1862 sic
3106 1807 3322 1878 quidem
3365 1806 3646 1860 diﬂicultas
3672 1804 3970 1861 minuetur,

2334 1878 2375 1932 Β
2402 1915 2521 1954 cum
2548 1900 2841 1955 Caesarium
2879 1900 3097 1954 fratrem
3119 1898 3418 1969 Gregorius
3446 1898 3689 1952 habuerit
3713 1904 3839 1950 natu
3872 1894 3973 1947 mi-

2403 2005 2607 2044 norem.
2643 1990 2907 2045 Baronius
2928 1991 3395 2060 exaggerationem
3422 1988 3473 2041 in
3510 1987 3686 2041 verbis
3719 1985 3968 2054 Gregorii

2406 2080 2743 2147 suSpicatur;
2785 2080 2879 2133 sed
2906 2082 3023 2134 sine
3056 2079 3159 2131 ulla
3187 2093 3409 2148 prorsus
3444 2076 3671 2130 ratione.
3700 2074 3969 2143 Papebroo

2402 2171 2553 2224 chius
2590 2185 2685 2239 pro
2725 2168 2925 2222 Θυσιῶν
2954 2170 3231 2238 legendum
3263 2170 3481 2237 Cunjicil
3504 2166 3733 2237 ἐτησίων
3768 2175 3860 2217 aut
3892 2164 3974 2225 δίς

2404 2262 2496 2316 ἰὼν
2526 2264 2647 2333 ἐμοὶ
2670 2262 2879 2333 χρόνος.
2912 2260 3016 2315 Sed
3044 2264 3212 2313 satius
3246 2270 3326 2315 est
3364 2276 3485 2315 cum
3517 2256 3861 2312 Tillemontio
3896 2255 3972 2307 fa-

2401 2356 2498 2407 teri
2542 2354 2709 2424 legem
2763 2352 3195 2407 ecclesiasncam
3239 2350 3302 2403 de
3331 2350 3659 2405 continentia
3701 2347 3975 2417 episcopo-

2403 2463 2520 2501 rum
2552 2446 2787 2501 nondum
2819 2445 2872 2499 in
2896 2446 3149 2499 omnibus
3176 2442 3395 2497 omnino
3429 2442 3685 2495 Ecclesiis
3720 2441 3974 2510 viguisse,

2401 2554 2560 2608 quam
2587 2537 2987 2606 apertissimum
3018 2536 3191 2589 locum
3226 2532 3492 2603 ejusmodi
3528 2530 3852 2597 conjecturis
3895 2538 3977 2582 at-

2405 2640 2633 2686 tentare.
2674 2627 3014 2683 Probabilior
3045 2634 3185 2681 esset
3232 2622 3558 2680 diliicultatis
3600 2620 3866 2675 solvendae
3891 2636 3977 2673 ra-

2404 2721 2493 2779 tio.
2523 2721 2567 2775 si
2597 2718 2912 2787 Gregorius,
2963 2719 3055 2789 qui
3099 2734 3241 2772 anno
3278 2716 3382 2772 325
3429 2716 3737 2785 baptizatus
3765 2722 3868 2778 est,
3922 2721 3980 2765 et

2405 2816 2545 2867 inter
2593 2812 2952 2866 sacerdotium
2997 2825 3061 2864 ac
3117 2808 3389 2877 baptisma
3447 2805 3663 2875 aliquod
3717 2805 3978 2871 temporis

2401 2904 2631 2973 spatium
2668 2902 3011 2971 interposuit,
3047 2900 3099 2953 in
3121 2900 3421 2969 presbyteri
3459 2898 3625 2967 gradu
3651 2896 3755 2950 dici
3792 2903 3978 2963 posset

2403 2996 2711 3065 aliquandiu
2750 2994 3114 3054 ministrasse,
3138 3000 3192 3045 et
3219 2993 3283 3043 ad
3321 2990 3458 3043 hanc
3488 2988 3804 3057 dignitatem
3836 3000 3979 3037 anno

2403 3090 2504 3145 537
2542 3088 2872 3157 pervenisse.
2908 3085 3011 3140 Sed
3058 3086 3217 3155 hujus
3252 3084 3326 3138 rei
3372 3082 3570 3136 nullum
3607 3088 3783 3134 exstat
3817 3079 3979 3131 vesti-

2402 3181 2568 3250 gium.
2631 3178 2789 3232 Plura
2848 3178 2968 3231 vide
3008 3177 3147 3246 apud
3198 3173 3621 3239 Tillemontium,
3669 3180 3780 3224 not.
3835 3169 3889 3231 4,
3924 3168 3978 3221 in

2401 3269 2552 3339 (ἶνες.
2582 3269 2721 3323 Naz.
2746 3270 2973 3324 Basilius
2996 3284 3144 3337 ergo,
3184 3267 3276 3335 qui
3310 3266 3585 3333 aliquanto
3620 3271 3741 3329 post
3768 3260 3979 3329 Grego-

2403 3361 2540 3413 rium
2591 3361 2644 3411 in
2698 3362 2871 3411 lucem
2916 3357 3093 3410 editus
3121 3364 3225 3416 est,
3267 3356 3411 3407 circa
3443 3368 3643 3405 annum
3674 3351 3780 3404 5‘29
3821 3359 3978 3402 natus

2400 3452 2648 3515 videtur;
2696 3459 2751 3502 et
2798 3463 2918 3502 cum
2954 3461 3135 3501 senem
3166 3460 3223 3499 se
3267 3459 3387 3498 esse
3418 3443 3546 3496 dicit
3575 3441 3647 3510 (e)
3682 3457 3823 3495 anno
3847 3441 3974 3504 574,

2402 3545 2450 3597 id
2486 3559 2591 3597 non
2629 3552 2733 3596 tam
2770 3541 2913 3595 illius
2947 3539 3104 3593 annis
3134 3537 3481 3591 tribuendum
3510 3549 3669 3603 quam
3702 3544 3978 3602 perpetuae

2401 3637 2613 3688 cuidam
2648 3634 2974 3698 infirmitati,
3002 3648 3122 3702 quae
3142 3632 3209 3686 ab
3234 3631 3453 3685 ineunte
3484 3636 3639 3682 aetate
3669 3626 3887 3694 incepit,
3914 3642 3978 3680 ac

2402 3736 2583 3794 postea
2627 3728 2953 3793 paenitentiae
2992 3736 3046 3781 et
3093 3724 3378 3779 sacerdotii
3420 3721 3693 3776 laboribus
3728 3730 3784 3775 et
3823 3720 3977 3775 novis

2402 3815 2904 3885 supervenientibus
2938 3814 3140 3868 morbis
3197 3815 3275 3868 sic
3333 3813 3594 3876 accrevit,
3642 3821 3699 3865 ut
3756 3813 3807 3866 in
3862 3813 3978 3881 ipso

2399 3907 2571 3961 atatis
2587 3906 2779 3959 robore
2800 3920 2963 3959 senex
2987 3904 3258 3957 videretur
3279 3901 3372 3971 (ι’),
3395 3916 3459 3956 ac
3486 3903 3735 3956 dentibus
3758 3914 3977 3957 careret

2400 4011 2572 4050 annos
2610 4006 2767 4049 natus
2798 3994 2885 4047 46.

2473 4086 2558 4141 Ill.
2582 4087 2875 4141 Paternum
2914 4098 3081 4155 genus
3119 4081 3349 4138 Basilius
3384 4096 3413 4136 e
3439 4080 3631 4144 Ponto,
3660 4090 3718 4133 ut
3745 4090 3979 4135 testatur

2400 4178 2686 4246 Gregorius
2716 4176 3093 4230 Nazianzenus
3130 4174 3225 4245 (g),
3260 4184 3561 4229 maternum
3604 4186 3667 4226 ex
3693 4172 3977 4243 Cappado—

2399 4270 2483 4323 cia
2514 4270 2755 4324 ducehat.
2802 4269 3117 4337 Quanquam
3158 4266 3453 4337 Gregorius
3496 4264 3790 4335 Nyssenus,
3842 4280 3963 4319 cum

2398 4362 2753 4431 quadraginta
2790 4370 3055 4429 martyres
3094 4361 3145 4414 in
3177 4376 3240 4415 eo
3266 4359 3380 4411 loco
3411 4356 3672 4422 laudaret,
3710 4356 3797 4410 ubi
3830 4356 3974 4423 passi

2401 4454 2632 4515 fuerant,
2672 4454 2724 4507 id
2750 4463 2829 4506 est
2856 4450 3112 4505 Sebastiaz
3142 4452 3196 4505 in
3231 4448 3511 4510 Armenia,
3539 4447 3677 4500 hanc
3708 4446 3972 4513 majorum

2400 4560 2618 4598 suorum
2660 4543 2888 4613 patriam
2942 4556 3060 4597 esse
3101 4550 3394 4603 asseverat,
3429 4541 3543 4594 sive
3576 4540 3699 4607 quia
3752 4538 3875 4591 inde
3921 4539 3973 4590 in

2405 4638 2630 4691 Paulum
2687 4646 2778 4689 aut
2826 4634 3217 4704 Cappadociam
3276 4634 3626 4691 transierant,
3683 4630 3795 4683 sive
3846 4632 3972 4699 quia

2404 4729 2527 4782 olim
2565 4728 2807 4781 Sebastia
2838 4726 3190 4795 Cappadociae
3218 4727 3473 4779 attributa
3510 4733 3647 4777 erat.

2479 4818 2603 4870 Erat
2635 4829 2810 4871 autem
2844 4829 3129 4883 utrumque
3161 4816 3287 4869 illud
3319 4830 3485 4882 genus
3514 4812 3852 4873 militaribus,
3881 4826 3977 4880 pa-

2407 4908 2589 4961 latinis
2619 4919 2671 4960 et
2706 4906 3119 4973 municipalibus
3147 4904 3493 4973 dignitatibus
3531 4902 3760 4968 insigne,
3802 4916 3864 4954 ac
3894 4903 3978 4953 di-

2406 4998 2552 5052 vitiis
2594 5009 2646 5052 et
2679 4997 2897 5066 opibus,
2948 5004 3001 5050 et
3045 4995 3273 5050 excelsis
3306 4993 3511 5047 thronis
3555 5007 3617 5047 ac
3658 4995 3975 5057 eloquentiae

2404 5091 2549 5144 fama
2582 5090 2785 5144 clarum
2816 5087 2929 5159 (h);
2979 5089 3071 5143 sed
3113 5088 3313 5154 pietate
3361 5099 3424 5138 ac
3471 5084 3742 5153 religionis
3775 5082 3973 5146 studio,

2408 5191 2463 5236 et
2494 5182 2650 5236 rebus
2698 5195 2793 5249 pro
2843 5178 3056 5234 Christo
3108 5176 3317 5231 fortiter
3346 5176 3513 5245 gestis
3553 5175 3710 5241 longe
3756 5174 3972 5228 clarius.

2410 5273 2543 5327 Nam
2574 5284 2844 5327 maternus
2868 5270 3045 5325 Basilii
3072 5285 3201 5323 avus
3234 5270 3339 5323 vita
3376 5276 3429 5321 et
3470 5266 3623 5321 bonis
3650 5280 3743 5333 pro
3761 5266 3976 5321 Christo

2408 5364 2666 5435 spoliatus
2689 5364 2755 5417 ab
2789 5364 3111 5430 imperatore
3133 5360 3307 5415 fuerat
3344 5361 3426 5431 (ἱ).
3464 5358 3561 5412 Avi
3591 5368 3767 5411 autem
3802 5370 3976 5426 pater-

2471 5541 2534 5608 (Γ)
2573 5540 2667 5608 Ep.
2706 5539 2829 5593 252.

2472 5611 2542 5679 (θ)
2568 5612 2659 5664 Or.
2691 5611 2783 5663 eo.

2472 5681 2546 5748 (1.)
2584 5680 2715 5734 Ibid.

2481 5747 2535 5819 ίι)
2577 5750 2730 5819 Nyss.
2774 5749 2875 5803 γη.
2910 5750 2965 5803 S.
3004 5748 3171 5801 Mirr.
3207 5761 3332 5803 tom.
3366 5747 3430 5811 ΙΙ,
3468 5766 3518 5817 p.
3561 5748 3676 5801 l9].
