4206 6530
1578 447 1734 504 vm
1774 448 1828 502 s.
1872 441 2129 499 BASlLll.
3409 463 3477 500 νη

254 564 301 617 ni
324 568 469 615 erant
497 559 569 613 uli
585 562 811 631 quidem
835 560 1086 615 auomnia
1118 576 1215 632 pro
1242 560 1459 616 Christo
1488 559 1805 630 perferenda
1843 566 1880 618 Α
1914 557 2311 625 persecutionis
2349 560 2678 619 deccrtasse,
2716 556 2939 625 ejusque
2965 567 3014 609 et
3052 556 3225 608 mariti
3255 555 3390 610 bona
3418 562 3487 611 ut

257 653 603 719 paratissimi;
640 655 739 709 sed
768 669 884 709 cum
929 654 1297 708 meminissent
1321 650 1637 723 Gregorium
1666 650 1810 702 Non-

256 744 616 800 e'esaricnsem
653 748 708 800 in
747 745 1117 814 persecutione
1156 742 1301 796 Decii
1347 740 1638 813 (retinebat
1671 744 1811 794 enim

258 836 475 889 Macrine
516 840 662 892 illius
700 839 1011 891 documenta
1039 836 1135 909 (α),
1174 851 1502 905 quacunque
1546 834 1610 885 ad
1644 834 1812 901 ipsam

258 929 515 981 uternoria:
540 928 686 980 serie
732 929 1104 992 pervenerant)
1141 936 1193 978 et
1225 924 1421 995 fugisse
1450 935 1502 977 et
1539 922 1602 976 ad
1636 922 1813 992 fugam

255 1020 379 1072 alios
419 1021 763 1071 adhortatum
807 1033 964 1085 esse;
1001 1027 1315 1085 reCeperunt
1359 1034 1415 1071 se
1448 1016 1498 1067 in
1527 1016 1812 1082 quamdam

258 1105 590 1162 Ponticorum
644 1110 899 1163 montium
956 1111 1141 1165 silvam
1186 1109 1281 1179 (ὁ),
1333 1108 1518 1177 paucis
1561 1108 1814 1160 adhibitis

260 1202 383 1265 fugae
403 1200 633 1252 consciis
662 1211 715 1255 et
743 1203 916 1258 victus
967 1201 1252 1255 ministris.
1280 1205 1335 1257 ln
1372 1200 1471 1253 hoc
1508 1200 1699 1253 exsilio
1730 1214 1815 1252 se-

260 1303 389 1359 ptem
422 1304 592 1343 anuos
620 1302 677 1345 et
716 1294 987 1363 aliquanto
1021 1294 1251 1360 amplius
1283 1291 1381 1345 sub
1425 1291 1513 1343 dio
1544 1292 1810 1351 vixerunt,

263 1379 458 1446 pluviis,
484 1379 761 1449 algoribus
787 1395 839 1437 et
859 1381 1146 1449 frigoribus
1172 1381 1421 1450 expositi,
1457 1382 1524 1432 ab
1559 1383 1810 1435 omnibus

261 1472 372 1523 vitae
405 1478 723 1538 commodis,
762 1475 826 1529 ab
854 1474 1043 1529 amicis
1072 1486 1125 1529 et
1165 1474 1307 1528 onmi
1341 1473 1617 1525 hominum
1643 1474 1815 1527 socie-

265 1572 361 1617 tate
388 1568 599 1623 remoti.
665 1568 771 1622 Sed
813 1565 1064 1622 Christus
1108 1568 1157 1620 in
1187 1580 1371 1619 eorum
1403 1562 1653 1617 solatium
1688 1581 1815 1617 cou-

262 1669 399 1710 ccssa
429 1658 555 1711 olim
608 1660 870 1714 lsraelitis
906 1657 1164 1711 miracula
1220 1658 1516 1709 renovavit.
1575 1660 1813 1724 Quodam

258 1750 390 1801 enim
413 1751 497 1805 die
521 1752 796 1805 subiiteos
819 1750 1063 1805 lautioris
1090 1764 1285 1803 mensa:
1313 1749 1665 1813 desiderium;
1693 1766 1814 1803 nam

261 1844 570 1897 diuturnitas
601 1842 860 1911 temporis
888 1842 1164 1897 fastidium
1201 1844 1457 1897 attulerat
1485 1844 1815 1897 necessario-

263 1948 368 1987 rum
411 1936 680 1991 ciborurn.
735 1938 804 1987 At
855 1950 1194 2005 nequaquam
1251 1938 1691 1997 mussitaverunt,
1757 1946 1815 1988 ut

260 2022 528 2087 lsra‘elitre;
567 2026 666 2077 sed
696 2040 723 2076 a
752 2024 879 2088 Deo,
902 2042 1110 2080 summa
1142 2027 1282 2081 illius
1312 2027 1562 2095 potentiae
1595 2026 1809 2089 ﬁducia,

260 2118 547 2169 suaviorem
572 2116 755 2169 cibum
783 2119 1139 2188 postularunt,
1168 2119 1250 2171 vel
1291 2134 1356 2170 ex
1389 2117 1576 2171 avibus
1603 2119 1653 2170 in
1687 2133 1815 2171 aere

259 2206 615 2271 volitantibus,
651 2208 730 2261 vel
753 2224 783 2263 e
810 2209 961 2275 feris,
995 2223 1112 2276 qua:
1150 2209 1200 2259 in
1240 2207 1509 2261 montibus
1538 2209 1809 2262 errabant.

260 2293 347 2350 Vix
373 2296 525 2353 locuti
556 2311 735 2361 erant,
786 2316 904 2354 cum
941 2312 1125 2353 eorum
1163 2298 1383 2367 pedibus
1413 2300 1607 2355 accidit
1648 2300 1814 2355 obso-

259 2392 389 2446 nium
414 2406 611 2465 sponte
636 2396 894 2454 oblatum,
922 2394 1069 2448 cervi
1109 2394 1254 2449 mira:
1293 2394 1693 2464 magnitudinis,
1725 2410 1813 2450 re-

258 2496 400 2552 pente
424 2501 453 2539 e
485 2486 711 2538 tumulis
735 2495 1076 2554 apparentes,
1111 2503 1173 2541 ac
1202 2488 1553 2540 innuentibus
1584 2501 1701 2541 sese
1724 2488 1816 2540 de-

257 2578 448 2638 dentes,
472 2590 535 2628 ex
573 2576 769 2643 quibus
787 2588 1044 2647 quantum
1071 2578 1317 2631 voluntas
1347 2577 1551 2630 ferebat.
1574 2578 1813 2631 detinue-

259 2676 389 2729 runt,
427 2668 573 2737 quod
614 2677 891 2736 supererat
929 2669 978 2720 in
1022 2667 1185 2720 silvas
1226 2666 1290 2718 ad
1323 2666 1465 2717 aliud
1510 2667 1812 2719 convivium

257 2758 589 2813 dimiserunt.
620 2760 694 2812 Ex
738 2761 818 2812 his
847 2757 1089 2827 Gregorii
1122 2758 1451 2812 Nazianzeni
1491 2758 1670 2811 verbis
1696 2774 1815 2825 per-

257 2851 468 2918 spicitur
497 2866 611 2904 non
646 2851 805 2904 unius
846 2849 948 2903 diei
988 2850 1167 2903 cibum
1217 2851 1318 2904 hoc
1352 2850 1611 2903 miraculo
1637 2850 1816 2918 provi-

256 2955 362 2995 sum
396 2944 473 2996 eis
519 2941 723 3003 fuisse;
757 2941 850 2995 sed
891 2942 956 2995 ad
984 2951 1187 3011 septem
1226 2942 1399 2995 exsilii
1429 2957 1600 2996 annos
1640 2942 1816 2994 minus

256 3034 525 3086 commode
554 3030 873 3085 miraculum
910 3032 1151 3086 extendit
1186 3030 1604 3099 Papebrochius.

320 3122 436 3178 Hec
472 3134 657 3177 autem
704 3123 997 3194 c0ntigisse
1032 3133 1216 3177 narrat
1246 3124 1540 3194 Gregorius
1578 3126 1629 3175 in
1666 3132 1809 3175 atro-

1918 648 2117 704 Christi
2144 647 2533 703 confessionem
2558 650 2723 704 fuisse
2756 647 3043 715 publicata.

1986 742 2137 795 Hanc
2178 738 2579 793 dimicationem
2640 740 2914 793 existimat
2963 738 3343 793 'fillemontius
3402 738 3479 789 vel

1917 835 2015 887 sub
2057 831 2346 886 Maximino
2377 830 2742 887 collocandam
2771 846 2912 894 esse,
2932 832 3020 899 qui
3050 831 3483 899 persecutionem

1922 921 2308 991 redintegravit
2340 935 2479 975 anno
2504 919 2629 981 511,
2663 922 2851 989 paucis
2876 930 2995 988 post
3022 918 3221 973 Galerii
3254 928 3483 973 mortem

1920 1020 2212 1079 mensibus,
2239 1015 2319 1067 vel
2345 1016 2443 1069 sub
2470 1015 2676 1068 Licinio
2711 1018 2801 1083 qui
2844 1023 3157 1085 persecutus
3188 1023 3270 1067 est
3297 1012 3483 1067 Eccle-

1918 1108 2048 1161 siam
2085 1123 2225 1164 anno
2254 1106 2378 1172 59.0,
2421 1123 2483 1161 ac
2519 1107 2753 1161 maxime
2802 1110 2853 1161 in
2905 1110 3075 1163 Ponto
3110 1106 3481 1160 crudelitatem

1920 1216 2068 1255 suam
2122 1200 2389 1255 exercuit.
2425 1200 2540 1265 Quo
2589 1199 2804 1253 nomine
2854 1200 3148 1267 appellatus
3197 1198 3361 1251 fuerit
3393 1214 3485 1265 pa-

1922 1303 2102 1347 ternus
2155 1294 2242 1346 ille
2300 1305 2432 1344 avus
2493 1290 2704 1355 Basilii,
2756 1291 3048 1345 nescimus.
3097 1292 3243 1343 Avite
3291 1303 3482 1342 nomen

1918 1383 2168 1439 Macrinte
2195 1385 2312 1448 fuit,
2347 1398 2468 1454 qua:
2498 1397 2619 1436 cum
2650 1384 2906 1437 Basilium
2940 1382 3197 1437 innantem
3236 1380 3485 1435 informa-

1919 1474 2052 1526 verit
2094 1486 2147 1528 et
2203 1476 2537 1541 instituerit,
2573 1475 2783 1528 videtur
2843 1489 3015 1544 usque
3058 1475 3122 1527 ad
3155 1488 3353 1527 annum
3382 1472 3485 1523 5111

1918 1566 2130 1620 vixisse.

1987 1656 2073 1711 IV.
2109 1658 2311 1713 Horum
2366 1661 2506 1716 ﬁlius
2550 1660 2783 1715 Basilius
2812 1700 2825 1723 ,
2871 1660 3039 1713 nostri
3096 1657 3278 1711 Basilii
3311 1664 3482 1721 pater,

1918 1750 2143 1807 eximias
2169 1752 2397 1807 virtutes
2425 1766 2544 1804 cum
2575 1753 2783 1822 magnis
2806 1749 3124 1805 eruditionis
3151 1759 3203 1802 et
3225 1749 3483 1816 eloquen-

1921 1842 2007 1897 tim
2030 1843 2363 1899 ornamentis
2395 1843 2693 1913 conjunxit.
2715 1844 2973 1898 lnclaruit
3004 1843 3145 1895 enim
3181 1841 3232 1893 in
3258 1839 3482 1908 foro(e),

1919 1948 1972 1993 et
2004 1937 2364 2006 eloquentiam
2418 1949 2626 1990 summa
2665 1934 2975 1989 celebritate
3004 1936 3054 1989 in
3083 1934 3253 1988 Ponto
3279 1932 3482 1987 docuit.

1920 2030 2023 2084 Sed
2048 2045 2255 2083 morum
2282 2030 2567 2085 sanctitate
2604 2029 2799 2083 clarior
2828 2029 3051 2085 exstitit.
3085 2030 3157 2082 ita
3190 2037 3246 2081 ut
3269 2027 3475 2095 primas

1916 2123 1964 2177 ei
1997 2122 2049 2174 in
2076 2121 2175 2174 hoc
2200 2135 2394 2191 genere
2425 2123 2570 2176 solus
2602 2121 2744 2175 ﬁlius
2784 2118 3013 2173 Basilius
3038 2118 3299 2185 eripuisse
3330 2115 3479 2166 vide-

1919 2222 2067 2269 retur
2088 2213 2184 2284 (f).
2212 2211 2383 2281 Hujus
2406 2213 2535 2266 ﬁdes
2564 2214 2821 2267 miracula
2869 2208 3199 2281 impetravit,
3232 2216 3289 2260 ut
3326 2206 3483 2258 modo

1917 2305 2239 2360 videbimus.
2273 2301 2323 2357 ls
2360 2304 2411 2357 in
2455 2304 2858 2356 matrimonium
2882 2305 3031 2357 duxit
3057 2316 3239 2371 parem
3268 2300 3483 2368 generis

1915 2408 1969 2452 et
1996 2397 2256 2452 virtutum
2305 2394 2591 2465 splendore
2641 2394 2897 2449 feminam
2922 2435 2937 2459 ,
2970 2395 3283 2451 Emmeliam
3315 2432 3330 2455 ,
3364 2405 3484 2460 quae

1919 2495 1968 2548 id
2006 2494 2146 2547 inter
2181 2491 2435 2546 mulieres
2469 2488 2584 2554 fuit,
2617 2487 2757 2558 quod
2794 2487 3024 2542 Basilius
3062 2487 3202 2540 ﬁlius
3234 2488 3373 2539 inter
3401 2486 3479 2538 vi-

1920 2598 2026 2644 ros,
2061 2592 2197 2636 teste
2229 2580 2568 2635 Nazianzeno
2600 2578 2696 2649 (g).
2735 2578 2857 2633 Haec
2882 2578 3109 2633 libenter
3135 2576 3483 2630 matrimonio

1920 2673 2279 2740 virginitatem
2312 2672 2651 2739 praetulisset.
2692 2671 2796 2725 Sed
2824 2680 2877 2724 et
2915 2679 3084 2740 patre,
3115 2682 3270 2738 quem
3307 2669 3478 2735 impe-

1919 2770 2063 2813 rator
2098 2761 2204 2812 vita
2257 2767 2312 2813 et
2370 2760 2523 2813 bonis
2558 2760 2917 2827 spoliaverat,
2952 2769 3006 2813 et
3052 2769 3223 2812 matre
3276 2758 3326 2809 in
3364 2758 3480 2825 ipso

1918 2851 2093 2905 tetatis
2123 2834 2254 2904 ﬂore
2287 2850 2499 2914 orbata,
2532 2860 2588 2902 ut
2621 2850 2818 2903 vitaret
2858 2851 3087 2918 pericula
3118 2849 3186 2902 ob
3211 2862 3474 2902 summam

1918 2952 2250 2997 venustatem
2286 2942 2621 2996 imminentia
2648 2940 2888 3013 (plurimi
2928 2942 3068 2995 enim
3103 2940 3242 2992 illius
3269 2939 3479 3007 nuptias

1916 3036 2214 3098 ambibant,
2244 3034 2484 3088 nonnulli
2523 3034 2685 3087 etiam
2716 3044 2926 3102 raptum
2960 3031 3207 3085 meditari
3235 3030 3483 3083 videban—

1919 3130 2046 3195 tur),
2100 3128 2167 3179 ad
2199 3127 2526 3179 matrimonii
2559 3135 2770 3192 portum
2809 3124 3078 3191 confugit,
3113 3139 3175 3177 ac
3203 3124 3317 3177 viro
3366 3138 3479 3177 mo-

256 3217 458 3271 cissima
526 3218 770 3270 omnium
827 3218 1165 3284 maximeque
1223 3217 1487 3271 horrenda
1531 3215 1807 3267 Maximini
1842 3250 1884 3308 C
1920 3234 2035 3274 rum
2066 3218 2332 3287 gravitate
2385 3223 2626 3284 spectato
2665 3216 2830 3268 vitam
2884 3230 3033 3268 suam
3079 3215 3479 3269 custodiendam

256 3311 641 3375 persecutione,
672 3308 763 3375 qui
811 3322 933 3360 cum
975 3316 1093 3375 post
1130 3307 1309 3373 plures
1351 3306 1504 3367 alios,
1532 3306 1618 3373 qui
1654 3305 1809 3373 paulo

254 3408 367 3453 ante
405 3400 665 3460 fuerant,
704 3397 1032 3465 ingruisset,
1087 3398 1296 3449 laudern
1329 3396 1406 3448 eis
1462 3394 1815 3447 humanitatis

254 3504 337 3543 sua
366 3489 697 3543 crudelitate
745 3485 1072 3539 conciliavit.
1128 3485 1219 3539 llis
1249 3485 1525 3539 coloribus
1553 3484 1697 3538 clare
1726 3485 1814 3538 de-

254 3582 483 3649 pingitur
518 3580 847 3633 Maximinus
872 3577 1161 3643 secundus,
1190 3576 1415 3631 "minime
1442 3592 1587 3641 vero,
1620 3586 1678 3630 ut
1710 3574 1814 3629 Pa-

255 3671 572 3740 pebrochius
604 3671 861 3739 opinatus
886 3680 970 3725 est
1000 3712 1015 3735 ,
1051 3669 1374 3722 Maximinus
1403 3668 1629 3736 primus,
1660 3668 1814 3735 cujus

254 3762 555 3829 persecutio
587 3777 687 3816 nec
721 3763 960 3815 omnium
1012 3760 1383 3814 crudelissima
1434 3758 1641 3810 exstitit
1670 3798 1686 3820 ,
1720 3771 1816 3809 nec

254 3866 339 3915 per
359 3862 567 3921 septem
594 3866 802 3915 annos;
835 3867 934 3903 nec
967 3852 1099 3903 alias
1128 3848 1538 3916 persecutiones
1572 3849 1817 3915 proxime

252 3949 528 3997 Subsecuta
556 3955 674 4005 est;
712 3952 1063 4009 praecesserat
1098 3940 1239 3992 enim
1280 3954 1380 4007 pax
1419 3938 1607 4006 viginti
1660 3940 1817 4006 quin-

254 4047 348 4098 que
374 4046 665 4084 annorum.
701 4029 806 4084 Sed
853 4046 973 4085 cum
1020 4030 1347 4082 Maximinus
1391 4028 1660 4083 secundus
1715 4046 1816 4079 non

256 4122 554 4189 regnaverit
585 4123 635 4175 in
668 4121 837 4176 Ponto
863 4132 918 4176 et
944 4121 1067 4175 Asia
1126 4120 1326 4174 Minore
1352 4160 1365 4182 ,
1392 4121 1489 4173 nisi
1521 4136 1662 4173 anno
1691 4120 1815 4180 3H,

254 4224 363 4280 post
390 4224 622 4270 mortem
654 4214 890 4279 Galerii;
945 4213 1207 4267 Baronius
1235 4214 1303 4283 (ε)
1352 4224 1406 4267 et
1439 4212 1814 4265 Tillemontius

254 4296 560 4357 existimant
602 4305 702 4356 hoc
731 4304 1044 4356 miraculum
1075 4314 1328 4371 regnante
1363 4304 1450 4355 illo
1486 4303 1537 4353 in
1577 4301 1814 4370 Egypto

254 4403 301 4445 et
354 4393 510 4463 Syria
542 4392 873 4457 contigisse,
930 4408 993 4445 ac
1043 4408 1272 4461 proavos
1326 4393 1507 4446 Basilii
1547 4409 1687 4448 anno
1712 4394 1816 4447 504

255 4484 571 4547 seceSSisse,
618 4493 671 4536 et
698 4497 866 4551 usque
902 4484 969 4537 ad
1009 4499 1204 4536 annum
1237 4485 1337 4537 3H
1388 4486 1680 4540 delituisse.
1739 4486 1815 4539 Ex

1918 3308 2205 3365 commisit.
2253 3306 2308 3358 In
2366 3306 2465 3358 hoc
2522 3304 2905 3367 matrimonio,
2963 3304 3101 3372 quod
3139 3319 3241 3357 non
3301 3304 3478 3357 minus

1919 3400 2133 3455 virtutis
2168 3414 2327 3469 quam
2386 3412 2671 3467 corporum
2728 3408 2845 3449 erat
2874 3436 2888 3459 ,
2937 3396 3131 3449 enituit
3178 3410 3476 3464 pauperum

1919 3492 2231 3546 alendorum
2273 3498 2325 3543 et
2378 3491 2651 3557 hospitum
2700 3488 3139 3555 excipiendorum
3193 3486 3427 3540 studium
3461 3525 3477 3548 ,

1917 3585 2108 3639 anima:
2138 3583 2383 3651 purgatio
2416 3596 2509 3649 per
2554 3579 2940 3633 continentiam
2966 3617 2979 3642 ,
3012 3578 3269 3631 bonorum
3302 3579 3479 3647 portio

1918 3678 2030 3732 Deo
2058 3683 2394 3736 consecrata,
2442 3686 2562 3740 qua:
2588 3684 2673 3723 res
2702 3670 2888 3737 paucis
2921 3679 3047 3723 tunc
3094 3670 3355 3739 exemplis
3382 3686 3476 3724 co-

1919 3766 2067 3836 gnita
2094 3772 2248 3825 erat,
2282 3762 2407 3830 quia
2457 3762 2556 3814 sub
2610 3760 3024 3829 imperatoribus
3073 3761 3305 3814 ethnicis
3359 3771 3472 3815 tuta

1920 3873 2025 3913 non
2054 3856 2243 3910 fuisset
2266 3851 2523 3907 Ecclesiis
2556 3853 2875 3921 praediorum
2902 3854 3189 3919 possessio.
3234 3852 3355 3908 Haec
3385 3870 3480 3907 au-

1921 3960 2025 4002 tem
2056 3947 2107 3999 in
2133 3944 2402 3998 Ecclesias
2428 3953 2481 3995 et
2510 3958 2775 4012 pauperes
2821 3942 3115 3998 liberalitas
3142 3959 3478 4013 nequaquam

1917 4053 2103 4091 eorum
2157 4036 2371 4090 divitias
2400 4035 2759 4095 conuninuit,
2808 4036 2899 4088 sed
2955 4036 3134 4103 potius
3193 4038 3295 4090 ﬁde
3346 4037 3481 4090 adeo

1919 4128 2297 4196 niultiplicavit
2327 4166 2340 4189 ,
2376 4136 2433 4179 ut
2461 4126 2822 4193 amplissimas
2866 4130 2916 4179 in
2966 4128 3137 4179 tribus
3190 4127 3479 4194 provinciis

1920 4218 2284 4281 possessiones
2314 4217 2594 4269 haberent.
2632 4215 2783 4281 Quod
2807 4231 2870 4269 eo
2891 4217 3188 4271 mirabilius
3217 4222 3478 4287 est,quod

1921 4308 2194 4361 Emmelia:
2246 4309 2436 4375 patris,
2476 4307 2659 4360 Basilii
2689 4317 2970 4374 parentum
3017 4308 3151 4362 bona
3207 4310 3474 4377 publicata

1924 4401 2157 4453 fuerant.
2209 4400 2346 4464 Quin
2376 4400 2540 4452 etiam
2572 4413 2754 4451 eorum
2794 4412 2848 4451 re
2884 4399 3138 4453 familiari
3176 4400 3227 4451 in
3284 4416 3470 4454 novem

1924 4478 2103 4559 partes
2134 4508 2229 4561 pro
2258 4492 2486 4544 ﬁliorum
2544 4504 2769 4543 numero
2801 4491 2965 4543 divisa
2995 4531 3008 4555 ,
3042 4492 3265 4554 singulm
3293 4505 3475 4562 partes

255 4574 334 4627 bis
366 4586 549 4629 autem
585 4574 805 4629 latebris
858 4577 1183 4644 prodeuntes
1215 4592 1355 4630 anno
1390 4578 1513 4640 511,
1540 4587 1652 4645 post
1692 4580 1813 4631 data
1852 4596 1891 4648 ι)
1924 4592 2171 4649 paternas
2194 4594 2321 4647 opes
2349 4592 2692 4647 superarunt.

254 4680 281 4718 a
307 4664 523 4720 Galerio
556 4668 605 4719 in
632 4669 856 4734 gratiam
885 4666 1315 4721 Christianorum
1345 4668 1539 4732 edicta,
1567 4672 1816 4737 graviora

255 4756 500 4824 deinceps
546 4757 793 4809 videntur
848 4756 1078 4811 subiisse
1135 4759 1449 4812 certamina.
1516 4758 1606 4811 Ait
1669 4761 1810 4813 enim

254 4845 541 4917 Gregorius
594 4846 963 4903 Nazianzenus
1008 4864 1101 4903 eos
1154 4850 1218 4902 ad
1278 4851 1645 4905 dimicandum
1696 4852 1811 4904 ala-

256 4941 451 4995 criores
477 4939 649 4993 factos
675 4954 794 4993 esse
830 4941 930 4993 hoc
961 4940 1220 4993 miraculo
1240 4982 1255 5001 ,
1286 4943 1424 5007 quod
1471 4943 1549 4996 eis
1582 4943 1723 4995 hunc
1760 4944 1810 4995 in

257 5048 403 5087 usum
440 5050 468 5086 a
506 5032 618 5086 Deo
648 5046 957 5085 concessum
986 5031 1174 5086 fuerat.
1208 5032 1342 5086 llinc
1373 5035 1533 5086 etiam
1576 5035 1652 5103 (p.
1683 5035 1807 5102 519)

258 5136 340 5175 eos
371 5136 619 5177 recenset
652 5124 787 5175 inter
812 5120 1135 5176 fortissimos
1168 5124 1427 5187 athletas,
1452 5126 1539 5192 qui
1572 5141 1691 5178 cum
1724 5142 1809 5193 pc-

260 5228 319 5265 ne
360 5228 528 5281 usque
580 5214 645 5267 ad
694 5224 919 5266 mortem
955 5214 1365 5277 decertassent,
1419 5215 1655 5269 victoriae
1705 5232 1812 5269 suae

259 5306 562 5372 superstites
618 5304 695 5374 (ιι)
743 5304 974 5358 fuerunt.
1040 5304 1310 5371 Nyssenus
1361 5321 1487 5360 vero
1537 5310 1813 5375 conceptis

259 5397 424 5451 verbis
462 5397 539 5449 ait
572 5396 863 5450 Macrinam
891 5397 943 5448 in
984 5398 1284 5451 conﬁtendo
1309 5398 1526 5451 Christo
1570 5411 1809 5464 tempore

320 5573 390 5643 (α)
428 5574 590 5627 Basil.
626 5588 708 5640 ep.
744 5572 874 5635 201,
912 5589 962 5626 n.
997 5573 1047 5627 6.

319 5648 386 5713 (b)
412 5644 540 5699 Naz.
562 5660 643 5698 or.
674 5644 764 5696 20.

320 5721 387 5783 (ε)
425 5716 499 5783 ΑΛ
536 5728 624 5783 an.
664 5714 790 5766 504.

320 5782 390 5848 (Δ)
424 5782 526 5836 νη.
563 5782 736 5835 JlaCr.
771 5802 820 5850 p.
854 5784 972 5845 178,
1022 5784 1135 5837 191.

322 5861 387 5922 (ε)
414 5852 565 5923 Nysa.
612 5852 718 5907 Vit.
749 5852 914 5906 Macr.
950 5870 997 5922 ι».
1032 5856 1151 5908 592.

1998 4672 2102 4725 Sed
2140 4672 2405 4739 praecipua
2436 4670 2615 4725 Basilii
2643 4680 2691 4724 et
2730 4672 3002 4726 Emmelite
3052 4674 3239 4742 gloria,
3306 4678 3482 4745 proles

1925 4763 2151 4816 exstitit.
2202 4763 2391 4816 Decem
2445 4760 2640 4817 liberos
2696 4776 3050 4828 susceperunt
3097 4766 3194 4835 (Ii),
3251 4784 3479 4835 quorum

1926 4864 2034 4908 tres
2063 4853 2297 4923 episcopi
2347 4868 2554 4907 summa
2588 4854 2897 4907 sanctitatis
2928 4864 2980 4905 et
3014 4856 3270 4910 doctrina:
3322 4859 3481 4913 laude

1922 4946 2231 5000 floruerunt.
2264 4946 2410 5000 Unus
2444 4946 2641 5013 aliquis
2690 4961 2753 4997 ex
2791 4944 2872 4997 his
2914 4946 3093 4999 liberis
3128 4948 3339 5000 videtur
3387 4953 3481 5002 ad«

1920 5042 2135 5096 modum
2168 5042 2343 5095 infans
2374 5052 2620 5094 mortuus
2660 5058 2671 5091 :
2711 5040 2967 5108 siquidem
3022 5042 3258 5095 obeunte
3289 5045 3483 5095 marito

1922 5134 2177 5189 Emrnelia
2209 5146 2438 5202 quatuor
2468 5134 2701 5185 ﬁliorum
2751 5144 2802 5185 et
2834 5136 3067 5202 quinque
3108 5134 3337 5187 ﬁliarum
3371 5153 3480 5187 ntu-

1918 5236 2000 5280 ter
2034 5236 2149 5280 erat
2180 5228 2267 5293 (i),
2312 5238 2606 5294 eorumque
2641 5227 2772 5278 bona
2800 5226 2851 5278 in
2891 5240 3082 5279 novem
3109 5240 3288 5293 partes
3313 5227 3475 5280 divisa

1917 5325 2059 5368 sunt.
2091 5315 2341 5368 Omnium
2392 5325 2517 5367 natu
2568 5318 2797 5369 maxima
2830 5317 2929 5369 fuit
2969 5316 3024 5369 S.
3074 5314 3328 5369 Macrine.
3362 5316 3478 5368 Pri-

1921 5421 2037 5459 mus
2086 5406 2313 5459 ﬁliorum
2349 5406 2404 5459 S.
2450 5406 2694 5471 Basilius,
2748 5408 3017 5461 secundus
3052 5405 3369 5461 Naucratius
3413 5411 3478 5460 de

1998 5580 2063 5647 (Γ)
2090 5581 2220 5635 Naz.
2245 5597 2322 5635 0r.
2349 5581 2436 5635 20.

1996 5656 2066 5717 (9)
2096 5650 2224 5704 lhid.

1992 5722 2064 5788 (Ir)
2100 5723 2246 5790 Nyss.
2302 5722 2398 5772 Vit.
2436 5721 2626 5785 Mam,
2660 5721 2780 5773 186.

1989 5792 2047 5859 υ)
2080 5790 2206 5843 una.
2246 5792 2359 5856 tet,
2395 5793 2510 5845 itu.
