4206 6506
692 442 785 480 vnt
2084 416 2606 472 l’ltttLlLGUllfiNA.

693 560 798 612 quo
848 541 984 598 infra
1033 540 1284 595 nonnulla
1331 537 1596 600 dicentur,
1633 538 1822 592 tertius
1871 538 1930 591 S.
1961 536 2252 605 Gregorius
2286 538 2324 592 Α
2360 534 2717 590 Νυοεπτετιτριυ
2746 537 2937 588 vixisse
2969 544 3285 603 argumento
3320 548 3424 602 est,
3473 543 3613 609 quod
3642 557 3699 598 se
3757 544 3925 614 magi-

695 635 985 706 Nysscnns.
1025 631 1275 687 Omnium
1330 642 1637 699 postremus
1691 628 1792 681 fuit
1833 630 1889 683 S.
1928 628 2120 680 Petrus
2156 628 2251 680 Sc-

696 723 970 785 hasteuus,
994 721 1083 788 qui
1108 720 1285 773 statim
1318 726 1479 787 atque
1517 717 1566 769 in
1595 718 1769 770 lucem
1804 719 1980 772 editus
2022 725 2125 779 est,
2156 732 2253 786 pa-

699 824 830 867 trem
860 811 1055 866 amisit.
1087 812 1326 877 Quatuor
1374 811 1507 862 tilias
1562 812 1859 864 honorifice
1889 808 2256 862 collocaverat

698 904 753 957 S.
787 902 1067 965 Etmnelia,
1100 901 1252 970 paulo
1281 914 1565 969 antequam
1596 901 1823 956 Basilius
1849 899 2078 953 Athenis
2115 900 2261 953 redi-

698 1003 796 1047 ret.
829 993 1023 1047 liarutn
1056 1007 1119 1045 ex
1158 994 1332 1061 aliqua
1372 994 1663 1064 progenita:
1727 993 1941 1045 fuerunt
1976 990 2077 1043 illa:
2115 990 2263 1045 Basi-

704 1085 761 1138 hi
816 1086 1013 1139 sororis
1082 1085 1200 1138 filim
1225 1126 1239 1149 ,
1295 1100 1431 1155 quas
1466 1085 1800 1140 Gaudentius
1831 1082 1905 1153 (α)
1941 1082 2261 1137 Caesariensi

700 1178 1027 1235 monasterio
1074 1177 1350 1245 praefuisse
1384 1188 1627 1232 testatur.
1664 1175 1807 1230 Inter
1835 1176 2264 1244 consanguineos

699 1271 879 1326 Basilii
914 1271 1116 1325 eminet
1174 1271 1418 1339 inprimis
1463 1278 1690 1336 patruus
1727 1268 1841 1338 ejus
1875 1269 2173 1336 Gregorius
2211 1270 2261 1323 in

701 1362 1036 1431 Cappadocia
1099 1364 1382 1431 episcopus
1409 1400 1424 1421 ,
1463 1362 1552 1431 qui
1604 1378 1725 1416 cum
1770 1363 1867 1430 ipsi
1916 1376 1976 1414 ac
2003 1360 2264 1415 fratribus

702 1455 941 1524 parentis
975 1455 1091 1511 loco
1113 1456 1427 1518 exstitisset,
1454 1465 1639 1525 postea
1674 1470 1793 1508 cum
1842 1454 2089 1523 pluribus
2145 1455 2265 1507 aliis

700 1544 1049 1615 Cappadocia:
1082 1547 1345 1617 episc0pis
1390 1545 1505 1614 ejus
1552 1546 1877 1599 ordinatioui
1930 1546 2259 1599 intercessit.

700 1638 971 1710 Coguatos
1024 1639 1252 1694 Basilius
1306 1638 1493 1691 habuit
1540 1636 1821 1691 Atarbium
1873 1635 2267 1690 Neoezesarieu-

701 1745 837 1796 sem,
896 1730 1160 1786 Soranum
1190 1729 1431 1800 Scythici
1489 1728 1673 1784 limitis
1701 1730 1911 1789 ducem,
1946 1740 1997 1779 et
2053 1727 2265 1779 Preme-

700 1823 871 1888 niutn,
902 1838 1059 1894 quem
1087 1821 1348 1877 Satalensi
1384 1821 1635 1876 Ecclesia:
1660 1822 1968 1889 episc0pum
2004 1819 2147 1871 dedit
2167 1817 2264 1887 (ὁ),

2361 637 2505 681 stros
2535 630 2911 696 mysteriorum
2942 636 2993 677 et
3018 642 3197 693 patres
3223 627 3528 696 spirituales
3559 635 3807 691 habuisse
3837 637 3920 691 tli-

2362 717 2431 769 cit
2468 719 2565 787 (g),
2598 716 2928 784 Gregorium.
2980 734 3238 771 summum
3289 718 3437 770 illum
3475 723 3638 774 virum
3674 736 3720 777 et
3764 740 3918 796 quot-

2362 820 2483 879 quot
2514 820 2626 879 post
2661 827 2778 863 etuti
2812 811 2921 864 sedi
2948 810 3227 877 episcopali
3260 812 3612 876 succedentes,
3643 817 3777 869 alius
3808 830 3920 883 post

2362 903 2521 953 alium
2553 901 2703 957 veluti
2732 904 2895 955 stellio
2930 900 3169 973 qttwdmu
3202 906 3512 963 cxorieules,
3550 904 3732 956 iisdem
3770 912 3922 961 vesti-

2363 997 2459 1063 giis
2500 997 2819 1050 institerunt.
2859 997 2999 1050 Inter
3034 995 3131 1048 ltus
3165 994 3413 1065 Gregorii
3448 1010 3790 1050 successores
3819 1015 3919 1050 uu-

2364 1099 2536 1143 merat
2568 1091 2707 1143 haud
2738 1087 2897 1141 dubie
2932 1088 3230 1142 Musonium
3262 1128 3276 1151 ,
3312 1089 3816 1158 prazstantissitnum
3846 1092 3923 1141 vi-

2366 1195 2523 1241 rum,
2560 1181 2646 1234 cui
2707 1181 2862 1249 longe
2921 1179 3199 1236 dissimilis
3247 1182 3505 1235 Atarbius
3561 1188 3921 1237 successerat.

2365 1270 2532 1325 Porro
2584 1284 2807 1329 carleros
2853 1273 3073 1338 quidem
3130 1272 3408 1339 episc0pos
3467 1274 3926 1330 Neocaesarienses

2366 1364 2486 1415 avia
2530 1374 2785 1419 narrante
2818 1366 3067 1431 cognovit
3094 1363 3360 1426 Basilius;
3408 1374 3461 1416 at
3491 1366 3791 1421 Musonium
3830 1380 3925 1435 per

2367 1468 2425 1507 se
2456 1454 2571 1522 ipse
2596 1470 2727 1524 puer
2754 1456 2961 1508 videtur
2992 1456 3242 1509 audiisse.
3276 1452 3324 1507 is
3352 1457 3494 1509 enim
3525 1471 3647 1510 cum
3680 1466 3927 1512 mortuus

2367 1544 2436 1599 sit
2468 1560 2609 1597 anno
2631 1546 2735 1601 568
2766 1556 2857 1600 aut
2893 1544 3017 1607 569,
3067 1562 3166 1601 ιιοη
3195 1547 3477 1600 admodum
3510 1561 3697 1611 senex,
3728 1550 3925 1603 docere

2369 1651 2475 1691 non
2509 1638 2680 1706 potuit
2713 1637 3006 1691 Macrinam
3035 1672 3049 1697 ,
3078 1650 3195 1701 quae
3235 1637 3285 1691 in
3313 1636 3416 1689 alia
3447 1635 3669 1690 dioecesi
3701 1635 3931 1703 degebat

2370 1745 2473 1783 non
2499 1728 2666 1781 multo
2702 1739 2822 1795 post
2852 1741 3047 1781 annuat
3087 1727 3211 1792 550,
3239 1742 3427 1797 nempe
3460 1728 3511 1782 in
3542 1728 3634 1782 illo
3665 1741 3802 1797 pago
3836 1727 3926 1779 ubi

2369 1816 2623 1871 Basiliunt
2656 1818 2924 1869 educavit.

702 1914 1015 1981 Palladiam,
1048 1928 1205 1983 quam
1242 1923 1352 1967 tum
1390 1915 1458 1969 ob
1489 1912 1734 1982 egregios
1787 1926 1986 1975 mores,
2021 1920 2130 1961 tum
2178 1886 2261 1963 iob
2300 1886 2340 1941 Β
2441 1907 2754 1963 Translatus
2786 1906 3185 1959 Ncocmsareatn
3224 1907 3453 1962 Basilius
3483 1908 3686 1963 invenit
3724 1908 3773 1961 in
3802 1906 3926 1961 Επει-

702 2004 1221 2075 cousanguinitatent
1258 2004 1311 2058 in
1376 2003 1562 2057 matris
1619 2001 1735 2055 loco
1770 2000 2137 2065 reverebatur,
2209 2011 2267 2055 ut

702 2095 818 2162 ipse
850 2106 1077 2150 testatur
1108 2096 1158 2150 in
1182 2096 1337 2165 epist.
1374 2096 1496 2149 157.

776 2186 837 2241 V.
875 2189 967 2243 His
1004 2198 1151 2243 ortus
1174 2188 1485 2256 parentibus
1509 2182 1756 2247 Basilius,
1787 2196 1945 2252 quem
1979 2183 2268 2252 Gregorius

705 2285 872 2334 frater
896 2294 1015 2333 cum
1042 2278 1290 2330 Samuele
1326 2278 1375 2329 in
1405 2291 1469 2330 eo
1501 2283 1776 2345 comparat
1805 2273 1902 2345 (c),
1927 2275 2069 2344 quod
2098 2284 2154 2326 ut
2182 2273 2267 2326 ille

704 2371 917 2433 matris,
950 2370 1019 2424 ita
1048 2370 1147 2423 iste
1170 2368 1338 2437 patris
1380 2368 1628 2436 precibus
1654 2381 1684 2420 a
1718 2366 1824 2421 Deo
1847 2380 2133 2422 concessus
2159 2366 2268 2419 iuc-

710 2463 798 2516 rit.
835 2462 1032 2516 Eadem
1059 2462 1225 2531 patris
1254 2460 1357 2514 lldc
1386 2475 1454 2514 ex
1500 2458 1681 2513 lcthali
1728 2460 1913 2512 morbo
1941 2459 2119 2512 infans
2148 2470 2266 2509 ere-

705 2564 831 2623 ptus
874 2563 990 2621 est;
1042 2570 1163 2608 cum
1204 2553 1453 2607 Christus
1503 2551 1642 2621 patri
1675 2551 1727 2604 in
1768 2551 1972 2604 somnis
1996 2551 2138 2601 visus
2186 2545 2265 2599 di-

711 2650 924 2708 sisset,
956 2644 1161 2699 utolim
1201 2644 1385 2711 regulo
1434 2641 1848 2710 Capharnaitte,
1912 2638 2069 2700 Vade,
2115 2637 2261 2705 ﬁlius

702 2750 823 2791 tuus
850 2736 993 2790 vivit.
1029 2732 1214 2803 Reguli
1250 2733 1406 2785 [idem
1442 2732 1684 2785 imitatus
1731 2729 1962 2784 Basilius
1990 2729 2159 2782 lilium
2185 2729 2266 2782 in-

702 2829 965 2884 columem
1000 2826 1215 2893 recepit.
1244 2822 1360 2878 Non
1392 2823 1444 2877 in
1465 2821 1805 2892 Cappadocia
1829 2822 2062 2876 nutritus
2106 2818 2263 2875 Basi-

704 2920 805 2973 lius
835 2919 912 2989 (d)
934 2958 948 2982 ,
988 2918 1080 2974 sed
1132 2918 1185 2972 in
1240 2916 1474 2986 quodam
1504 2930 1641 2985 pago
1675 2956 1690 2980 ,
1720 2929 1880 2984 quem
1909 2923 2161 2982 parentes
2215 2916 2267 2965 iu

704 3011 874 3068 Ponto
897 3010 1259 3081 possidebant.
1300 3006 1565 3080 Regenda:
1595 3006 1831 3061 infantiae
1870 3005 2052 3060 Basilii
2080 3018 2267 3057 ctn'am

706 3104 941 3173 suscepit
966 3104 1311 3158 ornatissima
1336 3101 1557 3165 femina,
1589 3100 1706 3155 avia
1742 3099 2004 3164 Macrino,
2030 3114 2092 3153 ac
2120 3106 2271 3153 tene-

706 3211 778 3249 ra:
825 3196 990 3249 menti
1046 3210 1193 3250 sanae
1247 3193 1503 3249 doctrinae
1557 3193 1763 3249 semina
1816 3190 2107 3254 mandavit,
2151 3205 2269 3261 qua:

705 3288 847 3341 nulla
877 3300 1111 3354 unquam
1139 3294 1437 3354 temporum
1465 3286 1835 3340 vicissitudine
1856 3284 2269 3351 immutata,sed

706 3389 859 3435 aucta
884 3392 1095 3447 semper
1117 3387 1170 3431 et
1197 3376 1413 3431 exculta
1448 3376 1891 3445 praaclarissimos
1931 3377 2144 3430 fructus
2173 3391 2269 3428 ex-

711 3475 965 3529 tulerunt.
1012 3471 1297 3542 Permagnl
1333 3472 1594 3525 intererat
1624 3468 1701 3523 sic
1734 3466 1939 3521 institui
1979 3465 2267 3527 Basiliam,

709 3584 814 3620 non
866 3568 1037 3621 solum
1073 3576 1131 3619 ut
1177 3567 1457 3619 veritatem
1504 3572 1712 3616 mature
1738 3558 2072 3614 cambiberet
2102 3596 2118 3619 ,
2174 3554 2271 3609 sed

706 3657 866 3711 etiam
919 3666 978 3711 ut
1021 3657 1308 3711 calumniis
1368 3656 2063 3709 inimicorumoccurreret.
2100 3646 2271 3714 Quid-

713 3746 841 3815 quid
873 3746 1014 3800 cnim
1045 3746 1437 3799 asanctiSsima
1487 3743 1573 3795 illa
1616 3742 1840 3795 muliere
1882 3748 2184 3809 acceperat,
2242 3753 2271 3792 a

711 3837 970 3907 Gregorio
1000 3832 1416 3891 Neocaesariensi
1469 3832 1745 3898 accepisse
1776 3830 2078 3892 videbatur,
2114 3843 2271 3897 quem

710 3931 799 3983 illa
824 3930 903 3984 sic
926 3928 1157 3990 colebat,
1194 3923 1452 3979 utomnia
1504 3920 1647 3974 illius
1692 3919 1879 3980 verba,
1931 3932 2273 3986 qutecunquc

711 4020 777 4073 ad
802 4018 971 4087 ipsam
997 4016 1135 4071 serie
1175 4014 1445 4069 memoria:
1474 4017 1855 4081 pervenerant,
1891 4016 2151 4059 accurate
2183 4021 2269 4059 re-

712 4112 908 4165 tineret
948 4107 1040 4179 (ε).
1075 4104 1167 4161 llis
1214 4120 1272 4160 se
1326 4104 1556 4158 Basilius
1584 4100 1652 4154 ab
1682 4114 1744 4154 ea
1804 4098 2066 4151 imbutum
2110 4094 2277 4148 fuisse

714 4210 944 4257 testatur
991 4200 1043 4254 in
1081 4198 1234 4269 epist.
1266 4195 1391 4260 204,
1421 4202 1473 4248 et
1503 4193 1605 4247 hoc
1667 4190 1769 4245 telo
1806 4187 2019 4258 repellit
2069 4188 2278 4243 inustas

719 4295 841 4351 lidei
875 4308 985 4349 suae
1020 4289 1441 4345 criminationes.
1478 4285 1569 4341 Sic
1595 4285 1757 4338 etiam
1786 4284 1836 4334 in
1890 4296 1975 4351 ep.
2004 4280 2111 4334 29.3
2146 4289 2198 4333 et
2224 4280 2277 4333 in

721 4385 982 4457 prooemio
1041 4381 1346 4437 Moralium.
1399 4377 1628 4433 literesis
1678 4376 1877 4429 Ariana
1908 4416 1923 4439 ,
1978 4390 2096 4443 qum
2155 4384 2281 4427 tunc

718 4478 1082 4547 grassabatur,
1111 4488 1296 4526 curam
1334 4469 1604 4539 iujiciebat
1630 4468 1913 4523 catholicis
1940 4466 2274 4535 parentibus,

715 4577 772 4622 ut
810 4577 1017 4621 malure
1048 4565 1275 4619 liliormn
1315 4564 1523 4617 animos
1548 4561 1959 4617 conuuuuirent.

787 4661 863 4714 Eo
901 4668 1079 4713 autem
1132 4655 1424 4710 mirabilius
1468 4653 1649 4706 Basilii
1688 4652 1740 4706 in
1782 4652 1861 4705 his
1918 4651 2279 4721 percipiendis

718 4752 1051 4808 documentis
1098 4762 1322 4804 acumen
1374 4755 1429 4802 et
1487 4746 1537 4799 in
1585 4744 1882 4799 retinendis
1942 4745 2282 4806 constantia,

719 4846 856 4917 quod
881 4846 981 4899 sub
1016 4844 1135 4896 avia
1171 4842 1307 4895 ultra
1355 4848 1591 4893 teneram
1646 4835 1933 4891 infantiam
1989 4852 2091 4889 nou
2158 4835 2278 4887 fuit.

722 4939 855 4991 Nam
886 4936 970 4989 ubi
1001 4934 1229 5003 primum
1268 4931 1459 4985 litteris
1480 4929 1785 4985 ediscendis
1813 4928 2041 4982 idoneus
2070 4927 2185 4991 fuit,
2214 4941 2277 4977 ex

722 5030 854 5083 aviae
884 5028 1127 5082 manibus
1157 5025 1223 5077 ad
1272 5023 1440 5092 patris
1488 5021 1821 5091 disciplinain
1870 5020 2135 5083 transiit,
2187 5019 2277 5087 qui

722 5118 1048 5174 rhetoricam
1076 5131 1267 5184 magna
1296 5113 1607 5169 celebritate
1638 5114 1688 5167 in
1721 5110 1895 5166 Ponto
1934 5110 2161 5165 docebat
2188 5112 2276 5179 (ι),

722 5226 895 5280 neque
934 5210 1035 5263 hoc
1076 5220 1267 5260 munus
1295 5205 1346 5258 in
1388 5220 1524 5274 pago
1550 5244 1565 5268 ,
1604 5202 1690 5257 ubi
1724 5202 1981 5255 educatus
2023 5199 2279 5264 Basilius,

721 5316 909 5372 gerere.
943 5299 1136 5369 potuit,
1165 5298 1257 5351 sed
1287 5298 1340 5350 in
1380 5311 1571 5367 magna
1609 5296 1785 5363 aliqua
1818 5292 1975 5357 urbe,
2005 5302 2186 5361 atque,
2228 5302 2283 5344 nt

725 5390 1011 5447 verisimile
1060 5399 1185 5455 est,
1217 5388 1594 5442 Neocmsarcae.
1653 5386 1908 5441 Basiliunt
1962 5386 2275 5455 aliquandiu

796 5569 868 5640 (η)
892 5570 1087 5624 Homil.
1116 5569 1201 5623 l7.

792 5638 865 5711 ut)
892 5642 995 5711 ep.
1030 5640 1148 5711 iss.
1179 5638 1313 5711 ius,
1340 5638 1454 5691 me.

793 5707 859 5779 (ε)
887 5707 1038 5779 Nyss.
1079 5710 1145 5760 De
1170 5708 1333 5779 Busil.
1368 5724 1415 5773 p.
1448 5707 1551 5761 ⁸292

792 5777 868 5848 (Δ)
900 5777 991 5848 Ep.
1022 5780 1085 5832 57
1110 5777 1304 5833 etilli.
1346 5795 1391 5828 ιι.
1430 5781 1473 5829 i.

797 5865 863 5918 te;
899 5851 994 5915 Είι.
1030 5848 1151 5911 ⁵204,
1192 5865 1243 5899 tt.
1279 5849 1329 5897 ϋ.

2372 2002 2530 2056 nieiia
2566 2007 2733 2054 matre
2758 1998 2982 2051 alteram
3012 1998 3324 2053 Macrinam.
3363 2000 3493 2054 Nam
3544 2000 3611 2055 ab
3632 2014 3691 2053 ea
3718 2013 3933 2068 quoque

2371 2095 2688 2150 catholicam
2746 2094 3039 2149 doctrinam
3100 2092 3373 2159 accepisse
3421 2110 3480 2149 se
3531 2094 3789 2162 gloriatur
3830 2092 3930 2161 (It).

2371 2187 2489 2257 ipse
2515 2188 2677 2241 etiam
2709 2199 2862 2255 pater
2892 2201 3112 2255 operam
3152 2200 3303 2237 suam
3336 2186 3658 2256 adjungebat
3691 2186 3844 2240 uxori
3873 2188 3925 2239 in

2373 2280 2700 2332 instituendo
2726 2281 2788 2332 ad
2826 2282 3077 2347 pietatem
3110 2278 3216 2333 lilio
3264 2276 3361 2348 (i);
3391 2276 3483 2330 sed
3515 2277 3656 2331 illius
3691 2280 3932 2333 animout

2370 2370 2680 2423 liberalibus
2711 2372 3007 2439 disriplinis
3045 2374 3283 2426 imbuere
3315 2371 3589 2439 proprium
3621 2384 3777 2423 suum
3814 2387 3927 2423 tnu-

2370 2478 2468 2514 nus
2506 2476 2627 2515 esse
2660 2462 2907 2522 ducebat,
2937 2464 3014 2514 vir
3046 2476 3270 2530 utraque
3301 2462 3456 2517 laude
3514 2461 3567 2515 in
3625 2458 3798 2513 Ponto
3828 2476 3926 2513 ex-

2368 2553 2587 2616 cellens,
2626 2562 2678 2605 et
2709 2552 2906 2620 pietate
2956 2562 3009 2605 et
3047 2554 3372 2619 eloquentia.
3408 2554 3518 2609 Sub
3581 2563 3733 2607 tanto
3765 2552 3936 2620 magi-

2374 2658 2488 2701 stro
2543 2646 2765 2700 mirifice
2812 2646 3040 2714 profecit
3082 2646 3341 2710 Basilius;
3376 2648 3466 2700 sed
3499 2664 3619 2702 cum
3659 2664 3779 2702 eum
3816 2647 3937 2701 nul-

2371 2740 2475 2793 lius
2506 2740 2581 2793 rei
2620 2748 2896 2807 cxpertem
2951 2751 3069 2790 esse
3097 2745 3385 2803 oporteret.
3415 2747 3473 2790 ut
3511 2739 3589 2792 ait
3636 2738 3936 2807 Gregorius

2372 2830 2773 2893 Nazianzenus,
2827 2829 2878 2883 in
2938 2828 3073 2882 alias
3106 2828 3408 2897 provincias
3451 2828 3702 2891 mittitur,
3735 2838 3793 2880 ut
3821 2825 3937 2879 γνι-

2373 2932 2429 2975 ttt
2462 2936 2590 2990 apes
2622 2938 2683 2975 ex
2712 2922 2877 2973 variis
2912 2919 3150 2983 fioribus,
3198 2920 3278 2974 sic
3303 2920 3413 2988 ipse
3437 2932 3501 2971 ex
3537 2918 3703 2972 variis
3762 2918 3931 2987 magi-

2372 3014 2501 3069 stris
2524 3012 2801 3065 utiiissima
2836 3025 3060 3080 qna'que
3093 3012 3408 3079 perciperet.
3432 3009 3566 3064 llinc
3598 3023 3717 3063 eum
3754 3008 3937 3064 CmSa-

2373 3120 2482 3168 rea,
2505 3120 2569 3159 ac
2592 3104 2783 3158 deinde
2808 3103 3322 3174 Constantinopolis,
3357 3112 3413 3159 et
3466 3103 3679 3158 tandem
3708 3103 3933 3157 Athena:

2378 3200 2699 3255 habuerunt.

2449 3289 2535 3345 Vl.
2559 3289 2663 3344 Sed
2693 3297 2810 3342 utra
2839 3287 3090 3341 Basiliam
3125 3287 3373 3342 habuerit
3400 3287 3663 3347 Cresarea,
3691 3299 3809 3353 qua:
3832 3285 3938 3340 sila

2377 3384 2532 3436 estin
2561 3380 2913 3449 Cappadocia,
2939 3394 3004 3433 an
3034 3394 3151 3447 qute
3184 3378 3236 3432 in
3264 3377 3565 3440 Palmstina,
3594 3392 3785 3446 magna
3812 3391 3939 3430 scu-

2380 3475 2665 3524 tcntiarum
2695 3472 2954 3525 varietate
2991 3472 3301 3541 ambigitur.
3351 3469 3528 3523 Multis
3572 3470 3817 3538 partibus
3848 3470 3934 3521 vi-

2377 3562 2531 3613 dctur
2561 3560 2891 3628 pratferenda
2943 3577 3129 3616 eorum
3172 3562 3375 3627 opinio,
3405 3562 3493 3623 qui
3525 3561 3780 3615 Basiliunt
3824 3563 3943 3616 Cae-

2380 3664 2545 3703 sarem
2576 3649 2627 3703 in
2653 3650 2985 3717 Cappadocia
3024 3652 3219 3703 litteris
3247 3667 3465 3719 operam
3493 3653 3703 3705 dedisse
3728 3654 3937 3705 volunt.

2382 3743 2434 3796 l°
2475 3740 2700 3795 Basilius
2723 3750 2871 3811 optat
2905 3741 2955 3794 in
2985 3744 3142 3809 epist.
3170 3739 3236 3792 6i
3287 3750 3343 3791 ut
3372 3738 3689 3807 Hesychius,
3722 3742 3937 3808 quicum

2382 3850 2440 3889 se
2472 3835 2651 3889 multis
2677 3836 2837 3888 rebus
2890 3834 2956 3886 ab
3004 3835 3158 3887 initio
3199 3831 3544 3899 conjunctutn
3594 3832 3757 3887 fuisse
3783 3835 3939 3896 dicit,

2389 3927 2675 3995 aliquando
2706 3928 2771 3979 ad
2809 3926 3057 3994 antiquos
3092 3925 3373 3994 utriusque
3402 3925 3543 3979 lares
3589 3940 3647 3978 se
3673 3924 3936 3979 conferat.

2382 4015 2675 4083 Antiquum
2701 4014 2829 4067 illud
2853 4012 3035 4065 Basilii
3068 4023 3121 4065 et
3151 4011 3395 4082 liesychii
3422 4012 3748 4066 domicilium
3796 4014 3941 4066 aliud

2381 4121 2499 4160 esse
2522 4121 2624 4158 non
2673 4114 2847 4174 potest
2886 4120 3045 4169 quam
3082 4104 3351 4165 Caesarea,
3388 4104 3525 4155 unde
3554 4105 3818 4157 scribebat
3843 4104 3942 4156 Βει-

2381 4196 2533 4249 silius
2563 4234 2577 4257 ,
2618 4209 2717 4249 nec
2752 4194 2891 4247 aliud
2943 4204 3151 4259 tempus
3177 4193 3436 4262 assignari
3474 4204 3667 4261 potest,
3692 4209 3796 4260 quo
3826 4209 3943 4247 sese

2382 4286 2641 4341 Caesareae
2665 4286 2934 4343 noverint.
2964 4282 3063 4337 nisi
3098 4298 3216 4336 cuin
3251 4294 3474 4353 uterque
3500 4283 3693 4337 litteris
3722 4298 3939 4351 operam

2383 4382 2552 4436 daret.

2450 4472 2511 4525 2°
2562 4469 2753 4523 Narrat
2781 4467 3074 4538 Gregorius
3119 4466 3493 4521 Nazianzenus
3527 4466 3595 4535 (j)
3621 4480 3678 4519 se
3717 4476 3767 4519 et
3798 4464 3915 4518 Ba~i

2314 4568 2356 4625 ι)
2386 4566 2534 4625 lium,
2560 4560 2717 4613 veluti
2742 4560 2946 4627 ﬂuxum
2976 4561 3247 4627 quemdam
3280 4557 3534 4625 ﬂuminis,
3562 4572 3625 4608 ex
3650 4556 3824 4609 eodem
3848 4576 3909 4620 pa
3934 4586 3944 4596 -

2382 4658 2494 4710 trite
2532 4654 2673 4723 [ante
2706 4654 2757 4704 in
2806 4653 3037 4703 diversas
3086 4652 3319 4719 regiones
3368 4650 3623 4701 doctrina!
3666 4649 3893 4716 cupidini
3919 4664 3946 4700 ε

2384 4748 2661 4802 dissectos.
2693 4757 2896 4800 rursus,
2934 4740 3066 4793 telut
3117 4754 3178 4792 ea:
3207 4738 3488 4803 composito
3516 4778 3529 4803 ,
3568 4735 3675 4789 Deo
3714 4735 3944 4788 videlicet

2385 4841 2461 4888 ita
2500 4832 2792 4901 impellente
2824 4872 2838 4895 ,
2878 4831 3092 4883 Athenis
3149 4829 3383 4881 sciuisse.
3433 4825 3667 4896 Uterque
3719 4841 3847 4894 ergo
3892 4831 3943 4879 in

2385 4927 2722 4997 Cappadocia
2752 4925 3068 4991 conjunctus
3110 4922 3307 4981 fuerat,
3353 4932 3576 4986 uterque
3606 4919 3726 4971 inde
3758 4918 3808 4970 in
3853 4934 3944 4967 γη-

2388 5021 2493 5071 rias
2525 5017 2771 5085 regiones
2804 5014 3095 5084 profectus.
3152 5027 3255 5065 non
3300 5012 3434 5063 alter
3466 5026 3495 5063 e
3525 5009 3718 5071 Ponto,
3758 5008 3894 5062 alter
3920 5027 3948 5061 e

2383 5107 2739 5177 Cappadocia.
2794 5107 2968 5175 Atque
3022 5104 3070 5156 id
3126 5103 3477 5155 conlirmatur
3533 5110 3640 5152 tum
3699 5097 3943 5168 Gregorii

2384 5198 2685 5270 presbyteri
2712 5196 3037 5254 testimonio.
3074 5195 3161 5261 qui
3200 5192 3518 5262 Gregorium
3546 5188 3945 5243 Nazianzenum

2386 5300 2667 5353 utramque
2690 5286 2993 5341 Ctesaream
3026 5284 3323 5336 studiorum
3346 5296 3504 5334 causa
3537 5281 3755 5348 petiisse
3783 5290 3949 5333 testa-

2388 5393 2509 5447 tur;
2545 5390 2654 5434 tum
2682 5380 2851 5449 ipsius
2878 5377 3035 5431 etiam
3067 5373 3310 5445 Gregorii
3343 5373 3694 5437 Nazianzeui,
3727 5372 3815 5441 qui
3848 5370 3949 5423 Ba-

2454 5560 2520 5628 (Γ)
2559 5556 2683 5611 Naz.
2720 5574 2798 5614 or.
2837 5557 2939 5620 20;
2968 5556 3119 5627 Nyss.
3165 5552 3263 5607 Vit.
3302 5550 3496 5615 Mum,
3536 5548 3655 5605 192.

2455 5634 2528 5699 (9)
2573 5629 2815 5699 Εραὲθεί.
2860 5646 2912 5681 n.
2952 5629 3003 5681 ιε.

2454 5698 2530 5768 Νι)
2560 5700 2653 5767 Ep.
2683 5698 2811 5765 225,
2847 5716 2897 5749 n.
2930 5699 2981 5751 5.

2459 5772 2518 5835 ti)
2549 5771 2670 5819 Nat.
2708 5784 2787 5827 er.
2824 5768 2911 5823 ‘20.

2460 5841 2520 5908 ti)
2553 5844 2642 5892 Ur.
2680 5839 2765 5896 ’20.
