4206 6486
1549 460 1704 515 VITA
1747 463 1801 513 S.
1847 454 2106 510 BASILII.

1792 500 1801 511 .
1847 454 2106 510 BASILII.
3395 452 3447 493 tx

229 596 388 649 silium
433 586 534 643 sibi
595 585 821 657 plenius
872 583 1098 641 Athenis
1128 583 1409 654 e0gnitum
1441 583 1603 638 fuisse
1629 582 1777 641 dicit,
1812 583 1852 635 Α
1886 603 1890 626 ε

1812 583 1852 635 Α
1886 574 2201 627 cherrimam
2235 571 2435 639 ipsique
2459 567 2684 623 maxime
2726 564 2989 632 prapriam
3014 559 3280 627 erutuerit.
3308 556 3446 611 Nam

228 695 334 730 tlllll
362 687 515 729 antea
542 674 764 747 ignotus
793 690 894 729 non
922 675 1125 730 fuisset.
1162 674 1293 730 Sese
1317 685 1492 730 autem
1522 671 1647 727 alibi
1675 687 1777 725 non

228 770 455 821 \identul'
482 770 727 833 novisse,
758 784 919 837 quam
946 769 996 822 in
1026 768 1387 839 Cappadocia.

289 861 340 914 5°
368 862 564 916 Seribit
603 860 917 915 Basiliusin
950 864 1107 931 epist.
1134 862 1196 914 51
1233 876 1290 914 se
1338 876 1364 913 a
1403 861 1575 931 prima
1626 868 1780 912 a-tate

227 958 466 1009 nutritum
504 954 677 1008 fuisse
704 953 761 1007 in
791 969 975 1007 amore
1002 955 1173 1010 Dianii
1205 954 1439 1025 episcopi
1484 952 1776 1007 Czesarien-

227 1047 324 1107 sis.
359 1056 409 1099 et
462 1044 849 1099 considerasse
895 1059 1053 1113 quam
1110 1052 1257 1097 esset
1295 1045 1379 1099 ille
1418 1042 1501 1095 vir
1560 1055 1778 1112 aspectu

227 1135 557 1199 \enerabilis,
590 1144 647 1191 et
697 1146 983 1207 postquam
1028 1136 1198 1191 adluit
1243 1138 1400 1197 ratio,
1437 1134 1583 1187 illum
1614 1136 1777 1189 etiam

227 1246 284 1284 es
313 1229 661 1284 interioribus
692 1228 853 1286 bonis
888 1229 1205 1300 cognovisse
1225 1270 1239 1291 ,
1273 1231 1521 1293 illiusque
1546 1226 1784 1283 delecta-

230 1331 327 1374 tum
351 1320 759 1376 consuetudine.
814 1323 908 1376 Ἐκ
943 1319 1164 1392 πρώτης
1190 1320 1405 1392 ἡλικίας
1440 1321 1779 1390 συνετράφην

226 1410 295 1479 τῷ
316 1410 435 1479 περὶ
465 1411 631 1466 αὐτὸν
663 1414 943 1484 φίλτρῳ...
976 1412 1098 1464 ἐπεὶ
1120 1413 1173 1466 δέ
1213 1430 1301 1483 μοι
1327 1412 1510 1463 λοιπὸν
1536 1413 1628 1464 καὶ
1647 1415 1674 1465 ὁ
1698 1413 1783 1464 λό-

226 1519 311 1567 γος
336 1501 533 1573 παρῆν,
564 1504 691 1558 τότε
727 1504 794 1576 δὴ
820 1506 911 1557 καὶ
937 1503 1045 1555 ἀπὸ
1080 1504 1187 1555 τῶν
1221 1503 1318 1570 τῆς
1346 1500 1523 1570 ψυχῆς
1562 1501 1781 1569 ἀγαθῶν

228 1593 373 1647 αὑτὸν
423 1597 802 1665 ἐπεγίνωσκον
848 1596 941 1649 καὶ
987 1594 1200 1670 ἔχαιρον
1260 1593 1422 1646 αὐτοῦ
1478 1596 1543 1664 τῇ
1597 1611 1782 1648 συνου-

231 1684 329 1755 σίᾳ.
361 1684 431 1739 Es
466 1686 551 1741 bis
586 1687 786 1757 colligo
812 1685 1064 1740 Basiliam
1100 1687 1359 1740 Caesarea:
1388 1683 1780 1740 adolescentem

235 1776 462 1843 pluribus
498 1779 657 1833 annis
691 1788 1081 1831 commoratum
1107 1776 1293 1836 fuisse,
1327 1774 1502 1845 ibique
1534 1778 1668 1831 satis
1691 1777 1780 1829 diu

226 1866 513 1932 educatum,
542 1877 603 1919 ut
634 1872 825 1933 posset
855 1881 913 1918 se
960 1868 1010 1919 in
1042 1863 1272 1919 amando
1312 1863 1496 1920 Dianio
1520 1874 1573 1918 et
1604 1864 1782 1917 consi-

1884 683 2001 720 eum
2036 666 2154 719 alia:
2178 662 2409 715 civitates
2442 662 2560 714 aliis
2601 656 2941 719 ornamentis,
2979 651 3054 707 uel
3093 649 3345 717 antiquis,
3373 646 3449 700 rel

1887 759 2029 810 noris
2060 756 2378 827 glorientur.
2410 762 2584 818 prout,
2614 748 2819 818 opinor,
2852 744 2926 796 rel
2967 743 3201 797 historiis
3228 781 3241 799 .
3268 738 3343 793 vel
3372 754 3449 789 re-

1886 848 1979 901 bus
2030 846 2343 917 quibusdam
2393 840 2616 895 visendis
2647 845 2851 891 ornata:
2879 840 2997 885 sunt
3027 845 3044 883 :
3081 833 3213 884 hanc
3241 839 3448 885 eontra,

1885 948 1940 991 ut
1963 954 2111 989 arma
2137 935 2214 988 rel
2248 930 2531 1003 tragazdlas
2564 939 2698 981 nota:
2740 925 2982 997 quwdam
3005 931 3158 987 atque
3191 917 3445 989 insignia,

1884 1032 1957 1082 sie
2000 1030 2295 1081 litterarum
2348 1021 2517 1094 gloria
2564 1016 2799 1071 nobilitat
2868 1013 3221 1075 illustremque
3254 1008 3445 1062 reddit.

1956 1120 2095 1175 Nihil
2119 1128 2203 1174 est
2241 1117 2325 1171 his
2356 1116 2407 1170 in
2436 1112 2617 1169 verbis
2651 1108 2793 1177 quod
2818 1122 2920 1160 non
2947 1104 3207 1159 Caesarea:
3238 1098 3449 1169 Cappa-

1892 1217 2084 1271 docum
2117 1211 2319 1280 optime
2349 1214 2638 1277 congruat;
2670 1199 2920 1253 nonnulla
2966 1197 3019 1253 in
3071 1194 3293 1248 alteram
3332 1190 3449 1246 Cte-

1886 1320 2095 1359 saream
2128 1304 2307 1371 inepte
2355 1312 2576 1366 prorsus
2629 1308 2692 1349 ac
2738 1291 2996 1346 inurbane
3048 1286 3189 1342 dicta
3242 1291 3445 1338 essent.

1888 1399 2035 1453 Satis
2069 1408 2189 1463 apte
2233 1389 2527 1461 Gregorius
2556 1389 2765 1448 urbem,
2795 1384 2844 1436 in
2889 1398 2992 1449 qua
3033 1380 3349 1449 loquebatur
3396 1385 3450 1427 et

1886 1502 2013 1540 voce
2029 1496 2082 1539 ct
2108 1499 2264 1538 mamt
2287 1480 2576 1549 designans
2594 1477 2826 1536 dicebat,
2866 1472 3038 1536 Hane,
3072 1472 3304 1539 inquam,
3327 1465 3450 1518 illu-

1886 1587 2040 1628 strem
2080 1574 2360 1627 civitatem.
2385 1567 2501 1623 Non
2543 1560 3245 1635 putat'l‘illemontiushanc
3270 1559 3449 1614 (Σπευ-

1888 1681 2031 1720 ream
2057 1681 2085 1718 a
2107 1664 2299 1718 studiis
2332 1661 2633 1714 litterarum
2664 1696 2679 1720 ,
2710 1669 2767 1711 ut
2813 1671 2841 1709 a
2872 1651 3141 1725 praecipuo
3171 1652 3315 1704 urbis
3354 1664 3442 1703 or-

1888 1766 2164 1821 namento,
2198 1752 2407 1809 laudari
2456 1751 2726 1804 debuisse.
2774 1749 2880 1803 Sed
2915 1755 2972 1801 ut
3004 1744 3254 1799 omittam
3287 1743 3451 1796 Euse—

1889 1852 2055 1910 binm,
2086 1851 2174 1919 qui
2209 1847 2562 1918 Cappadociae
2584 1844 2843 1916 praesules
2867 1842 3112 1898 doctrina
3146 1840 3287 1893 inter
3312 1837 3446 1890 alios

228 1959 445 2011 deranda
475 1959 621 2011 illius
652 1958 769 2012 oris
799 1957 1080 2027 majestate
1112 1956 1367 2010 nutritum
1400 1958 1597 2012 dicere.
1625 1953 1783 2009 Tille-
1818 1924 1859 1981 Β

1818 1924 1859 1981 Β
1892 1942 2155 1999 enituisse
2208 1952 2439 1997 testatur
2466 1940 2567 2011 (a),
2601 1939 2715 2009 ipse
2752 1936 2985 1990 Basilius
3012 1931 3257 2001 Gregorii
3294 1928 3447 1982 testi—

228 2050 464 2113 montius,
502 2059 560 2101 ut
596 2048 747 2103 hunc
774 2049 947 2104 locum
984 2047 1259 2117 explicet,
1290 2039 1543 2102 Basilium
1568 2048 1783 2117 conjicit

230 2140 497 2193 admodum
546 2138 819 2194 infantem
851 2141 1155 2195 Ctesaream
1217 2154 1246 2192 a
1300 2138 1614 2207 parentibus
1646 2155 1781 2193 non-

230 2246 485 2297 nunquam
522 2242 805 2301 portatum
861 2233 1046 2287 fuisse.
1086 2232 1191 2285 Sed
1224 2230 1384 2299 hujus
1435 2231 1779 2300 conjectum,

231 2338 336 2388 quia:
379 2339 471 2377 sua
530 2338 730 2394 sponte
758 2340 945 2395 parum
978 2323 1226 2390 t-ongruit
1273 2321 1529 2389 infantia},
1579 2324 1779 2377 nullum

229 2413 413 2480 profert
466 2426 855 2486 argumentum
916 2413 1266 2469 doctissimus
1316 2414 1551 2483 scriptor
1580 2431 1592 2466 :
1621 2423 1783 2483 atque

228 2507 418 2562 etiamsi
456 2507 779 2573 proferret,
829 2520 955 2558 num
1004 2520 1061 2559 se
1117 2504 1169 2558 in
1208 2505 1439 2559 amando
1472 2515 1525 2559 et
1557 2506 1783 2561 videndo

241 2598 410 2649 Diania
438 2598 705 2649 nutritum
752 2606 931 2665 posset
956 2596 1135 2650 dicere
1162 2638 1176 2662 ,
1206 2612 1361 2666 quem
1398 2613 1781 2669 nonnunquam

230 2689 389 2741 iurans
426 2690 704 2744 vidisset?
737 2690 842 2745 Nec
864 2689 1211 2744 Tillemontio
1243 2690 1424 2745 favent
1450 2692 1564 2747 btet:
1598 2695 1780 2759 verba,

228 2798 253 2830 a
283 2781 442 2847 prima
489 2794 653 2837 (etate
685 2799 703 2836 :
732 2783 934 2851 optime
964 2782 1104 2836 enim
1150 2783 1461 2836 referuntur
1487 2786 1551 2837 ad
1605 2785 1783 2838 adole-

226 2872 486 2925 scentiam.
525 2872 670 2926 Nam
705 2881 759 2925 et
804 2887 922 2939 qua:
958 2883 1276 2939 sequuntur,
1307 2881 1576 2940 postquam
1611 2874 1783 2941 adfuit

230 2964 368 3025 ratio,
400 2966 710 3017 delectabar
752 2963 895 3015 illius
933 2966 1309 3018 consuetudine
1358 2980 1461 3019 non
1499 2964 1565 3018 de
1605 2965 1786 3019 adole-

231 3054 416 3105 scentis
441 3094 456 3117 ,
508 3054 611 3107 sed
641 3054 705 3106 de
755 3053 895 3107 virili
932 3063 1092 3107 aetate
1126 3056 1299 3121 accipi
1340 3055 1577 3120 debent,
1611 3070 1786 3125 neque

230 3144 357 3197 enim
411 3145 727 3200 adolescens
794 3144 1024 3199 Basilius
1078 3146 1128 3199 in
1207 3146 1382 3200 Dianii
1441 3148 1783 3202 consuetudi-

1888 2037 2067 2088 monio
2098 2049 2251 2088 suum
2285 2033 2546 2101 adiungit,
2575 2042 2627 2086 et
2660 2030 2879 2094 litteris,
2911 2028 3048 2081 inter
3072 2024 3259 2093 patria:
3289 2034 3452 2074 orna-

1887 2135 2094 2191 menta,
2154 2126 2388 2193 palmam
2440 2125 2550 2176 dat.
2581 2123 2671 2177 Sic
2712 2122 2856 2176 enim
2888 2118 2954 2172 de
2985 2116 3075 2170 illo
3108 2122 3251 2168 statu
3278 2110 3449 2179 loqui-

1887 2229 1971 2273 tur
2006 2216 2103 2289 (b),
2136 2218 2190 2272 in
2213 2231 2371 2285 quem
2400 2214 2665 2269 divisione
2686 2211 3033 2281 Cappadocia:
3065 2206 3404 2276 redigebatur
3432 2219 3447 2255 :

1886 2307 2254 2378 Spectaculum
2278 2306 2620 2376 [mdissimum
2657 2304 2797 2370 facta
2826 2314 2922 2365 est,
2944 2301 3141 2369 inquit,
3165 2311 3282 2371 qua‘
3307 2295 3452 2363 prin

1888 2412 1995 2453 tum
2036 2402 2099 2454 de
2154 2400 2405 2456 litteratis
2436 2398 2566 2451 viris
2594 2436 2608 2461 ,
2642 2405 2749 2449 tum
2791 2396 2854 2448 de
2884 2394 3002 2447 aliis
3042 2393 3185 2445 bonis
3216 2430 3230 2452 ,
3264 2387 3450 2460 quibus

1898 2492 2156 2561 opulenta:
2186 2492 2342 2546 urbes
2364 2491 2657 2552 abundant,
2705 2488 3050 2558 gloriabatur.
3089 2483 3348 2539 Similiter
3396 2482 3450 2533 in

1900 2584 2058 2653 epist.
2092 2582 2180 2649 74,
2212 2599 2267 2636 n.
2297 2585 2351 2647 '5,
2375 2584 2678 2637 litterarum
2709 2580 2905 2643 studia,
2931 2579 3142 2632 interea
3173 2590 3291 2645 qua:
3319 2574 3452 2628 civi-

1889 2678 1983 2732 tati
2015 2690 2207 2733 nomen
2247 2683 2302 2729 et
2357 2674 2556 2728 faniam
2607 2681 2929 2744 pepererant
2960 2712 2974 2739 ,
3009 2669 3280 2741 praecipue
3306 2682 3453 2722 com-

1888 2776 2176 2821 memorat.
2225 2766 2339 2834 Qua
2371 2776 2551 2819 autem
2607 2772 2726 2819 erat
2773 2763 3079 2818 urbanitate
3134 2758 3452 2828 Gregorius,

1888 2874 2012 2912 num
2051 2858 2244 2926 potuit,
2278 2858 2539 2912 Cmsarea:
2579 2856 2799 2910 nomine
2844 2853 3211 2924 pronuntiato,
3238 2851 3453 2904 audito-

1891 2964 1975 3003 res
2008 2951 2320 3016 admonere,
2370 2964 2476 3004 non
2503 2963 2621 3004 eam
2649 2947 2949 3004 Caesaream
2978 2988 2993 3015 ,
3026 2946 3078 3000 in
3116 2960 3220 3009 qua
3248 2943 3452 2998 oratio-

1890 3057 2009 3093 nctn
2044 3041 2299 3103 habebat,
2331 3042 2424 3097 sed
2454 3040 2715 3095 illustrem
2744 3040 2889 3093 illam
2927 3039 2978 3091 in
3014 3036 3293 3091 Palestina
3323 3034 3453 3088 civi-

1894 3141 2057 3186 tatem
2085 3148 2113 3185 a
2145 3147 2205 3186 se
2234 3133 2507 3201 designari
2539 3132 2563 3185 ἲ
2610 3130 2896 3199 Nunquam
2937 3143 3059 3185 eum
3102 3137 3207 3181 tam
3238 3128 3455 3180 inurba-

234 3251 341 3289 nem
400 3238 676 3291 admissus
713 3278 726 3301 ,
802 3236 894 3291 sed
966 3249 1246 3306 postquam
1318 3238 1478 3293 rediit
1534 3239 1779 3293 Athenis.
1812 3263 1855 3319 ο
1891 3242 1955 3279 ηε
2007 3236 2223 3292 ιθιηιιυθ
2272 3223 2451 3319 μίξιςυί
2489 3222 2734 3277 “ille?”
2773 3221 3007 3319 lﬁculum
3034 3221 3275 3319 "etiam.
3303 3219 3454 3319 ’θυῖε

236 3327 435 3383 Virilem
483 3338 704 3383 aetatem
757 3329 1008 3383 similiter
1059 3329 1303 3398 designat
1356 3330 1406 3382 in
1461 3330 1619 3397 epist.
1656 3330 1784 3393 2:23,

235 3418 308 3465 ubi
336 3431 389 3469 se
411 3417 576 3469 aliam
609 3430 676 3468 ex
705 3415 808 3467 alia
838 3417 1130 3468 doctrinam
1166 3418 1222 3468 ὲν
1247 3419 1313 3484 τῇ
1341 3415 1433 3467 τοῦ
1461 3416 1620 3483 λόγου
1653 3432 1788 3485 συμ-

234 3508 516 3579 πληρώσει,
580 3524 696 3561 cum
756 3509 982 3561 adolerit
1015 3509 1175 3572 ratio,
1210 3522 1315 3560 non
1379 3516 1635 3571 mutasse,
1692 3509 1784 3561 sed

234 3611 431 3669 accepta
467 3601 540 3653 ab
570 3601 684 3652 avia
714 3612 767 3653 et
804 3608 975 3651 matre
999 3599 1261 3668 principia
1290 3601 1575 3655 retinuisse
1610 3600 1787 3655 decla-

238 3702 327 3741 Nl.

294 3783 345 3836 4³
375 3782 521 3838 Idem
552 3781 780 3837 cllicitur
802 3797 866 3835 ex
898 3784 1030 3851 ipsis
1081 3780 1326 3852 Gregorii
1357 3782 1559 3845 verbis,
1592 3782 1785 3850 quibus

236 3888 339 3939 post
372 3876 588 3930 Billium
613 3885 667 3930 et
700 3875 987 3928 Bai-ouium
1013 3873 1388 3928 Tillemontius
1413 3873 1713 3928 Caesaream
1737 3875 1786 3926 in

241 3965 513 4020 Palzestina
542 3967 770 4019 indicari
810 3966 1123 4018 arbitratur.
1159 3964 1249 4018 Sic
1299 3965 1461 4034 igitur
1499 3964 1789 4033 Gregorius

236 4059 281 4107 in
310 4058 555 4109 oratione
582 4070 741 4123 quam
768 4055 835 4108 de
882 4053 1062 4108 Basilii
1118 4054 1360 4107 laudibus
1396 4054 1581 4108 habuit
1614 4052 1790 4107 Cassa-

239 4163 363 4202 rerc:
406 4147 531 4200 Ἐπὶ
562 4148 660 4216 τὴν
686 4147 1002 4218 Καισαρέων
1044 4145 1194 4198 πόλιν
1229 4146 1525 4214 ἐπείγεται,
1557 4147 1661 4200 τῶν
1695 4151 1789 4217 τῇ·

237 4237 283 4288 δε
311 4238 547 4307 μεθέξων
577 4237 993 4308 παιδευτηρξων,
1022 4238 1221 4306 ταύτην
1250 4236 1306 4289 δὲ
1330 4236 1470 4305 λέγω
1492 4239 1588 4307 τὴν
1636 4256 1789 4309 περι-

240 4331 361 4400 φανῆ
410 4347 468 4383 τε
518 4330 612 4381 καὶ
659 4329 931 4399 ἡμετέραν
972 4330 1125 4397 (ἐπεὶ
1164 4330 1256 4381 καὶ
1297 4329 1404 4380 τῶν
1442 4329 1589 4400 ἐμῶν
1622 4329 1790 4397 λόγων

238 4419 356 4491 αὓτη
414 4420 747 4489 καθηγεμὼν
799 4420 890 4471 καὶ
934 4418 1323 4487 διδάσκαλος),
1366 4420 1461 4490 τὴν
1505 4420 1600 4489 οὐχ
1630 4417 1790 4490 ἦττον

237 4510 390 4577 λόγων
420 4512 772 4583 μητρόπολιν,
803 4512 835 4581 ἢ
860 4511 967 4563 τῶν
1000 4512 1203 4563 πόλεων
1224 4507 1296 4563 ὧν
1327 4513 1662 4583 ὑπέρκειται,
1697 4514 1789 4565 καὶ

1890 3326 2190 3384 sequuntur
2221 3316 2287 3369 de
2334 3315 2636 3369 litterarum
2670 3313 2894 3375 studiis,
2934 3326 3037 3366 non
3090 3312 3269 3365 minus
3302 3310 3451 3363 inor-

1890 3420 2011 3461 nata
2041 3417 2093 3461 et
2142 3408 2354 3478 illepida
2395 3418 2601 3473 essent,
2634 3409 2679 3462 si
2708 3407 2773 3462 ad
2806 3406 3107 3460 Caesaream
3156 3404 3455 3459 Palmstiute

1889 3500 2254 3566 referrentur;
2308 3515 2429 3554 cum
2459 3499 2827 3552 Ga'sarienses
2854 3537 2869 3561 ,
2904 3511 3038 3566 quos
3082 3494 3455 3565 alloquebatur

1889 3590 2207 3658 Gregorius,
2242 3591 2379 3642 hanc
2413 3588 2629 3641 laudem
2653 3628 2666 3651 ,
2701 3598 2761 3642 ut
2795 3588 2905 3658 jam
2954 3587 3090 3654 dixi,
3120 3588 3240 3643 aliis
3271 3587 3455 3642 civita-

1891 3683 2030 3734 tibus
2062 3697 2162 3732 non
2196 3682 2578 3733 concederent.

1961 3770 2073 3824 Non
2130 3772 2482 3825 omittendum
2538 3772 2679 3841 quod
2736 3773 2885 3826 addit
2938 3772 3271 3843 Gregorius:
3332 3772 3455 3825 lam

1888 3878 2005 3931 quia
2058 3874 2365 3931 sequuntur,
2413 3865 2450 3915 ii
2502 3872 2762 3931 exponant
2814 3864 2902 3932 qui
2951 3873 2997 3916 et
3052 3879 3168 3917 eum
3218 3864 3357 3931 apud
3405 3879 3458 3917 se

1890 3955 2187 4007 erudierunt
2220 3968 2263 4007 et
2298 3954 2526 4023 fructum
2561 3970 2626 4006 ea:
2656 3955 2825 4022 ipsius
2867 3954 3161 4009 eruditione
3190 3965 3455 4022 ceperunt,

1890 4059 2110 4115 quantus
2146 4049 2378 4100 uidelicet
2428 4049 2729 4117 magistris,
2776 4057 3004 4116 quantus
3048 4048 3330 4111 (ritualibus
3376 4064 3459 4100 es-

1891 4150 1987 4204 set,
2012 4152 2115 4191 etc.
2150 4138 2269 4193 Non
2304 4151 2548 4206 superest
2579 4139 2884 4209 ambigendi
2916 4140 3068 4193 locus
3114 4138 3249 4191 utris
3279 4135 3458 4192 Gesa-

1896 4232 2161 4285 rieusibus
2209 4231 2320 4283 hzec
2377 4234 2651 4285 narranda
2703 4230 2996 4299 Gregorius
3044 4230 3345 4299 relinquat;
3391 4229 3462 4283 iis

1892 4324 1981 4392 qui
2014 4324 2167 4395 longe
2206 4325 2395 4377 remoti
2428 4336 2606 4390 erant,
2636 4340 2810 4394 neque
2833 4339 2899 4379 ex
2937 4322 3122 4377 Basilii
3148 4321 3458 4376 eruditione

1894 4414 2145 4483 majorem
2188 4432 2347 4485 quam
2403 4416 2519 4468 alia:
2567 4417 2815 4469 civitates
2857 4414 3141 4468 utilitatem
3203 4426 3459 4482 percepe-

1894 4521 2029 4572 rant,
2068 4525 2131 4561 an
2174 4510 2239 4562 iis
2268 4524 2404 4575 quos
2447 4508 2821 4574 alloquebatur
2898 4507 3211 4575 Gregorius,
3260 4506 3461 4575 quique

238 4600 341 4651 καθ’
370 4596 445 4653 ὧν
479 4604 588 4672 ἔχει
610 4602 707 4672 τὴν
733 4601 1043 4653 δυναστείαν
1071 4616 1082 4628 ⁸
1113 4602 1175 4670 ἣν
1207 4604 1258 4654 εἴ
1290 4619 1368 4664 τις
1397 4601 1490 4653 τοῦ
1526 4604 1580 4655 ἐν
1614 4602 1788 4669 λόγοις
1824 4618 1866 4674 ί)
1894 4621 1899 4648 ι

1824 4618 1866 4674 ί)
1894 4610 1945 4653 et
1979 4598 2159 4651 Basilii
2201 4600 2503 4651 studiorum
2541 4609 2791 4667 poterant
2838 4599 3169 4659 meminisse.
3219 4607 3270 4652 et
3317 4598 3458 4650 illius

239 4692 455 4760 κράτους
480 4694 919 4761 ὰποστερήσειεν,
942 4690 1241 4760 ἀφῃρηκὼς
1263 4692 1410 4744 ἔσται
1430 4692 1557 4744 αὐτὸ
1575 4692 1633 4743 τὸ
1662 4692 1787 4744 καλ-

241 4784 398 4836 λιστόν
424 4801 483 4836 τε
509 4786 604 4837 καὶ
632 4784 959 4837 ἰδικὼτατον,
990 4784 1176 4837 ’Λλλαι
1199 4786 1294 4853 μὲν
1320 4784 1426 4854 γὰρ
1452 4784 1557 4835 τῶν
1585 4785 1786 4837 πόλεων

240 4876 398 4939 ἄλλοις
413 4876 736 4944 ἀγάλλονται
754 4876 1215 4947 καλλωπίσμαςιν,
1240 4878 1271 4948 ἦ
1294 4876 1560 4939 παλαιοῖς,
1580 4876 1611 4946 ἦ
1631 4879 1785 4939 νέοις,

238 4968 366 5031 ὅπως
398 4968 463 5022 ἂν
489 4964 643 5037 οἶμαι.
680 4968 786 5019 τῶν
811 4969 1158 5039 διηγημάτων
1189 4970 1381 5038 ἔχωσιν
1411 4970 1442 5039 ἢ
1489 4967 1596 5020 τῶν
1646 4972 1784 5037 ὀρω-

242 5059 397 5124 μ-ἐνων
416 5078 427 5089 ο
450 5060 575 5131 τῇδε
600 5059 745 5127 λόγοι
769 5060 827 5112 τὸ
843 5059 1148 5131 γνώρισμα,
1177 5060 1364 5130 ὥσπερ
1390 5063 1444 5112 ἐν
1466 5062 1576 5122 τοῖς
1605 5060 1788 5122 animi;

242 5148 402 5213 ἣτοῖς
434 5151 674 5219 δράμασι
704 5150 773 5201 τὰ
812 5150 1073 5220 ἐπίσημα.
1115 5151 1430 5211 Ca'saream,
1475 5162 1527 5203 ut
1585 5151 1791 5203 schola-

244 5256 341 5293 rum
367 5243 509 5295 urbis
543 5241 686 5296 illius
719 5245 977 5311 particeps
1008 5255 1159 5307 esset,
1201 5243 1463 5296 contendit
1492 5283 1505 5307 ,
1532 5244 1666 5295 hanc
1699 5243 1785 5293 iit-

240 5350 379 5391 quam
411 5336 668 5387 illustrem
697 5336 964 5387 civitatem
988 5376 1002 5399 ,
1029 5346 1073 5387 et
1103 5344 1333 5387 nostram
1382 5335 1525 5403 (nam
1556 5349 1786 5385 meorum

241 5440 425 5492 quoque
459 5426 757 5477 studiorum
794 5424 903 5476 dux
932 5436 977 5476 et
1004 5426 1252 5493 magistra
1278 5423 1524 5485 exstititl,
1548 5439 1662 5491 (μιαν
1688 5440 1787 5474 non

241 5518 395 5569 minus
425 5518 724 5570 litterarum
754 5532 907 5584 anque
930 5518 1204 5576 doetrime,
1243 5533 1395 5583 quam
1440 5515 1643 5568 urbium
1674 5514 1788 5583 qui-

242 5602 321 5656 bus
366 5607 617 5672 pra’cellit
672 5617 720 5659 et
772 5606 1091 5670 dominatur,
1140 5607 1489 5673 metropolis:
1539 5621 1690 5674 quam
1740 5605 1785 5655 si

240 5698 342 5756 quis
368 5697 623 5750 doctrinm
649 5697 827 5764 palma
869 5695 1188 5760 spoliauerit,
1233 5712 1333 5749 rem
1385 5696 1613 5747 outuium
1668 5693 1779 5761 pul-

302 5878 369 5944 (ιτ)
407 5877 460 5935 In
503 5875 620 5935 Vita
651 5878 856 5943 Const.,
890 5891 1005 5945 cap.
1032 5875 1116 5931 43'».

1897 4693 2139 4744 dot-trina
2186 4706 2279 4758 per
2316 4702 2391 4743 tot
2426 4706 2597 4744 annos
2644 4691 2830 4743 imbuti
2870 4692 3101 4745 fuerant.
3127 4688 3259 4743 Cum
3298 4689 3461 4756 igitur

1899 4782 1981 4834 his
2022 4781 2196 4835 verbis
2225 4781 2475 4836 Caesarea
2531 4783 2911 4851 Cappadocum
2940 4781 3304 4851 dignoscatur,
3354 4779 3457 4832 im-

1898 4873 2090 4925 merito
2124 4874 2315 4941 qua-rit
2343 4872 2735 4934 'l'illemnntius,
2763 4888 2859 4925 cnr
2887 4872 3197 4940 Gregorius,
3233 4871 3322 4939 qui
3350 4868 3461 4922 Ca3-

1899 4980 2064 5017 sareze
2094 4965 2404 5032 perorabat,
2438 4962 2686 5017 Basilium
2726 4970 2776 5017 in
2817 4966 2953 5017 hanc
2979 4964 3159 5017 urbem
3183 4962 3460 5026 conceptis

1898 5051 2074 5105 verbis
2111 5053 2324 5107 venisse
2374 5069 2476 5105 non
2525 5054 2698 5119 dicat;
2744 5070 2841 5107 cur
2876 5070 2977 5107 non
3020 5070 3137 5106 eam
3185 5053 3455 5121 designet,

1897 5142 2001 5197 nisi
2044 5142 2302 5210 ejusmodi
2337 5144 2501 5207 notis,
2534 5161 2649 5210 qtue
2689 5145 2875 5199 saltem
2912 5145 2960 5199 ei
2988 5161 3108 5199 cum
3143 5144 3308 5197 altera
3348 5145 3459 5196 (La--

1894 5254 2045 5291 sarca
2080 5253 2392 5291 conuuunes
2421 5239 2548 5291 sint.

1965 5330 2068 5385 Sed
2110 5332 2249 5384 idem
2295 5330 2638 5383 doctissimus
2687 5332 2918 5396 scriptor
2964 5330 3067 5382 hoc
3120 5328 3456 5395 potissimum

1893 5432 2213 5491 argumento
2247 5424 2455 5485 nititur,
2486 5423 2623 5491 quod
2662 5422 2974 5492 Gregorius,
3013 5431 3296 5490 postquam
3341 5421 3459 5472 Gat—

1894 5530 2107 5569 Surcam
2149 5530 2301 5568 suam
2336 5530 2454 5569 esse
2500 5517 2667 5578 dixit,
2712 5516 2893 5569 statim
2942 5517 3103 5571 addat
3142 5518 3262 5569 ideo
3305 5532 3456 5568 suam

1894 5620 2030 5669 esse,
2056 5607 2177 5674 quia
2199 5606 2267 5659 ibi
2290 5608 2477 5662 litteris
2499 5624 2715 5676 operam
2741 5609 2961 5663 dederat
2987 5628 3000 5663 :
3022 5608 3191 5672 Hane,
3225 5611 3460 5677 inquam,

1892 5694 2147 5747 illustrem
2183 5695 2458 5761 ciuitatem,
2503 5709 2548 5750 et
2588 5710 2852 5763 nostrum;
2897 5715 3010 5753 nam
3062 5714 3290 5752 meorum
3331 5716 3460 5766 quo.

1970 5874 2042 5942 (b)
2084 5873 2177 5943 Ep.
2215 5876 2298 5929 76.
